3850 6225
775 345 944 397 SECT.
982 344 1043 397 11.
1080 344 1164 397 AN
1197 344 1570 397 NECESSITAS
1603 344 1687 395 Ex
1721 341 2163 397 SUPPOSITIONE
2197 345 2315 395 VEL
2350 344 2590 408 DEBlTO,
2624 344 2759 397 ETC.

145 442 312 523 quid
338 463 453 525 pro
489 448 618 509 Deo
646 446 853 509 facere
884 447 1133 522 debeat,
1173 467 1303 509 non
1326 466 1442 527 per
1466 448 1725 509 modum

143 538 477 615 beneficii,
509 540 622 601 sed
663 560 778 620 per
805 542 1064 602 modum
1103 542 1306 603 cultus
1350 548 1412 603 et
1441 542 1720 613 honoriS,

141 637 220 692 ut
244 632 490 693 notavit
512 634 582 693 D.
614 634 886 695 Thomas
916 638 978 696 2.
1010 638 1100 708 2.,
1129 640 1344 715 quaest.
1376 636 1476 709 88,
1507 642 1623 695 art.
1661 637 1718 695 1.

147 724 256 785 Sic
285 743 466 805 erge,
495 745 530 787 e
559 744 882 801 converse,
916 746 1060 791 cum
1083 730 1252 789 Deus
1276 728 1594 807 promittit,
1629 744 1724 787 or-

148 817 340 879 dinat
367 824 429 881 et
459 821 672 880 statuit
691 821 842 900 quid
867 822 934 881 in
952 821 1193 883 bonum
1217 821 1490 882 hominis
1519 820 1724 883 facere

148 910 416 988 debeat,
449 913 619 992 quod
658 932 735 973 ex
773 914 1045 995 ipsomet
1080 920 1142 975 et
1170 933 1246 975 ex
1275 914 1414 993 ejus
1445 914 1725 975 bonitate

147 1006 463 1065 nascitur.
501 1008 579 1067 At
606 1024 754 1067 vero
798 1008 1224 1081 comminatio,
1263 1008 1410 1067 licet
1437 1012 1727 1087 respectu

147 1100 354 1159 totius
382 1100 653 1160 universi
683 1100 872 1161 etiam
902 1101 1136 1162 oriatur
1169 1120 1247 1162 ex
1272 1100 1591 1161 voluntate
1618 1119 1731 1161 au-

149 1192 516 1264 tecedente,
545 1192 779 1254 scilicet
808 1194 1014 1254 exilia
1041 1212 1165 1273 qua
1204 1194 1334 1255 vult
1363 1194 1598 1254 bonum
1628 1212 1730 1254 re·-

150 1283 376 1363 gilnen
395 1290 456 1345 et
472 1284 940 1365 dispositionem
957 1286 1152 1367 ipsius
1167 1286 1462 1361 universi,
1485 1293 1722 1360 tamen,

145 1384 456 1456 respectu
491 1378 627 1457 ejus
658 1379 755 1439 cui
806 1378 878 1441 fit
937 1380 1360 1453 comminat10‚
1407 1380 1602 1440 oritur
1649 1398 1722 1441 ex

145 1470 479 1533 voluntate
504 1478 951 1551 consequente,
973 1472 1036 1533 id
1053 1476 1146 1533 est
1161 1478 1294 1533 orta
1314 1474 1520 1552 aliquo
1537 1472 1724 1533 modo

149 1582 230 1623 ex
264 1564 409 1642 ipso
439 1565 712 1638 homine,
743 1584 854 1625 seu
875 1565 1138 1627 fundata
1161 1567 1228 1626 in
1248 1568 1385 1647 ejus
1410 1565 1644 1626 malitia
1667 1570 1729 1626 et

145 1656 402 1731 debite,
437 1658 606 1736 quod
630 1658 949 1739 supponit,
971 1658 1317 1738 praesertim
1348 1664 1418 1719 ut
1447 1658 1524 1719 sit
1547 1658 1728 1719 abso-

145 1748 312 1821 luta,
333 1750 520 1810 velut
537 1750 958 1811 conditionata
974 1756 1251 1812 transeat
1270 1752 1333 1811 in
1351 1751 1723 1813 absolutam.

231 1844 338 1903 36.
391 1842 676 1907 Secunda
701 1843 1050 1923 differentia
1088 1846 1250 1907 inter
1271 1844 1730 1925 promissionem

145 1940 204 1998 et
224 1936 774 1999 comminationem.
792 1970 873 1983 -
886 1938 1052 2000 Deus
1083 1955 1156 2000 en
1169 1936 1232 1999 oi
1249 1934 1731 2000 comminationis

146 2046 254 2099 an,
286 2036 347 2093 et
389 2028 560 2109 quali
597 2029 806 2103 debito,
852 2034 1144 2093 teneatur.
1177 2062 1258 2075 -
1285 2031 1360 2091 Et
1387 2030 1536 2091 hinc
1563 2029 1632 2091 fit
1664 2032 1732 2091 ut

151 2121 595 2195 comminatio,
623 2122 872 2201 proprie
920 2121 1261 2200 loquendo,
1301 2140 1626 2201 nunquam
1656 2122 1734 2183 sit

149 2234 320 2293 pura
353 2222 420 2275 et
441 2215 727 2295 simplex,
758 2216 872 2277 sed
910 2234 986 2276 ex
1026 2234 1216 2277 causa
1243 2218 1340 2279 vel
1373 2218 1490 2279 sub
1519 2216 1734 2277 condi-

149 2309 330 2369 tione
357 2306 574 2387 aliqua
611 2327 684 2369 cx
706 2314 881 2387 parte
912 2308 1182 2370 hominis
1211 2310 1532 2389 requisita,
1565 2308 1734 2389 quod

153 2420 346 2463 sec-us
380 2409 475 2463 cst
501 2402 566 2463 in
593 2403 1030 2482 promissione,
1057 2403 1134 2464 de
1167 2422 1291 2483 qua
1311 2405 1616 2465 hactenus
1642 2404 1736 2465 lo·-

153 2498 287 2558 cuti
317 2516 578 2569 sumus;
619 2516 690 2559 ac
718 2502 1050 2577 propterea
1072 2518 1199 2559 non
1219 2510 1385 2561 recte
1411 2516 1736 2579 compara-

154 2597 260 2651 tur
277 2589 686 2651 comminatio
701 2610 842 2651 cum
859 2592 1269 2670 promissione
1297 2592 1599 2665 absoluta,
1625 2591 1738 2653 scd

155 2702 302 2743 curn
327 2682 438 2743 illa
460 2702 600 2762 qua:
633 2683 1053 2745 conditionem
1085 2689 1145 2745 et
1167 2689 1418 2763 pactum
1445 2684 1728 2759 includit,

153 2776 232 2836 de
290 2794 424 2855 qua
473 2776 680 2836 statim
735 2776 960 2839 dicturi
1004 2795 1241 2838 sumus.
1295 2780 1554 2851 Tamen,
1589 2795 1731 2839 cum

153 2886 565 2947 quacumque
587 2876 1004 2948 comparetur,
1035 2870 1344 2951 colligitur
1369 2870 1550 2931 facile
1572 2872 1731 2931 alte-

152 2981 220 3021 ra
257 2960 643 3035 differentia,
675 2981 823 3023 nam
854 2964 1282 3043 promissionis
1312 2964 1593 3026 debitum
1630 2982 1730 3025 rc-

151 3054 360 3115 fertur
391 3054 472 3116 ad
492 3073 637 3116 eum
668 3054 767 3116 cui
789 3054 854 3118 sst
869 3056 1222 3136 promissiO,
1245 3063 1546 3138 tanquam
1569 3073 1732 3118 com-

153 3150 430 3209 modum
459 3153 522 3209 et
537 3149 914 3210 beneficium
935 3151 1071 3231 ejus
1094 3151 1431 3231 (loquimur
1457 3151 1622 3212 enim
1653 3150 1730 3212 dc

154 3244 294 3303 Deo
323 3248 619 3322 respectu
646 3245 1020 3323 hominum),
1055 3251 1116 3306 et
1148 3244 1288 3306 ideo
1321 3264 1433 3324 per
1466 3244 1733 3324 promis·-

155 3337 414 3397 sionem
455 3355 564 3397 seu
593 3338 1006 3398 assertionem
1034 3339 1112 3399 de
1157 3339 1510 3419 praestando
1539 3338 1734 3398 bene-

153 3429 306 3490 ficio
333 3429 564 3489 dicitur
582 3431 750 3491 Deus
779 3430 912 3491 fieri
943 3430 1187 3492 debitor
1207 3430 1266 3493 ei
1281 3432 1378 3492 cui
1398 3429 1727 3510 promittit;

155 3529 220 3582 at
249 3540 410 3583 vero
437 3541 549 3600 per
576 3522 1124 3585 comminationem
1167 3543 1296 3586 non
1325 3524 1395 3584 fit
1426 3526 1594 3585 Deus
1623 3523 1735 3584 de-

153 3615 329 3674 bitor
360 3615 422 3676 ei
445 3616 544 3676 cui
579 3616 1014 3690 comminatur,
1044 3616 1187 3695 quia
1210 3617 1633 3692 comminatio,
1665 3623 1736 3678 ut

153 3708 306 3768 talis
340 3714 461 3782 est,
497 3729 624 3770 non
652 3708 977 3770 ordinatur
1011 3711 1094 3772 ad
1123 3711 1524 3772 commodum
1569 3713 1730 3791 ejuS,

157 3805 217 3861 et
249 3801 400 3862 ideo
431 3802 686 3863 assertio
708 3801 786 3862 de
815 3821 1007 3882 poena
1033 3803 1374 3884 infligenda
1390 3823 1515 3864 uon
1544 3804 1736 3865 habet

157 3894 479 3956 rationem
507 3895 936 3974 promissionis
967 3902 1254 3977 respectu
1279 3897 1416 3974 ejus
1442 3896 1522 3957 ad
1547 3915 1734 3975 quem

155 3987 475 4065 pertinet3
530 3995 820 4067 respectu
871 3995 1084 4051 tamen
1139 3989 1288 4050 boni
1341 3992 1690 4052 communis
1715 4037 1730 4066 ,

157 4079 434 4140 fortasse
466 4079 584 4140 dici
612 4089 826 4160 posset
862 4083 1096 4144 habere
1133 4083 1442 4143 rationem
1469 4085 1736 4162 promis-

158 4173 386 4244 sionis,
417 4179 480 4234 et
502 4175 878 4236 constituere
903 4177 1108 4237 Deum
1135 4175 1483 4236 debitorem
1513 4195 1734 4237 secun-

157 4267 320 4326 dum
361 4269 700 4344 quamdam
728 4271 1034 4330 rationem
1065 4270 1320 4348 justitias
1358 4269 1598 4348 legali5‚
1629 4269 1732 4330 vel

159 4361 394 4421 saltem
435 4361 782 4422 secuudum
820 4363 1130 4423 rationem
1161 4364 1500 4438 fidelitatis,
1538 4369 1604 4425 ut
1655 4382 1734 4424 ex

159 4453 460 4532 sequenti
486 4454 674 4516 dubio
703 4454 902 4533 magis
935 4456 1260 4517 constabit.

159 4549 450 4612 Debitum
461 4549 735 4627 justitioe
747 4552 950 4612 cadere
967 4552 1034 4612 in
1055 4551 1327 4614 divinam
1342 4553 1729 4616 voluntatem.

247 4645 349 4702 37.
400 4643 565 4704 Deus
601 4660 720 4703 non
761 4644 888 4704 nisi
937 4646 1254 4726 supposita
1295 4645 1733 4726 promissione,

161 4737 372 4798 debere
409 4741 612 4817 potest
658 4754 731 4798 ea>
762 4737 1044 4817 justitia.
1075 4769 1155 4782 —
1183 4737 1604 4820 Explicantur
1653 4739 1730 4800 D.

161 4827 560 4908 Asc-quatinus
594 4835 653 4891 et
689 4830 770 4892 D.
821 4830 1100 4892 ThomaS.
1128 4861 1210 4876 —-
1237 4830 1492 4906 Ultimo,
1525 4830 1740 4891 dicen-

161 4924 321 4984 dum
369 4928 465 4984 est
515 4941 644 4984 non
684 4943 1040 5004 repugnare
1091 4925 1316 4987 divinoe
1367 4925 1641 4986 libertati
1673 4931 1740 4986 ut

161 5019 280 5077 Dei
309 5015 602 5077 voluntas
643 5016 956 5078 interdum
985 5019 1238 5078 omnino
1289 5018 1740 5080 determinetur

166 5111 250 5171 ad
294 5109 535 5188 aliquid
566 5110 880 5190 agendum
914 5129 993 5171 ex
1026 5109 1234 5173 debito
1257 5111 1510 5192 justitiae
1531 5157 1548 5186 ,
1594 5131 1738 5190 sup-

165 5203 374 5283 posita
401 5202 588 5281 priori
617 5202 935 5264 voluntate
956 5203 1402 5278 conditionata,
1423 5221 1534 5266 seu
1550 5210 1734 5283 pacto

169 5283 546 5358 voluntarie.
571 5296 744 5356 Hanc
769 5295 1098 5357 veritatem
1125 5298 1383 5357 tractavi
1417 5297 1542 5358 late
1594 5298 1658 5358 in
1702 5302 1726 5358 1

172 5395 344 5449 tomo
376 5387 574 5448 tertiae
602 5391 786 5467 part„
839 5388 1001 5467 disp.
1052 5390 1114 5464 4,
1172 5394 1234 5450 et
1263 5388 1401 5450 ideo
1431 5390 1552 5450 hoc
1596 5390 1734 5451 loco

169 5481 448 5543 breviter
499 5479 671 5542 illam
727 5481 1059 5544 declarabo
1103 5487 1166 5546 et
1219 5482 1628 5558 confirmabo,
1675 5488 1738 5544 et

3246 337 3363 399 427

1807 444 2111 527 principia
2145 445 2226 507 ad
2259 446 2683 526 expediendas
2727 443 3117 506 difficultates
3146 462 3365 506 omnes

1807 542 1969 601 circa
2018 540 2189 601 illam
2235 545 2632 601 occurrentes
2678 538 3028 599 insinuabo,
3084 538 3365 599 Primum

1809 634 2000 714 igitur
2019 633 2419 695 statuendum
2445 639 2539 695 est
2562 630 2919 712 hujusmodi
2941 630 3223 693 debitum
3238 650 3366 691 non

1803 746 1989 807 posse
2018 727 2257 789 habere
2284 727 2493 788 locum
2532 727 2595 787 in
2636 726 2955 787 voluntate
2986 724 3214 797 divina,
3247 723 3368 785 nisi

1806 820 2127 901 supposita
2175 818 2589 898 promissione
2630 837 2745 879 seu
2786 821 3004 897 pact0,
3062 816 3233 895 quod
3275 822 3369 877 est

1805 930 1918 993 per
1947 931 2014 985 se
2056 919 2296 988 notum,
2340 932 2510 987 nam,
2557 930 2701 973 cum
2728 912 2892 973 Deus
2933 910 3009 972 sit
3037 928 3367 989 supremus

1805 1004 2112 1069 Dominus
2140 1006 2445 1081 omnium,
2473 1006 2787 1085 quomodo
2816 1009 3023 1084 potest
3040 1022 3117 1065 ex
3134 1003 3371 1083 justitia

1812 1100 2101 1179 obligari,
2132 1100 2249 1161 nisi
2280 1098 2575 1181 obligatio
2596 1117 2675 1161 ex
2703 1100 2836 1178 ipso
2870 1100 3204 1159 nascatur?
3232 1097 3368 1157 Non

1808 1198 2017 1273 potest
2064 1199 2277 1255 autem
2316 1192 2491 1254 nasci
2518 1192 2636 1255 nisi
2666 1192 2877 1253 medio
2904 1191 3008 1251 illo
3048 1195 3228 1269 pacto
3259 1206 3370 1249 scu

1807 1284 2263 1364 promissione;
2296 1286 2506 1347 nullus
2546 1286 2713 1347 enim
2752 1284 2909 1363 alius
2936 1283 3163 1345 modus
3190 1300 3372 1343 exco-

1810 1380 1990 1461 gitari
2021 1385 2247 1461 potest.
2296 1381 2474 1453 Item,
2518 1378 2665 1458 quia
2687 1380 2854 1440 Deus
2896 1374 3193 1439 creaturis
3241 1392 3371 1437 non

1806 1472 2084 1553 indiget;
2137 1478 2199 1534 et
2222 1518 2239 1547 ,
2296 1473 2349 1533 si
2410 1473 2691 1533 absolute
2744 1470 3218 1533 considerentur
3268 1486 3373 1531 vo·

1808 1566 2017 1627 luntas
2047 1573 2109 1627 et
2149 1572 2423 1645 potestas
2454 1566 2611 1645 ejus,
2661 1566 2817 1626 sicut
2846 1565 3039 1625 libere
3072 1583 3179 1626 eas
3222 1583 3372 1625 con-

1810 1660 2003 1733 didit,
2053 1660 2137 1720 ita
2184 1660 2317 1721 sine
2359 1659 2483 1721 ulla
2537 1658 2837 1739 injustitia
2894 1657 3196 1738 potuisset
3239 1675 3370 1717 non

1809 1753 2117 1827 condere;
2144 1757 2205 1813 et
2232 1758 2568 1832 postquam
2595 1750 2858 1812 conditae
2886 1756 3054 1824 sunt,
3072 1750 3375 1829 potuisset

1809 1846 1948 1907 illas
1965 1846 2027 1906 in
2045 1846 2311 1906 nihilum
2334 1845 2641 1925 redigere,
2661 1844 2761 1905 vel
2780 1842 3004 1923 majori
3023 1847 3132 1903 aut
3150 1842 3375 1903 minori

1810 1934 2195 2021 perfectione
2224 1938 2470 1999 afficere
2496 1945 2603 1999 aut
2634 1938 2909 2017 privare;
2946 1955 3095 2016 ergo
3123 1955 3199 1998 ex
3226 1935 3375 2015 ipsis

1814 2033 2115 2096 creaturis
2149 2033 2407 2112 praecise
2446 2031 2737 2112 spectatis
2766 2050 2894 2091 non
2921 2036 3127 2111 potest
3148 2030 3215 2090 in
3248 2031 3375 2091 Deo

1814 2128 1959 2189 oriri
2009 2127 2332 2207 proprium
2362 2126 2645 2187 debitum
2667 2125 2948 2204 justitiae,
2978 2123 3099 2185 nisi
3139 2143 3215 2185 ex
3238 2124 3376 2203 ipso

1813 2222 1941 2282 Deo
1977 2221 2075 2281 vel
2122 2239 2201 2281 ex
2239 2219 2651 2300 promissione
2682 2218 2821 2298 ejus
2852 2218 3107 2279 oriatur.
3156 2218 3231 2279 Et
3260 2214 3377 2278 hoc

1814 2314 2124 2395 praecipue
2178 2312 2579 2374 intenderunt
2632 2311 3016 2391 Augustinus
3070 2316 3133 2372 et
3198 2311 3377 2372 divus

1814 2411 2109 2482 Thomas,
2142 2427 2286 2469 cum
2327 2409 2617 2470 dixerunt
2642 2410 2842 2469 Deum
2878 2425 3007 2468 non
3038 2424 3175 2467 esse
3201 2406 3379 2467 debi-

1815 2509 2017 2563 torem
2040 2500 2200 2575 aliis,
2246 2501 2357 2563 sed
2376 2500 2527 2573 sibi;
2563 2500 3038 2562 considerarunt
3064 2499 3232 2560 enim
3252 2500 3379 2579 pri-

1817 2614 1987 2656 mam
2033 2594 2309 2655 radicem
2355 2594 2519 2654 illius
2552 2592 2770 2669 debiti,
2824 2612 2961 2673 quae
3006 2611 3133 2653 non
3176 2597 3381 2672 potest

1815 2706 1955 2751 esse
1992 2688 2115 2749 nisi
2142 2690 2313 2750 Deus
2344 2688 2507 2766 ipse,
2540 2687 2749 2749 media
2778 2686 3214 2766 promissione.

1894 2784 1991 2843 38.
2036 2781 2315 2861 objectio·
2354 2814 2435 2827 -
2462 2780 2669 2853 Dices„
2712 2785 2843 2841 esto
2884 2782 3001 2841 hoc
3029 2798 3249 2841 verum
3278 2779 3377 2853 sit,

1811 2877 2055 2937 nullum
2089 2894 2225 2937 esse
2260 2876 2327 2935 in
2358 2880 2642 2937 creatura
2682 2874 3115 2955 supponendO,
3141 2878 3376 2946 tamen,

1812 2970 2131 3049 supposito
2164 2988 2301 3031 esse
2331 2969 2410 3029 ab
2440 2969 2573 3048 ipso
2600 2969 2731 3029 Deo
2764 2968 3013 3041 collato,
3044 2968 3380 3047 unicuique

1813 3068 2114 3126 creaturas.
2160 3062 2469 3124 debentur
2514 3061 2963 3143 proprietatcS,
3013 3062 3273 3139 virtutes
3320 3066 3384 3124 ct

1813 3176 2155 3218 concursus
2203 3156 2609 3217 consentanei
2652 3156 2988 3236 unicuique
3039 3161 3381 3226 creaturae3

1813 3250 1935 3310 hoc
1963 3255 2173 3310 autem
2203 3249 2483 3311 debitum
2513 3249 2918 3328 adjustitiam
2941 3249 3230 3326 pertinet,
3264 3248 3383 3308 hoc

1817 3347 1912 3404 est
1957 3342 2039 3402 ad
2077 3343 2353 3404 debitam
2382 3341 2903 3403 distributionem.
2942 3341 3115 3404 Unde
3151 3339 3387 3419 Diony-

1816 3436 1967 3510 siuS,
2000 3436 2201 3516 capite
2238 3438 2278 3496 6
2312 3435 2389 3496 de
2418 3434 2655 3495 D1vinis
2693 3434 3074 3506 nominibus,
3111 3433 3282 3508 dixit,
3316 3432 3379 3493 in

1814 3532 1935 3591 hoc
1985 3529 2229 3592 ostendi
2264 3529 2541 3590 divinam
2560 3528 2890 3608 justitiam,
2930 3527 3087 3608 quod
3118 3526 3386 3590 omnibus

1817 3625 2034 3689 tribuit
2064 3623 2321 3705 propria
2368 3624 2689 3685 secundum
2727 3620 3199 3702 uniuscujusque
3232 3617 3387 3682 ewis-

1814 3719 2069 3782 tentium
2099 3717 2479 3799 diynitatem,
2518 3722 2574 3779 et
2598 3713 3067 3795 uniuscujusque
3096 3717 3386 3777 naturam

1815 3811 1882 3872 in
1898 3809 2143 3894 proprio
2166 3811 2370 3874 salvat
2391 3809 2593 3871 ordine
2617 3814 2676 3871 et
2702 3808 2950 3870 virtute.
2975 3809 3049 3867 Et
3071 3807 3234 3867 hanc
3254 3805 3387 3885 jus-

1816 3904 2017 3964 titiam
2066 3902 2521 3964 distributivam
2550 3901 2885 3980 appellavit
2907 3901 2979 3960 D.
3012 3900 3307 3971 ThomaS‚
3349 3901 3377 3958 1

1815 4001 2008 4074 part.‚
2037 3999 2257 4074 quaest.
2284 3995 2385 4068 21,
2426 3999 2542 4055 art.
2582 3997 2637 4066 1,
2672 4011 2811 4073 quae
2839 3998 3051 4053 tamen
3081 4011 3210 4052 non
3246 4010 3389 4070 sup·

1817 4089 1993 4168 ponit
2037 4088 2543 4168 promissionem,
2578 4087 2692 4149 sed
2746 4086 2947 4147 solam
2995 4085 3390 4148 voluntatem

1815 4182 2069 4242 creandi
2090 4201 2211 4244 res.
2236 4181 2503 4242 Maxime
2528 4187 2737 4241 autem
2764 4177 3045 4259 procedit
3068 4179 3200 4238 haec
3228 4178 3385 4239 ratio

1815 4275 1878 4336 in
1904 4275 2143 4336 Christo
2191 4275 2479 4348 Domine,
2512 4279 2581 4335 ut
2610 4278 2704 4334 est
2737 4273 2948 4344 h0m0,
2984 4289 3127 4330 nam
3160 4289 3388 4349 suppo-

1819 4369 1934 4430 sito
1974 4369 2178 4430 solum
2218 4366 2669 4430 Incarnationis
2699 4365 3021 4445 mysteriO,
3051 4369 3113 4424 et
3144 4363 3387 4424 seclusa

1820 4462 1989 4522 omni
2007 4462 2129 4522 alia
2170 4460 2605 4540 promissione,
2636 4477 2765 4518 non
2808 4463 3055 4537 poterat
3082 4457 3247 4520 Deus
3280 4456 3390 4518 dc-

1817 4573 2053 4634 negare
2098 4554 2184 4614 illi
2226 4554 2466 4614 homini
2506 4551 2735 4612 auxilia
2772 4551 2935 4612 bene
2966 4548 3291 4629 operandi,
3328 4555 3391 4610 et

1818 4647 1906 4707 illi
1932 4647 2095 4708 bene
2124 4646 2409 4726 operanti
2441 4664 2567 4706 non
2590 4647 2833 4726 poterat
2846 4641 3173 4724 praemium
3200 4641 3393 4705 dene-

1821 4757 1995 4820 gare.

1901 4833 2002 4892 39.
2052 4831 2359 4898 Solvitur.
2390 4867 2471 4882 —
2500 4834 2595 4896 Ad
2621 4833 3031 4914 principalem
3064 4831 3391 4894 difficulta-

1819 4931 1945 4986 tem
1980 4925 2418 5004 'respondetur
2440 4971 2455 5000 ‚
2518 4927 2681 4988 hanc
2736 4925 3035 5006 appellari
3084 4925 3389 5006 justitiam

1818 5021 2075 5098 propter
2097 5016 2367 5080 formam
2384 5026 2445 5082 et
2466 5020 2747 5082 ordinem
2771 5020 3051 5099 justitiae,
3084 5023 3391 5099 quantum

1819 5111 1902 5172 ad
1930 5111 2348 5187 aequalitatem
2378 5113 2792 5193 proportionis
2821 5131 2961 5191 quae
2990 5113 3057 5175 iu
3079 5131 3154 5174 ea
3184 5130 3393 5176 serva-

1818 5211 1941 5276 tur,
1976 5222 2101 5264 non
2146 5211 2401 5284 propter
2435 5207 2689 5285 justitiae
2722 5205 3002 5267 debitum
3041 5205 3385 5287 proprium,

1819 5297 1963 5376 quia
2011 5296 2117 5356 illa
2148 5299 2353 5376 potius
2386 5305 2481 5360 est
2508 5299 2798 5380 quaedam
2826 5297 3167 5377 indigentia
3214 5315 3391 5358 crea-

1818 5395 1995 5462 tnrae,
2030 5390 2128 5450 cui
2158 5409 2286 5451 non
2316 5397 2566 5452 tenetur
2601 5393 2769 5452 Deus
2804 5390 3137 5469 exjustitia
3163 5391 3390 5450 subve-

1816 5482 1975 5545 nire.
1996 5483 2153 5544 Nam
2174 5489 2243 5544 ut
2256 5469 2737 5565 argumentatur
2751 5483 3103 5558 DurauduS‚
3132 5489 3195 5546 et
3218 5488 3387 5546 recte
