3850 6225
640 408 774 461 etr.
809 408 915 461 XV.
952 406 1319 461 soLquTun
1352 406 1773 469 camertem-25,
1810 406 2176 459 PRAESERTm
2209 407 2294 460 Ex
2325 406 2689 467 scmP‘rnRA,
2723 404 2856 455 ETC.

158 513 357 573 sistere
387 510 452 571 in
488 510 763 573 doctrina
808 512 873 571 et
916 509 1207 571 suasione
1237 528 1318 571 ex
1356 516 1531 589 parte
1582 509 1695 569 ob-

148 605 301 685 jecti.
329 603 709 683 Augustinus
736 608 945 662 autem
973 601 1015 662 1.
1054 604 1081 663 1
1120 602 1199 662 de
1238 603 1407 665 Grat.
1444 601 1689 674 Christi,

156 718 203 757 c.
229 701 320 769 10,
354 700 453 767 11,
486 698 583 767 13,
622 698 720 768 14,
748 697 829 757 24
856 702 921 757 et
946 697 1047 769 26,
1083 702 1145 757 et
1171 714 1339 775 saepe
1378 697 1555 767 alias,
1586 696 1694 755 do—

157 796 261 863 cet,
292 794 503 850 contra
526 788 867 867 Pelagium,
898 790 1059 849 hanc
1087 790 1352 867 gratiam
1374 808 1499 849 non
1527 787 1697 849 suffi-

158 902 303 954 cere,
346 882 457 943 sed
486 882 719 961 requiri
750 882 937 942 aliam
964 883 1403 961 potentiorem,
1434 900 1577 961 quae
1604 880 1696 943 ef-

156 977 314 1037 ficaci
334 976 557 1037 virtute
590 974 779 1035 faciat
801 980 871 1036 ut
894 975 1221 1051 faciamuS,
1265 982 1327 1037 et
1354 993 1433 1037 ex
1476 976 1695 1037 nolen-

155 1070 301 1131 tibus
340 1069 621 1129 volentes
657 1068 899 1129 reddat.

222 1166 277 1223 4.
316 1163 541 1225 Ultimo
569 1162 917 1244 adjungere
947 1182 1283 1243 possumus
1308 1164 1695 1245 Philosophi-

152 1274 273 1317 eam
314 1258 642 1331 rationem,
686 1276 837 1317 nam
884 1258 1171 1319 voluntas
1215 1258 1454 1319 nullam
1506 1258 1697 1319 habet

150 1349 441 1429 propriam
476 1349 605 1409 vim
647 1351 915 1411 activam
962 1350 1043 1411 ad
1092 1356 1269 1412 actus
1320 1356 1695 1429 supernatu-

150 1442 293 1501 rales
309 1457 331 1517 ;
377 1460 527 1501 nam
574 1462 649 1503 ex
685 1461 753 1503 se
800 1448 896 1504 est
948 1444 1205 1504 omnino
1254 1444 1695 1524 improportio-

150 1540 279 1593 nata
302 1540 359 1593 et
404 1534 721 1595 inferioris
768 1535 1039 1607 ordinis;
1090 1555 1241 1616 ergo
1286 1537 1459 1599 nullo
1504 1537 1693 1598 modo

148 1631 329 1703 potest
340 1626 567 1688 elicere
585 1629 1129 1706 supernaturalem
1149 1636 1380 1704 actum,
1398 1631 1695 1691 inchoan-

149 1719 215 1779 do
260 1720 447 1793 illum,
489 1726 797 1799 tanquam
846 1722 1103 1802 propria
1148 1742 1363 1797 causa,
1396 1724 1583 1785 etiam
1628 1724 1694 1785 in

150 1830 245 1873 suo
270 1830 495 1892 genere
525 1834 542 1886 ;
585 1833 734 1895 ergo
785 1821 1029 1895 oportet
1060 1822 1129 1877 ut
1160 1819 1329 1880 Deus
1355 1823 1565 1879 utatur
1590 1816 1693 1877 illa

151 1912 417 1985 tanquam
452 1910 897 1986 instrumentO,
929 1911 1099 1990 quod
1128 1931 1257 1973 non
1286 1918 1491 1991 potest
1516 1911 1695 1972 aliter

148 2000 282 2073 fieri,
322 2019 509 2079 quam
542 2022 657 2082 per
687 2006 1015 2083 physicam
1044 2006 1541 2085 praemotionem.
1568 2006 1694 2067 Un-

148 2094 213 2154 de
250 2096 309 2153 in
334 2096 451 2156 hoc
481 2098 663 2158 cerni
687 2101 893 2177 potest
936 2116 1167 2177 magna
1207 2098 1557 2160 differentia
1600 2098 1692 2157 in·-

146 2193 227 2247 ter
260 2187 369 2249 hos
407 2193 593 2250 actus
630 2192 1145 2269 supernaturales
1196 2198 1258 2255 et
1298 2198 1475 2253 actus
1510 2197 1693 2251 natu·

148 2280 305 2353 rales,
334 2287 463 2341 tam
496 2282 704 2345 bonos
734 2302 925 2362 quam
952 2286 1177 2359 malos,
1207 2285 1377 2366 quod
1408 2284 1471 2345 in
1512 2290 1695 2345 natu-

146 2374 285 2435 rales
320 2375 525 2438 influit
555 2377 841 2439 voluntas
868 2380 1121 2459 propria
1148 2380 1371 2441 virtute
1392 2425 1414 2455 ,
1450 2383 1513 2441 et
1548 2378 1691 2439 ideo

146 2471 291 2528 recte
316 2467 687 2549 intelligitur
724 2490 909 2550 posse
956 2472 1253 2533 inchoare
1291 2478 1499 2533 actum
1548 2490 1692 2532 cum

147 2562 435 2623 communi
476 2581 793 2625 concursu
838 2564 955 2625 Dei
991 2565 1059 2625 in
1088 2571 1233 2627 actu
1274 2565 1476 2644 primo
1512 2564 1693 2625 indif-

146 2654 391 2717 ferenter
428 2655 671 2729 oblato,
718 2657 1196 2719 determinando
1224 2658 1400 2719 illum
1435 2658 1497 2718 in
1548 2663 1689 2717 actu

148 2748 393 2811 secundo
436 2767 563 2809 sua
608 2752 1087 2829 cooperatione3
1124 2757 1189 2811 at
1218 2769 1366 2812 vero
1399 2750 1465 2811 in
1512 2756 1689 2811 actus

148 2842 639 2918 supernaturales
694 2843 866 2904 nullo
922 2844 1111 2905 modo
1154 2844 1356 2905 influit
1400 2842 1690 2903 voluntas

146 2934 369 3011 propria
386 2934 645 3012 virtute,
677 2936 793 2997 sed
811 2942 881 2997 ut
902 2938 1143 2998 elevata
1164 2940 1407 2997 tantum
1426 2954 1441 3009 ;
1468 2943 1531 2996 et
1549 2934 1689 2997 ideo

150 3044 257 3085 non
280 3027 519 3089 videtur
548 3046 738 3108 posse
788 3030 891 3089 illo
918 3030 1107 3091 modo
1136 3030 1433 3091 inchoare
1476 3048 1695 3108 super-

152 3121 471 3184 naturalem
510 3129 729 3184 actum
764 3170 780 3196 ,
839 3141 958 3185 nec
1000 3125 1287 3185 sufficere
1334 3123 1694 3184 indifferen-

152 3219 259 3273 tem
299 3233 710 3291 concursum‚
756 3219 937 3298 cujus
970 3218 1405 3280 determinatio
1450 3216 1695 3280 excedit

150 3311 439 3374 naturales
477 3313 652 3374 vires
697 3314 1072 3386 voluntatis3
1126 3318 1371 3394 oportet
1425 3331 1575 3392 ergo
1628 3317 1697 3372 ut

152 3401 365 3481 abipso
401 3407 534 3467 Deo
590 3405 1043 3468 determinatus
1090 3407 1188 3480 sit,
1239 3413 1309 3468 ut
1343 3407 1463 3468 hoc
1503 3405 1693 3467 modo

152 3493 507 3561 voluntatem
568 3501 793 3562 elevet.
845 3501 1025 3563 Unde
1080 3501 1432 3562 necessario
1477 3518 1697 3561 conse-

152 3599 389 3664 quenter
426 3594 498 3656 fit
536 3599 615 3655 ut
650 3593 820 3656 illam
846 3595 1033 3656 etiam
1072 3594 1597 3674 praedeterminet.

304 3789 731 3870 Explicantur
763 3807 959 3853 saco-ce
996 3787 1344 3870 amptum
1380 3789 1529 3854 loca.

220 3967 273 4024 5.
310 3966 735 4047 Emponuntm·
765 3963 887 4026 illa
940 3963 1156 4027 verba:
1191 3963 1443 4026 Faciam
1486 3969 1553 4026 ut
1606 3962 1695 4024 fa-

154 4056 537 4119 ciatis—Ad
574 4057 933 4119 testimonia
970 4058 1303 4138 Scripturoe
1348 4077 1475 4118 uno
1504 4057 1695 4118 verbo

154 4151 411 4212 satisfieri
434 4156 677 4231 posset,
706 4149 973 4212 dicendo
1002 4150 1211 4211 omnia
1238 4151 1345 4211 illa
1368 4169 1516 4211 vera
1555 4169 1694 4212 esse

156 4248 380 4323 propter
405 4245 676 4325 gratiam
704 4244 1082 4305 excitantem
1112 4250 1173 4305 et
1201 4251 1592 4324 operantem,
1628 4251 1697 4304 ut

154 4337 222 4396 ab
248 4341 585 4417 Augustino
624 4339 689 4399 in
726 4338 927 4400 citatis
953 4339 1107 4399 locis
1156 4345 1579 4418 exponuntur,
1634 4344 1698 4400 et

155 4427 209 4487 in
232 4431 645 4509 superioribus
674 4449 843 4511 saepe
876 4432 1079 4492 visum
1109 4438 1225 4494 est.
1272 4433 1486 4511 Neque
1529 4432 1695 4492 ullus

157 4522 497 4586 Sanctorum
524 4524 624 4586 vel
664 4525 1074 4604 interpretum
1122 4525 1227 4586 illa
1278 4525 1577 4587 intellexit
1617 4523 1695 4586 de

158 4615 387 4693 physica
429 4617 1103 4697 praedeterminatione.
1141 4619 1289 4692 Sed,
1351 4626 1419 4680 ut
1469 4619 1695 4680 clarius

160 4710 419 4772 omnibus
447 4712 926 4785 satisfaciamu5‚
948 4712 1185 4791 aliquid
1210 4718 1305 4774 est
1331 4713 1410 4772 de
1434 4713 1696 4792 singulis

161 4800 485 4864 dicendum.
519 4807 595 4866 Et
643 4805 948 4884 imprimis
995 4805 1059 4863 in
1106 4804 1227 4864 illis
1269 4805 1473 4866 verbis
1502 4851 1523 4880 ,
1579 4805 1696 4869 Fa-

162 4894 293 4957 ciam
328 4903 393 4960 ut
437 4897 719 4971 faciatis,
753 4897 863 4977 qui
910 4897 1267 4976 intelligunt
1318 4898 1437 4958 hoc
1488 4898 1695 4959 dicere

162 4987 333 5047 Deum
348 4995 601 5068 propter
618 4991 935 5070 physicam
956 4990 1696 5069 praedeternnnationem‚

162 5097 271 5140 non
314 5084 720 5160 possunthoc
774 5084 1121 5164 intelligere
1182 5084 1579 5160 singulariter
1620 5084 1698 5146 de

163 5175 429 5249 operibus
469 5178 705 5256 gratim,
738 5177 850 5240 sed
880 5177 1067 5239 etiam
1100 5176 1179 5237 de
1227 5177 1469 5237 actibus
1517 5177 1701 5239 bonis

160 5269 477 5344 moraliter,
510 5270 633 5332 imo
677 5277 739 5333 et
787 5271 865 5333 de
919 5272 1160 5334 actibus
1194 5271 1401 5346 malie,
1432 5271 1513 5332 ad
1542 5291 1701 5351 quos

162 5361 494 5439 requirunt,
544 5367 661 5438 vel,
709 5366 761 5426 si
814 5371 1273 5446 consequenter
1320 5365 1661 5445 loquantur
1682 5413 1697 5441 ,

164 5455 457 5532 requirere
490 5457 720 5522 debent
774 5461 1063 5522 eamdem
1102 5460 1701 5539 proedeterminatio-

168 5563 317 5606 nem.
374 5553 447 5614 At
492 5569 637 5616 vero
676 5555 795 5616 hoc
842 5555 1032 5616 modo
1084 5553 1351 5616 multum
1399 5562 1701 5618 enervant

3220 398 3342 459 233

1772 508 1901 569 vim
1931 510 2158 571 horum
2195 508 2692 571 testimoniorum
2714 507 2795 568 ad
2821 506 3034 590 gratiae
3072 504 3238 566 dona
3264 522 3341 565 ex

1775 603 1867 663 eis
1906 602 2282 681 colligenda,
2313 601 2461 681 quia
2491 600 2597 661 illa
2625 600 2901 679 operatio
2923 599 3036 659 Dei
3064 614 3340 657 commu-

1774 697 1873 756 nis
1939 700 2033 757 est
2085 696 2376 756 omnibus
2421 694 2661 755 actibus
2722 691 3013 753 humanis
3033 737 3050 764 ,
3106 696 3174 751 ut
3223 690 3337 767 ipsi

1778 791 1952 851 aiunt
1977 810 1994 863 ;
2027 807 2421 867 consequens
2451 794 2664 849 autem
2695 792 2788 847 est
2816 791 3030 847 contra
3059 802 3342 845 commu-

1774 902 1925 945 nem
1954 902 2208 943 sensum
2237 884 2460 943 horum
2488 880 2845 952 verborum,
2889 883 2952 940 et
2994 876 3340 957 praesertim

1776 982 1992 1039 contra
2029 976 2466 1057 Augustinum.

1854 1070 2116 1144 Deinde,
2133 1070 2296 1131 addo
2317 1067 2764 1147 promissiones
2783 1068 2900 1127 illis
2926 1064 3128 1127 verbis
3144 1064 3340 1125 factas

1774 1182 1893 1241 per
1918 1163 2332 1235 Ezechielem,
2361 1180 2488 1223 non
2522 1179 2662 1222 esse
2705 1159 3006 1238 speciales
3053 1157 3134 1218 ad
3183 1172 3342 1236 prae-

1776 1258 2136 1330 destinatOS‚
2171 1276 2283 1318 seu
2311 1274 2420 1317 eos
2449 1255 2558 1333 qui
2587 1254 2854 1333 gratiam
2895 1252 3212 1313 efficacem
3243 1268 3340 1310 re-

1775 1352 2034 1431 cipiunt,
2074 1350 2188 1412 sed
2217 1367 2354 1411 esse
2385 1348 2716 1429 generales
2742 1347 2824 1409 ad
2848 1346 3205 1407 universam
3231 1344 3341 1404 Ec-

1776 1444 2032 1505 clesiam
2069 1461 2182 1522 pro
2209 1448 2492 1523 tempore
2536 1441 2693 1520 legis
2727 1440 2983 1521 gratiae;
3029 1455 3156 1499 non
3188 1453 3338 1515 ergo

1777 1541 1920 1600 sunt
1955 1538 2060 1597 illa
2117 1536 2310 1596 verba
2362 1534 2526 1595 dicta
2571 1539 2829 1613 propter
2869 1534 3188 1593 efficacem
3233 1534 3340 1589 aut

1774 1630 2104 1709 physicam
2146 1627 2886 1708 proedeterminationem‚
2926 1625 3038 1686 sed
3084 1625 3340 1704 propter

1776 1724 2225 1785 abundantiam
2268 1722 2482 1802 gratiae
2512 1722 2578 1782 in
2607 1721 2748 1799 lege
2772 1717 3145 1799 Evangelica
3176 1732 3342 1776 com-

1774 1817 2256 1889 municandam;
2303 1822 2366 1878 et
2416 1815 2760 1895 praesertim
2814 1815 3070 1892 propter
3133 1809 3342 1871 effica-

1776 1912 1938 1973 ciam
1984 1916 2543 1982 sacramentorum‚
2591 1926 2704 1987 per
2745 1925 2882 1985 quae
2926 1908 3093 1965 Deus
3137 1908 3342 1963 mutat

1776 2004 1990 2077 corda,
2007 2010 2068 2064 et
2097 2003 2204 2065 dat
2235 2021 2464 2063 novum
2483 2001 2778 2081 Spiritum
2799 1997 3178 2061 effundendo
3204 2015 3340 2076 gra·

1774 2098 1924 2159 tiam
1955 2116 2032 2159 ex
2063 2115 2254 2176 opere
2278 2100 2557 2175 operato.
2591 2096 2734 2155 Haec
2761 2092 3062 2172 expositio
3095 2094 3339 2152 constat

1772 2210 1851 2252 ex
1888 2196 2179 2253 contextu
2221 2190 2442 2251 Ezech.
2473 2189 2586 2251 36:
2621 2187 2966 2267 Effundam
3005 2202 3188 2267 super
3235 2200 3340 2245 eos

1772 2302 1992 2365 aquam
2036 2284 2344 2358 mundam,
2383 2286 2440 2345 et
2477 2276 2916 2343 mundabimini
2957 2279 3029 2339 ab
3068 2276 3340 2339 omnibus

1770 2376 2242 2458 inquinamentis
2267 2376 2511 2452 vestris,
2530 2380 2588 2439 et
2601 2376 2673 2437 ab
2689 2370 2989 2435 universis
3007 2369 3188 2433 idolis
3211 2387 3338 2432 ves—

1772 2472 1896 2533 tris
1926 2472 2219 2533 mundabo
2261 2488 2407 2540 νου
2445 2487 2582 2548 quae
2625 2467 2840 2539 verba,
2877 2466 3055 2544 juxta
3093 2462 3338 2541 exposi-

1770 2565 2006 2625 tionem
2037 2562 2400 2641 Hieronymi
2425 2568 2488 2623 et
2509 2561 2811 2633 omnium,
2857 2556 3336 2637 promissionem

1768 2656 2064 2735 baptismi
2111 2658 2464 2727 continent;
2509 2660 2571 2716 et
2626 2653 2984 2715 immediate
3032 2656 3174 2730 post
3229 2648 3334 2709 illa

1771 2749 2088 2811 subditur:
2113 2752 2204 2814 Et
2228 2750 2374 2813 dabo
2401 2746 2563 2812 vobis
2575 2766 2677 2811 eor
2703 2764 2942 2817 novum,
2965 2751 3022 2807 et
3047 2742 3336 2827 spiritum

1770 2859 2010 2917 novam,
2039 2850 2187 2916 etc„
2220 2849 2282 2905 et
2315 2842 2540 2905 deinde
2584 2840 3013 2919 adjunguntur
3050 2854 3189 2918 quae
3231 2856 3336 2896 su-

1772 2938 1986 3017 perius
2022 2938 2206 2999 citata
2245 2942 2411 2997 sunt.
2447 2937 2565 3000 Ubi
2613 2936 3033 3013 Hieronymus
3082 2932 3170 2991 sic
3207 2930 3334 2993 ait:

1773 3031 1869 3093 Et
1906 3032 2402 3094 considera-ndum
2430 3030 2588 3111 qnod
2612 3046 2713 3092 eor
2751 3044 2969 3090 noviom
2999 3029 3059 3089 et
3075 3023 3341 3107 spiritus

1774 3142 1962 3188 novus
2019 3127 2195 3188 detur
2251 3143 2361 3204 per
2424 3121 2824 3206 aspersionem
2881 3125 2938 3184 et
2993 3116 3340 3199 effusionem

1775 3237 1950 3300 aquoe
1969 3245 1995 3292 ‚·
2034 3220 2268 3300 qnando
2293 3222 2492 3281 antem
2515 3235 2618 3280 eor
2640 3233 2857 3280 novum
2881 3215 3088 3278 datum
3123 3211 3337 3290 suerit,

1774 3317 1833 3375 et
1868 3311 2132 3394 spiritus
2155 3330 2364 3384 novus,
2416 3314 2559 3374 tune
2595 3315 2903 3388 anferetm·
2925 3309 2994 3372 de
3029 3307 3200 3374 eorde
3225 3305 3342 3367 Jn-

1775 3407 1946 3470 daioo
1987 3405 2178 3468 omnis
2221 3406 2476 3479 duritia,
2525 3423 2658 3486 quoe
2693 3403 2890 3484 lapidi
2931 3401 3342 3482 compar-aim,

1773 3506 1846 3563 nt
1870 3518 1986 3582 pro
2036 3499 2264 3580 lapideo
2291 3500 2462 3562 eorde
2500 3498 2586 3561 sit
2634 3515 2734 3559 eor
2759 3496 2935 3560 molle
2961 3498 3019 3558 et
3049 3499 3342 3566 tenerum,

1775 3594 1935 3674 quod
1953 3591 2110 3673 spiri
2115 3597 2242 3654 twm
2271 3592 2386 3654 Dei
2409 3591 2478 3653 in
2512 3608 2575 3653 se
2601 3589 2802 3673 possit
2829 3589 3110 3669 recipere,
3143 3588 3202 3648 et
3247 3586 3344 3647 in·
3405 3619 3423 3630 ·

1774 3687 1964 3749 scribi
1984 3683 2210 3748 litteris
2243 3683 2642 3748 salutaribus.
2669 3682 2842 3745 Tana
2871 3680 3256 3744 ambalabunt
3276 3681 3344 3742 in

1766 3779 2089 3861 proeceptis
2149 3778 2415 3850 Domini,
2455 3783 2572 3838 etc.
2605 3821 2620 3848 ,
2669 3780 2730 3836 et
2785 3773 3140 3835 concludit:
3179 3771 3350 3846 Quod

1767 3873 2062 3954 proesenti
2095 3878 2353 3954 tempore
2380 3871 2812 3952 comprobatur.

1858 3966 2167 4039 Tandem,
2212 3965 2457 4026 etiamsi
2495 3965 2560 4024 in
2606 3963 2968 4026 universum
3010 3960 3115 4021 illa
3153 3959 3345 4021 verba

1774 4059 2206 4139 intelligantur
2247 4058 2324 4120 de
2369 4057 2660 4119 omnibus
2687 4055 2928 4116 actibus
2957 4054 3194 4134 gratiae,
3236 4070 3345 4112 ve-

1775 4155 2019 4216 rissime
2044 4154 2335 4216 dicuntur
2355 4153 2597 4214 ratione
2623 4151 2837 4232 gratiae
2861 4148 3206 4219 excitantiS,
3228 4164 3344 4226 per

1776 4267 1967 4328 quam
2008 4250 2175 4308 Deus
2204 4252 2266 4307 et
2289 4245 2526 4307 emollit
2551 4245 2764 4319 corda,
2792 4247 2854 4305 et
2881 4242 3138 4304 inclinat
3161 4259 3236 4302 ea
3261 4239 3343 4302 ad

1778 4359 1971 4420 opera
1998 4340 2267 4419 pietatis,
2301 4345 2489 4418 atque
2517 4339 2602 4400 ita
2629 4338 2776 4398 facit
2803 4344 2872 4399 ut
2893 4336 3056 4397 bene
3086 4332 3338 4394 faciant.

1777 4437 1854 4498 Ut
1906 4441 2118 4494 autem
2171 4432 2592 4512 intelligamus
2644 4450 2771 4492 non
2827 4431 2912 4491 ita
2965 4430 3086 4490 hoc
3133 4428 3342 4490 facere

1778 4530 2001 4600 Deum,
2031 4527 2182 4604 quin
2213 4527 2558 4586 humanum
2587 4525 2912 4586 arbitrium
2939 4523 3135 4603 possit
3157 4522 3212 4584 ei
3243 4541 3342 4583 re-

1780 4621 2022 4692 sistere,
2071 4619 2356 4680 subditur
2402 4621 2624 4680 Ezech.
2662 4622 2732 4680 11
2779 4637 2791 4678 :
2843 4617 3108 4692 Qum-m
3143 4621 3345 4680 autem

1777 4731 1877 4774 eor
1899 4718 2041 4793 post
2055 4713 2435 4800 ‚offendicula
2462 4717 2520 4776 et
2551 4712 3016 4776 abominationes
3044 4727 3190 4773 snae
3214 4727 3346 4772 am-

1776 4806 1969 4880 balat,
1998 4807 2212 4868 horum
2237 4807 2404 4869 viam
2432 4806 2500 4867 in
2537 4806 2730 4887 eapite
2767 4823 2875 4868 suo
2912 4821 3157 4888 ponam,
3196 4799 3346 4866 dicit

1774 4899 2072 4962 Dominus
2094 4901 2281 4962 Dens.
2312 4899 2489 4971 Quod
2508 4900 2833 4978 impletum
2864 4917 3002 4960 esse
3031 4897 3179 4959 dicit
3203 4897 3346 4958 Hie-

1780 5009 2104 5072 ronymus,
2146 4993 2210 5052 in
2239 4993 2491 5067 sudans,
2518 4992 2626 5072 qui
2663 4999 2803 5073 post
2848 4991 3069 5054 Christi
3113 4989 3346 5052 adven·

1780 5092 1913 5146 tum
1957 5086 2179 5148 divinae
2229 5087 2442 5167 gratiae
2499 5093 2563 5148 et
2605 5085 2913 5148 vocationi
2959 5084 3339 5146 restiterunt.

1782 5181 1996 5258 Neque
2036 5181 2421 5260 Augustinus
2451 5186 2512 5242 et
2539 5179 2905 5260 Fulgentius
2941 5178 3110 5242 aliud
3133 5178 3347 5240 dicunt

1782 5273 1846 5333 in
1878 5274 2076 5335 citatis
2109 5274 2284 5335 locis,
2314 5276 2467 5346 Imo,
2503 5274 2886 5354 Augustinus
2913 5289 3204 5352 expresse
3235 5271 3342 5346 ait,

1784 5367 1901 5428 illis
1934 5369 2142 5430 verbis
2178 5369 2382 5430 solum
2425 5367 2782 5448 significari,
2828 5372 2890 5427 et
2930 5365 3196 5446 gratiam
3233 5365 3345 5426 Dei

1781 5462 2156 5524 antecedere
2190 5462 2400 5523 omnia
2438 5462 2662 5524 merita
2690 5459 2986 5532 hominis,
3017 5464 3079 5520 et
3108 5459 3346 5520 habere

1780 5573 2076 5636 magnam
2100 5555 2389 5617 virtutem
2419 5555 2500 5616 ad
2525 5553 2912 5615 immutanda
2937 5551 3125 5614 corda
3150 5551 3346 5614 homi-
