3850 6225
551 362 632 423 50

553 485 592 527 a
621 480 812 525 causa
829 460 1055 541 prima,
1074 479 1202 522 non
1230 460 1386 534 sola,
1405 460 1520 523 sed
1542 464 1953 522 concurrente
1980 474 2125 519 cum

557 558 696 638 ipsa
745 574 812 617 se
844 554 1215 635 applicante.
1250 554 1404 626 Quia
1439 571 1589 635 ergo
1631 554 1750 615 sub
1779 553 1902 613 hac
1938 552 2124 613 ratio-

557 670 640 711 ne
678 656 740 711 et
792 648 1300 709 denominatione
1349 647 1780 727 applicationis
1813 645 2123 726 significa-

557 751 660 805 tur
701 743 888 815 actio,
921 747 994 803 ut
1023 742 1226 820 primo
1276 742 1606 821 egrediens
1635 740 1716 801 ab
1757 740 1897 819 ipso
1934 757 2126 819 agen-

558 846 620 902 te
650 887 667 914 ‚
696 840 863 915 iden,
895 838 978 899 ad
1005 838 1486 917 significandum
1513 839 1718 899 Deum
1745 852 2123 898 concurrere

553 934 636 995 ad
673 934 848 993 illam
893 932 1224 1005 actionem,
1259 932 1606 993 secundum
1646 932 2011 1011 primaevam
2062 934 2127 989 et

557 1026 896 1087 radicalem
927 1025 1388 1085 emanationem
1432 1044 1470 1085 a
1498 1044 1612 1085 suo
1637 1027 1891 1104 proprio
1932 1040 2123 1101 agen·

554 1128 640 1193 te,
691 1119 914 1179 dicitur
954 1119 1121 1178 Deus
1160 1136 1534 1179 concurrere
1565 1116 1939 1197 applicando
1979 1134 2123 1177 cau·

556 1232 693 1274 sam
736 1212 1100 1273 secundam.
1143 1212 1222 1271 Et
1260 1211 1396 1273 hoec
1439 1211 1588 1273 satis
1617 1227 1933 1290 superque
1976 1214 2123 1270 sunt

559 1306 640 1367 ad
665 1304 1054 1367 reddendam
1075 1304 1246 1365 vocis
1273 1303 1606 1377 rationem,
1629 1322 1779 1363 nam
1803 1303 1892 1364 'de
1919 1322 1990 1363 re
2018 1302 2121 1363 vix

556 1406 762 1479 potest
790 1398 1080 1470 dubitari,
1113 1397 1448 1477 suppositis
1479 1416 1617 1477 quae
1650 1397 1917 1459 diximus
1938 1440 1953 1469 ,
1982 1414 2120 1475 quoe

553 1512 682 1554 non
715 1510 853 1555 esse
895 1492 1102 1553 aliena
1133 1509 1172 1551 a
1199 1508 1390 1551 sensu
1433 1492 1508 1551 D.
1548 1491 1804 1551 Thomae
1835 1489 1985 1551 satis
2014 1508 2123 1551 ve·-

553 1586 812 1647 risimile
863 1586 935 1647 fit
971 1584 1256 1647 discursu
1294 1584 1478 1645 facto.
1527 1585 1652 1645 Nec
1696 1584 1900 1645 obstat
1953 1582 2124 1662 quod

561 1681 633 1739 D.
667 1680 940 1741 Thomas
981 1696 1132 1739 usus
1158 1678 1346 1739 fuerit
1389 1677 1673 1756 exemplo
1717 1677 2013 1737 motionis
2062 1684 2125 1739 et

561 1772 993 1851 applicationis
1022 1773 1580 1833 instrumentorum
1609 1770 1758 1831 artis
1781 1790 1798 1843 ;
1819 1770 1965 1849 quia
1995 1786 2125 1830 non

559 1864 820 1925 affertur
862 1865 1220 1944 exemplum
1251 1869 1324 1924 ut
1353 1864 1610 1924 omnino
1657 1863 1881 1939 simile,
1917 1862 2029 1923 sed
2056 1867 2126 1923 ut

555 1958 990 2019 manuducens
1009 1958 1090 2017 ad
1113 1976 1250 2019 rem
1277 1956 1741 2035 explicandam3
1777 1963 1840 2018 et
1863 1956 1951 2017 ibi
1964 1974 2126 2035 prae-

559 2051 774 2111 sertim
813 2050 1142 2113 adducitur
1193 2050 1274 2119 ad
1314 2050 1762 2111 declarandum
1795 2068 1924 2111 non
1980 2066 2127 2111 cou-

557 2163 809 2205 currere
847 2145 1048 2205 Deum
1090 2162 1231 2204 cum
1273 2144 1478 2205 causis
1521 2144 1813 2205 secundis
1839 2190 1857 2217 ,
1893 2161 2124 2223 suppo-

556 2238 770 2299 nendo
818 2238 884 2297 in
933 2236 1022 2298 eis
1055 2238 1346 2301 virtutem
1385 2237 1636 2317 agendi,
1670 2237 1783 2299 sed
1808 2236 2019 2298 dando
2063 2240 2127 2297 et

559 2330 989 2392 conservando
1030 2330 1224 2391 illam.

558 2488 639 2550 D.
677 2484 922 2550 Tkomoe
963 2449 1129 2551 Μιήε
1171 2506 1245 2551 em
1286 2487 1602 2551 collatione
1651 2487 2125 2552 testimoniorum

1071 2583 1201 2661 ejus
1229 2582 1605 2663 expenditur.

637 2698 696 2757 6.
760 2694 934 2757 Ultra
987 2695 1102 2755 hos
1133 2700 1345 2755 autem
1401 2702 1527 2757 tres
1583 2696 1804 2757 modos
1862 2695 2117 2776 agendi,

554 2806 684 2849 non
710 2787 926 2849 tribuit
963 2788 1031 2847 D.
1079 2788 1352 2849 Thomas
1394 2789 1612 2867 primae
1655 2808 1860 2851 causoe
1903 2790 2120 2864 alium,

557 2899 684 2959 quo
717 2882 976 2943 effectus
1006 2886 1067 2941 ct
1119 2881 1514 2960 operationes
1543 2901 1876 2943 causarum
1900 2902 2120 2945 secun·

557 2977 782 3037 darum
826 2975 1072 3046 efficiat,
1111 2975 1216 3053 qui
1256 2976 1333 3036 sit
1383 2976 1777 3049 universalis
1831 2984 1894 3039 et
1946 2975 2123 3057 quasi

559 3068 908 3131 essentialis
943 3068 1148 3130 causis
1175 3068 1488 3142 secundiS,
1521 3070 1678 3132 sicut
1703 3076 1848 3132 sunt
1875 3077 2005 3132 tres
2026 3089 2127 3131 su-

556 3181 670 3242 pra
715 3161 895 3234 dicti;
927 3160 1081 3222 alias
1103 3162 1175 3221 D.
1205 3162 1478 3224 Thomas
1499 3163 1673 3224 illum
1697 3183 1826 3224 non
1863 3170 2119 3243 praeter-

559 3253 851 3328 misisset,
883 3253 990 3314 ubi
1017 3273 1094 3314 ex
1121 3254 1403 3333 professo
1426 3256 1589 3316 hanc
1609 3257 1941 3318 materiam
1968 3263 2122 3318 trac-

563 3348 732 3408 tavit.
765 3349 854 3406 Ex
884 3365 1008 3426 quo
1041 3348 1189 3407 mihi
1219 3347 1290 3408 fit
1313 3349 1495 3410 valde
1514 3350 1809 3410 credibile
1841 3351 2023 3412 tacite
2047 3352 2121 3412 D.

561 3443 866 3502 Thomam
909 3447 1279 3502 retractasse
1333 3443 1506 3520 quod
1547 3443 1612 3502 in
1661 3443 2004 3522 quaestione
2052 3444 2128 3504 il-

563 3533 624 3594 la
655 3533 734 3595 de
765 3534 1004 3594 Poten't.
1055 3534 1318 3608 dixerat,
1364 3535 1470 3595 ubi
1513 3535 1801 3598 eamdem
1839 3538 2127 3616 quaestio-

563 3645 712 3687 nem
743 3644 932 3704 quam
961 3625 1161 3704 prima
1213 3634 1390 3707 parte
1426 3647 1706 3701 versanS,
1739 3636 1963 3709 praeter
1988 3631 2125 3690 illos

563 3723 693 3780 tres
723 3717 967 3790 modoS,
997 3720 1171 3798 ponit
1197 3726 1512 3798 quartum,
1545 3739 1670 3800 quo
1692 3740 1882 3783 causa
1906 3739 2127 3784 secun-

566 3811 670 3883 da,
729 3827 846 3890 per
889 3811 1182 3872 virtutem
1219 3813 1758 3876 instrumentalem
1797 3815 2123 3890 fluentem,

567 3910 718 3984 agat
745 3909 813 3964 ut
853 3903 1336 3967 instrumentum
1372 3906 1591 3986 primae
1623 3926 1850 3968 causae.
1881 3910 1973 3968 Ex
2000 3927 2125 3988 quo

567 3997 704 4057 loco
737 3997 1040 4076 imprimis
1067 3999 1316 4080 colligo,
1343 3999 1514 4078 apud
1531 4000 1604 4060 D.
1634 4001 1941 4062 Thomam
1960 4001 2133 4062 aliud

570 4093 906 4172 significari
933 4113 1048 4173 per
1074 4095 1246 4156 illam
1275 4096 1778 4176 applicationem,
1819 4097 1992 4159 aliud
2017 4117 2133 4178 per

569 4187 1046 4265 impressionem
1073 4189 1314 4252 virtutis
1341 4190 1622 4263 tluentis3
1663 4210 1813 4253 nam
1836 4209 2131 4271 expresse

569 4281 686 4340 hos
714 4281 935 4342 modos
961 4281 1066 4344 illo
1099 4283 1236 4346 loco
1263 4284 1558 4346 distinxit.
1592 4285 1770 4349 Unde
1797 4286 1896 4349 vel
1917 4287 2133 4347 dicen-

571 4372 725 4434 dum
757 4379 851 4436 est
872 4393 1126 4436 causam
1153 4379 1420 4455 primam
1450 4378 1610 4440 duas
1645 4398 1748 4440 res
1773 4380 2133 4460 imprimere

573 4467 902 4541 secundae3
973 4487 1166 4530 unam
1191 4515 1206 4544 ,
1277 4471 1360 4531 ad
1415 4473 1850 4552 applicandam
1915 4472 2087 4536 illam
2112 4517 2129 4548 ,

576 4560 789 4636 aliam,
831 4567 902 4622 ut
955 4561 1040 4622 illi
1091 4563 1198 4624 det
1226 4565 1517 4626 virtutem
1568 4566 2131 4638 instrumentalem,

485 4649 490 4655 ’
572 4656 742 4734 quod
771 4662 866 4718 est
886 4655 1072 4736 plane
1093 4658 1470 4732 absurdu1n;
1513 4661 1613 4720 vel
1664 4659 1993 4722 fatendum
2042 4667 2137 4724 est

573 4768 685 4829 per
727 4750 896 4811 illam
927 4750 1410 4832 applicationem
1434 4753 1588 4814 nihil
1615 4754 1882 4833 imprimi
1926 4773 2135 4816 causoe

574 4845 882 4920 secundae,
917 4846 1088 4924 quod
1123 4845 1528 4908 intendimus.
1591 4848 1878 4910 Secundo
1909 4849 2135 4928 colligo

571 4939 645 4998 D.
681 4939 1006 5012 Thomam,
1051 4937 1396 5000 doctiorem
1424 4939 1682 5014 factum,
1739 4942 2023 5002 omisisse
2070 4947 2135 5004 et

573 5035 944 5094 retractasse
992 5032 1060 5092 in
1087 5031 1288 5110 prima
1330 5037 1508 5111 parte
1559 5034 1933 5096 sententiam
1964 5035 2135 5096 illam

574 5124 654 5186 de
679 5124 902 5186 virtute
931 5125 1203 5199 fluente;
1243 5143 1392 5186 nam
1423 5131 1612 5202 certe,
1645 5127 1786 5188 siin
1833 5127 1941 5189 illa
1992 5147 2136 5190 sen-

571 5219 768 5282 tentia
803 5219 1270 5298 permansisset,
1299 5239 1442 5284 eam
1464 5221 1528 5282 in
1557 5221 1758 5301 prima
1785 5229 1965 5302 parte
2006 5241 2137 5284 non

571 5313 1114 5392 praetermisisset,
1158 5331 1279 5376 nec
1329 5313 1702 5377 diminutam
1750 5316 2097 5378 doctrinam
2118 5361 2134 5392 ,

573 5407 688 5468 sed
736 5407 1009 5468 maxime
1056 5407 1432 5486 completam
1489 5414 1552 5471 et
1619 5416 1904 5471 exactam
1956 5411 2139 5471 nobis

572 5503 942 5564 tradidisset
986 5502 1050 5563 in
1105 5503 1358 5582 proprio
1411 5503 1574 5579 loco,
1607 5510 1670 5566 ct
1693 5504 2029 5584 praecipuo,
2074 5505 2141 5565 in

1305 360 1516 415 OPUSC.
1553 362 1592 425 l,
1627 358 1747 413 LlB.
1781 361 1820 413 1.
1858 359 1941 412 DE
1970 356 2290 411 coNcunsu
2323 356 2426 410 DE!
2462 354 2587 409 CUH
2619 350 3008 407 VOLUNTATE.

2204 474 2330 536 quo
2360 472 2499 517 rem
2530 472 2607 515 ex
2634 450 2917 533 professo
2954 446 3337 527 disputabat.
3393 444 3561 505 Vidit
3610 462 3741 523 ergo

2202 548 2457 610 modum
2485 547 2659 607 illum
2688 563 2821 605 non
2842 560 2981 605 esse
3010 558 3254 614 verum,
3286 544 3349 601 et
3371 537 3515 599 ideo
3544 538 3743 599 merito

2202 644 2379 703 illum
2403 638 2821 721 praetermisit.

2284 740 2345 798 ’7.
2390 738 2515 797 Nec
2562 734 2881 795 discursus
2921 747 3049 809 quo
3086 728 3151 787 in
3178 724 3285 787 illa
3315 723 3653 803 quaestione
3678 724 3743 785 de

2204 832 2447 893 Potent.
2474 827 2669 889 utitur
2686 824 2761 888 D.
2781 824 3075 893 ThomaS,
3094 825 3189 881 est
3214 818 3435 879 efficax
3452 836 3469 889 ;
3488 816 3576 877 sic
3598 818 3743 876 enim

2206 924 2470 1004 colligit:
2502 938 2693 983 causa
2726 916 3004 981 secunda
3032 932 3161 975 non
3198 918 3404 993 potest
3432 929 3571 972 esse
3600 912 3747 989 prin-

2205 1018 2419 1098 cipalis
2444 1032 2635 1077 causa
2660 1012 3027 1083 existentioe‚
3056 1026 3175 1069 nec
3197 1009 3403 1087 potest
3424 1004 3596 1065 illam
3622 1024 3747 1083 pro·

2200 1113 2337 1193 pria
2364 1111 2589 1173 virtute
2617 1105 2926 1179 conferre,
2948 1103 3097 1181 quia
3120 1101 3332 1181 ipsum
3347 1116 3485 1159 esse
3516 1104 3609 1157 est
3628 1098 3747 1156 uni-

2199 1204 2659 1269 versalissimus
2700 1200 2981 1273 effectus,
3014 1202 3078 1257 et
3106 1200 3203 1257 est
3240 1192 3521 1255 intimius
3560 1197 3619 1252 et
3658 1211 3749 1253 ac-

2200 1298 2429 1361 tualius
2456 1296 2519 1355 in
2548 1293 2837 1357 omnibus
2850 1290 3063 1363 rebus,
3092 1295 3157 1351 et
3178 1287 3319 1348 ideo
3348 1304 3387 1347 a
3416 1285 3553 1347 sola
3576 1303 3747 1345 causa

2201 1394 2401 1473 prima
2434 1395 2497 1451 et
2545 1384 3073 1449 universalissima
3124 1382 3261 1443 fieri
3316 1384 3547 1458 potest,
3602 1382 3667 1439 ut
3717 1398 3747 1439 a

2202 1504 2393 1548 causa
2434 1483 2689 1562 propria
2744 1486 2809 1543 et.
2837 1476 3201 1559 principali;
3266 1492 3459 1535 causa
3501 1491 3644 1551 ergo
3670 1491 3750 1533 se·

2205 1579 2433 1651 cunda,
2490 1576 2693 1637 solum
2742 1579 2812 1634 ut
2843 1573 3329 1632 instrumentum
3370 1567 3611 1646 primae,
3652 1584 3749 1645 po-

2202 1678 2327 1737 test
2369 1672 2521 1733 dare
2548 1686 2721 1741 esse;
2762 1672 2825 1728 et
2862 1665 3005 1739 ideo
3032 1662 3296 1742 requirit.
3338 1662 3629 1722 virtutem
3670 1662 3751 1720 in-

2204 1763 2679 1829 strumentalem
2694 1761 2993 1841 praeviam
3008 1775 3125 1836 per
3150 1772 3339 1835 quam
3358 1754 3606 1816 efficiat.
3624 1754 3747 1815 Hire

2206 1862 2375 1923 enim
2404 1860 2559 1919 ratio
2592 1856 2815 1918 eodem
2854 1853 3043 1913 modo
3094 1850 3394 1931 applicari
3425 1854 3625 1927 potest
3678 1849 3747 1909 ad

2206 1955 2377 2016 illam
2420 1952 2715 2014 virtutem
2750 1944 3245 2019 intentionalem,
3286 1960 3399 2003 seu
3444 1948 3749 2003 transeun-

2203 2054 2357 2121 tem,
2389 2062 2527 2125 quae
2560 2044 2783 2105 dicitur
2810 2038 2957 2101 addi
3010 2037 3213 2099 causis
3254 2034 3577 2108 secundis;
3620 2054 3746 2094 nam

2204 2142 2309 2201 illa
2330 2158 2459 2201 non
2488 2142 2583 2199 est
2610 2134 2944 2215 perfectior
2965 2148 3157 2211 quam
3178 2128 3373 2189 virtus
3392 2144 3609 2189 earum
3630 2146 3749 2207 per-

2202 2250 2491 2297 manens.
2522 2227 2960 2308 Respondetur
2992 2243 3169 2305 ergo,
3196 2224 3303 2283 illa
3326 2222 3573 2283 ratione
3600 2228 3747 2282 recte

2203 2328 2479 2409 probari,
2528 2340 2785 2385 causam
2818 2318 3165 2381 secundam
3194 2336 3325 2377 non
3365 2334 3555 2395 posse
3583 2334 3747 2395 agere

2206 2422 2341 2484 sine
2368 2420 2613 2481 influxu
2648 2416 2889 2496 primae,
2944 2412 3349 2492 principalius
3388 2417 3457 2471 et
3500 2410 3748 2469 intimius

2207 2512 2524 2575 influentis
2552 2512 2619 2570 in
2640 2508 2953 2582 effectum,
2982 2510 3295 2583 quatenus
3324 2522 3467 2564 esse
3511 2501 3751 2563 existen-

2206 2610 2305 2671 tiae
2323 2605 2671 2687 participat,
2702 2600 2875 2680 quod
2900 2605 2994 2663 est
3013 2598 3203 2659 veluti
3230 2596 3633 2677 adaequatum
3656 2596 3749 2655 ob·

2198 2702 2442 2782 jectum
2470 2698 2662 2759 solius
2690 2694 2915 2757 divinae
2956 2691 3369 2763 efficacitatis;
3403 2709 3539 2750 non
3560 2695 3749 2749 tamen

2203 2792 2455 2875 probari
2485 2808 2613 2851 non
2660 2806 2799 2849 esse
2828 2788 2893 2848 in
2924 2786 3131 2847 causis
3156 2784 3454 2847 secundis
3482 2784 3750 2844 virtutem

2204 2886 2521 2969 propriam
2580 2888 2643 2945 et
2682 2882 3093 2944 sufficientem
3152 2880 3219 2941 in
3256 2897 3371 2945 suo
3408 2896 3641 2958 genere
3682 2876 3751 2935 ad

2206 2974 2799 3043 communicandum
2822 2992 2961 3035 esse
2986 2972 3156 3052 quod
3178 2972 3439 3045 habent,
3466 2989 3609 3031 cum
3628 2988 3751 3030 con·

2206 3092 2397 3136 cursu
2445 3075 2507 3134 et
2554 3068 2976 3150 dependentia
3016 3086 3057 3128 a
3092 3066 3295 3148 prima
3348 3084 3577 3139 causa,
3616 3064 3753 3126 sicut

2208 3168 2357 3249 ipsae
2383 3165 2540 3227 illud
2566 3182 2704 3226 esse
2730 3162 3073 3242 possident,
3098 3160 3313 3240 sicque
3336 3165 3605 3239 possunt
3620 3157 3751 3219 illud

2209 3277 2347 3320 esse
2374 3257 2509 3320 aliis
2536 3257 3027 3331 communicare,
3064 3272 3195 3316 non
3223 3252 3483 3330 quidem
3523 3253 3636 3312 sub
3662 3270 3753 3330 ge·

2208 3352 2405 3414 nei-ali
2455 3351 2700 3413 ratione
2748 3349 3112 3416 existentiae.
3162 3347 3277 3416 sed
3322 3347 3443 3408 sub
3488 3346 3597 3408 tali
3634 3365 3754 3426 par-

2206 3447 2447 3510 ticulari
2476 3464 2551 3508 ac
2580 3444 2993 3506 determinata
3034 3442 3297 3504 ratione.
3349 3441 3753 3512 Quamobrem

2206 3558 2335 3602 non
2388 3545 2483 3602 est
2534 3537 2890 3600 necessaria
2928 3537 3051 3598 alia
3088 3537 3283 3596 virtus
3338 3533 3751 3614 superaddita,

2206 3651 2414 3714 neque
2444 3632 2605 3694 alius
2632 3631 2933 3692 causandi
2954 3629 3203 3702 moduS,
3234 3634 3296 3691 et
3322 3629 3469 3690 ideo
3497 3630 3571 3688 D.
3614 3628 3755 3687 Tho·

2206 3745 2365 3798 mas,
2398 3727 2463 3786 in
2502 3727 2782 3797 Summa,
2830 3723 3053 3786 merito
3086 3723 3262 3782 illum
3313 3721 3578 3783 modum
3610 3739 3757 3800 prm-

2206 3819 2471 3882 termisit
2500 3824 2563 3880 et
2589 3819 2773 3880 tacite
2802 3817 3181 3879 retractavit.

2294 3914 2485 3993 Cujus
2523 3913 2669 3974 facti
2708 3929 2839 3972 non
2876 3911 3015 3971 leve
3054 3909 3305 3990 sig-num
3342 3913 3462 3984 est,
3498 3907 3665 3988 quod
3702 3907 3755 3966 in

2212 4009 2251 4069 3
2288 4013 2507 4070 contra
2553 4005 2764 4080 Gent.,
2810 4004 3013 4083 capite
3068 4005 3147 4064 70
3188 4002 3338 4081 (qui
3378 4001 3543 4064 liber
3592 4001 3757 4062 simul

2210 4119 2355 4162 cum
2396 4101 2655 4162 Summa
2710 4103 3004 4160 censetur
3040 4097 3333 4157 ultimum
3385 4096 3461 4155 D.
3524 4097 3759 4157 Thomae

2212 4192 2715 4270 testamentum),
2744 4197 2875 4254 tres
2920 4189 3311 4270 supradictos
3336 4189 3563 4249 modos
3596 4190 3759 4248 attin·

2213 4303 2391 4367 genS,
2436 4291 2731 4365 quartum
2771 4283 3188 4362 praetermisit.
3230 4282 3427 4353 Quem
3466 4281 3761 4344 immerito

2214 4379 2536 4441 Ferrarius
2574 4377 2883 4458 adjunxit,
2914 4394 3062 4438 cum
3089 4375 3327 4438 ibidem
3376 4377 3453 4436 D.
3504 4375 3762 4436 Thomas

2216 4475 2501 4536 consulto
2530 4473 2705 4534 illum
2748 4471 3046 4545 omiserit,
3094 4471 3201 4550 qui
3248 4488 3323 4532 eo
3359 4468 3501 4530 loco
3540 4469 3763 4530 nullam

2216 4568 2404 4628 aliam
2452 4567 2745 4628 virtutem
2784 4565 3016 4645 agendi
3064 4563 3347 4644 agnoscit
3402 4562 3764 4642 impressam

2218 4679 2423 4721 causae
2462 4659 2784 4732 secundae,
2824 4664 3052 4736 proeter
3086 4656 3415 4718 facultates
3458 4656 3627 4734 ipsas
3664 4673 3766 4715 na-

2216 4753 2450 4816 turales
2474 4799 2491 4828 ,
2536 4758 2605 4814 ut
2649 4757 2745 4814 est
2784 4751 2953 4812 calor
2982 4751 3045 4811 iu
3084 4751 3254 4831 igne,
3296 4755 3357 4811 ct
3398 4747 3635 4810 similes
3664 4765 3763 4808 scu

2218 4846 2735 4928 proportionaleS,
2774 4852 2843 4909 ut
2874 4850 3021 4906 sunt
3048 4845 3299 4906 habitus
3336 4842 3523 4903 infusi
3568 4843 3631 4902 in
3682 4861 3767 4900 or-

2214 4941 2359 5003 dine
2390 4940 2873 5020 supernaturali.

2296 5037 2357 5096 8.
2403 5035 2618 5113 Neque
2655 5035 2721 5095 in
2766 5039 2897 5095 tota
2938 5035 3011 5094 D.
3047 5031 3301 5093 Thomae
3341 5029 3623 5090 doctrina
3668 5026 3769 5086 ali-

2219 5127 2371 5208 quid
2402 5127 2577 5188 aliud
2612 5128 2883 5206 reperio,
2910 5125 3081 5205 quod
3108 5125 3487 5204 generaliter
3528 5122 3609 5183 ad
3648 5139 3769 5180 om-

2219 5240 2337 5283 nes
2382 5238 2605 5282 causas
2660 5220 2969 5281 secundas
3022 5218 3354 5298 pertineat.
3418 5215 3770 5294 Specialitcr

2220 5319 2434 5376 autem
2480 5314 2561 5376 de
2610 5313 2931 5374 voluntate
2970 5317 3033 5374 et
3078 5310 3398 5372 intellectu
3428 5309 3767 5386 disputanS,

2222 5410 2381 5470 solet
2429 5407 2559 5470 Deo
2602 5408 2879 5470 tribuere
2928 5407 3053 5466 vim
3093 5403 3475 5484 peculiarem
3518 5401 3601 5463 ad
3648 5417 3773 5458 mo-

2220 5503 2496 5566 vendum
2526 5503 2641 5564 has
2669 5501 3002 5582 potentiaS,
3029 5505 3093 5560 et
3118 5497 3463 5578 praesertim
3489 5494 3582 5556 illi
3608 5491 3773 5553 attri-
