3850 6225
778 429 912 481 cAP.
949 431 1076 484 vm.
1113 429 1406 494 QUOMODO
1441 429 1800 485 coenosam
1834 421 1993 482 DEUS
2026 429 2165 480 HAEC
2194 428 2467 492 Fu‘rmtA,
2500 427 2638 482 ETC.

89 524 204 585 sed
232 526 426 588 ctiam
452 529 694 590 excedit
721 530 826 590 illa
845 529 1108 606 infinite,
1133 532 1308 611 quod
1335 538 1430 594 est
1456 551 1672 610 super-

88 621 633 698 comprehendere
649 623 1060 694 ;voluntatem
1085 631 1300 686 tamen
1327 625 1666 704 propriam,

85 712 242 772 licet
283 714 800 792 comprehendat,
841 733 972 776 non
1019 721 1230 777 tamen
1280 718 1664 792 excedendO,

3200 427 3311 487 37¹

1753 549 1866 592 sua
1915 531 2261 592 aeternitate
2307 529 2462 591 illud
2507 529 2855 603 decretum,
2896 537 2959 591 et
2994 530 3135 592 ideo
3189 552 3318 594 non

1753 623 2041 702 objicitur
2074 623 2298 684 divinae
2328 623 2600 684 scientiae
2634 626 2705 684 ut
2732 621 3177 696 exhibendum,
3206 626 3321 688 sed

1753 721 1820 777 ut
1865 717 2002 796 jam
2045 715 2412 776 exhibitum.
2458 715 2636 787 Quod
2687 714 2867 776 aliter
2908 717 3209 794 contingit
3254 719 3318 779 in

87 805 210 864 sed
252 805 644 884 adaequando
675 811 950 881 tantum;
999 813 1064 871 et
1100 809 1244 870 ideo
1284 828 1414 870 non
1451 827 1670 888 super·
1749 808 2173 871 voluntatibus
2215 808 2472 883 creatis;
2510 815 2572 870 et
2600 807 2743 870 ideo
2792 813 2886 869 est
2927 810 2991 868 in
3020 810 3125 870 his
3146 811 3321 873 locus

88 899 596 976 comprehendit,
629 918 750 962 nec
797 901 1120 982 cognoscit
1160 901 1298 963 haec
1337 902 1548 966 futura
1590 902 1669 964 de

85 989 206 1049 tali
246 991 588 1054 voluntate.

173 1083 506 1162 Refellitwr
529 1086 946 1150 ratim—Haec
966 1107 1114 1150 vero
1138 1089 1296 1152 ratio
1323 1089 1476 1150 mihi
1497 1089 1672 1150 nullo

88 1176 290 1237 modo
323 1178 574 1257 probari
594 1183 798 1259 potest
817 1199 833 1253 ;
855 1182 1161 1261 imprimis
1189 1183 1352 1244 enim
1381 1183 1678 1263 supponit

89 1269 324 1330 falsam
355 1272 756 1347 sententiam,
783 1273 920 1335 haec
948 1274 1182 1338 scilicet
1208 1275 1415 1336 futura
1445 1293 1678 1355 cogno·-

92 1363 186 1422 sci
225 1364 289 1423 in
325 1364 552 1426 virtute
589 1383 704 1427 seu
746 1366 1153 1445 dispositione
1191 1368 1525 1430 voluntatis
1563 1387 1678 1447 per

93 1458 734 1535 comprehensionem
786 1459 945 1539 ejus.
997 1460 1266 1534 Deinde,
1311 1461 1677 1540 priusquam

92 1550 574 1612 consideremus
595 1553 890 1614 virtutem
921 1559 982 1614 et
1006 1552 1366 1616 facultatem
1396 1573 1472 1614 ex
1499 1561 1676 1634 parte

91 1645 562 1722 cognoscentiS,
593 1645 908 1724 inquiram
943 1647 1022 1708 de
1058 1648 1320 1709 veritate
1359 1654 1422 1709 et
1451 1666 1678 1710 conne-

87 1737 288 1797 xione
311 1755 386 1796 ex
414 1743 590 1816 parte
617 1739 846 1819 objecti
875 1740 1310 1819 cognoscibilis
1337 1758 1350 1800 :
1377 1745 1486 1801 aut
1509 1739 1678 1802 enim

93 1829 162 1888 in
187 1829 510 1892 voluntate
530 1831 729 1892 libera
753 1840 962 1893 creata
987 1832 1073 1894 sic
1097 1833 1392 1914 disposita
1415 1851 1678 1913 cognos-

91 1923 288 1984 cibile
311 1930 404 1985 est
433 1924 584 2004 quid
608 1934 826 1986 actura
857 1927 936 1988 sit
961 1927 1061 1988 vel
1093 1932 1281 2000 esset,
1309 1927 1358 1988 si
1391 1928 1478 1989 ita
1513 1931 1680 1988 esset

89 2017 442 2096 disposita,
484 2018 586 2079 vel
625 2037 758 2082 non
805 2027 902 2082 est
946 2021 1385 2100 cognoscibile.
1439 2023 1499 2083 Si
1549 2039 1680 2082 non

89 2117 224 2180 est,
259 2129 436 2191 ergo,
477 2115 876 2190 quantumvis
915 2114 1680 2194 supercomprehendatur

87 2205 246 2264 talis
275 2205 588 2279 voluntaS,
617 2224 946 2287 nunquam
987 2208 1052 2268 in
1094 2208 1200 2269 illa
1243 2208 1306 2269 id
1343 2225 1682 2286 cognosce-

89 2301 228 2358 tur.
263 2298 327 2358 Si
364 2316 514 2358 vero
557 2305 652 2360 est
685 2301 1126 2379 cognoscibile,
1167 2319 1341 2380 erg0,
1375 2307 1682 2380 quantum

89 2396 199 2450 est
241 2409 322 2450 ex
355 2391 414 2450 vi
453 2391 702 2470 objecti,
725 2393 916 2454 etiam
943 2395 1007 2454 in
1051 2394 1372 2456 voluntate
1401 2393 1680 2455 increata

89 2483 224 2544 erit
266 2485 687 2562 cognoscibile
737 2503 926 2566 quam
973 2486 1566 2548 determinationem
1613 2487 1681 2583 l·-

85 2575 326 2636 beram
374 2577 450 2637 sit
498 2577 789 2640 habitura
833 2581 901 2640 in
947 2580 1066 2640 hoc
1121 2581 1223 2641 vel
1271 2580 1375 2640 illo
1424 2586 1676 2652 eventu,

81 2671 272 2746 quia,
293 2671 552 2748 praecise
573 2670 1030 2733 considerando
1058 2673 1398 2753 objectum,
1428 2690 1557 2733 non
1587 2677 1682 2733 est

85 2763 310 2841 major
355 2763 512 2824 ratio
561 2783 680 2826 nec
729 2766 1034 2827 connexio
1087 2767 1154 2826 in
1199 2785 1330 2828 uno
1377 2783 1568 2842 quam
1613 2765 1678 2824 in

85 2855 262 2928 alio;
301 2874 450 2936 ergo
483 2857 672 2918 etiam
700 2876 778 2919 ex
812 2865 990 2938 parte
1033 2857 1282 2920 virtutis
1311 2857 1682 2938 cognosciti-

83 2967 196 3008 vae
225 2949 476 3024 divinas,
515 2956 644 3011 tam
681 2953 912 3030 poterit
939 2951 1232 3031 cognosci
1263 2969 1460 3011 unum
1489 2951 1679 3030 qnam

89 3041 312 3113 aliud3
360 3041 514 3104 alias
561 3042 794 3125 aliquid
843 3062 922 3105 ex
971 3063 1038 3105 se
1085 3043 1504 3124 cognoscibile
1551 3061 1680 3104 non

93 3136 368 3197 caderet
398 3137 515 3196 sub
539 3137 894 3217 cognitione
923 3138 1032 3199 Dei
1059 3156 1136 3199 ex
1165 3137 1414 3199 defectu
1438 3136 1682 3198 virtutis

89 3231 566 3309 cognoscentis,
597 3231 769 3310 quod
808 3239 902 3293 est
929 3232 1258 3293 manifeste
1292 3232 1541 3293 falsum.
1569 3233 1682 3293 De-

87 3324 384 3385 claratur
411 3323 666 3385 tandem
695 3326 761 3384 in
786 3324 953 3386 hunc
982 3326 1240 3386 modum
1271 3344 1346 3386 ex
1366 3324 1682 3405 supradic-

87 3418 206 3493 tis,
235 3416 408 3495 quia,
429 3423 736 3495 quantum
762 3418 844 3477 ad
868 3418 1030 3479 hanc
1060 3417 1365 3479 rationem
1396 3436 1679 3497 compre-

85 3509 452 3583 hensionis,
485 3528 624 3589 quae
655 3514 750 3571 est
791 3528 1170 3590 cognoscere
1207 3528 1345 3571 rem
1373 3516 1677 3590 quantum

85 3603 544 3684 cognoscibilis
573 3608 689 3679 est,
713 3610 845 3665 tam
867 3604 1140 3683 perfecte
1167 3604 1488 3684 cognoscit
1513 3605 1677 3665 Deus

81 3716 288 3761 suam
313 3698 723 3774 voluntatem,
750 3716 940 3777 quam
970 3704 1277 3770 creatam3
1315 3699 1366 3759 si
1396 3699 1534 3779 quis
1564 3717 1678 3759 au-

81 3802 232 3854 tem
269 3797 364 3851 est
399 3810 692 3853 excessus
737 3792 802 3851 in
841 3792 1050 3853 divina
1098 3792 1354 3853 scientia
1387 3795 1676 3871 respectu

87 3884 444 3945 voluntatis
484 3888 730 3961 creatae,
764 3885 968 3947 solum
1004 3889 1098 3946 est
1131 3884 1228 3945 vel
1267 3885 1446 3963 quasi
1478 3892 1678 3946 mate-

83 3978 280 4039 rialis
307 3978 376 4037 in
405 3994 636 4057 genere
670 3978 850 4051 entis,
880 3977 980 4052 vel
1009 3976 1156 4056 quia
1183 3976 1391 4038 divina
1421 3977 1680 4038 scientia

86 4072 295 4151 plura
321 4075 534 4149 posset
556 4069 1088 4150 comprehendere
1111 4069 1178 4130 in
1204 4070 1309 4130 illa
1333 4071 1676 4144 voluntate,

93 4165 156 4226 si
186 4164 380 4243 plura
416 4162 484 4223 in
524 4163 632 4224 illa
661 4164 1161 4236 continerentur;
1198 4162 1310 4223 sed
1349 4163 1466 4225 ista
1506 4164 1680 4224 diffe-

83 4258 315 4319 rentia
361 4256 564 4317 solum
609 4262 704 4317 est
733 4274 848 4335 per
887 4256 1197 4329 accidens,
1229 4261 1298 4316 ut
1325 4256 1388 4316 in
1419 4274 1545 4318 una
1571 4276 1680 4317 vo·-

79 4352 344 4410 luntate
379 4349 583 4428 potius
625 4354 1037 4427 cognoscatur
1062 4350 1498 4411 determinatio
1529 4349 1680 4411 libe-

83 4464 188 4519 m,
230 4458 432 4521 quam
458 4442 524 4502 in
553 4442 706 4515 alia;
735 4442 943 4521 igitur.
1593 4446 1600 4459 ⁴

169 4541 244 4597 4.
293 4534 438 4598 Alio
471 4536 640 4599 modo
677 4538 1001 4618 exponitur
1030 4538 1196 4601 dicta
1236 4538 1552 4602 sententia.
1596 4570 1678 4583 —

83 4632 172 4693 Ut
225 4646 386 4707 ergo
429 4626 568 4689 haec
597 4628 809 4709 opinio
851 4630 1061 4709 aliquo
1102 4630 1292 4691 modo
1323 4630 1678 4691 verisimilis

77 4722 238 4797 fiat,
265 4738 396 4781 non
421 4737 500 4781 ex
523 4726 700 4801 parte
729 4722 973 4784 virtutis
1003 4724 1436 4802 cognoscentis
1464 4742 1572 4785 seu
1603 4741 1681 4785 ex

77 4818 272 4877 illius
306 4832 590 4891 excessu,
622 4815 734 4877 sed
771 4834 848 4877 ex
888 4820 1066 4896 parte
1102 4815 1328 4897 objecti
1359 4817 1682 4879 reddenda

77 4916 192 4971 est
241 4908 428 4980 ratio,
467 4908 781 4983 videlicet,
812 4910 958 4988 quia
999 4927 1120 4971 nec
1162 4910 1392 4989 reipsa,
1424 4908 1542 4973 nec
1583 4928 1682 4971 se-

77 5000 392 5065 cundum
415 5003 724 5063 rationem
751 5008 961 5081 potest
986 5003 1155 5063 Deus
1181 5003 1395 5065 videre
1424 5004 1559 5065 hoec
1589 5002 1682 5063 fu-

77 5104 248 5158 tura
273 5095 526 5156 decreta
549 5094 771 5165 libera,
840 5094 970 5157 rius
993 5114 1183 5174 quam
1209 5095 1333 5157 sint
1352 5096 1682 5176 praesentia

79 5198 250 5251 actu
293 5178 364 5248 in
414 5189 657 5268 seipsis.
703 5190 793 5249 Ita
889 5207 946 5263 e,
979 5190 1318 5269 propositio
1363 5191 1470 5269 (ut
1508 5208 1682 5251 more

73 5288 321 5345 nostro
361 5281 732 5361 loquamur)
762 5281 826 5342 in
865 5300 992 5361 qua
1019 5282 1150 5343 Deo
1180 5282 1536 5344 attribuitur
1572 5283 1684 5343 ali-

73 5374 278 5457 quod
305 5374 627 5437 decretum
653 5375 946 5450 liberum,
972 5381 1044 5437 ut
1071 5375 1230 5437 velle
1261 5394 1476 5437 creare
1503 5394 1684 5437 mun·

75 5472 282 5541 dum,
330 5486 461 5529 non
499 5468 674 5548 prius
705 5468 898 5529 habet
937 5468 1416 5530 determinatam
1457 5471 1684 5531 verita-

71 5570 256 5633 tem,
294 5578 486 5641 quam
527 5562 694 5623 Deus
730 5560 1116 5641 intelligetur
1153 5569 1296 5623 actu
1335 5563 1572 5625 habere
1619 5563 1682 5623 in

1753 901 2173 982 cognoscendi
2219 902 2449 975 futura,
2480 902 2581 964 vel
2626 902 2934 975 absoluta,
2961 903 3063 964 vel
3106 905 3323 966 condi-

1753 994 2013 1068 tionata,
2044 995 2411 1074 priusquam
2456 995 2517 1056 in
2570 996 2791 1076 seipsis
2830 1002 2973 1056 actu
3015 997 3159 1071 sint,
3194 1017 3322 1059 non

1753 1095 1969 1150 tamen
2010 1088 2075 1148 in
2118 1088 2370 1150 decreto
2418 1087 2615 1149 libero
2661 1088 2995 1150 voluntatis
3043 1091 3171 1151 Dei.
3208 1093 3326 1153 As-

1757 1185 2080 1260 sumptum
2131 1180 2506 1253 declaratur,
2554 1181 2777 1259 primo,
2818 1183 2965 1261 quia
2997 1182 3063 1243 iu
3112 1183 3321 1262 aliquo

1757 1274 1938 1352 signo
1970 1272 2331 1334 aeternitatis
2355 1272 2761 1352 intellig-imus
2788 1277 3011 1350 Deum,
3036 1281 3105 1338 ut
3128 1278 3323 1338 scien-

1755 1372 1885 1427 tem
1927 1372 1989 1426 et
2034 1365 2669 1445 comprehendentem
2713 1367 3014 1446 seipsum,
3067 1375 3131 1430 et
3168 1389 3324 1432 non-

1757 1459 1909 1520 dum
1956 1459 2259 1520 scientem
2305 1477 2451 1520 suas
2494 1458 3047 1546 determinationes
3094 1462 3324 1524 liberas

1763 1552 1953 1613 etiam
1980 1557 2045 1612 ut
2068 1551 2331 1624 futuras,
2357 1551 2457 1612 vel
2484 1551 2792 1627 absolute,
2818 1554 2917 1614 vel
2944 1555 3327 1616 conditiona-

1754 1646 1926 1718 liter3
1954 1665 2102 1726 ergo
2144 1647 2209 1706 in
2248 1646 2353 1706 illo
2392 1645 2571 1726 signo
2612 1665 2739 1707 non
2778 1654 2871 1708 est
2912 1648 3326 1710 determinata

1757 1742 1989 1801 veritas
2034 1739 2097 1798 in
2138 1738 2241 1799 illo
2290 1737 2555 1817 obJecto.
2591 1741 2983 1802 Antecedens
3030 1748 3205 1822 patet
3245 1743 3327 1804 de

1757 1833 1863 1893 illo
1893 1833 2073 1912 signo
2103 1830 2487 1902 aeternitatiS‚
2520 1830 2583 1892 in
2613 1849 2739 1910 quo
2781 1833 3183 1914 intelligimus
3211 1835 3329 1896 Pa-

1757 1932 1916 1988 trem
1963 1941 2290 2006 generare·
2318 1924 2573 1998 Filium
2608 1925 2897 2004 producit
2934 1929 3103 1990 enim
3150 1929 3329 1992 illum

1760 2038 1837 2083 ex
1891 2019 2453 2099 comprehensione
2508 2019 2637 2093 sui,
2694 2026 2757 2081 et
2806 2038 2933 2081 non
2990 2039 3067 2082 ex
3120 2022 3331 2102 aliqua

1761 2113 2020 2175 scientia
2068 2113 2161 2174 sui
2206 2112 2439 2174 decreti
2479 2111 2683 2188 liberi,
2716 2114 2863 2193 quia
2900 2115 3037 2177 hoec
3064 2135 3195 2178 non
3237 2122 3333 2179 est
3394 2107 3403 2116 ’

1761 2207 2123 2286 simpliciter
2175 2205 2561 2279 necessaria3
2617 2206 2807 2267 Filius
2858 2215 3069 2270 autem
3126 2210 3331 2270 solnm

1762 2318 1876 2381 per
1919 2297 2243 2360 scientiam
2285 2299 2541 2359 omnino
2577 2301 3001 2361 necessariam
3048 2303 3333 2382 produci-

1763 2398 1864 2452 tur
1880 2415 1898 2466 3
1923 2408 2075 2471 ergo
2098 2391 2161 2450 in
2192 2390 2295 2451 illo
2320 2391 2498 2470 signo
2523 2409 2651 2451 non
2683 2392 3087 2473 intelligimus
3106 2395 3173 2456 in
3200 2397 3331 2458 Deo

1762 2485 2091 2546 scientiam
2120 2483 2220 2544 sui
2249 2483 2429 2544 liberi
2456 2483 2715 2546 decreti.
2751 2486 2957 2548 Prima
2984 2505 3135 2550 vero
3182 2507 3334 2550 con-

1762 2577 2093 2654 sequentia
2141 2577 2465 2654 probatur,
2498 2577 2644 2655 quia
2690 2578 2756 2639 in
2799 2579 2971 2641 nullo
3016 2581 3195 2661 signo
3238 2587 3333 2644 est

1763 2671 2079 2750 obJ'ectum
2114 2669 2559 2748 cognoscibile,
2589 2671 2652 2730 in
2678 2689 2803 2750 quo
2836 2691 2965 2734 noo
2996 2691 3335 2755 cognosca-

1761 2771 1862 2826 tur
1899 2783 1935 2823 a
1980 2765 2140 2835 De03
2191 2779 2366 2841 erg0,
2398 2761 2449 2822 si
2488 2761 2551 2823 in
2588 2761 2693 2823 illo
2734 2764 2912 2843 signo
2946 2784 3074 2828 non
3115 2767 3329 2843 scitur,

1760 2875 1972 2936 neque
2021 2855 2177 2916 illud
2217 2855 2533 2934 objectum
2579 2855 2793 2918 scibile
2840 2864 2964 2932 est;
3016 2879 3167 2940 ergo
3203 2879 3333 2924 non

1761 2948 1955 3010 babet
1987 2948 2465 3010 determinatam
2504 2949 2850 3010 veritatem.
2887 2954 2965 3013 At
3002 2971 3151 3014 vero
3192 2961 3334 3035 post

1763 3044 2014 3123 signum
2050 3041 2205 3102 illud
2241 3040 2603 3122 intelligitur
2633 3044 2919 3104 voluntas
2947 3044 3155 3108 divina
3190 3054 3335 3108 actu

1754 3139 1888 3218 jam
1921 3138 2117 3197 libere
2160 3136 2512 3198 decrevisse
2547 3155 2561 3197 :
2596 3155 2747 3217 ergo
2790 3139 3033 3202 nullum
3083 3142 3333 3222 signum

1763 3230 2138 3310 relinquitur
2166 3229 2231 3289 in
2269 3246 2395 3308 quo
2422 3230 2619 3309 possit
2642 3231 2799 3291 illud
2830 3231 3097 3295 liberum
3122 3235 3335 3299 decre-

1761 3330 1895 3388 tum
1942 3328 2013 3384 ut
2053 3322 2335 3383 futurum
2380 3322 2697 3401 cognosci.
2751 3324 3055 3387 Probatur
3103 3328 3331 3403 minor,

1759 3417 1906 3497 quia
1953 3416 2221 3477 liberum
2271 3416 2393 3475 hoc
2439 3414 2765 3477 decretum
2806 3417 2919 3479 Dei
2964 3438 3095 3479 non
3143 3420 3335 3483 habet

1757 3509 2245 3591 dependentium
2276 3508 2383 3587 (ut
2421 3510 2506 3571 ita
2548 3509 2815 3591 dicam),
2848 3531 2961 3574 seu
3002 3532 3132 3576 non
3172 3534 3335 3595 proe-

1759 3604 2057 3685 supponit
2088 3622 2209 3665 nec
2250 3604 2512 3683 requirit
2538 3602 2727 3665 aliam
2758 3605 3081 3671 scientiam
3104 3614 3335 3689 praeter

1758 3698 1931 3759 illam
1987 3697 2449 3769 necessariam3
2504 3714 2655 3777 ergo
2706 3699 2914 3759 statim
2970 3708 3111 3779 post
3161 3694 3357 3765 illam'

1759 3792 2001 3871 concipi
2045 3790 2237 3852 debet
2274 3796 2345 3851 ut
2382 3793 2528 3853 actu
2554 3806 2865 3869 praesens3
2894 3812 3043 3855 nam
3086 3813 3231 3857 cum
3266 3797 3333 3858 in

1759 3885 2103 3945 aeternitate
2134 3884 2345 3945 omnia
2378 3885 2501 3944 sint
2522 3884 2743 3959 simul,
2776 3884 2907 3947 hoec
2936 3887 3115 3964 signa
3141 3887 3335 3949 ratio-

1761 3977 1858 4037 nis
1897 3976 2102 4037 solum
2145 3975 2613 4057 distinguuntur
2659 3977 3007 4039 secundum
3056 3996 3338 4059 proesup-

1760 4070 2134 4149 positionem
2164 4069 2581 4148 objectOM,
2619 4070 2720 4131 vel
2749 4071 3062 4131 rationum
3098 4071 3334 4132 forma-

1758 4163 1912 4223 lium
1958 4163 2024 4223 in
2066 4180 2180 4234 se;
2226 4180 2398 4242 ergo,
2446 4162 2689 4223 seclusa
2736 4164 2855 4225 hac
2910 4164 3332 4244 praesupposi-

1759 4256 1953 4330 tione,
1986 4254 2160 4315 nulla
2190 4260 2286 4315 est
2314 4255 2473 4315 ratio
2505 4254 2763 4329 ordinis,
2796 4274 2915 4318 nec
2958 4255 3333 4319 fundamen-

1757 4354 1892 4409 tum
1936 4347 2020 4409 ad
2057 4347 2427 4427 fingendum
2470 4348 2605 4407 illa.
2630 4348 2829 4428 signs.
2878 4349 3330 4425 confirmatur,

1759 4442 1930 4520 quia,
1972 4441 2131 4501 sicut
2169 4441 2305 4501 haec
2352 4439 2611 4501 scientia
2656 4459 2787 4503 non
2830 4448 2924 4503 est
2972 4442 3332 4523 simpliciter

1759 4534 2138 4606 necessaria,
2180 4532 2264 4593 ita
2306 4533 2496 4594 etiam
2526 4552 2644 4595 nec
2674 4534 2943 4595 liberum
2972 4534 3329 4608 decretum3

1761 4646 1914 4707 ergo
1967 4644 2047 4688 ex
2090 4628 2211 4688 hac
2251 4632 2428 4705 perte
2457 4645 2586 4688 non
2630 4628 2869 4689 habent
2913 4628 3236 4704 ordinem3
3270 4635 3336 4692 et

1761 4720 2016 4783 aliunde
2046 4720 2370 4783 decretum
2392 4722 2735 4783 voluntatis
2766 4728 2863 4783 est
2888 4720 3233 4785 formaliter
3258 4722 3334 4783 li-

1761 4815 2007 4888 berum,
2042 4820 2105 4875 et
2141 4814 2223 4875 ab
2249 4814 2355 4875 illo
2381 4832 2641 4893 prorsus
2676 4814 2938 4877 resultat
2964 4814 3333 4877 denomina-

1760 4908 1846 4968 tio
1872 4906 2175 4968 libertatis
2202 4906 2267 4967 in
2298 4907 2585 4980 scientim
2620 4924 2773 4986 ergo
2806 4926 2883 4969 ex
2911 4909 3030 4969 hac
3059 4914 3235 4987 parte
3264 4908 3332 4971 in

1763 5000 1975 5080 aliquo
2016 4999 2195 5079 signo
2234 5000 2493 5061 rationis
2531 5000 2705 5079 prius
2732 5000 2923 5063 debet
2948 5003 3207 5083 intelligi
3234 5021 3335 5064 ac·-

1763 5095 1949 5157 tualis
1972 5085 2285 5168 voluntaS,
2309 5112 2501 5173 quam
2525 5094 2781 5157 scientia
2806 5096 3091 5175 ejusdem
3117 5098 3335 5159 volun-

1763 5188 1906 5250 tatis
1937 5194 2003 5249 ut
2028 5187 2272 5249 futurae.
2303 5189 2389 5248 Ac
2418 5186 2695 5268 denique
2732 5190 3160 5265 confirmatur,
3185 5192 3332 5270 quia

1767 5282 1920 5343 alias
1948 5281 2123 5361 prius
2146 5280 2427 5343 scivisset
2450 5283 2642 5356 Deus,
2666 5289 2736 5344 ut
2758 5282 2990 5356 futura,
3024 5284 3234 5345 omnia
3258 5283 3335 5343 li-

1762 5376 1916 5438 bera
1954 5377 2231 5449 decreta,
2258 5394 2397 5455 quae
2432 5394 2601 5437 nunc
2638 5376 2852 5448 habet,
2894 5395 3085 5456 quam
3110 5377 3337 5439 viderit

1763 5470 2126 5548 praesentim
2152 5488 2303 5550 ergo
2330 5469 2487 5531 vidit
2512 5470 2643 5545 illa,
2662 5488 2791 5531 non
2824 5476 3065 5532 tantum
3094 5477 3164 5530 ut
3185 5488 3339 5532 con-

1763 5563 2061 5625 ditionate
2090 5562 2320 5639 futura,
2363 5561 2475 5625 sed
2504 5567 2574 5625 ut
2611 5562 2918 5641 absolute,
2952 5564 3099 5647 quia
3130 5564 3335 5631 solum
