3850 6225
863 404 1040 459 SEGT..
1077 406 1138 459 u.
1175 406 1320 470 QUAE
1350 406 1514 461 FIDE!
1547 405 1922 471 VERITATES,
1954 406 2083 460 An‘r
2116 396 2542 470 mssoLoclcAE,
2578 409 2715 461 mc.

158 506 475 580 facientis.
503 506 644 573 Nos
677 508 941 571 hmines
959 508 1310 591 plerumnque
1346 512 1620 575 volumus
1650 517 1739 579 Γα-

159 612 297 663 cere
319 600 596 674 consilio,
626 604 734 665 sed
756 614 1128 684 nequaquam
1158 604 1335 667 volun
1345 609 1528 669 tatem
1545 602 1742 687 sequi-

162 698 274 757 tur
287 696 558 774 ‘effectes
573 720 600 768 ,·
623 692 726 757 mi
762 701 961 759 autem
981 696 1190 761 nullus
1211 700 1494 762 resistere
1515 702 1735 780 potest,

157 786 314 867 quia
333 788 541 849 omnia
561 801 937 870 quoecumque
964 788 1178 863 voluit,
1209 791 1373 865 fecit.
1410 791 1732 853 Psal.134.

161 880 304 941 Hoc
348 880 558 960 ipsum
597 881 968 961 significavit
1011 882 1096 943 ibi
1138 884 1594 959 Theodoretus,
1643 883 1738 945 di-

161 990 362 1033 cens:
417 970 566 1036 Qum
604 990 716 1037 nos
769 975 842 1037 ab
883 972 1060 1038 initio
1089 977 1606 1059 proedestinasset,
1661 978 1744 1039 ad

162 1066 328 1128 Itane
369 1070 594 1129 sortem
623 1066 824 1149 oloqit,
851 1068 958 1148 qui
988 1086 1368 1151 quoeoumqm
1403 1070 1536 1133 vult
1559 1070 1732 1149 facit.

159 1156 412 1218 Clarius
435 1176 584 1220 vero
615 1158 686 1219 D.
719 1160 994 1221 Thomas
1026 1160 1094 1221 in
1123 1175 1270 1222 eum
1302 1162 1512 1223 locum
1541 1160 1742 1223 addu-

161 1266 320 1310 eens
353 1250 512 1311 illud
533 1251 674 1312 lsai.
703 1253 813 1313 46:
851 1250 1183 1316 Consilium
1209 1266 1405 1317 meum
1444 1254 1653 1328 stabit,
1683 1258 1742 1317 et

161 1344 370 1408 omnis
389 1346 683 1411 ’vobuntus
702 1360 836 1410 ma
859 1350 988 1427 fiet,
1015 1349 1194 1428 juxta
1217 1366 1407 1429 quam
1431 1350 1742 1429 interpre-

161 1436 479 1499 tationem
517 1439 626 1501 illa
675 1438 1024 1502 distributio
1041 1435 1260 1503 Pauli:
1317 1440 1434 1516 Qui
1456 1446 1742 1524 operatur

164 1530 413 1606 munia,
459 1548 590 1593 non
623 1538 872 1595 tantum
907 1534 1350 1609 accommoda,
1402 1541 1475 1597 ut
1511 1534 1743 1597 dialec-

159 1622 292 1685 tieo
315 1639 501 1687 more
525 1626 771 1705 loquar,
799 1626 910 1687 sed
946 1634 1042 1689 est
1071 1628 1379 1701 absoluta,
1409 1630 1496 1689 ita
1528 1632 1741 1690 utnon

161 1722 420 1777 tantum
447 1718 526 1779 sit
552 1734 808 1781 sensus:
858 1719 1079 1781 omnia
1118 1732 1260 1799 quae
1299 1728 1618 1802 operatur,
1666 1738 1743 1783 ex

163 1809 434 1871 consilio
473 1818 824 1891 ,operatum
873 1814 1042 1892 quod
1100 1816 1286 1876 etiam
1351 1815 1499 1877 facit
1551 1816 1741 1878 homo

161 1902 476 1981 prudens,
520 1903 620 1965 vel
649 1906 1002 1984 perfectiori
1032 1907 1220 1968 modo
1275 1909 1574 1987 angelus;
1629 1909 1740 1970 sed

161 2012 404 2056 sensus
421 1996 525 2072 sit,
543 1997 766 2071 Deum,
787 1999 994 2059 omnia
1017 2016 1155 2079 quae
1175 2000 1520 2062 seeundum
1543 2000 1742 2062 consi-

157 2088 324 2149 lium
347 2089 690 2151 voluntatis
717 2105 846 2153 suae
876 2093 1090 2153 statuit
1117 2098 1180 2154 et
1204 2094 1502 2167 decemit,
1535 2094 1740 2155 effica-

161 2182 326 2243 citer
361 2200 436 2243 ae
465 2188 756 2263 potenter
807 2186 1077 2265 operari.
1114 2188 1190 2247 Et
1225 2185 1358 2248 sine
1402 2187 1596 2249 dubio
1635 2188 1740 2249 hio

161 2282 266 2335 est
293 2294 522 2337 sensus
551 2276 746 2352 Pauli,
795 2282 928 2339 tum
955 2286 1212 2359 propter
1237 2280 1545 2343 rat10nem
1591 2280 1738 2341 insi-

157 2373 458 2443 nuatam,
498 2370 667 2449 quod
685 2370 848 2433 hanc
873 2374 1320 2452 proprietatem
1341 2374 1558 2436 tribuit
1578 2376 1734 2447 Deo,

160 2468 236 2522 nt
267 2463 654 2543 singularem
699 2465 1130 2527 excellentiam
1160 2467 1330 2545 ejus3
1387 2473 1518 2528 tum
1552 2468 1740 2529 etiam

165 2554 320 2634 quia
357 2562 686 2619 contextus
715 2564 777 2618 et
811 2558 1072 2621 intentio
1103 2560 1279 2619 Pauli
1305 2560 1427 2621 hoc
1441 2561 1736 2640 requirit,

165 2666 315 2708 enm
354 2649 464 2710 illa
497 2650 688 2711 verba
717 2650 1072 2731 interponat
1099 2652 1177 2713 ad
1199 2652 1590 2715 reddendam
1639 2672 1742 2714 ra-

163 2742 410 2802 tionem
431 2742 516 2803 ob
545 2758 732 2822 quam
763 2744 932 2805 Deus
959 2764 1073 2825 pro
1103 2761 1217 2807 sua
1237 2746 1556 2808 voluntate
1585 2762 1738 2826 prae-

165 2832 450 2895 destinat
479 2851 668 2913 quem
707 2836 860 2909 vult,
894 2840 956 2897 et
981 2852 1094 2917 pro
1127 2856 1240 2900 sua
1268 2843 1578 2918 potestate
1607 2840 1740 2901 effi-

165 2928 406 2989 caciter
421 2935 634 3004 vocat,
689 2936 752 2991 et
776 2928 1108 2993 auxiliatur
1137 2930 1203 2992 in
1240 2932 1494 2993 laudem
1523 2932 1736 3013 gloriae

165 3023 230 3079 et
260 3021 484 3100 gratiae
514 3035 669 3082 sure.

165 3261 468 3325 Potentia
493 3267 550 3324 et
578 3265 844 3343 operalio
869 3265 1151 3346 quomodo
1195 3283 1234 3328 a
1275 3267 1528 3330 oonsilio
1557 3271 1616 3330 et
1637 3285 1740 3330 vo-

653 3356 888 3420 luntate
928 3356 1239 3420 distincta.

249 3583 313 3641 4.
363 3579 480 3642 flio
505 3598 660 3643 vero
687 3582 896 3643 statim
945 3582 1313 3644 occurrebat
1363 3583 1740 3664 Theologiea

165 3675 466 3753 quaestio,
489 3675 816 3754 quomodo
857 3676 924 3735 in
962 3677 1096 3738 Deo
1127 3675 1591 3756 distinguantur
1633 3677 1741 3738 illa

165 3769 314 3841 tria,
370 3779 508 3846 quae
533 3767 598 3828 in
625 3767 726 3830 his
747 3757 954 3830 verbis
991 3769 1220 3830 Paulus
1252 3775 1565 3843 numerat,
1599 3784 1742 3849 ope-

164 3861 359 3934 ratio,
404 3861 731 3922 consilinm
760 3867 824 3922 et
845 3863 1158 3923 voluntas,
1191 3863 1268 3925 Et
1293 3864 1496 3942 major
1537 3880 1744 3942 quaes-

165 3955 256 4014 tio
287 3961 388 4016 est
437 3953 516 4016 de
566 3955 849 4034 potentia
890 3955 1212 4035 operandi,
1255 3971 1405 4017 nam
1461 3956 1740 4035 operatio

167 4047 308 4126 ipsa
325 4061 548 4108 rerum
578 4047 660 4108 ad
683 4052 878 4122 extra,
919 4049 1230 4110 sententia
1257 4064 1426 4116 mea,
1463 4049 1530 4110 in
1545 4049 1742 4112 rebus

166 4141 353 4202 factis
384 4147 501 4215 est,
527 4157 660 4202 non
689 4142 754 4202 in
783 4141 918 4222 ipso
941 4143 1072 4205 Deo
1093 4163 1108 4218 ;
1147 4143 1314 4204 unde
1334 4154 1471 4204 ‘non
1495 4147 1740 4204 tantum

165 4234 582 4307 ratione,·sed
607 4253 676 4295 re
699 4235 836 4314 ipsa
859 4233 1066 4297 differt
1083 4255 1122 4296 a
1151 4235 1408 4297 oonsilio
1432 4241 1495 4297 et
1517 4236 1741 4297 volun-

165 4334 330 4403 tate,
359 4334 658 4407 tanquam
690 4342 793 4390 res
836 4329 1150 4406 quaedam,
1180 4329 1281 4390 vel
1313 4329 1539 4390 modus
1567 4343 1739 4390 erea-

167 4429 296 4494 tuS,
339 4421 422 4482 ab
457 4420 736 4482 i‘nereata
763 4435 862 4496 re,
901 4427 964 4484 et
984 4415 1466 4502 tanquamquid
1495 4427 1741 4502 tempo-

166 4517 302 4578 rale
351 4514 432 4577 ab
485 4517 776 4588 aeternis3
828 4517 1107 4595 operatio
1157 4515 1324 4578 enim
1376 4514 1738 4596 temporalis

167 4616 288 4679 est,
327 4606 656 4678 eonsilium
679 4612 890 4671 autem
930 4615 993 4670 et
1015 4605 1307 4672 voluntas
1327 4616 1584 4671 aeterna.
1611 4609 1740 4672 Un-

169 4703 248 4766 de
283 4704 500 4782 (quod
527 4703 874 4766 notandum
897 4691 1000 4764 ‘est
1019 4703 1040 4783 )
1057 4703 1192 4764 haec
1208 4705 1326 4764 tria
1354 4702 1740 4782 respondent

168 4797 290 4859 illis
330 4795 559 4870 trihus,
613 4807 754 4877 quae
803 4797 872 4857 in
915 4797 1126 4858 verbis
1163 4796 1454 4876 proxime
1505 4810 1739 4876 praece·

169 4891 466 4951 dentibus
512 4887 742 4952 Paulus
774 4895 1096 4969 posuerat,
1129 4889 1378 4950 dicens:
1409 4891 1494 4951 ‘In
1534 4905 1646 4970 quo
1679 4893 1736 4950 et

167 4988 334 5044 sorte
386 4984 586 5048 vocati
609 4999 612 5004 ·
635 4997 846 5046 stemus
893 5027 910 5057 ,
950 4979 1382 5064 predestinati
1420 4981 1741 5045 secundum

165 5077 550 5160 propositioni
577 5077 746 5156 ‘eju-3,
784 5081 904 5137 etc.
947 5075 1106 5136 Nam
1127 5075 1374 5136 vocatio
1401 5073 1742 5154 respondet

171 5169 566 5246 operationi,
620 5167 1088 5248 praedestinatio
1147 5167 1427 5243 eonsiliO,
1462 5167 1744 5246 proposi-

169 5265 308 5322 tum
347 5261 673 5324 voluntati.
707 5262 886 5325 Unde
925 5261 1386 5342 praedestinatio
1427 5268 1488 5323 et
1514 5278 1738 5341 propo-

174 5355 362 5416 situm
403 5362 639 5418 aeterna
670 5362 838 5431 sunt,
886 5355 1129 5418 vocatio
1167 5361 1386 5417 autem
1423 5361 1739 5434 tempora-

171 5449 250 5509 lis
305 5455 425 5522 est,
459 5457 524 5512 et
549 5451 614 5510 in
646 5449 831 5511 nobis
869 5449 1164 5511 existens.
1201 5449 1612 5528 Quapropter,
1656 5449 1740 5510 si-

174 5548 279 5604 cut
304 5543 550 5606 vocatio
579 5543 786 5622 reipsa
825 5541 1227 5622 distinguitur
1253 5561 1290 5602 a
1329 5540 1740 5622 praedestina-

1819 510 1992 571 tione
2038 517 2099 572 et
2142 510 2486 590 proposito,
2518 512 2602 573 ita
2622 510 2908 590 operatio
2954 503 3274 571 aeuusilio
3321 509 3384 571 et

1822 604 2101 665 scientia.
2139 604 2277 665 Scio
2310 604 2538 665 multos
2568 604 2953 684 distinguere
2968 603 3047 663 de
3072 603 3383 683 operatio-

1821 714 1902 757 ne
1944 696 2153 757 divina
2204 696 2404 757 active
2436 702 2499 758 et
2524 696 2773 777 passive
2815 699 3087 775 sumpta,
3132 704 3193 757 et
3240 712 3383 774 pos·

1820 790 2035 853 teriori
2063 787 2251 852 modo
2267 788 2448 852 fateri
2464 802 2610 853 'esse
2640 791 2704 851 in
2732 795 3041 863 creatura,
3060 790 3251 869 priori
3270 806 3386 861 auff-

1822 889 1949 944 tem
2003 900 2140 943 esse
2196 883 2261 943 in
2299 884 2428 945 Deo
2460 931 2477 957 ,
2533 880 2813 962 nihilque
2861 882 3034 944 'aliud
3076 896 3211 943 esse
3256 881 3385 943 nisi

1821 977 1957 1055 ejus
1987 976 2370 1037 voluntatem
2396 992 2507 1036 seu
2520 974 2905 1037 volitionem.
2934 973 3195 1049 Tamen,
3214 974 3385 1055 quod

1821 1068 1946 1129 dixi
1987 1073 2083 1130 est
2123 1082 2342 1129 verum
2370 1068 2455 1128 in
2475 1068 2908 1148 philosophico
2938 1068 3169 1149 rigore,
3202 1074 3265 1130 et
3292 1073 3387 1129 est

1823 1161 2011 1221 etiam
2050 1161 2253 1241 magis
2283 1168 2772 1222 consentaneum
2804 1161 2925 1221 illis
2948 1161 3156 1222 verbis
3186 1157 3381 1235 Pauli,

1823 1254 1927 1334 qui
1983 1254 2061 1314 de
2104 1254 2473 1333 operatione
2520 1255 2631 1315 Dei
2678 1254 2877 1315 activa
2910 1252 3210 1333 ioquitur,
3246 1258 3307 1315 et
3346 1272 3385 1313 a

1821 1346 2080 1408 consilio
2111 1353 2174 1407 et
2188 1346 2507 1407 voluntate
2534 1346 2877 1425 procedere
2908 1345 3237 1425 significat.
3264 1348 3387 1407 ‘Ita-

1821 1458 1945 1520 que
1998 1440 2077 1501 de
2116 1441 2235 1501 hae
2278 1458 2345 1501 re
2382 1440 2555 1501 nulla
2608 1445 2701 1501 est
2748 1440 3079 1501 difficultas
3107 1486 3123 1515 ‚
3172 1457 3383 1519 neque

1822 1533 2012 1594 etiam
2057 1532 2136 1594 de
2154 1533 2559 1595 ‘distinctione
2598 1534 2768 1601 inter
2806 1534 3136 1595 eonsilium
3175 1538 3239 1594 et
3274 1552 3385 1595 vo-

1819 1627 2130 1688 luntatem
2156 1646 2171 1699 ;
2204 1644 2355 1687 nam
2386 1645 2463 1688 ex
2485 1626 2665 1687 dietis
2690 1626 2755 1687 in
2784 1627 2973 1706 priori
2999 1627 3383 1706 expositione

1825 1724 2067 1781 constat
2102 1718 2234 1780 haeo
2268 1719 2476 1799 aliquo
2517 1718 2703 1781 modo
2734 1720 3049 1799 distingui.
3078 1717 3168 1779 Ex
3197 1733 3385 1799 gene-

1823 1814 1939 1873 rali
1969 1819 2179 1875 autem
2204 1812 2485 1874 doctrina
2516 1812 2595 1874 de
2622 1810 2846 1873 divinis
2898 1812 3207 1873 attributis
3235 1827 3387 1873 oon·-

1824 1912 1947 1969 stat
1975 1924 2104 1967 non
2132 1906 2430 1985 distingui
2457 1924 2550 1978 re,
2580 1912 2691 1967 aut
2718 1910 2863 1967 actu
2892 1904 2955 1965 in
2982 1924 3051 1967 re
3078 1905 3239 1984 ipsa,
3274 1904 3389 1967 sed

1821 2000 2096 2073 ratione,
2138 2006 2208 2061 ut
2246 2000 2421 2061 aiunt
2447 2045 2463 2072 ‚
2516 1998 2922 2073 ratiocinata,
2963 1998 3026 2059 id
3057 2004 3151 2059 est
3174 2044 3190 2073 ,
3242 2016 3387 2059 cum

1822 2094 2033 2173 aliquo
2091 2091 2501 2153 fundamento
2548 2092 2614 2153 in
2661 2107 2753 2153 re.
2786 2090 2872 2153 De
2916 2092 3193 2171 potentia
3236 2092 3387 2151 item

1821 2186 2128 2266 operandi
2153 2186 2377 2247 eadem
2396 2185 2637 2246 ratione
2669 2190 2913 2246 constat
2932 2202 3059 2245 non
3088 2183 3388 2264 distingui

1819 2278 1963 2341 act'u
1992 2279 2057 2339 in
2082 2298 2151 2341 re
2182 2297 2220 2339 a
2252 2278 2509 2339 seientia
2538 2284 2601 2339 et
2618 2278 2960 2338 voluntate.
2993 2279 3089 2338 An
3115 2294 3263 2339 vero
3288 2294 3385 2337 ra-

1819 2371 1991 2434 tione
2040 2372 2123 2433 ab
2166 2372 2286 2433 illis
2348 2371 2767 2451 distinguatur
2805 2370 2977 2432 inter
3028 2370 3384 2450 Theologos

1822 2470 2289 2527 controversum
2325 2470 2440 2525 est.
2474 2464 2622 2539 Sed,
2655 2464 2953 2544 quoniam
2983 2462 3066 2523 ad
3093 2462 3215 2523 alia
3238 2480 3387 2542 pro-

1819 2576 2138 2639 peramuS‚
2170 2558 2237 2619 id
2266 2576 2435 2619 nune
2466 2558 2845 2619 omittemus.

1905 2652 2183 2717 Breviter
2234 2657 2445 2713 tamen
2484 2668 2627 2712 mea
2674 2648 2985 2712 sententia
3040 2655 3157 2725 est,
3193 2666 3383 2729 quam

1820 2746 2009 2809 etiam
2044 2746 2118 2807 D.
2151 2745 2405 2806 Thomae
2462 2762 2599 2806 esse
2644 2744 2888 2823 opinor,
2916 2738 3043 2803 in⁴⁴i
3082 2748 3272 2823 part„
3316 2759 3377 2821 q.

1823 2842 1921 2914 19,
1954 2846 2069 2901 art.
2102 2842 2163 2911 4,
2196 2838 2277 2899 ad
2305 2840 2364 2912 4,
2400 2841 2464 2898 et
2490 2843 2704 2916 quaest.
2728 2838 2830 2911 25,
2856 2842 2971 2897 art.
3008 2840 3065 2909 1,
3096 2835 3177 2896 ad
3204 2838 3245 2896 4
3272 2881 3288 2909 ,
3322 2842 3385 2897 et

1822 2934 2107 3015 Hugonis
2143 2924 2403 3005 Victor„
2452 2931 2559 2991 lib.
2606 2934 2629 2992 1
2667 2930 2744 2991 de
2767 2931 3183 3003 Sacrament.,
3216 2934 3378 3008 part.

1821 3030 1882 3101 2,
1915 3046 2028 3107 per
2060 3032 2277 3100 totam,
2312 3025 2656 3104 potentiam
2706 3024 2948 3083 ratione
3000 3020 3294 3102 distingui
3344 3040 3385 3081 a

1820 3120 2079 3184 scientia
2112 3125 2173 3181 et
2190 3118 2531 3190 voluntate,
2552 3135 2682 3178 non
2710 3116 2941 3191 minue,
2975 3135 3167 3195 quam
3188 3117 3384 3178 scien-

1821 3215 1971 3275 tiam
2004 3218 2066 3274 et
2092 3212 2479 3272 voluntatem
2502 3210 2667 3272 inter
2706 3224 2815 3284 se3
2858 3227 3121 3289 esseque
3164 3211 3386 3272 imme-

1820 3307 2047 3370 diatius
2076 3305 2449 3386 principium
2470 3309 2741 3364 externae
2774 3303 3058 3378 aetionis,
3079 3305 3211 3367 sive
3241 3321 3384 3366 exe·

1820 3401 2109 3476 cut-ioniS‚
2141 3417 2331 3480 quam
2360 3398 2438 3459 sit
2467 3398 2725 3458 seientia
2756 3397 2854 3458 vel
2878 3398 3203 3471 voluntas;
3232 3397 3383 3476 quia

1822 3496 1887 3556 in
1919 3493 2138 3556 ordine
2172 3492 2253 3554 ad
2285 3491 2603 3553 diversum
2628 3496 2837 3551 actum
2888 3489 3062 3552 illam
3112 3489 3384 3570 concipi-

1822 3590 1988 3661 mus,
2022 3594 2083 3649 et
2118 3603 2237 3647 nos
2266 3585 2581 3664 potentias
2613 3601 2727 3662 per
2754 3582 3039 3644 ordinem
3069 3583 3161 3644 ‘ad
3206 3589 3382 3645 actus

1821 3679 2209 3759 distinguere
2242 3678 2538 3739 solemus.
2568 3674 2698 3738 Nec
2724 3693 2875 3737 vero
2901 3677 3018 3738 hoo
3038 3675 3383 3756 quidquam

1823 3775 2005 3836 obest
2048 3771 2513 3851 omnipotentiae
2558 3769 2893 3832 voluntatis
2948 3769 3198 3843 divinae,
3247 3776 3383 3832 tum

1824 3868 1992 3947 quia,
2034 3867 2086 3928 si
2130 3865 2478 3927 secundum
2516 3879 2653 3926 rem
2704 3863 3058 3943 loquamur,
3102 3863 3243 3925 ideo
3289 3870 3385 3925 est

1823 3959 2242 4039 omnipotens,
2267 3958 2413 4038 quia
2442 3955 2789 4018 secundum
2812 3971 2950 4017 rem
2979 3961 3075 4017 est
3099 3957 3233 4035 ipsa
3251 3974 3385 4018 om·

1823 4054 2168 4134 nipotentia
2200 4071 2216 4126 3
2252 4051 2600 4113 seeundum
2650 4049 2958 4111 rationem
3018 4056 3229 4111 aute-m
3258 4095 3274 4123 ,
3322 4055 3384 4112 et

1821 4146 2011 4208 modo
2044 4151 2259 4208 nostro
2288 4141 2784 4224 loquendi,·ideo
2821 4147 2915 4203 est
2956 4141 3378 4220 omnipotens.

1821 4240 1969 4320 quia
2001 4237 2345 4320 potentiam
2373 4238 2595 4310 hahet,⁴
2618 4250 2742 4314 qua
2779 4233 3081 4315 quidquid
3110 4235 3263 4309 vult,
3296 4233 3385 4296 ef-

1821 4331 2096 4394 ficaciter
2120 4335 2489 4410 exequatur.
2516 4333 2724 4406 ‘Atque
2766 4328 2851 4389 ita
2890 4327 3079 4389 etiam
3102 4327 3383 4406 loquitur

1819 4427 2161 4506 Scriptura,
2192 4425 2481 4504 sapient.
2529 4425 2628 4498 12,
2668 4421 2936 4484 dicens:
2988 4417 3211 4485 Subest
3242 4421 3377 4496 tibi,

1819 4532 1959 4582 σωκ·
1974 4517 2270 4591 volneris,
2289 4527 2490 4600 possm

2050 4761 2252 4822 Deum
2275 4755 2636 4822 vaunnam·
2650 4757 2855 4822 omnia
2878 4756 3141 4840 operari.

1902 4983 1962 5044 ὅ.
2007 4975 2215 5044 Tertio
2246 4981 2554 5062 colligitur
2582 4987 2661 5042 ex
2696 4981 2903 5044 verbis
2944 4975 3151 5057 JP'auli,
3180 4981 3381 5043 Deum

1822 5076 2077 5137 omnino
2102 5075 2455 5136 voluntarie
2502 5075 2712 5135 facere
2734 5072 3061 5154 ¹quidquid
3091 5081 3263 5137 extra
3310 5093 3379 5135 se

1819 5175 2121 5249 operatur
2146 5214 2162 5241 ‚
2207 5169 2327 5230 hoo
2365 5169 2531 5228 enim
2573 5167 2767 5229 verba
2817 5169 2952 5247 ipsa
3000 5181 3133 5248 prae
3178 5187 3245 5228 se
3290 5167 3380 5228 fe-

1820 5268 1987 5324 runt.
2005 5263 2080 5324 Et
2110 5263 2361 5323 constat·
2374 5257 2569 5323 ‘otiam
2586 5279 2661 5322 ex
2670 5261 2923 5323 tutione
2940 5261 3269 5322 voiuntarii
3297 5261 3381 5322 ab

1821 5355 2147 5419 Aristotele
2173 5355 2424 5427 tradita,
2460 5357 2497 5416 3
2527 5353 2833 5428 Ethicor„
2856 5357 3003 5432 'dap
3048 5357 3106 5430 1,
3140 5359 3203 5414 et
3230 5371 3267 5412 a
3306 5354 3374 5413 D.

1817 5449 2079 5520 Thema,
2127 5450 2533 5522 Damascene,
2568 5446 2867 5526 Gregorio
2921 5446 3106 5521 Niss.,
3140 5450 3201 5507 et
3250 5463 3381 5505 om-

1821 5542 2033 5616 nihuS,
2058 5540 2313 5612 seilicet,
2342 5540 2761 5601 voluntarium
2803 5548 2941 5600 esse
2978 5539 3149 5618 quod
3176 5544 3269 5600 est
3298 5537 3380 5598 ab
