3850 6225
710 426 845 479 cAP.
882 426 1012 479 XIV.
1048 422 1342 487 Quonono
1374 420 1626 475 enum
1657 418 1980 473 EFFICAGM
2011 420 2485 484 lNTELLlGENDA,
2521 421 2657 473 E'rc.

114 532 432 617 permittere
484 533 547 589 ut
596 526 723 587 fiat.
780 523 1000 597 Quoad
1046 522 1431 583 voluntatem
1482 538 1633 599 ergo

110 625 549 709 permittentem,
611 618 1083 681 concedendum
1139 622 1233 676 est
1277 616 1501 681 Deum,
1558 632 1637 675 ex

114 724 253 782 certa
280 722 336 777 et
366 712 657 775 infallibili
696 710 1107 791 praescientia,
1139 708 1299 769 velle
1341 707 1493 768 dare
1524 724 1636 766 au-

115 815 234 877 xilia
258 810 459 891 gratiae
498 806 876 878 hominibuS,
912 804 1031 865 illis
1076 803 1281 863 modis
1311 807 1374 863 et
1399 807 1635 879 tempo-

114 910 276 977 ribuS‚
306 901 522 981 quibus
534 899 707 960 novit
733 897 965 959 multos
993 896 1281 957 homines
1311 893 1536 973 majori
1560 912 1637 953 ex

112 1006 257 1081 parte
286 996 409 1055 fore
436 998 917 1073 repugnaturOS,
954 989 1055 1050 vel
1086 988 1411 1049 obstacula
1440 993 1502 1047 et
1526 986 1638 1045 im-

112 1092 431 1173 pedimenta
483 1104 611 1147 suae
658 1084 873 1165 gratiae
910 1082 1317 1143 adhibituros,
1366 1078 1544 1152 Quod
1570 1079 1638 1139 in

114 1185 257 1246 omni
274 1180 567 1243 sententia
596 1177 952 1239 necessario
979 1176 1301 1237 fatendum
1321 1179 1435 1245 est;
1462 1190 1634 1245 nam,

110 1278 195 1357 qui
220 1278 334 1336 haec
357 1274 567 1334 omnia
599 1270 733 1332 fieri
774 1272 999 1349 putant
1024 1287 1139 1348 per
1164 1266 1459 1348 physicas
1486 1284 1638 1336 prae-

110 1365 641 1436 determinationes,
700 1381 937 1441 negare
990 1379 1122 1421 non
1160 1366 1425 1441 possunt
1486 1356 1636 1436 quin

109 1466 243 1523 Deus
268 1458 655 1541 praesciverit,
687 1474 831 1517 cum
850 1456 948 1515 his
974 1447 1637 1535 praedeterminationi-

108 1558 225 1629 huS‚
248 1572 392 1633 quas
416 1552 493 1613 de
516 1550 683 1611 facto
706 1550 988 1611 conferre
1010 1545 1305 1619 decrevit,
1332 1541 1639 1615 10111011ιί-

110 1648 343 1711 nestore
390 1662 814 1707 consensuros
841 1642 1083 1723 gratiae,
1117 1645 1180 1701 et
1206 1643 1297 1701 tot
1324 1653 1641 1717 repugna-

110 1751 269 1805 turoS.
305 1741 411 1812 Qui
440 1758 595 1800 vero
618 1744 682 1799 et
718 1734 1399 1817 praedeterminationes
1428 1728 1643 1809 physi-

112 1856 213 1905 cas,
240 1841 295 1896 et
344 1832 675 1894 scientiam
718 1830 1205 1892 conditionatum
1252 1822 1641 1885 infallibilem

108 1934 325 2009 negant,
350 1942 590 2006 negare
610 1943 737 1985 non
766 1928 1027 2005 possunt
1055 1922 1205 2001 quin
1232 1918 1453 1979 saltem
1480 1932 1644 1996 prae-

110 2022 311 2083 noverit
334 2021 523 2093 DeuS,
557 2022 796 2080 tantam
824 2017 1149 2078 hominum
1174 2010 1639 2074 multitudinem

109 2118 343 2177 relictam
372 2131 514 2174 cum
544 2112 649 2173 his
677 2112 823 2173 solis
849 2110 1091 2171 auxiliis
1118 2108 1353 2188 gratiae,
1386 2122 1525 2183 quae
1560 2102 1639 2163 de

109 2210 237 2271 facto
283 2208 571 2269 conferre
620 2204 916 2276 decrevit,
967 2202 1235 2280 relinqui
1280 2200 1344 2259 in
1394 2195 1639 2277 magnis

110 2300 379 2383 periculi5‚
422 2306 483 2361 et
509 2316 593 2359 ex
615 2298 675 2359 vi
708 2297 989 2358 omnium
1020 2310 1352 2357 causarum
1382 2308 1639 2351 concur-

110 2396 337 2457 rentium
364 2394 426 2453 in
456 2399 689 2453 natura
720 2391 918 2470 lapsa,
952 2387 1175 2448 morali
1204 2384 1475 2465 quadam
1504 2400 1640 2442 cer-

110 2488 331 2548 titudine
356 2485 637 2557 evenire,
663 2488 735 2545 ut
760 2483 973 2563 plures
1003 2480 1298 2541 resistant
1324 2476 1537 2557 gratiae
1578 2480 1641 2534 et

110 2581 465 2649 damnentur,
498 2578 698 2658 quod,
720 2576 1041 2637 moraliter
1058 2571 1399 2651 loquendo,
1432 2569 1641 2648 perin-

108 2676 171 2735 de
198 2680 277 2734 est
300 2693 369 2733 ac
393 2672 445 2732 si
471 2670 583 2731 fiat
610 2689 690 2731 ex
714 2676 884 2732 certa
908 2666 1320 2749 praescientia.
1347 2662 1641 2739 Utrisque

112 2786 231 2845 ergo
283 2766 497 2828 eadem
542 2782 691 2845 quae
735 2764 916 2824 nobis
959 2764 1245 2839 superest
1285 2754 1637 2827 difficultaS,

112 2880 267 2939 quam
296 2862 537 2939 utrique
586 2863 845 2937 augent,
881 2854 1118 2936 aliquid
1144 2850 1641 2937 indignumODeo

112 2954 419 3015 tribuendo.
452 2954 707 3015 Priores
748 2950 913 3011 enim
956 2966 1134 3027 aeque
1185 2944 1418 3006 faciunt
1444 2944 1644 3002 Deum

113 3053 389 3106 auctorem
438 3044 765 3126 profectus
791 3050 853 3103 et
894 3042 1197 3111 defectus,
1232 3055 1345 3097 seu
1385 3052 1645 3096 consen-

112 3159 195 3200 sus
222 3147 272 3200 et
302 3138 737 3220 repugnantiae
778 3135 1115 3196 voluntatis
1152 3133 1469 3203 humanae,
1505 3145 1649 3188 nam

112 3241 403 3312 utrumque
429 3231 501 3292 fit
556 3235 709 3292 actu
776 3229 1038 3309 positivo
1070 3224 1405 3287 voluntatis
1456 3227 1519 3283 et
1568 3220 1648 3280 ad

110 3333 398 3406 utrumque
420 3327 595 3386 Deus
646 3323 817 3383 illam
853 3319 1386 3402 praedeterminat,
1437 3321 1505 3375 ut
1558 3313 1647 3374 di-

110 3427 243 3479 cunt.
295 3419 684 3481 Posteriores
724 3433 897 3485 vem,
948 3419 1171 3492 praeter
1220 3408 1639 3491 ignorantiam

110 3513 408 3590 quamdam
428 3559 443 3587 ,
502 3511 609 3573 vel
684 3507 1027 3571 carentiam
1096 3505 1393 3576 scientiae,
1452 3519 1639 3580 quam

108 3605 211 3664 Deo
234 3606 521 3676 tribuunt,
553 3601 747 3662 valde
775 3597 1141 3679 imperfecte
1170 3597 1494 3658 declarant
1512 3612 1643 3653 mo-

109 3694 229 3756 dum
256 3697 659 3776 providentiae
686 3700 748 3756 et
772 3691 1333 3772 praedestinationis
1359 3707 1435 3749 ex
1464 3691 1642 3766 parte

109 3785 686 3861 dixinae'voluntatiS,
730 3787 877 3865 quia
904 3804 1035 3846 non
1073 3787 1278 3864 potest
1310 3781 1644 3842 efficaciter

110 3881 390 3944 intendere
422 3882 699 3963 alicujus
742 3879 1013 3940 hominis
1039 3878 1303 3939 salutem
1332 3894 1447 3955 per
1473 3881 1644 3934 certa

112 3981 161 4033 et
190 3976 587 4037 determinata
640 3973 897 4045 merita;
958 3971 1072 4033 sed
1118 3987 1377 4030 necesse
1433 3972 1527 4027 est
1576 3969 1688 4026 ut·

112 4067 253 4142 prius
276 4070 403 4148 ejus
443 4083 833 4131 consensum
870 4063 1233 4145 praevideat,
1281 4067 1347 4122 ut
1370 4060 1556 4121 latius
1588 4077 1642 4118 c.

114 4161 173 4219 {6
214 4162 571 4224 videbimus.
629 4161 847 4241 Igitur,
904 4159 1075 4238 quod
1122 4156 1204 4217 ad
1260 4154 1647 4216 voluntatem

112 4257 534 4330 permit-tentem
568 4258 835 4334 spectat,
866 4252 1021 4312 nihil
1052 4249 1305 4311 absurdi
1348 4249 1414 4307 in
1442 4266 1517 4308 eo
1554 4251 1649 4306 est

114 4349 252 4424 quod
274 4352 455 4425 Deus,
500 4353 677 4410 certo
708 4363 913 4407 sciens
935 4351 996 4406 et
1022 4342 1377 4424 praevidens
1397 4340 1531 4401 fore
1552 4345 1645 4412 ut,

115 4447 321 4502 servato
353 4443 455 4503 tali
501 4439 915 4521 providentiae
964 4437 1175 4510 mod0‚
1226 4440 1320 4496 tot
1360 4433 1648 4493 homines

114 4533 473 4610 damnentur,
500 4533 663 4595 illud
690 4531 1050 4612 permittere
1080 4528 1366 4600 voluerit,
1396 4525 1507 4588 sed
1536 4527 1651 4584 ha-

112 4623 199 4684 bet
220 4627 401 4688 solum
430 4629 606 4688 illam
636 4623 1137 4696 admirationem,
1165 4641 1241 4682 ex
1264 4639 1390 4700 qua
1417 4619 1649 4679 Paulus

116 4717 241 4779 dixit
262 4721 375 4798 (Ad
402 4725 586 4783 Rom.
616 4722 715 4798 11)
748 4738 761 4778 :
806 4717 855 4781 0
876 4717 1132 4780 altitudo
1162 4716 1521 4778 divitiarum
1548 4730 1651 4774 sa-

114 4813 322 4890 pientia·
344 4821 401 4878 et
419 4815 699 4884 scientia?
720 4812 855 4883 Dei,
885 4828 1066 4892 quam
1090 4806 1647 4888 incomprehensibi-

120 4903 191 4966 lia
216 4911 347 4969 sunt
368 4905 617 4985 judicia
657 4905 837 4986 ejus!
886 4902 1065 4976 Quod
1108 4920 1255 4963 vero
1304 4906 1542 4980 spectat
1570 4899 1651 4960 ad

118 4997 459 5062 voluntatem
480 4980 902 5071 ordinantem,
932 4999 1101 5058 Deus
1122 5013 1249 5055 non
1276 4994 1463 5074 elegit
1482 4995 1651 5054 hunc

118 5090 343 5152 modum
397 5091 837 5172 providentiae,
888 5107 1097 5168 neque
1167 5087 1520 5148 observavit
1574 5105 1651 5146 ea

118 5185 365 5262 tempora
392 5186 455 5244 in
481 5183 715 5262 quibus
740 5183 1029 5244 homines
1055 5185 1517 5261 repugnaturos
1542 5197 1651 5238 vo-

118 5281 219 5346 cat,
246 5285 311 5337 ut
337 5297 443 5339 eos
470 5296 605 5338 non
634 5277 827 5338 salvet
856 5295 998 5336 cum
1030 5273 1304 5335 efficacia
1329 5293 1345 5347 ς
1388 5273 1451 5334 id
1482 5272 1650 5334 enim

121 5373 173 5426 et
194 5369 503 5450 indignum
525 5377 627 5431 est
649 5369 924 5430 bonitate
951 5368 1087 5442 Dei,
1116 5373 1179 5430 et
1201 5367 1281 5428 ab
1305 5367 1409 5427 illa
1438 5367 1652 5427 volun-

119 5465 227 5521 tate
255 5463 543 5538 alienum,
567 5481 697 5542 qua
722 5461 856 5523 vult
882 5479 1101 5523 omnes
1126 5461 1417 5522 homines
1448 5461 1652 5522 salvos

120 5551 257 5630 fieri,
283 5561 343 5615 ut
370 5556 415 5616 l.
444 5557 506 5630 2,
542 5574 598 5617 c.
635 5557 674 5615 4
692 5561 753 5617 et
778 5558 840 5628 5,
867 5553 993 5618 late
1031 5559 1362 5616 tractatum
1389 5560 1505 5616 est.
1536 5554 1653 5634 Igi-

3169 414 3289 477 229

1714 526 1819 581 tur
1848 538 1965 599 per
2013 539 2081 582 se
2115 522 2316 603 primo
2367 521 2636 583 intendit
2673 522 2843 582 Deus
2887 519 2952 579 in
3001 524 3128 582 toto
3166 519 3287 580 hoc

1714 614 2120 694 providentiae
2151 634 2383 695 genere
2412 616 2740 675 hominum
2769 612 3058 687 salutem,
3095 632 3287 692 quam

1716 726 1857 770 cum
1884 706 2139 770 infinitis
2170 709 2396 785 modiS,
2433 728 2592 789 quos
2621 709 2682 768 in
2711 709 3008 768 thesauro
3039 708 3291 786 sapien-

1716 802 1817 863 tiae
1866 820 1996 861 suae
2043 803 2250 875 habet,
2265 803 2643 876 reconditos,
2675 820 3012 881 procurare
3050 800 3289 879 potuis-

1717 900 1835 967 set,
1868 914 1946 956 ex
1984 896 2275 957 omnibus
2302 896 2420 957 illis
2457 897 2625 956 hunc
2650 895 2839 975 elegit
2867 912 2981 954 sua
3006 894 3291 955 volunta-

1716 996 1778 1050 te
1824 995 1886 1050 et
1930 990 2236 1063 arbitrio;
2293 996 2356 1051 et
2409 990 2676 1051 fortasse
2735 988 2957 1050 eadem
3003 989 3286 1061 scientia,

1720 1102 1845 1162 qua
1871 1082 2178 1162 praevidit,
2211 1088 2456 1143 servato
2484 1081 2604 1143 hoc
2630 1080 3036 1161 providentiae
3073 1081 3288 1155 mod0‚

1718 1182 1811 1237 tot
1846 1175 2138 1235 homines
2167 1175 2301 1236 fore
2329 1174 2722 1235 damnandos
2747 1220 2763 1247 ,
2792 1174 3072 1253 praevidit
3101 1174 3289 1235 etiam

1716 1268 1886 1329 idem
1920 1268 2208 1329 accidere
2233 1267 2548 1338 debuisse,
2575 1268 2676 1328 vel
2705 1267 2976 1329 creando
3004 1268 3156 1328 alios
3177 1268 3293 1329 ho-

1717 1362 1944 1434 mineS,
1973 1361 2075 1421 vel
2098 1362 2278 1421 aliter
2299 1362 2388 1422 eis
2417 1361 2824 1439 providendO,
2856 1360 2978 1421 nisi
2999 1360 3288 1421 omnibus

1720 1461 1782 1517 et
1812 1455 2075 1533 singulis
2104 1455 2550 1535 specialissima
2579 1454 2745 1515 dona
2787 1453 3003 1533 gratiae
3052 1453 3290 1514 confer-

1717 1555 1835 1622 ret,
1869 1550 2040 1629 quod
2062 1568 2181 1611 nec
2209 1550 2540 1609 tenebatur
2568 1550 2734 1609 Deus
2761 1548 2995 1623 facere,
3026 1566 3144 1609 nec
3169 1547 3292 1609 for-

1720 1651 1885 1707 tasse
1933 1643 2327 1724 expediebat,
2381 1648 2452 1705 ut
2501 1644 2707 1705 divina
2739 1645 2961 1722 gratia,
3009 1644 3194 1704 simul
3229 1650 3290 1706 et

1714 1739 1977 1819 justitia,
2029 1738 2230 1817 magis
2279 1738 2754 1811 ostenderetur;
2790 1738 3100 1816 simulque
3141 1756 3292 1799 con-

1722 1838 1915 1894 staret
1954 1836 2191 1911 quanta
2219 1831 2298 1893 sit
2325 1832 2594 1893 hominis
2637 1831 2963 1911 fragilitati,
2991 1832 3110 1891 nisi
3139 1832 3294 1891 divi-

1720 1945 1802 1985 na
1847 1927 2048 2006 gratia
2098 1924 2494 1987 abundanter
2533 1926 2952 2004 praeveniatur
2992 1930 3054 1985 et
3090 1929 3294 1986 custo·

1722 2019 1949 2080 diatur.
1994 2020 2209 2096 Neque
2245 2020 2386 2079 hinc
2414 2018 2486 2079 fit
2519 2019 2720 2079 Deum
2749 2036 2878 2078 non
2902 2017 3062 2078 velle
3091 2023 3154 2078 et
3182 2036 3296 2097 op·-

1720 2118 1853 2173 tare
1886 2112 2154 2173 salutem
2200 2130 2420 2173 eorum
2447 2112 2796 2182 hominum,
2829 2110 2933 2189 qui
2965 2111 3134 2171 illam
3165 2129 3293 2171 non

1722 2209 1868 2266 sunt
1895 2205 2316 2279 consecuturi,
2352 2223 2497 2265 cum
2519 2222 2666 2265 vere
2691 2222 2768 2265 ac
2796 2203 3177 2265 sufficienter
3203 2204 3294 2263 eis

1720 2300 2066 2378 provideat,
2113 2317 2238 2379 quo
2287 2316 2428 2359 eam
2471 2297 2722 2377 assequi
2741 2297 3004 2376 possint,
3037 2304 3097 2358 et
3122 2314 3295 2357 asse-

1723 2398 1997 2472 quantur
2025 2392 2078 2453 si
2104 2391 2334 2463 velint;
2387 2391 2500 2452 sed
2527 2392 2729 2452 solum
2772 2391 3052 2469 sequitur
3093 2392 3294 2451 Deum

1721 2504 1851 2547 non
1881 2485 2136 2546 omnino
2178 2484 2462 2544 absolute
2507 2490 2567 2545 et
2593 2484 2930 2545 efficaciter
2955 2483 3294 2545 intendisse

1724 2598 1944 2642 eorum
1985 2579 2274 2652 salutem,
2310 2578 2480 2657 quod
2523 2596 2744 2639 verum
2783 2584 2900 2651 est,
2948 2584 3012 2639 et
3052 2578 3296 2638 nullum

1721 2673 1913 2733 habet
1934 2672 2383 2732 inconveniens
2401 2716 2420 2745 ,
2453 2672 2598 2749 quia
2623 2670 2796 2743 nullo
2814 2672 2957 2749 jure
2989 2676 3098 2731 aut
3122 2669 3296 2730 debi-

1721 2772 1785 2827 to
1828 2764 2159 2825 tenebatur
2210 2764 2377 2823 Deus
2405 2765 2686 2825 omnium
2725 2764 2992 2823 salutem
3027 2764 3296 2825 efficaci-

1722 2864 1819 2919 ter
1843 2856 2195 2932 intendere,
2229 2863 2337 2917 aut
2360 2875 2720 2936 procurare.

1808 2953 1905 3011 16.
1949 2948 2052 3012 Ad
2086 2949 2611 3012 secundam—Ad
2649 2950 2990 3011 secundam
3031 2950 3298 3011 difficul-

1730 3049 1922 3105 tatem
1955 3042 2371 3124 respondetur
2415 3042 2707 3123 negando
2757 3044 3104 3123 sequelam,
3149 3043 3297 3123 quia

1732 3155 1873 3197 cum
1935 3136 2177 3196 infinita
2227 3136 2304 3196 sit
2351 3136 2458 3195 Dei
2503 3137 2803 3214 potentia,
2859 3143 2921 3197 et
2965 3135 3294 3215 sapientia,

1730 3247 1855 3308 qua
1880 3230 2051 3290 novit
2081 3229 2288 3288 omnia
2317 3228 2546 3288 auxilia
2573 3233 2634 3288 et
2675 3247 2892 3289 omnes
2913 3229 3134 3289 modos
3164 3229 3302 3307 qui-

1728 3322 1847 3382 bus
1880 3327 2085 3400 potest
2120 3322 2504 3382 voluntatem
2535 3321 2804 3382 hominis
2833 3322 2913 3383 ad
2944 3322 3178 3402 aliquid
3204 3323 3300 3382 in-

1723 3415 1980 3490 clinare,
2028 3414 2411 3495 impossibile
2453 3419 2548 3474 est
2579 3415 2730 3493 quin
2760 3416 3034 3494 aliquem
3085 3416 3300 3495 praevi·

1724 3507 1891 3582 deat,
1922 3527 2049 3586 quo
2077 3507 2334 3568 tandem
2362 3507 2552 3568 homo
2581 3525 3004 3570 consensurus
3034 3510 3132 3581 sit,
3163 3511 3215 3569 si
3241 3509 3302 3569 ei

1724 3601 2096 3679 applicetur.
2143 3602 2235 3661 Ita
2266 3600 2478 3662 docuit
2519 3602 2928 3680 AugustinuS,
2984 3607 3207 3681 quaest.
3261 3603 3301 3662 2

1725 3693 1807 3753 ad
1836 3693 2139 3772 Simplic.‚
2167 3695 2330 3754 circa
2372 3693 2673 3768 medium,
2717 3695 2814 3754 his
2856 3695 3098 3755 verbis:
3150 3693 3302 3758 Cum

1726 3786 1885 3849 alius
1927 3787 2039 3860 sio,
2073 3787 2234 3849 alius
2263 3793 2459 3849 autem
2497 3788 2587 3850 sic
2631 3795 2939 3850 moveatur
2979 3789 3062 3852 ad
3094 3789 3297 3867 fidem,

1725 3881 2037 3960 eademque
2078 3897 2177 3941 res
2222 3898 2379 3958 soepo
2433 3879 2554 3942 alio
2603 3881 2771 3942 modo
2825 3883 2989 3944 dicta
3043 3884 3296 3952 moveat,

1728 3973 1849 4036 alio
1905 3975 2074 4036 modo
2127 3974 2295 4037 dicta
2345 3990 2464 4036 non
2513 3979 2769 4048 moveat,
2820 3976 3122 4056 aliumque
3176 3994 3303 4036 mo-

1726 4073 1897 4142 veat,
1951 4068 2140 4132 alium
2193 4087 2311 4129 non.
2363 4074 2632 4143 moveat,
2688 4070 2823 4149 quis
2873 4067 3032 4134 dicat
3078 4069 3304 4142 defuis-

1727 4179 1791 4224 se
1830 4163 1952 4224 Deo
2007 4163 2246 4224 modum
2291 4162 2588 4235 vocandi,
2631 4177 2744 4242 qno
2772 4163 2954 4224 etiam
2993 4162 3174 4224 Esau
3225 4165 3309 4226 acl

1728 4271 1859 4316 eam
1895 4255 2074 4332 fidem
2125 4261 2376 4317 mentem
2422 4253 2778 4335 applicaret,
2827 4255 3306 4335 voluntatemque

1732 4349 2146 4426 conjungeret,
2193 4349 2260 4409 in
2301 4366 2421 4428 qua
2446 4348 2634 4410 Jacob
2642 4349 3038 4427 justificatus
3060 4349 3201 4410 est?
3232 4349 3307 4407 Et

1732 4441 1903 4500 addit
1932 4459 1944 4498 :
1981 4439 2150 4512 Quod
2175 4441 2260 4503 sit
2294 4445 2467 4503 tanta
2493 4459 2718 4521 quoque
2747 4446 2945 4522 potest
2972 4459 3098 4504 esse
3126 4441 3307 4503 obsti·

1732 4534 1897 4597 natio
1931 4534 2290 4608 voluntati-5,
2336 4538 2407 4596 ut
2436 4539 2648 4597 contra
2674 4552 2873 4596 omnes
2901 4535 3102 4596 modos
3139 4551 3308 4598 voca-

1733 4628 1920 4690 tionis
1980 4627 2328 4689 obdurescat
2390 4627 2611 4689 mentis
2680 4626 2936 4702 aversio,
3006 4627 3308 4707 quaeritur

1733 4721 1919 4782 etiam
1960 4724 2169 4781 utrwm
2190 4721 2257 4782 de
2285 4719 2494 4782 divina
2521 4737 2704 4800 poma
2740 4721 2827 4783 sit
2852 4719 2992 4800 ipsa
3025 4720 3308 4782 duritia?

1735 4813 1821 4872 Ac
1850 4813 1899 4872 si
1930 4811 2096 4873 dicat
2129 4830 2455 4891 nunquam
2487 4831 2624 4872 esse
2655 4832 2840 4891 posse
2869 4817 3108 4873 tantam
3139 4813 3308 4874 duri-

1730 4906 1904 4976 tiem,
1975 4907 2126 4982 quin
2195 4905 2392 4984 possit
2446 4905 2654 4966 divina
2711 4906 2921 4985 aliqua
2979 4906 3306 4966 vocatione

1734 4991 2032 5071 emolliri'3
2072 5004 2134 5058 et
2177 4998 2322 5059 ideo
2369 4998 2538 5076 quod
2566 5005 2833 5078 negetur
2869 4998 3006 5062 talis
3034 4999 3303 5075 vocatiO,

1732 5110 1871 5170 quae
1918 5109 2026 5152 cor
2073 5091 2451 5152 obduratum
2508 5093 2836 5168 emolliret,
2891 5093 2974 5153 ad
3031 5092 3303 5152 divinam

1730 5203 1986 5265 poenam
2030 5203 2169 5245 esse
2221 5184 2651 5262 referendum,
2701 5192 2761 5246 et
2816 5187 2932 5246 hoc
2988 5191 3084 5246 est
3135 5184 3304 5264 quod

1734 5277 1942 5337 subdit
1994 5277 2416 5356 Augustinus:
2461 5276 2611 5340 Cum
2649 5279 2806 5341 enim
2852 5280 3014 5341 Deus
3061 5277 3302 5351 deserit,

1731 5387 1851 5431 non
1879 5369 1972 5432 cic
2003 5371 2261 5432 vocando
2298 5372 2578 5451 quomodo
2617 5373 2700 5433 ad
2735 5373 2915 5448 fidem
2954 5372 3182 5433 moveri
3203 5389 3308 5451 po-

1734 5467 1889 5534 test,
1937 5463 2074 5544 quis
2112 5465 2294 5526 etiam
2343 5461 2505 5526 dicat
2529 5463 2790 5535 modwm,
2833 5481 2944 5544 quo
2973 5463 3025 5523 ei
3053 5479 3310 5543 persua-

1733 5557 1974 5620 ἀστείω·
1989 5560 2062 5618 ut
2075 5557 2358 5630 crederet,
2371 5557 2554 5620 eliam
2581 5555 2988 5636 Omnipotenti
3009 5556 3268 5634 defuisse
3279 5555 3308 5614 ,ἲ
