3850 6225
671 339 966 436 CAR-XVI.
1004 380 1309 433 SOLVITUR
1341 379 1492 432 ALIA
1523 378 1826 442 omsc'rlo,
1864 381 2130 444 EmSQUE
2163 381 2521 442 OCCASIONE,
2554 382 2690 436 ETc.

213 499 290 560 lo.
341 489 484 555 Addi
538 486 722 547 etiam
775 485 876 546 hie
929 488 1192 563 possunt
1234 501 1374 562 quae
1429 501 1640 560 supra,

151 595 232 656 lib.
255 593 308 661 9.,
337 579 736 652 tractavimus,
773 577 851 638 de
881 575 1372 656 praedefinitione
1404 575 1646 655 aliquo-

151 704 260 748 rum
298 679 636 746 effectuum,
668 671 773 750 qui
822 689 936 750 per
981 676 1156 730 actus
1206 669 1396 730 etiam
1443 668 1644 729 malos

151 775 470 841 mandantur
495 764 863 837 executioni,
911 768 982 825 ut
1021 764 1236 825 Passio
1274 761 1494 822 Christi
1523 761 1644 821 Do-

151 871 286 941 mini,
315 862 674 946 principatus
699 858 935 936 Joseph
960 857 1027 916 in
1061 857 1354 936 AEgypto‚
1385 854 1644 915 transla-

152 967 216 1028 tio
239 971 540 1038 regnorum
584 953 648 1011 in
686 949 1105 1030 quorumdam
1151 947 1548 1028 supplicium,
1583 951 1645 1006 et

153 1058 364 1119 aliorum
409 1043 746 1124 temporale
799 1042 1144 1121 praemium.
1193 1042 1280 1101 De
1335 1056 1462 1119 qua
1519 1038 1646 1099 ele-

153 1155 327 1232 ganter
347 1142 503 1211 lsai„
539 1157 594 1200 c.
629 1139 707 1199 14
741 1157 754 1196 ε
787 1135 1043 1199 Juracit
1078 1135 1376 1198 Dominus
1418 1132 1648 1196 enerci-

152 1251 278 1307 tuum
317 1238 540 1300 diem:
573 1231 653 1295 Si
687 1249 827 1304 non,
877 1233 952 1293 ut
977 1231 1223 1311 putavi,
1275 1229 1370 1290 ita
1411 1227 1552 1302 erit,
1589 1231 1648 1290 et

149 1331 374 1418 quomodo
402 1327 586 1388 mente
614 1321 896 1393 tractavi,
934 1319 1027 1384 ita
1055 1322 1318 1391 eveniet,·
1346 1325 1408 1380 et
1435 1317 1593 1378 infra
1627 1337 1639 1376 :

149 1427 388 1492 Dominus
439 1419 596 1481 enim
647 1412 1018 1480 exercituum
1060 1411 1360 1488 decrevit,
1407 1416 1464 1475 et
1508 1411 1644 1492 quis

139 1518 318 1606 poterit
342 1512 691 1590 infirmare?
722 1509 868 1580 Quis
900 1514 1111 1568 autem
1144 1525 1272 1568 non
1299 1506 1507 1566 videat
1535 1506 1648 1564 hu-

141 1607 358 1696 jusmodi
402 1605 719 1667 decretum
769 1601 1144 1663 antecedere
1191 1599 1646 1680 praescientiam

148 1709 350 1770 effectus
400 1699 482 1760 sic
533 1695 812 1758 decreti?
860 1695 922 1757 Si
982 1699 1192 1754 autem
1236 1697 1441 1773 potest
1477 1693 1645 1754 Deus

149 1795 504 1882 praeordinare
554 1791 844 1851 absolute
885 1789 1178 1849 effectum
1203 1833 1219 1861 ,
1263 1787 1371 1866 qui
1411 1804 1524 1866 per
1551 1803 1650 1845 ac-

149 1896 300 1954 tiones
332 1887 545 1946 liberas
576 1884 778 1944 malas
807 1882 1052 1942 futurus
1081 1887 1196 1953 est,
1223 1879 1418 1940 multo
1447 1877 1648 1959 magis

147 1981 320 2066 poterit
351 1976 742 2058 praedefinire
778 1975 1042 2056 gloriam
1087 1973 1364 2034 futuram
1393 1991 1505 2052 per
1547 1989 1650 2031 ac-

149 2081 300 2140 tiones
320 2074 523 2134 bonas.
556 2071 842 2132 Tandem
873 2070 990 2129 hoc
1034 2074 1201 2128 certe
1235 2067 1477 2127 videtur
1515 2083 1652 2124 ma-

147 2173 270 2232 xime
319 2166 619 2246 pertinere
684 2163 766 2223 ad
825 2161 1340 2240 omnipotentiam
1393 2159 1526 2232 Dei,
1583 2165 1650 2219 ut

147 2263 292 2344 possit
317 2257 576 2338 perfecte
606 2263 672 2316 et
701 2261 886 2334 prout
910 2254 1174 2314 voluerit
1203 2250 1562 2330 disponere,
1591 2256 1651 2311 et

147 2354 376 2416 ordinare
424 2351 686 2411 effeetus
729 2347 973 2408 futuros
1020 2365 1134 2426 per
1175 2346 1452 2405 actiones
1495 2343 1652 2404 libe-

146 2468 237 2518 raS,
265 2451 324 2505 ut
349 2450 556 2524 aperte
589 2441 787 2502 sensit
805 2442 1192 2518 Augustinus
1221 2439 1284 2498 in
1307 2436 1646 2506 Enchirid.,

147 2561 247 2620 cap.
271 2541 337 2600 95
363 2543 420 2598 et
451 2554 627 2614 seqq.
656 2553 671 2594 ε
713 2533 861 2607 Quis
891 2537 1018 2595 tam
1062 2531 1244 2612 impie
1271 2531 1551 2611 desipiat,
1579 2536 1652 2592 ut

147 2635 296 2696 malas
319 2631 612 2694 hominum
651 2629 992 2691 voluntates
1033 2630 1200 2708 neyet
1244 2625 1433 2686 Deum
1471 2640 1648 2703 posse

149 2730 442 2798 contenere,
478 2739 632 2804 quaa
657 2721 939 2791 voluerit,
972 2719 1206 2800 quando
1236 2717 1512 2788 voluerit,
1551 2715 1654 2778 ubi

145 2817 378 2882 soluerit?
409 2817 523 2878 Ubi
555 2814 886 2874 evidenter
923 2813 1198 2890 loquitur
1227 2810 1304 2870 de
1338 2810 1652 2869 voluntate

148 2911 330 2973 efficaci
365 2915 422 2970 et
454 2907 776 2980 absoluta,
828 2923 966 2984 quae
1022 2903 1425 2964 infallibiliter
1465 2901 1654 2960 habet

148 3007 406 3074 effectum;
459 3019 597 3080 quae
635 3018 769 3060 non
823 3003 1027 3078 potest
1071 3015 1210 3056 esse
1261 3011 1655 3072 consequens

145 3098 204 3159 ad
239 3095 672 3177 praescientiam
722 3092 1075 3153 absolutam
1117 3088 1310 3150 futuri
1361 3088 1650 3158 effectuS,

148 3211 252 3251 cum
286 3209 352 3249 ex
387 3194 594 3249 mente
645 3186 982 3265 Augustini
1036 3184 1114 3245 sit
1142 3184 1346 3261 prima
1375 3180 1556 3241 radix
1595 3186 1658 3239 et

147 3303 290 3343 causa
321 3280 695 3342 futui-itionis
743 3281 900 3358 ejuS.
953 3280 1030 3337 Et
1074 3277 1154 3337 ad
1203 3294 1336 3336 rem
1394 3276 1472 3337 de
1532 3292 1655 3352 qua

149 3380 360 3455 agimus,
391 3380 479 3437 est
517 3375 933 3435 manifestum
971 3377 1032 3433 et
1087 3371 1342 3449 elegans
1378 3368 1658 3430 testimo-

146 3472 276 3529 nium
311 3470 368 3529 in
409 3469 546 3528 libr.
602 3468 690 3528 de
732 3468 1012 3544 Corrept.
1043 3469 1104 3525 et
1135 3470 1319 3543 grat.,
1371 3480 1507 3539 cap.
1557 3464 1652 3535 14,

145 3566 222 3623 ubi
249 3564 320 3623 sic
355 3558 760 3643 Augustinus'
778 3560 980 3639 inquit
1034 3577 1047 3617 :
1097 3559 1220 3619 Deo
1255 3555 1478 3619 volenti
1528 3555 1658 3618 sal-

143 3676 246 3719 tum
283 3662 482 3737 (arere,
529 3654 777 3717 nullum
834 3654 1162 3715 humanum
1217 3648 1456 3712 resi-§tit
1499 3648 1655 3711 arbi-

145 3752 324 3823 trium
351 3750 434 3813 sic
459 3750 616 3811 enim
663 3748 814 3811 celle
853 3746 948 3809 vel
981 3744 1140 3807 nolle
1182 3744 1250 3805 in
1278 3741 1537 3805 volentis
1567 3746 1658 3804 est

139 3848 393 3925 potestate,
443 3846 512 3905 ut
563 3840 842 3905 divinam
895 3838 1261 3900 voluntatem
1315 3851 1436 3895 non
1471 3834 1656 3915 impe-

147 3937 259 4011 diat,
305 3954 399 3999 nee
445 3940 693 4017 superet
732 3936 1088 4013 potestatem
1103 3954 1126 4003 ,·
1181 3936 1245 3989 et
1292 3928 1454 3989 infra
1509 3946 1521 3986 :
1564 3929 1654 3990 De

146 4028 260 4109 ipsis
292 4031 580 4091 hominum
617 4024 1034 4089 voluntatibus
1081 4025 1240 4104 facit
1290 4023 1451 4103 quod
1493 4022 1650 4093 vult,

149 4128 188 4183 et
227 4124 428 4204 quando
477 4124 638 4197 vult,
683 4114 902 4183 habens
945 4122 1343 4182 humanorum
1389 4116 1656 4179 cordium

149 4234 230 4294 qao
283 4218 517 4279 voluerit
585 4214 1078 4279 inclinandorum
1139 4210 1650 4291 omnipotentissi-

149 4329 268 4371 mam
285 4316 644 4391 potestatem.
669 4311 748 4369 Et
778 4308 977 4369 simile
1033 4306 1224 4367 refert
1270 4305 1488 4366 Petrus
1516 4304 1660 4363 Dia-

149 4420 318 4471 conuS,
367 4404 498 4463 libr.
543 4404 624 4463 de
653 4404 904 4463 Incarn.
954 4406 1016 4462 et
1063 4406 1248 4477 grat„
1289 4416 1427 4477 cap.
1475 4397 1532 4473 8,
1583 4415 1660 4457 ex

151 4494 347 4567 Basilio,
375 4496 436 4555 in
476 4495 764 4557 oratione
795 4494 965 4555 Sacri
1011 4492 1222 4553 altaris
1259 4510 1270 4550 :
1306 4494 1506 4563 Dona,
1537 4490 1657 4551 Do-

149 4588 286 4660 mine,
324 4591 598 4653 virtutem
648 4607 722 4653 ac
769 4593 1167 4651 tutamentum
1187 4611 1214 4659 ‚·
1242 4586 1457 4657 malos,
1495 4602 1659 4665 quoe-

149 4695 330 4752 mmm,
355 4682 522 4745 bonos
550 4682 748 4757 facito
763 4706 788 4753 ;
831 4680 1004 4742 bonos
1045 4678 1112 4739 in
1140 4678 1397 4741 bonitate
1425 4694 1658 4739 conser-

153 4788 240 4841 va‚·
275 4772 452 4835 omnia
489 4773 650 4835 enim
675 4776 866 4853 potes,
899 4776 958 4834 et
986 4788 1106 4837 non
1144 4774 1236 4833 est
1279 4770 1383 4849 qui
1424 4775 1660 4831 contra-

156 4862 276 4925 dicat
306 4866 400 4927 tibi
419 4892 444 4939 ‚·
475 4882 611 4928 eum
659 4866 822 4927 enim
848 4862 1132 4933 volueris,
1175 4862 1405 4936 salvas,
1451 4867 1506 4923 et
1541 4878 1660 4921 non

157 4958 326 5033 estqui
348 4958 590 5022 resistat
617 4959 752 5021 tibi.
781 4958 908 5018 Nec
937 4954 1260 5016 dissimilia
1295 4959 1440 5014 sunt
1465 4954 1658 5013 verba

156 5046 406 5108 Ambrosii
447 5068 460 5110 ε
499 5048 686 5124 Quem
731 5050 864 5113 vult
909 5050 1257 5133 reliyioeum
1294 5046 1468 5123 facit,
1517 5064 1656 5124 quas

155 5136 277 5197 infra
301 5143 714 5203 tractabimus.
758 5142 952 5218 Igitur
998 5159 1126 5201 non
1178 5142 1382 5218 potest
1425 5140 1492 5199 in
1544 5140 1656 5198 du-

157 5228 290 5293 bium
317 5238 601 5310 revocari,
645 5236 812 5315 quod
862 5236 1081 5297 electio
1113 5234 1192 5294 ad
1223 5234 1483 5313 gloriam
1513 5238 1657 5293 ante

158 5322 450 5389 absolutam
492 5328 948 5409 praescientiam
1005 5328 1372 5389 meritorum
1423 5325 1658 5387 futuro-

157 5433 286 5491 rum,
313 5421 382 5483 sit
403 5422 733 5501 possibilis.

223 5514 300 5571 Η.
339 5515 440 5575 Ea
463 5514 794 5599 Augustini
832 5514 1154 5589 sententia,
1195 5510 1398 5577 electio
1433 5513 1516 5576 ad
1537 5512 1662 5594 ylo-

3168 375 3287 438 245

1724 483 1886 544 riam
1916 484 2041 562 fuit
2069 487 2207 545 ante
2245 485 2465 547 merita
2495 481 2784 565 proeeiea.
2806 515 2886 530 —
2910 484 3041 545 Hoc
3078 489 3288 544 autem

1727 576 1953 654 posito,
1992 577 2377 654 probabilius
2404 577 2687 638 existimo
2716 577 2798 636 ita
2828 575 3033 637 fuisse·
3061 577 3137 638 de
3164 577 3289 638 fac-

1725 673 1810 727 to.
1845 669 1920 728 Et
1967 669 2270 748 imprimis
2325 669 2587 730 ostendo
2618 669 2781 730 hanc
2810 669 3002 730 fuisse
3040 671 3113 730 D.
3161 672 3288 731 Au-

1727 761 1960 838 gustini
2017 763 2429 834 sententiam,
2482 762 2586 841 qui
2628 763 2693 822 in
2736 762 3082 822 innumeris
3136 763 3289 823 locis

1727 855 2011 932 gratuitae
2052 861 2114 916 et
2154 855 2395 916 liberali
2440 855 2725 916 electioni
2769 855 3018 928 divinae,
3056 873 3292 940 praeve-

1729 947 1920 1009 nienti
1966 948 2177 1008 omnia
2221 949 2431 1010 futura
2473 949 2695 1010 merita
2736 954 2797 1010 et
2832 949 3285 1027 praescientiam

1729 1059 1973 1111 eorum,
2008 1041 2225 1103 tribuit
2272 1048 2473 1103 totum
2514 1039 2837 1120 negotium
2880 1041 3097 1102 salutis
3138 1060 3287 1120 pree·

1728 1133 2201 1196 destinatorum.
2235 1135 2358 1198 Sed
2398 1135 2547 1215 quia
2574 1133 2943 1214 responderi
2971 1133 3129 1195 solet
3167 1135 3289 1194 Au-

1727 1229 2047 1308 gustinum
2070 1229 2136 1290 in
2166 1229 2286 1291 illis
2312 1229 2465 1290 locis
2493 1245 2621 1289 non
2658 1227 2831 1307 loqui
2868 1227 2949 1288 de
2986 1227 3289 1288 electione

1727 1323 1808 1384 ad
1845 1323 2131 1401 gloriam,
2182 1322 2296 1384 sed
2332 1321 2413 1384 ad
2438 1322 2731 1402 gratiam,
2764 1327 2825 1382 et
2868 1320 3178 1400 praecipue
3210 1319 3293 1380 ad

1726 1417 1995 1494 primam
2045 1416 2437 1477 vocationem
2488 1431 2831 1494 congruam
2860 1463 2877 1490 ‚
2920 1419 3135 1475 contra
3175 1413 3293 1475 hoc

1726 1509 2173 1590 ponderandus
2200 1517 2293 1570 est
2324 1509 2499 1571 locus
2530 1509 2875 1588 Augustini,
2904 1508 3012 1569 lib.
3045 1506 3123 1568 de
3146 1511 3296 1570 Cor-

1727 1609 1887 1682 rept.
1923 1607 1985 1664 et
2010 1609 2196 1684 grat.,
2225 1622 2279 1664 c.
2312 1605 2371 1676 7,
2404 1604 2512 1663 ubi
2542 1602 2727 1683 plane
2753 1601 2938 1662 docet
2962 1603 3297 1680 ipsammet

1729 1697 2124 1758 vocationem
2166 1713 2509 1776 congruam
2548 1695 2783 1756 habere
2816 1695 3092 1774 priorem
3134 1693 3297 1754 radi-

1731 1809 1872 1851 cem
1901 1789 1965 1849 in
2003 1789 2270 1870 gratuita
2300 1789 2626 1850 electione.
2657 1790 2811 1849 Cum
2843 1789 3011 1848 enim
3041 1787 3296 1848 dixisset

1735 1901 1810 1944 ex
1838 1901 2046 1943 massa
2092 1883 2353 1943 humani
2394 1883 2645 1962 generis
2674 1883 2735 1942 in
2764 1880 3004 1942 Adamo
3032 1880 3298 1941 damna-

1731 1983 1818 2050 ta,
1854 1975 2163 2054 quosdam
2212 1975 2480 2056 gratuito
2513 1993 2651 2036 esse
2680 1973 3001 2048 diseretOS,
3040 1980 3103 2034 et
3138 1973 3296 2034 alios

1733 2070 1795 2131 in
1836 2089 1949 2130 sua
1979 2070 2379 2131 damnatione
2418 2068 2689 2140 relictOS,
2731 2068 2938 2128 subdit
2971 2087 2985 2128 :
3021 2067 3297 2142 Quicum·

1732 2183 1841 2246 que
1868 2183 2007 2246 erqo
2040 2166 2110 2228 ab
2134 2165 2250 2226 illa
2290 2160 2584 2240 oriyinali
2624 2163 3000 2226 damnatione
3036 2163 3163 2224 ieta
3202 2163 3295 2224 di-

1731 2259 1890 2320 vinoe
1934 2258 2159 2341 qratia»
2194 2257 2486 2338 laryitate
2520 2254 2768 2320 discreti
2812 2261 2960 2318 sunt
2980 2301 2995 2328 ,
3042 2271 3158 2316 non
3202 2261 3294 2318 eet

1733 2351 1975 2412 dubium
2042 2351 2199 2432 quod
2254 2357 2311 2412 et
2364 2352 2738 2431 procuratur
2794 2350 2881 2411 eis
2936 2349 3299 2411 audiendum

1733 2445 2140 2525 Eranqelium
2180 2443 2468 2521 (scilicet,
2522 2441 2839 2503 auditione
2881 2443 3217 2522 congrua),
3243 2448 3300 2504 et

1733 2554 1866 2598 cum
1895 2536 2175 2610 audiunt,
2210 2537 2482 2609 credunt,
2500 2541 2558 2599 et
2581 2535 2797 2617 infide,
2832 2554 2962 2617 quoe
2983 2555 3097 2617 per
3120 2535 3299 2598 dilec-

1730 2629 1949 2690 tionem
2004 2635 2311 2710 operatur‚
2342 2647 2528 2710 usque
2561 2629 2628 2691 in
2654 2631 2835 2708 finem
2872 2635 3300 2710 persei-erant,-

1734 2727 1790 2784 et
1831 2722 1889 2783 si
1915 2724 2151 2803 quando
2180 2722 2544 2796 exorbitant,
2596 2723 2847 2784 correcti
2885 2724 3296 2784 emendantur.

1733 2815 1947 2894 Igitur,
1995 2834 2072 2875 ex
2120 2815 2448 2892 Augustini
2492 2815 2824 2887 sententia,
2867 2802 3155 2875 discretio
3188 2816 3302 2874 ali-

1737 2926 1860 2986 qua
1902 2907 2067 2968 faeta
2098 2914 2214 2980 est,
2252 2926 2327 2967 ex
2368 2927 2491 2986 qua
2534 2907 2813 2986 procedit
2848 2909 2983 2988 ipsa
3028 2909 3293 2981 vocat10‚

1738 3010 1799 3064 et
1828 3003 2148 3081 perillam
2188 3003 2412 3082 reliqui
2457 3004 2717 3063 effeetus
2756 3021 2952 3081 usque
2984 2993 3064 3063 ad
3088 3021 3302 3082 perse·-

1735 3097 2085 3158 verantiam
2113 3097 2399 3170 finalem3
2430 3099 2564 3159 haee
2592 3104 2805 3159 autem
2851 3099 3140 3160 discretio
3170 3118 3299 3160 non

1737 3198 1942 3271 potest
1982 3192 2321 3253 consistere
2358 3193 2476 3253 nisi
2523 3194 2586 3253 in
2630 3194 3096 3273 praeeleetione3
3130 3194 3299 3255 unde

1740 3286 1951 3346 subdit
1976 3305 1989 3346 :
2013 3288 2172 3350 Hoec
2205 3288 2407 3350 omnia
2433 3293 2716 3369 operatur
2752 3288 2819 3349 in
2862 3288 2967 3361 eie,
3020 3289 3125 3367 qui
3153 3304 3303 3351 oasa

1737 3381 2169 3443 misericordiae
2200 3386 2478 3462 operatus
2506 3385 2597 3443 est
2623 3398 2741 3453 ece,
2770 3380 2875 3462 qui
2915 3387 2972 3444 et
3006 3380 3181 3463 eleyit
3206 3398 3303 3443 eos

1735 3476 1804 3536 in
1841 3474 2006 3535 Filio
2056 3492 2164 3537 suo
2218 3482 2358 3541 ante
2396 3474 2882 3538 constitutionem
2933 3477 3145 3537 mundi
3188 3494 3304 3555 per

1738 3569 2076 3630 electionem
2116 3568 2359 3650 qratioe,
2406 3568 2469 3628 id
2521 3571 2635 3640 est,
2686 3568 3019 3647 gratuitam
3066 3573 3127 3627 et
3168 3569 3301 3628 sine

1737 3662 1998 3733 meritiS,
2028 3666 2093 3721 ut
2123 3660 2384 3721 inferius
2415 3662 2689 3740 exponit,
2719 3661 2935 3723 dicens
2968 3680 2981 3721 ε
3023 3662 3302 3741 Profecto

1736 3752 1908 3816 electi
1936 3758 2081 3815 eunt
2102 3770 2216 3835 per
2252 3752 2612 3827 electionem,
2648 3760 2721 3818 ut
2748 3756 2975 3817 dictum
3012 3760 3141 3837 eat,⁸
3159 3757 3302 3838 gira-

1735 3845 1861 3919 tia»,
1891 3864 2012 3907 non
2030 3848 2497 3927 proecedentium
2524 3850 2877 3910 meritorum
2902 3865 3170 3909 suorum.
3198 3849 3300 3909 In-

1734 3939 1929 3999 ferius
1957 3946 2191 4011 autem,
2214 3958 2532 4019 exponens
2556 3939 2638 4000 ad
2668 3940 2819 4019 quid
2838 3940 3069 4001 fuerint
3097 3940 3300 4012 electi,

1739 4032 1936 4111 inquit
1966 4051 1978 4091 :
2004 4032 2209 4094 Electa·
2241 4039 2439 4097 autem
2475 4039 2621 4096 eunt
2650 4034 2733 4095 acl
2770 4035 3141 4115 raynaudum
3166 4051 3300 4095 cum

1745 4126 2006 4197 Chri-stc,
2045 4130 2107 4187 et
2146 4125 2305 4185 infra
2345 4145 2358 4187 ε
2394 4128 2552 4189 Illos
2596 4126 2773 4209 eleyit
2801 4129 2883 4189 ad
2926 4128 3304 4189 obtinendum

1737 4236 1989 4299 reynum
2037 4236 2254 4291 euum;
2299 4220 2576 4299 loquitur
2619 4237 2769 4300 ergo
2801 4220 3183 4299 Augustinus
3227 4218 3305 4279 de

1742 4312 2045 4372 electione
2074 4312 2157 4371 ad
2188 4313 2469 4391 gloriam,
2503 4320 2563 4374 et
2592 4314 2671 4373 ita
2704 4313 3145 4392 interpretatur
3172 4312 3307 4391 plu-

1739 4425 1808 4465 ra
1834 4406 2165 4484 Scripturae
2213 4406 2349 4466 loca
2396 4424 2534 4485 quoe
2586 4426 2714 4467 non
2766 4412 3024 4485 possunt
3064 4406 3143 4465 de
3184 4404 3307 4465 alia

1742 4501 2045 4563 electione
2075 4501 2357 4581 intelligi,
2398 4506 2468 4561 ut
2498 4508 2593 4561 est
2632 4501 2785 4561 illud
2814 4502 2893 4561 ad
2924 4504 3186 4562 Roman.
3216 4501 3254 4561 8
3289 4520 3302 4559 :

1744 4594 1894 4669 Quis
1922 4596 2227 4657 accusabit
2254 4596 2544 4656 adversus
2578 4595 2791 4657 electos
2822 4595 2972 4655 Dei?
3001 4600 3061 4653 et
3085 4594 3303 4653 Matth.

1739 4690 1818 4749 20
1857 4706 1870 4746 ε
1919 4687 2116 4748 Multi
2146 4690 2290 4748 sunt
2339 4685 2555 4761 vocati,
2597 4687 2789 4767 pauci
2841 4704 2977 4747 cero
3011 4686 3205 4759 electi,
3250 4692 3311 4745 et

1740 4778 1985 4839 similia.
2018 4780 2093 4839 Et
2121 4778 2473 4839 confirmari
2504 4780 2622 4839 hoc
2647 4784 2872 4857 potest,
2897 4797 3044 4838 nam
3077 4778 3308 4839 ibidem

1742 4872 1924 4933 docet
1950 4872 2357 4949 AugustinuS,
2388 4890 2464 4931 ex
2492 4872 2548 4930 vi
2580 4872 2769 4951 hujus
2810 4871 3201 4931 discretionis
3246 4876 3307 4931 et

1741 4966 2073 5027 voluntatis
2104 4963 2323 5024 divinae
2353 4963 2618 5024 conferri
2650 4965 2861 5025 electis
2898 4978 3311 5043 perseveran-

1739 5060 1838 5120 tiae
1876 5057 2115 5119 donum
2152 5056 2553 5117 infallibiliter
2584 5076 2596 5116 ε
2623 5056 2791 5121 Nam
2820 5058 3030 5119 horum
3061 5056 3314 5135 (inquit)

1739 5154 1798 5215 si
1843 5154 2161 5233 quisquam
2206 5149 2386 5231 perit,
2440 5151 2690 5231 fallitur
2734 5150 2941 5223 Deus;
2989 5152 3097 5212 secl
3144 5164 3310 5211 nemo

1741 5264 1942 5307 eorum
1984 5243 2179 5325 perit,
2224 5242 2367 5323 quia
2410 5262 2529 5305 non
2568 5243 2817 5321 fallit-ur
2860 5244 3060 5315 Deme,-
3098 5244 3309 5304 horum

1740 5340 1798 5401 si
1824 5339 2126 5419 quispiam
2151 5337 2331 5417 perit,
2364 5335 2510 5399 vitio
2535 5338 2789 5398 humano
2819 5336 3087 5397 vincitur
3106 5336 3308 5403 Deus,-

1741 5434 1849 5495 secl
1872 5449 2039 5494 nemo
2084 5449 2286 5493 eorum
2314 5432 2498 5510 perit,
2537 5431 2683 5511 quia
2733 5430 2910 5491 nulla
2942 5447 3009 5491 re
3050 5426 3315 5490 vincitur

1744 5528 1931 5599 Deus,
1975 5529 2037 5585 et
2060 5524 2128 5583 in
2158 5524 2283 5584 fine
2310 5523 2529 5601 capitis
2567 5522 2633 5582 id
2661 5522 2783 5583 late
2813 5521 3058 5599 repetit.
3089 5519 3313 5592 Quaero
