3850 6225
529 401 645 463 ¹20

524 507 693 567 enim
721 507 1090 586 supponitur
1130 508 1377 570 futurus
1414 516 1561 572 ante
1602 511 1767 570 hanc
1806 508 2090 588 praedefi-

524 600 866 673 nitionem;
901 606 962 661 et
995 601 1099 662 illa
1129 603 1351 681 posita,
1380 621 1509 664 non
1534 608 1739 682 potest
1763 621 1892 664 non
1916 602 2082 675 fore;

526 711 677 772 ergo
708 695 954 772 oportet
980 702 1049 755 ut
1096 713 1174 756 ex
1224 696 1282 756 vi
1332 695 1498 758 illius
1544 697 1674 770 fiat,
1722 695 1823 756 vel
1866 694 2090 756 imme-

525 785 713 858 diate,
744 786 915 864 quod
955 787 1033 848 de
1074 789 1191 850 hac
1219 789 1715 867 praedefinitione
1759 807 1887 850 non
1937 789 2090 850 dici-

524 883 661 952 tur3
689 880 743 939 si
770 885 983 940 tamen
1005 881 1268 950 dicatur,
1298 901 1335 942 a
1352 883 1591 944 fortiori
1608 883 1889 961 sequitur
1918 883 2088 962 quod

524 971 905 1032 intendimus
935 991 950 1045 ;
978 974 1077 1034 vel
1124 975 1396 1036 mediate
1447 975 1798 1037 ordinando
1850 975 2082 1049 media,

525 1081 639 1142 per
687 1081 827 1142 quae
882 1066 1285 1129 infallibiliter
1354 1069 1729 1142 obtineatur,
1779 1069 1954 1149 quod
2004 1067 2086 1130 ad

524 1157 1138 1236 praedestinationem
1178 1161 1467 1240 pertinet.
1502 1161 1712 1222 Altera
1745 1179 1895 1223 vero
1941 1179 2088 1240 pro-

523 1250 769 1329 positio,
802 1271 917 1313 seu
942 1254 1249 1332 posterior
1278 1273 1423 1334 pars
1451 1255 1709 1334 majoris
1758 1261 1853 1316 est
1894 1256 2088 1316 etiam

526 1342 717 1416 clara,
749 1362 823 1404 ex
866 1344 1227 1407 definitione
1276 1347 1865 1426 praedestinationiS‚
1897 1365 2088 1427 quam

526 1453 689 1514 soepe
718 1438 943 1515 repetit
970 1439 1330 1518 Fulgentius
1350 1440 1537 1501 citato
1564 1440 1727 1512 loco,
1748 1446 1809 1502 et
1838 1446 2088 1520 sumpta

525 1534 620 1588 est
658 1547 735 1590 ex
778 1533 1147 1612 Augustino,
1188 1533 1360 1594 libris
1404 1533 1483 1594 de
1540 1533 2088 1596 Praedestinatione

526 1622 928 1699 Sanctorum,
980 1631 1044 1686 et
1094 1625 1173 1688 de
1226 1628 1403 1688 Dono
1458 1629 1964 1706 perseverantiae.
2013 1629 2088 1688 Et

526 1715 828 1793 probatur
864 1719 1069 1792 facile,
1102 1721 1247 1798 quia
1276 1720 1445 1799 quod
1472 1723 1639 1782 Deus
1657 1720 2080 1800 praedestinat,

527 1808 807 1886 providet
848 1818 919 1874 ut
945 1811 1091 1884 fiat3
1132 1814 1403 1891 pertinet
1438 1818 1647 1876 autem
1680 1813 1761 1874 ad
1795 1833 1942 1874 eum
1978 1815 2086 1892 qui

526 1900 866 1978 perfectam
912 1905 1103 1966 habet
1150 1907 1629 1984 providentiam,
1654 1913 1725 1968 ut
1768 1925 1845 1968 ea
1872 1907 2082 1981 faciat,

524 1994 627 2054 vel
670 1995 803 2056 fieri
839 2005 1154 2076 procuret,
1210 2017 1350 2078 quae
1404 1999 1687 2061 absolute
1739 2001 1986 2079 provisa
2027 2007 2090 2062 et

524 2086 909 2166 praedefinita
938 2097 1115 2165 sunt;
1150 2093 1359 2172 igitur,
1418 2094 1467 2154 si
1523 2095 1691 2154 Deus
1736 2093 2086 2173 praedefinit

525 2185 733 2240 aetum
782 2184 1052 2258 malum,
1100 2186 1288 2246 etiam
1331 2186 1651 2247 adhibebit
1694 2186 1900 2248 media
1942 2205 2085 2247 con-

524 2274 839 2335 venientia
874 2283 939 2338 ut
970 2276 1101 2351 fiat,
1130 2279 1339 2358 qualia
1368 2286 1512 2340 sunt
1542 2280 1910 2353 exhortatiO,
1941 2298 2084 2340 con-

524 2366 752 2439 silium,
784 2375 1264 2451 praeceptumve.
1304 2373 1483 2444 Quod
1524 2379 1737 2434 autem
1772 2381 2084 2454 repugnet

524 2461 751 2539 divin*
797 2464 1090 2540 bonitati,
1147 2467 1231 2527 ita
1291 2485 1359 2529 se
1414 2487 1632 2546 gerere
1689 2469 1850 2529 circa
1904 2475 2082 2530 actus

522 2561 943 2634 peccatorum,
974 2565 1047 2620 ut
1074 2579 1184 2622 eos
1209 2559 1345 2622 fieri
1383 2569 1697 2640 procuret,
1730 2567 1839 2622 aut
1870 2561 2082 2626 facere

520 2645 723 2722 faciat,
767 2651 917 2711 satis
964 2657 1057 2713 est
1094 2659 1417 2715 ostensum
1448 2673 1585 2734 cap.
1634 2655 1714 2728 23
1768 2661 2082 2734 repugnat

522 2759 675 2820 ergo
702 2745 903 2805 Deum
940 2747 1057 2808 hos
1088 2755 1264 2810 actus
1304 2749 1615 2829 praefinire
1652 2754 1760 2810 aut
1804 2749 2080 2828 praedes-

520 2833 745 2896 tinare.

600 2931 700 2990 10.
743 2929 959 2995 Altera
984 2935 1147 2997 ratio
1177 2952 1251 2997 σω
1300 2933 1643 3018 Auyustino
1685 2935 2081 3018 Anselmoqm

514 3021 727 3104 petita.
760 3056 841 3070 —
871 3025 1227 3090 Occummr
1262 3028 1594 3106 objectioni.
1624 3061 1705 3075 ——
1738 3031 1947 3091 Altera
1979 3049 2080 3091 ra-

520 3116 604 3178 tio
644 3119 909 3179 sumitur
938 3138 1016 3181 ex
1062 3138 1137 3181 eo
1192 3122 1363 3201 quod
1409 3122 1619 3183 divina
1663 3124 1956 3184 voluntas
1986 3130 2082 3186 est

522 3210 739 3289 regula
770 3230 1064 3290 suprema
1094 3214 1297 3275 omnis
1324 3215 1652 3287 bonitatis3
1688 3216 1855 3277 unde
1890 3217 1944 3277 si
1971 3218 2082 3279 ab·

520 3302 723 3363 soluto
750 3303 1000 3366 decreto
1020 3306 1167 3368 velit
1192 3307 1465 3386 aliquem
1488 3314 1694 3369 actum
1726 3328 1763 3369 a
1790 3328 1893 3371 me
1914 3310 2076 3386 fieri,

520 3413 633 3457 seu
662 3414 763 3456 me
793 3396 951 3457 velle
978 3398 1236 3479 aliquid,
1278 3400 1397 3461 hoc
1423 3400 1559 3479 ipso
1603 3420 1721 3481 ego
1762 3420 1891 3463 non
1930 3422 2080 3483 pec-

520 3488 701 3561 cabo,
732 3490 782 3549 si
812 3489 877 3550 id
904 3491 1112 3565 velim,
1146 3492 1293 3572 quia
1323 3493 1678 3554 conformor
1710 3512 1866 3557 meae
1896 3514 2078 3575 regu·

522 3583 631 3655 lae.;
670 3600 818 3663 ergo
846 3590 1157 3665 repugnat
1187 3585 1460 3664 aliquem
1500 3593 1709 3647 actum
1739 3588 2077 3651 voluntatis

520 3675 810 3735 humanae
859 3693 999 3737 esse
1050 3677 1506 3756 praedefinitum
1547 3698 1585 3740 a
1638 3682 1791 3754 De0,
1834 3689 1897 3744 et
1937 3700 2076 3745 esse

518 3768 784 3840 malum;
820 3769 965 3847 quia
994 3770 1113 3831 hoc
1138 3772 1271 3850 ipso
1300 3772 1467 3850 quod
1491 3792 1527 3833 a
1556 3776 1685 3835 Deo
1716 3778 1811 3834 est
1837 3775 2077 3853 praede-

516 3859 749 3933 finium,
779 3868 874 3922 est
916 3862 1249 3924 conformis
1281 3865 1582 3927 voluntati
1628 3868 1785 3946 ejuS,
1824 3869 1875 3927 si
1924 3867 2069 3941 fiat3

518 3972 669 4033 ergo
698 3959 791 4015 est
818 3954 1153 4016 conformis
1182 3958 1399 4035 primae
1428 3959 1663 4039 regulae
1686 3960 1873 4021 totius
1900 3960 2075 4021 boni-

514 4048 688 4119 tatis;
723 4066 874 4127 ergo
918 4048 1143 4109 bonus.
1176 4050 1353 4111 Ratio
1402 4058 1495 4113 est
1544 4059 1791 4133 sumpta
1835 4072 1912 4114 ex
1947 4056 2076 4114 Au-

514 4140 785 4217 gustinO,
818 4142 853 4201 3
893 4139 971 4201 de
1002 4140 1130 4201 Lib.
1174 4142 1381 4216 arbit„
1424 4162 1561 4223 cap.
1602 4148 1705 4217 173
1750 4145 2069 4221 Anselmo,

511 4231 669 4292 libro
698 4232 777 4293 de
809 4234 938 4293 Lib.
972 4234 1182 4309 arbit„
1215 4254 1351 4315 cap.
1400 4238 1460 4298 8.
1494 4238 1620 4299 Sed
1664 4238 1907 4299 dicetur
1949 4239 2072 4299 for-

508 4330 675 4385 tasse
714 4315 1059 4388 bonitatem
1106 4336 1282 4390 actus
1324 4330 1663 4393 consistere
1708 4330 1775 4391 in
1825 4332 2072 4393 confor-

511 4418 725 4479 mitate
755 4419 835 4479 ad
860 4420 1247 4483 voluntatem
1276 4422 1461 4502 signi,
1491 4442 1621 4486 non
1662 4424 1743 4485 ad
1781 4426 2071 4487 volunta-

511 4515 636 4571 tem
680 4511 1088 4590 beneplaciti;
1148 4514 1233 4574 illi
1280 4517 1447 4575 enim
1498 4522 1787 4579 tenemur
1828 4519 2070 4581 confor-

508 4604 665 4663 mari
704 4620 975 4683 semper,
1006 4605 1154 4667 huic
1198 4614 1410 4669 autem
1442 4628 1568 4671 non
1616 4628 1884 4690 semper.
1941 4612 2070 4673 Sed

508 4702 759 4757 contra:
796 4698 1019 4775 prim0,
1060 4700 1207 4777 quia
1235 4706 1368 4761 esto
1396 4704 1593 4780 possit
1617 4706 1785 4765 Deus
1831 4704 2070 4783 aliquid

505 4788 663 4851 velle
688 4790 1005 4855 voluntate
1036 4795 1219 4873 signi,
1242 4796 1409 4874 quod
1438 4815 1561 4858 non
1587 4799 1719 4859 vult
1744 4798 2066 4861 voluntate

504 4882 873 4962 beneplaciti
892 4930 908 4959 ,
938 4893 1001 4948 et
1029 4887 1145 4947 hoc
1174 4906 1363 4949 sensu
1392 4889 1511 4949 illae
1542 4890 1683 4951 duoe
1712 4892 2066 4953 voluntates

500 4993 625 5035 non
682 4994 933 5055 semper
974 4981 1467 5060 conjungantur,
1516 4988 1748 5057 tamen,
1781 4988 1851 5045 ut
1890 4992 2061 5047 recte

504 5068 795 5130 indicavit
813 5070 1203 5148 AmbrosiuS,
1234 5073 1392 5136 libro
1410 5076 1613 5155 primo
1640 5078 1884 5152 Eiram„
1917 5096 2056 5158 cap.

502 5162 563 5231 8,
591 5160 725 5221 fieri
756 5180 885 5223 non
912 5171 1116 5243 potest
1140 5174 1211 5229 ut
1244 5168 1365 5229 illae
1396 5170 1745 5232 voluntates
1784 5170 1907 5232 sint
1949 5190 2063 5250 po-

501 5255 677 5316 sitive
716 5261 779 5317 et
814 5256 1049 5319 directe
1080 5262 1415 5340 oppositae,
1448 5265 1533 5324 ita
1585 5270 1653 5325 ut
1694 5265 1877 5325 simul
1912 5266 2061 5329 velit

496 5348 665 5409 Deus
702 5366 805 5409 me
858 5350 1135 5432 obligare
1182 5354 1264 5415 ad
1314 5355 1549 5435 aliquid
1580 5356 1947 5431 nolendum,
1997 5363 2061 5421 et

500 5440 837 5502 efficaciter
880 5450 1111 5506 statuat
1158 5454 1221 5508 et
1270 5448 1420 5509 velit
1464 5454 1534 5511 ut
1566 5468 1687 5529 ego
1734 5450 1799 5513 id
1841 5452 2052 5527 velim,

496 5533 857 5612 simpliciter
890 5540 1331 5615 praeveniendo
1376 5542 1761 5603 voluntatem
1806 5562 2051 5619 meam;

1084 405 1293 458 OPUSC.
1332 407 1372 468 1,
1406 407 1523 459 Lm.
1558 409 1620 462 11.
1658 409 1738 460 DE
1770 405 2090 460 CONCURSU
2127 403 2227 458 DEI
2259 405 2344 457 An
2375 401 2576 456 Aews
2607 401 2854 456 onustus
2885 401 3171 456 NATURAE.

2171 507 2318 586 quia
2367 507 2504 567 hoec
2551 506 2860 585 posterior
2905 506 3196 567 voluntas
3241 510 3339 567 est
3373 523 3719 585 repugnans

2168 600 2396 680 priori;
2427 599 2690 660 includit
2725 599 2894 660 enim
2942 599 3298 679 oppositum
3326 599 3488 677 ejus,
3521 604 3584 659 et
3627 599 3721 658 ali·
3825 655 3830 684 ἱ

2170 693 2322 772 quid
2355 693 2647 771 amplius,
2679 693 2837 752 Nam
2862 691 3004 752 talis
3031 692 3320 753 voluntas
3347 692 3462 753 Dei
3491 693 3716 762 efficax,
3827 697 3830 772 ξ

2169 805 2294 866 qua
2319 787 2451 848 vult
2495 787 2778 848 absolute
2809 792 2878 848 ut
2907 805 3025 866 ego
3059 787 3248 848 velim
3283 785 3544 865 aliquid,
3569 787 3720 847 hanc
3827 803 3830 846 ε

2167 881 2428 942 includit
2465 881 2934 958 obligationem,
2959 885 3032 940 nt
3067 881 3126 942 ei
3164 898 3294 941 non
3320 886 3715 959 repugnetur.
3827 859 3830 918 }

2167 973 2346 1044 Quod
2377 973 2558 1034 aliter
2593 972 2968 1046 declaratur,
3001 971 3152 1050 quia
3171 1017 3188 1045 ,
3237 971 3384 1033 licet
3433 989 3556 1050 ego
3597 991 3712 1032 non

2164 1071 2385 1127 tenear
2405 1065 2784 1126 conformari
2799 1064 3102 1126 voluntati
3126 1065 3504 1144 beneplaciti
3532 1066 3639 1125 Dei
3665 1066 3722 1124 in
3827 1129 3830 1142 Ι

2168 1159 2356 1220 volito
2383 1159 2714 1234 materiali,
2747 1165 2812 1219 et
2839 1159 2902 1218 in
2929 1159 3026 1218 his
3053 1176 3196 1238 quas
3237 1159 3320 1220 ad
3363 1175 3578 1219 meam
3625 1177 3722 1219 vo·
3826 1143 3830 1172 ¹

2169 1251 2472 1312 luntatem
2499 1269 2628 1312 non
2653 1257 2958 1330 spectant,
2984 1257 3056 1312 ut
3077 1251 3306 1313 docent
3323 1250 3646 1330 Theologi.
3669 1259 3724 1311 et

2169 1345 2436 1406 sumitur
2455 1363 2533 1404 ex
2559 1344 2933 1423 Augustino,
2959 1345 3026 1404 in
3053 1343 3398 1418 Euchirid„
3421 1361 3563 1422 cap.
3593 1348 3718 1414 191,
3827 1353 3830 1384 ³

2169 1443 2381 1498 tamen
2409 1438 2476 1497 in
2511 1436 2757 1498 formali
2786 1443 3026 1509 teneor,
3077 1443 3140 1498 et
3175 1437 3240 1497 in
3287 1437 3388 1497 his
3415 1455 3562 1517 quae
3607 1439 3724 1497 vult

2167 1549 2271 1592 me
2298 1531 2493 1603 velle;
2529 1547 2680 1590 nam
2715 1531 2852 1609 ejus
2887 1531 3178 1591 voluntas
3229 1537 3326 1592 est
3365 1530 3590 1610 regula
3629 1550 3724 1592 vo-

2165 1623 2419 1684 luntatis
2466 1641 2648 1685 meae.
2683 1623 2884 1696 Unde,
2933 1623 3009 1697 si,
3051 1624 3252 1702 posita
3291 1624 3396 1684 illa
3450 1625 3724 1703 praedefi-

2165 1716 2400 1776 nitione
2445 1721 2622 1778 actus
2661 1699 2924 1796 pecssati‚
2973 1717 3210 1778 homini
3249 1718 3602 1779 revelatum
3643 1737 3724 1778 es-

2169 1815 2287 1883 set,
2316 1812 2518 1871 Deum
2547 1811 2834 1872 statuisse
2861 1810 3146 1872 absoluto
3177 1811 3459 1885 decreto,
3490 1819 3560 1873 ut
3605 1813 3722 1891 ipse

2168 1905 2360 1964 homo
2409 1905 2528 1964 hoc
2581 1905 2898 1983 objectum
2945 1903 3153 1978 vellet,
3209 1905 3532 1978 nimirum,
3575 1907 3723 1966 occi-

2167 1997 2318 2059 dere
2345 1998 2512 2058 hunc
2541 1998 2886 2070 hominem,
2919 2016 3046 2058 non
3073 2004 3385 2076 peccaret,
3417 1999 3546 2058 imo
3575 2001 3723 2077 opti-

2167 2109 2272 2151 me
2307 2091 2542 2152 faceret
2569 2091 2634 2152 id
2661 2091 2950 2164 volend0,
2974 2089 3146 2150 nulla
3177 2091 3344 2152 enim
3365 2098 3570 2170 potest
3599 2110 3720 2151 esse

2164 2185 2366 2266 magis
2417 2192 2586 2247 recta
2633 2186 2922 2247 voluntas
2967 2191 3197 2258 creata,
3228 2203 3424 2264 quam
3451 2185 3558 2246 illa
3589 2205 3718 2264 quae

2163 2278 2294 2339 vult
2335 2279 2502 2357 quod
2533 2281 2696 2340 Deus
2737 2278 2868 2338 vult
2905 2277 3076 2339 illam
3117 2278 3301 2340 velle.
3335 2277 3718 2357 Quapropter

2163 2389 2307 2432 eum
2353 2373 2466 2433 tali
2511 2372 2804 2434 volitione
2853 2373 3124 2434 bominis
3173 2391 3302 2434 non
3337 2379 3546 2450 potest
3585 2392 3716 2434 esse

2163 2465 2493 2544 conjuncta
2521 2467 2776 2527 moralis
2801 2466 3194 2538 deformitas3
3243 2485 3394 2526 nam
3417 2466 3538 2526 hoc
3592 2467 3718 2544 ipso

2161 2559 2476 2620 desineret
2503 2577 2642 2621 esse
2671 2559 3036 2622 deformitas
3085 2567 3148 2621 et
3193 2558 3562 2638 obliquitas;
3629 2561 3720 2618 vel

2163 2658 2328 2713 certe
2359 2659 2728 2731 sequeretur
2757 2653 3186 2728 contradictio,
3220 2653 3392 2732 quod
3419 2657 3602 2713 actus
3651 2654 3722 2712 sit

2163 2746 2455 2825 obliquus
2479 2752 2542 2807 et
2571 2747 2908 2808 conformis
2936 2747 3196 2826 regulae,
3233 2752 3298 2808 et
3337 2765 3722 2824 consequen-

2158 2845 2258 2900 ter
2299 2839 2468 2918 quod
2517 2840 2653 2918 ipsa
2700 2841 2902 2920 prima
2953 2840 3172 2920 regula
3213 2841 3403 2924 totius
3428 2838 3722 2900 bonitatis

2161 2932 2414 3010 obliqua
2443 2933 2543 3005 sit,
2575 2939 2637 2993 et
2663 2931 2984 2994 deficiens,

2242 3026 2340 3086 ss.
2386 3025 2754 3090 Declaratur
2806 3025 3002 3110 maffia
3055 3028 3150 3090 vis
3199 3026 3383 3107 hujus
3435 3025 3717 3089 rationis.

2161 3152 2242 3167 —-
2267 3120 2462 3181 Aliter
2497 3128 2710 3201 posset
2747 3122 3030 3201 ejusdem
3075 3122 3336 3189 rationis
3381 3122 3476 3181 vis
3513 3121 3724 3183 decla-

2159 3214 2321 3287 rari,
2370 3213 2518 3293 quia
2580 3216 2746 3276 Deus
2797 3216 3086 3294 prohibet
3135 3216 3470 3294 ipsummet
3513 3222 3718 3275 actum
3826 3278 3827 3287 ¹

2159 3306 2400 3366 malum
2424 3307 2612 3368 etiam
2635 3326 2750 3387 pro
2786 3307 3116 3383 materiali,
3147 3314 3216 3369 ut
3243 3314 3447 3387 patet,
3477 3314 3616 3368 tum
3649 3326 3720 3366 cx

2157 3400 2358 3460 forma
2390 3401 2578 3481 legis:
2605 3401 2750 3465 Non
2775 3404 3152 3484 concupisces
3163 3428 3188 3475 ;
3209 3406 3346 3463 tum
3373 3402 3522 3480 quia
3549 3402 3720 3481 leges

2159 3496 2303 3554 sunt
2343 3494 2424 3555 de
2479 3494 2630 3573 ipsis
2683 3494 2973 3555 humanis
3029 3494 3304 3567 actibus;
3359 3502 3494 3555 tum
3533 3496 3720 3555 etiam

2157 3587 2306 3665 quia
2348 3586 2712 3649 deformitas
2745 3605 2873 3649 non
2915 3589 3302 3649 contrahitur
3339 3588 3422 3648 ab
3467 3588 3718 3647 homine

2157 3680 2275 3739 nisi
2329 3697 2445 3758 per
2499 3686 2710 3741 aetum
2737 3726 2754 3755 ,
2801 3681 2970 3741 unde
3019 3700 3140 3743 nec
3185 3682 3556 3761 prohibetur
3603 3680 3716 3741 nisi

2157 3773 2544 3852 prohibendo
2575 3781 2785 3835 actum
2805 3792 2820 3851 ;
2841 3793 2995 3854 ergo
3015 3794 3144 3836 non
3166 3781 3376 3855 potest
3395 3778 3566 3836 Deus
3585 3776 3717 3853 ipse

2155 3883 2234 3926 ex
2259 3884 2326 3927 se
2353 3866 2548 3927 talem
2577 3872 2784 3928 actum
2819 3867 2980 3930 velle
3010 3874 3073 3929 et
3108 3868 3456 3947 praefinire3
3489 3886 3641 3929 nam
3668 3869 3716 3927 si
3822 3870 3823 3919 ἱ

2156 3959 2326 4037 quod
2353 3960 2656 4022 destruxit
2691 3962 2920 4023 iterum
2961 3962 3252 4035 aedificat,
3285 3964 3718 4043 praevaricato—

2151 4069 2290 4113 rem
2317 4060 2484 4115 certe
2509 4072 2576 4115 se
2611 4056 2946 4117 constituit.
2973 4054 3120 4127 Quoe
3143 4056 3312 4116 enim
3341 4056 3544 4135 major
3566 4073 3718 4134 prae·

2150 4149 2448 4211 varicatio
2499 4157 2608 4212 aut
2655 4154 3070 4233 repugnantia
3109 4152 3450 4214 voluntatis
3489 4156 3676 4213 rectae
3697 4198 3712 4219 ‚
3820 4198 3821 4217 2

2153 4260 2344 4323 quarn
2379 4244 2540 4305 velle
2581 4250 2644 4306 et
2674 4264 2751 4306 ex
2785 4264 2854 4307 se
2895 4265 3110 4308 amare
3139 4264 3281 4327 quae
3307 4245 3620 4325 prohibet,
3655 4252 3715 4305 et
3819 4240 3821 4268 ¹

2149 4336 2540 4415 prohibendo
2563 4340 2776 4399 testari
2805 4358 2872 4401 se
2897 4338 2962 4400 id
2983 4340 3256 4401 maximo
3279 4340 3422 4400 odio
3439 4340 3714 4401 habere?

2149 4428 2328 4491 Unde
2383 4435 2550 4491 recte
2602 4432 2988 4505 Ambrosius,
3030 4436 3056 4493 l
3093 4434 3408 4506 Examen,
3443 4450 3582 4511 cap.
3629 4433 3708 4492 8:
3817 4472 3819 4523 i

2151 4522 2486 4586 Erudioari
2509 4524 2663 4587 hano
2689 4526 2821 4590 vult
2849 4528 3034 4598 Deus,
3062 4526 3257 4599 idest,
3286 4526 3611 4597 malitiam,
3645 4528 3716 4586 de

2149 4616 2374 4677 animis
2409 4616 2794 4697 sinyulorum
2815 4644 2842 4691 ,·
2871 4636 2986 4699 quo
3022 4620 3190 4683 modo
3225 4618 3512 4700 cumipse
3543 4636 3714 4700 yena-

2146 4709 2292 4769 rat?
2317 4708 2448 4769 Hoc
2480 4728 2630 4770 sane
2673 4711 2862 4771 etiam
2891 4710 2970 4772 de
3002 4716 3148 4772 actu
3175 4712 3312 4792 ipso
3337 4712 3562 4772 merito
3589 4711 3709 4771 dici
3815 4710 3817 4737 ²

2149 4806 2622 4957 Ροξὲῗῒῂῖίίηια
2659 4896 2841 4958 racio.
2869 4926 2942 4941 —
2979 4898 3206 4961 Ultima
3235 4898 3392 4959 ratio
3423 4898 3526 4970 sit,
3559 4898 3703 4974 quia

2141 4986 2292 5047 illud
2325 4988 2642 5067 objectum
2672 4993 2768 5051 est
2805 4996 2987 5070 turpe
3017 4996 3080 5052 et
3115 4995 3330 5052 contra
3358 4991 3702 5061 rationen1;
3813 5006 3815 5069 3

2141 5079 2282 5141 ideo
2337 5098 2466 5140 non
2517 5087 2722 5159 potest
2778 5083 2946 5143 Deus
2990 5082 3144 5144 illud
3187 5083 3471 5144 absolute
3525 5082 3704 5144 velle.
3813 5092 3815 5095 ⁴

2143 5172 2456 5233 Ponamus
2503 5174 2670 5233 enim
2707 5182 3036 5255 peccatum
3075 5175 3230 5237 illud
3275 5194 3414 5237 esse
3451 5174 3708 5237 menda-

2141 5268 2342 5341 cium,
2399 5286 2546 5343 cur,
2595 5288 2848 5349 quaeso,
2899 5292 3028 5334 non
3075 5277 3282 5351 potest
3337 5274 3508 5333 Deus
3547 5270 3706 5331 velle

2139 5360 2438 5423 mentiri?
2475 5364 2653 5425 Certe
2698 5382 2824 5425 non
2890 5366 3014 5426 alia
3067 5366 3335 5441 ratione,
3383 5366 3506 5426 nisi
3559 5364 3707 5443 quia

2137 5454 2538 5519 mendacium
2573 5464 2668 5519 est
2695 5463 2879 5537 turpe
2918 5458 3272 5538 objectum,
3315 5465 3379 5519 et
3413 5476 3529 5538 per
3567 5476 3704 5518 sese

2139 5554 2348 5610 contra
2391 5557 2628 5612 rectam
2679 5550 3009 5612 rationem.
3065 5551 3364 5613 Eamdem
3423 5569 3575 5631 ergo
3621 5550 3704 5611 oh
