3850 6225
715 418 885 471 SECT.
919 421 981 471 11.
1019 419 1100 469 AN
1135 416 1508 471 NECESSITAS
1541 417 1624 467 EX
1657 415 2098 469 SUPPOSITIONE
2132 415 2253 467 VEL
2284 416 2524 476 DEBITO.
2562 414 2696 468 E‘rc,

127 521 506 585 connotando
545 522 926 601 peculiarem
959 520 1288 583 materiam
1331 520 1490 600 ejus,
1523 536 1663 599 quae

127 617 390 679 consistit
407 617 472 676 in
493 616 834 697 promissis,

125 857 382 921 Debitum
419 854 737 937 fidelitatis
775 856 906 1012 sinbe
943 856 1384 939 imperfectione
1422 856 1540 919 Deo
1574 860 1672 919 at-

327 958 332 963 ’
779 950 866 1012 tri
903 949 965 1011 ui
972 995 985 1009 .

199 1178 288 1235 32.
333 1175 610 1239 Debitum
641 1174 962 1251 fidelitatis
1006 1193 1126 1237 nrm
1153 1176 1376 1237 minuit
1399 1173 1606 1237 divina
1614 1194 1666 1235 m

126 1272 460 1333 libertatem.
492 1300 576 1313 --
609 1268 758 1331 Cum
803 1270 968 1331 Deus
1011 1287 1084 1331 em
1113 1270 1438 1347 fidelitatis
1477 1270 1666 1331 debito

127 1369 390 1443 operatur
412 1411 430 1437 ,
465 1381 540 1425 ex
580 1362 828 1425 consilio
871 1362 1208 1425 voluntatis
1258 1367 1563 1443 operatur.
1586 1394 1667 1405 —

135 1457 382 1519 Debitum
413 1456 739 1533 fidelitatis
763 1474 882 1517 non
911 1458 1157 1539 derogat
1180 1455 1535 1537 perfectioni
1565 1456 1668 1518 do-

127 1548 285 1610 minii
307 1549 520 1611 divini.
568 1582 652 1595 --
699 1551 1002 1610 Praeterea
1033 1550 1356 1609 solvuntur
1384 1566 1460 1608 ex
1487 1548 1667 1608 dictis

127 1642 284 1701 facile
313 1642 728 1717 difficultateS‚
764 1660 875 1703 seu
905 1644 1180 1703 rationes
1209 1641 1540 1702 dubitandi
1569 1660 1667 1699 su-

127 1735 316 1813 perius
339 1736 580 1813 positae.
601 1738 756 1797 Nam
779 1736 1084 1815 imprimis
1109 1735 1286 1795 facile
1305 1734 1669 1813 intelligitur

127 1830 416 1908 quomodo
442 1831 806 1911 hujusmodi
837 1831 1120 1892 debitum
1163 1831 1399 1889 nullam
1433 1830 1496 1889 in
1535 1831 1666 1889 Deo

128 1923 642 2001 imperfectionem
689 1923 914 1984 inferat
939 1968 954 1995 ‚
1005 1925 1148 2001 quia
1186 1942 1314 1983 non
1359 1922 1556 1983 oritur
1593 1940 1668 1983 ex

127 2018 312 2095 aliqua
343 2017 484 2096 lege
511 2019 614 2078 vel
646 2024 980 2096 praecept0‚
1013 2016 1125 2077 scd
1155 2035 1231 2077 ex
1268 2016 1370 2076 illa
1399 2015 1666 2076 naturali

126 2110 502 2183 rectitudine,
559 2128 684 2189 qua
718 2110 885 2170 Deus
919 2128 1162 2169 summe
1191 2128 1381 2170 verax
1411 2128 1426 2181 ;
1473 2109 1664 2181 unde,

125 2204 267 2263 sicut.
311 2205 510 2263 Deum
564 2220 692 2263 non
753 2221 940 2282 posse
987 2202 1234 2263 mentiri
1282 2220 1409 2264 non
1454 2207 1548 2261 est
1594 2220 1670 2261 ex

127 2303 416 2375 praecepto
438 2342 452 2369 ‚
501 2296 617 2356 sed
645 2314 722 2355 ex
755 2300 978 2355 natura
1018 2314 1260 2355 summe
1289 2301 1460 2356 recta
1481 2340 1497 2368 ,
1539 2301 1668 2355 tam

129 2390 180 2447 in
207 2389 298 2449 his
327 2406 464 2469 quoe
498 2388 584 2449 ad
621 2388 1025 2461 intellectum,
1076 2407 1268 2467 quam
1305 2388 1368 2447 in
1400 2388 1496 2448 his
1530 2405 1668 2467 quae

129 2482 198 2541 ad
215 2483 592 2543 voluntatem
613 2488 918 2560 spectant,
942 2482 1026 2542 ita
1047 2481 1315 2542 deficere
1336 2500 1464 2541 non
1485 2498 1668 2559 posse

130 2575 180 2634 in
209 2576 556 2655 promissi5‚
601 2594 680 2635 ex
721 2576 944 2636 eadem
986 2575 1258 2635 naturali
1287 2574 1668 2655 perfectione

129 2670 405 2747 provenit.
446 2670 840 2747 Quapropter
869 2669 1001 2729 haec
1029 2669 1368 2729 necessitas
1397 2686 1528 2729 non
1556 2668 1671 2726 mi-

129 2761 264 2831 nuit,
295 2761 403 2821 sed
426 2768 621 2840 auget
651 2762 856 2838 potius
881 2762 1184 2822 intensive
1210 2763 1300 2839 (ut
1329 2761 1416 2821 sic
1439 2762 1666 2841 dicam)

129 2854 446 2915 libertatem
467 2856 926 2933 divinam3quia
945 2856 1074 2915 haec
1093 2856 1667 2934 necessitaspartim

129 2947 386 3024 provenit
415 2966 494 3008 ex
521 2948 1024 3010 immutabilitate
1047 2948 1270 3009 divinae
1291 2949 1626 3009 voluntatis
1647 2993 1662 3021 ,

129 3058 298 3117 quam
324 3040 714 3103 ostendimus
744 3042 1056 3121 pertinere
1081 3043 1288 3122 potius
1316 3042 1395 3102 ad
1425 3042 1664 3122 perfec-

131 3134 336 3194 tionem
359 3135 666 3195 libertatis
683 3135 928 3208 divinae,
953 3155 1141 3215 quam
1163 3137 1330 3196 illa'm
1351 3138 1658 3211 minuere;

131 3227 326 3302 partim
358 3245 434 3287 ex
467 3227 578 3287 illa
613 3229 984 3290 necessitate
1022 3229 1232 3308 quoad
1263 3229 1667 3309 specificatio-

129 3336 274 3390 nem,
303 3339 490 3398 quam
521 3340 713 3400 supra
733 3321 1001 3382 diximus
1023 3323 1255 3384 habere
1280 3323 1665 3383 voluntatem

129 3411 378 3473 divinam
412 3415 480 3475 in
511 3415 732 3476 ordine
771 3414 852 3474 ad
890 3415 954 3475 id
997 3416 1165 3494 quod
1192 3423 1430 3478 rectum
1461 3420 1524 3476 et
1551 3417 1666 3476 ho-

129 3510 350 3565 nestum
393 3512 508 3568 est.
562 3507 936 3587 Quanquam
973 3510 1141 3570 enim
1179 3509 1284 3570 illa
1325 3511 1666 3570 necessitas

129 3597 384 3660 absolute
421 3605 676 3680 sumpta
731 3618 864 3660 non
917 3601 1175 3662 inducat
1229 3603 1666 3664 necessitatem

129 3693 502 3767 operationis,
537 3694 636 3754 vel
667 3695 949 3767 effectus,
989 3685 1200 3756 'tamen
1233 3714 1310 3756 ex
1333 3697 1667 3776 hypothesi

128 3781 300 3846 libera
341 3789 624 3868 ejusdem
669 3789 1004 3850 voluntatis
1050 3790 1220 3851 illam
1269 3791 1541 3864 inducit,
1590 3809 1664 3851 eo

131 3878 276 3952 quod
303 3887 516 3940 contra
539 3882 930 3942 honestatem
956 3888 1017 3943 et
1041 3883 1478 3944 rectitudinem
1503 3889 1668 3944 esset

131 3970 328 4032 cadere
357 3991 394 4032 a
419 3975 684 4036 veritate
725 3965 934 4036 semel
961 3977 1224 4055 prolata.
1275 3979 1349 4038 Et
1387 3978 1520 4038 haec
1561 3995 1667 4036 ea-

131 4061 256 4123 dem
289 4067 627 4128 necessitas
671 4068 1023 4147 appellatur
1053 4069 1333 4130 debitum
1373 4070 1661 4149 justitiae,

131 4173 226 4216 seu
271 4159 648 4233 honestatis;
693 4179 1056 4241 quanquam
1101 4163 1268 4223 enim
1313 4163 1376 4223 in
1417 4163 1493 4223 iis
1524 4181 1662 4241 quae

131 4251 360 4312 omnino
388 4273 462 4315 ac
498 4254 862 4334 simpliciter
893 4256 1245 4316 necessaria
1280 4261 1426 4316 sunt
1467 4261 1528 4315 et
1557 4273 1664 4314 ua-

131 4343 326 4442 turalia
357 4365 482 4406 non
515 4347 698 4408 cadat
725 4347 974 4426 proprie
1003 4349 1240 4409 morale
1269 4348 1568 4422 debitum,
1601 4348 1665 4407 iu

133 4450 192 4490 ns
219 4439 416 4522 tamen
441 4457 582 4516 quae
610 4439 812 4499 solum
850 4446 995 4499 sunt
1035 4441 1390 4500 necessaria
1416 4457 1490 4500 ex
1520 4457 1668 4517 sup-

133 4526 404 4600 positione
435 4531 631 4591 libera
664 4532 888 4594 cadere
917 4538 1163 4611 potest;
1205 4534 1352 4612 quia
1375 4532 1548 4603 talia,
1586 4532 1668 4590 si-

133 4626 218 4678 cut
246 4623 518 4686 absolute
547 4627 744 4686 libera
777 4634 954 4700 sunt,
1001 4629 1080 4688 ita
1116 4634 1177 4687 et
1205 4628 1524 4690 moraliter
1553 4629 1666 4686 ho-

133 4719 326 4794 nesta3
369 4719 538 4780 unde
601 4721 1050 4799 proportionali
1105 4722 1345 4782 ratione
1405 4725 1666 4800 possunt

134 4823 252 4867 esse
295 4829 368 4870 ex
416 4813 640 4872 morali
681 4814 1006 4875 honestate
1055 4814 1286 4876 debita.
1339 4818 1540 4894 Atque
1587 4813 1666 4875 ob

134 4903 396 4966 camdem
439 4924 598 4978 rem,
652 4907 900 4986 operari
931 4909 1134 4968 Deum
1177 4927 1252 4970 ex
1280 4909 1399 4968 hoc
1429 4906 1663 4974 debito,

137 4993 218 5052 vel
243 5013 314 5056 ex
341 4999 454 5059 hac
479 5001 849 5061 necessitate
871 5047 887 5072 ‚
925 5020 1054 5062 non
1085 5008 1180 5062 est
1207 5001 1386 5062 aliter
1419 5000 1662 5080 operari

133 5101 302 5161 quam
347 5092 688 5152 secundum
729 5094 1057 5154 consilium
1102 5094 1437 5154 voluntatis
1485 5111 1612 5153 suae
1646 5112 1662 5166 3

135 5177 208 5237 ita
235 5182 391 5243 enim
421 5192 736 5264 operatur,
779 5188 926 5265 quia
953 5186 1298 5248 rectissimo
1331 5205 1456 5246 sum
1485 5187 1668 5246 ratio-

137 5272 222 5330 nis
255 5275 578 5340 dictamine
611 5279 852 5358 judicat
893 5281 972 5341 ad
1010 5298 1190 5340 suam
1235 5279 1672 5340 rectitudinem

139 5368 422 5439 pertinere
465 5377 532 5431 ut
581 5373 669 5433 sic
718 5379 1034 5452 operetur,
1069 5373 1238 5452 quod
1283 5377 1377 5432 est
1429 5372 1674 5451 operari

140 5461 454 5522 secundum
498 5465 868 5538 consilium;
913 5467 1032 5526 hoc
1073 5471 1286 5525 autem
1319 5466 1669 5539 consilium,

141 5552 448 5620 voluntatis
473 5563 587 5635 est,
629 5559 694 5621 id
717 5565 832 5634 est,
870 5560 1050 5640 juxta
1081 5559 1542 5645 beneplacitum
1573 5577 1675 5623 vo-

3186 406 3306 467 423

1745 518 2042 592 luntatis;
2092 523 2227 579 tum
2254 517 2402 597 quia
2446 516 2793 578 secundum
2832 513 3139 576 rationem
3166 531 3309 592 sup-

1747 613 1922 693 ponit
1960 612 2347 691 propositum
2384 611 2741 683 voluntatiS‚
2792 628 2829 670 a
2866 626 2989 688 quo
3034 608 3310 687 profecta

1750 713 1844 768 est
1871 708 2131 768 assertio
2174 704 2577 785 promissoria
2604 723 2619 777 ;
2652 710 2788 765 tum
2816 704 3003 763 etiam
3034 702 3180 779 quia
3203 719 3312 780 po-

1750 805 1892 873 test,
1942 806 2157 860 nostro
2203 816 2381 869 more
2422 796 2831 877 intelligendi,
2882 794 3177 873 consequi
3208 811 3313 853 vo-

1751 895 1959 955 luntas
1992 893 2405 973 subsequam,
2458 892 2835 973 approbanS,
2884 895 2947 951 et
2976 895 3175 950 ratam
3203 888 3313 947 ha-

1749 990 1907 1050 bens
1937 987 2415 1067 promissionem
2442 1032 2457 1061 ‚
2508 992 2569 1047 et
2600 983 3052 1045 immutabilem
3087 999 3314 1042 execu-

1749 1084 1985 1145 tionem
2010 1080 2166 1160 ejus,
2193 1080 2475 1141 Tandem
2496 1080 2579 1140 ob
2602 1077 2886 1139 eamdem
2910 1092 3163 1137 causam
3189 1072 3313 1134 tale

1747 1177 2029 1237 debitum
2066 1192 2195 1234 non
2238 1173 2439 1254 magis
2472 1172 2761 1233 diminuit
2800 1171 3081 1231 divinum
3119 1167 3313 1229 domi-

1747 1271 1920 1330 nium
1946 1316 1961 1343 ‚
2008 1286 2197 1347 quam
2240 1258 2707 1328 immutabilitas
2754 1264 3089 1325 voluntatis
3136 1263 3311 1341 ejuS,

1748 1382 1887 1442 quae
1915 1408 1931 1433 ,
1976 1368 2045 1423 ut
2076 1379 2239 1440 saepe
2271 1360 2438 1434 dixi,
2482 1360 2563 1420 ad
2588 1358 3033 1439 perfectionem
3064 1355 3207 1427 Dei,
3253 1359 3314 1413 et

1749 1456 2032 1516 omnium
2060 1473 2199 1534 quae
2232 1456 2296 1515 in
2330 1456 2461 1515 Deo
2501 1459 2677 1527 sunt,
2719 1452 2987 1512 maxime
3016 1449 3305 1529 pertinet.

1748 1549 2283 1611 Considerandum
2330 1565 2482 1627 ergo
2510 1553 2625 1619 est,
2659 1546 2891 1619 omnia,
2926 1562 3062 1623 quae
3087 1544 3151 1602 in
3179 1544 3309 1603 Deo

1749 1650 1891 1704 sunt
1922 1689 1938 1716 ,
1994 1650 2225 1704 aeterna
2280 1660 2416 1702 esse
2444 1686 2459 1713 ,
2507 1635 2596 1714 et',
2644 1645 2947 1718 quantum
2984 1636 3066 1697 ad
3104 1637 3309 1715 ipsum

1748 1742 2073 1817 spectant,
2124 1735 2519 1805 simultanea‚
2564 1739 2633 1794 ut
2674 1732 2760 1793 sic
2803 1732 3048 1803 dicam,
3092 1736 3151 1789 ot
3176 1728 3308 1787 sine

1747 1833 1874 1893 ulla
1926 1830 2319 1891 successione
2349 1875 2365 1903 ,
2414 1829 2559 1889 licet
2596 1829 2759 1887 hanc
2796 1827 2863 1886 in
2900 1826 3091 1885 rebus
3139 1841 3312 1883 crea-

1747 1928 1827 1989 tis
1861 1929 2123 1985 causent
2178 1942 2291 1983 seu
2322 1924 2610 1983 efficiant.
2662 1922 2863 1998 Atque
2899 1921 3019 1979 hac
3071 1918 3309 1978 ratione

1749 2039 1877 2081 non
1927 2018 2129 2079 solum
2186 2017 2471 2091 libertaS,
2538 2016 2717 2095 quasi
2766 2016 2830 2075 in
2885 2020 3028 2075 actu
3084 2012 3311 2091 primo,

1751 2112 2096 2174 secundum
2128 2111 2384 2171 modum
2430 2116 2709 2171 nostrum
2757 2106 3168 2186 concipiendi,
3202 2104 3313 2164 sed

1751 2208 1937 2268 etiam
1970 2222 2120 2265 usus
2164 2203 2469 2265 libertatis
2514 2204 2883 2281 adaequatus
2927 2201 3065 2279 ejus
3089 2198 3313 2257 volun-

1749 2300 1901 2373 tati,
1955 2304 2225 2359 aeternus
2255 2300 2391 2369 est;
2440 2302 2501 2357 et
2548 2296 2688 2357 ideo
2720 2295 2855 2375 ejus
2897 2293 3153 2353 libertas
3186 2308 3313 2350 non

1750 2394 2030 2455 consistit
2082 2393 2145 2452 in
2188 2393 2307 2451 hoc
2355 2391 2522 2471 quod
2572 2396 2711 2469 post
2778 2406 2969 2449 unam
3025 2384 3313 2447 determi-

1749 2486 2072 2547 nationem
2107 2485 2369 2546 liberam
2411 2483 2605 2563 possit
2643 2482 2829 2543 aliam
2867 2480 3101 2540 habere
3131 2494 3151 2555 3
3200 2477 3313 2538 scd

1749 2580 1812 2640 in
1842 2598 1970 2639 una
1998 2578 2327 2657 adaequata
2358 2576 2877 2637 determinatione
2905 2573 3101 2633 libera
3135 2571 3311 2651 quasi

1751 2676 2193 2733 momentanea
2224 2670 2568 2731 secundum
2598 2685 2959 2727 mensuram
2986 2670 3046 2726 et
3075 2664 3313 2725 instans

1749 2766 2132 2826 aeternitatiS.
2170 2764 2343 2825 Idem
2376 2781 2526 2842 ergo
2559 2766 2653 2821 est
2682 2760 2745 2821 in
2777 2763 3083 2839 potestate
3119 2758 3313 2818 domi-

1748 2858 1943 2918 nandi
1973 2863 2034 2918 et
2060 2876 2177 2917 usu
2208 2858 2382 2935 ejus;
2412 2855 2603 2914 habet
2630 2853 2798 2913 enim
2833 2853 3001 2912 Deus
3032 2870 3106 2911 ex
3135 2858 3313 2911 :eter-

1747 2952 1939 3013 nitate
1954 2970 2077 3011 non
2090 2951 2290 3011 solum
2303 2946 2898 3027 hancplenissimam
2916 2949 3309 3025 potestatem,

1748 3044 1858 3105 sed
1882 3045 2069 3105 etiam
2096 3044 2488 3121 adaequatum
2518 3058 2702 3100 usum
2733 3039 2868 3120 ejus
2888 3037 3312 3098 necessarium

1747 3155 1824 3198 ex
1853 3143 2029 3218 parte
2061 3137 2169 3199 Dei
2200 3137 2279 3198 ad
2318 3134 2727 3215 temporalem
2768 3151 2953 3193 usum
2994 3132 3311 3211 passivum

1747 3240 2176 3292 creaturarum
2200 3277 2219 3306 ,
2262 3231 2327 3290 in
2366 3231 2593 3309 quihus
2647 3227 2958 3288 invenitur
3004 3224 3263 3285 mutatio
3289 3272 3304 3297 ,

1747 3344 1886 3385 cum
1913 3324 2017 3384 ille
2040 3324 2441 3384 immutabilis
2466 3323 2543 3384 sit
2585 3329 2645 3383 et
2666 3339 2917 3400 semper
2943 3321 3132 3391 idem,
3170 3317 3311 3376 licet

1747 3419 2095 3478 seeundum
2128 3424 2449 3497 respectus
2480 3416 2759 3486 rationis,
2801 3433 2913 3476 seu
2945 3412 3312 3474 denomina-

1745 3513 1951 3573 tiones
1982 3531 2017 3572 a
2051 3511 2354 3572 creaturis
2391 3518 2672 3591 sumptas
2709 3507 3168 3569 successionem
3196 3506 3311 3564 ha-

1717 3605 1899 3667 ·bere
1932 3605 2239 3666 videatur.
2288 3607 2431 3665 Haec
2473 3605 2660 3683 igitur
2703 3602 2966 3662 firmitas
3008 3607 3071 3661 et
3108 3604 3309 3660 totum

1748 3701 2031 3761 debitum
2062 3698 2489 3778 promissionis
2518 3699 2737 3758 divinae
2766 3697 2967 3757 solum
2998 3694 3310 3774 pertinent

1748 3794 1830 3854 ad
1864 3792 2201 3872 quemdam
2235 3810 2424 3852 usum
2460 3792 2806 3870 perfectum
2854 3788 3109 3850 dominii
3149 3788 3304 3866 ejus3

1747 3887 1905 3947 sieut
1968 3903 2119 3965 ergo
2177 3885 2519 3946 dominium
2579 3903 2707 3945 non
2780 3883 3146 3944 diminuitur
3198 3898 3313 3959 per

1747 3999 1933 4041 suum
1973 3998 2179 4050 usum,
2226 3997 2341 4038 nec
2380 3983 2655 4056 potestas
2693 3995 2810 4055 per
2851 3993 3035 4035 suum
3078 3979 3307 4046 actum,

1746 4074 1833 4134 ita
1869 4074 1989 4133 hoc
2028 4072 2309 4132 debitum
2357 4088 2485 4130 non
2526 4070 2751 4131 minuit
2796 4069 3073 4129 divinum
3116 4065 3312 4125 ‹lomi-

1746 4168 1919 4228 nium
1941 4213 1955 4239 ‚
1991 4167 2101 4227 sed
2137 4165 2409 4226 ostendit
2437 4165 2644 4244 potius
2671 4161 3121 4244 perfectionem
3150 4159 3305 4239 ejus.

1831 4418 2014 4482 Sitne
2040 4420 2201 4482 Deus
2230 4419 2457 4574 debito'vl·
2480 4417 2599 4526 sib}
2618 4423 2889 4526 fantum,
2933 4417 3025 4480 vel
3049 4416 3230 4479 etiam

2450 4529 2651 4574 onum.

1831 4723 1930 4782 33.
1977 4720 2339 4802 Aliquorum
2366 4721 2639 4802 loquendi
2665 4721 2893 4784 modus.
2924 4755 3003 4764 -
3031 4717 3316 4781 Auctoris

1748 4815 2066 4879 sententia.
2111 4845 2195 4860 -
2236 4815 2450 4876 Solum
2495 4820 2782 4894 superest
2823 4813 2945 4874 alia
2987 4812 3316 4874 difficultas

1752 4907 2169 4986 expedienda,
2220 4925 2408 4986 quam
2454 4907 2531 4967 de
2584 4907 3065 4968 comminatione
3114 4903 3317 4984 attigi-

1751 5019 1918 5074 mus,
1953 5007 2021 5062 ut
2052 5001 2235 5060 simul
2266 5001 2433 5061 aliud
2463 5000 2786 5061 dubiolum
2819 5000 3101 5062 incidens
3128 4998 3318 5059 resol-

1749 5113 1992 5168 vamus,
2028 5094 2284 5167 scilicet,
2318 5113 2399 5154 an
2431 5113 2507 5156 ex
2535 5096 2595 5155 vi
2620 5095 2808 5174 hujus
2838 5093 3026 5154 debiti
3056 5092 3320 5172 promis-

1753 5189 1945 5248 sionis
1976 5187 2095 5247 dici
2126 5187 2321 5264 possit
2350 5189 2516 5248 Deus
2543 5187 2789 5248 debitor
2810 5186 3069 5258 homini,
3097 5184 3195 5244 vel
3222 5201 3321 5244 so-

1753 5281 1886 5341 lum
1915 5281 2199 5341 absolute
2229 5280 2474 5341 debitor
2498 5327 2514 5351 ,
2564 5299 2675 5340 seu
2705 5281 2793 5358 (ut
2823 5279 2927 5340 alii
2953 5277 3317 5356 loquuntur)

1757 5374 2001 5435 debitor
2042 5373 2180 5433 sibi.
2221 5374 2593 5453 Hujusmodi
2638 5375 2805 5433 enim
2852 5391 2994 5444 vox,
3045 5389 3157 5430 seu
3184 5387 3320 5430 ver-

1754 5467 1904 5528 bum
1936 5466 2210 5528 debendi
2236 5513 2250 5540 ‚
2286 5468 2464 5546 juxta
2494 5467 2797 5526 moralem
2826 5483 3034 5537 usum,
3084 5469 3319 5523 utram-

1757 5577 1880 5638 que
1917 5559 2437 5640 significationem
2475 5577 2617 5619 cum
2660 5557 3041 5638 proprietate
3084 5556 3318 5618 habere
