3850 6225
734 456 906 510 SECT.
942 458 1024 510 vl.
1062 458 1355 521 Quouono
1388 460 1921 516 SArlsFAclssNmm
1955 463 2053 518 SIT
2084 465 2647 530 DIFFICULTATIBUS,
2681 467 2817 520 ETc.

160 551 503 614 voluntatis
531 553 693 633 ejus,
725 555 896 637 quod
930 576 1058 619 non
1086 560 1348 639 impedit
1373 563 1731 642 quominus,

158 662 244 704 ex
287 647 710 727 suppositione
743 651 926 712 unius
954 651 1320 729 voluntatis,
1370 655 1567 716 altera
1593 669 1735 736 pos-

157 735 243 796 sit
281 755 418 800 esse
451 742 830 817 necessaria,
863 744 1049 805 etiam
1079 763 1156 807 ex
1177 765 1321 808 vera
1341 749 1601 827 justitia.
1631 750 1734 811 Al·

155 833 263 889 ter
290 849 514 893 sensus
543 840 672 910 est,
704 835 769 896 id
796 836 998 898 solum
1029 845 1173 900 actu
1201 839 1338 900 fieri
1361 841 1530 919 juste
1560 841 1732 922 quod

153 921 334 984 Deus
355 923 512 999 vult,
546 932 608 988 et
636 927 775 990 ideo
804 929 940 990 fieri
968 931 1138 1009 juste
1167 932 1314 1012 quia
1353 935 1517 1007 vult3
1553 951 1726 1008 nam,

153 1014 309 1076 licet
364 1019 711 1080 secundum
749 1039 886 1083 esse
921 1025 1227 1099 essentiae,
1273 1032 1342 1086 ut
1376 1025 1573 1099 aiunt,
1621 1031 1731 1088 aut

153 1106 225 1166 in
257 1126 398 1170 esse
422 1112 719 1190 possibili,
753 1115 1044 1194 quaedam
1073 1135 1150 1178 ex
1176 1135 1244 1178 se
1274 1125 1419 1180 nota
1445 1119 1570 1180 sint
1593 1119 1726 1180 fieri

144 1201 351 1279 juste,
385 1205 574 1266 etiam
603 1217 638 1268 a
667 1209 821 1285 Deo,
857 1209 1028 1289 prius
1063 1211 1306 1274 ratione
1335 1229 1527 1291 quam
1555 1213 1731 1274 intel·

151 1293 432 1376 ligamus
473 1299 675 1361 Deum
723 1301 884 1364 velle
939 1303 1046 1364 illa
1068 1348 1083 1378 ,
1141 1305 1544 1367 nihilominus
1601 1325 1729 1368 non

150 1395 308 1450 sunt
329 1394 472 1452 actu
493 1393 686 1471 justa,
717 1395 834 1455 nisi
849 1395 998 1473 quia
1025 1397 1192 1458 Deus
1215 1397 1347 1461 vult
1375 1399 1500 1460 illa.
1522 1399 1726 1470 Unde,

149 1480 221 1540 in
270 1483 496 1546 eodem
545 1487 734 1548 etiam
781 1489 1251 1572 proportionato
1301 1509 1493 1554 sensu
1515 1537 1530 1566 ,
1585 1511 1728 1574 quae

147 1573 328 1637 Deus
381 1594 509 1638 non
553 1580 686 1640 vult
720 1599 848 1642 non
905 1589 1051 1645 sunt
1112 1589 1255 1645 actu
1283 1585 1478 1664 justa,
1512 1585 1576 1648 id
1606 1593 1722 1661 est,

148 1685 289 1728 non
321 1673 638 1749 pertinent
685 1673 768 1734 ad
807 1675 1044 1755 justam
1092 1677 1204 1738 Dei
1265 1671 1720 1758 operationem,

147 1762 445 1840 quamvis
473 1783 598 1827 non
629 1773 963 1847 propterea
993 1769 1159 1832 mala
1189 1771 1311 1832 sint
1339 1772 1438 1832 vel
1465 1771 1720 1851 injusta3

147 1871 371 1934 neque
401 1857 568 1918 enim
606 1859 669 1919 id
698 1861 1030 1922 Anselmus
1059 1862 1230 1924 dixit.
1265 1863 1331 1926 Si
1357 1881 1508 1926 vero
1554 1865 1724 1927 locu-

143 1947 360 2012 tiones
409 1948 533 2010 illae
584 1951 939 2016 referantur
976 1955 1058 2016 ad
1099 1973 1250 2030 nos,
1301 1955 1721 2038 intelligendae

145 2047 303 2102 sunt
326 2043 506 2121 juxta
548 2044 862 2126 vulgatam
893 2046 1375 2123 distinctionem,
1410 2057 1474 2112 et
1501 2050 1724 2114 doctri-

141 2149 306 2194 nam
330 2135 814 2217 Theologorum.
855 2139 1010 2200 Nam
1037 2140 1208 2220 quod
1245 2143 1410 2204 Deus
1437 2142 1569 2205 vult
1603 2161 1722 2205 nos

143 2227 350 2302 velle,
389 2229 454 2292 id
499 2232 682 2292 nobis
736 2238 834 2294 est
865 2235 1130 2314 justum,
1185 2243 1248 2298 et
1301 2255 1336 2298 e
1393 2255 1720 2314 converso,

11 2344 37 2365 ν
149 2321 331 2399 quod
359 2341 488 2384 non
515 2325 646 2386 vult
675 2343 788 2387 nos
817 2327 1001 2403 velle,
1041 2346 1169 2389 non
1217 2335 1314 2391 est
1337 2331 1622 2410 positive,
1654 2337 1724 2395 ut

151 2414 246 2476 ita
279 2416 485 2479 dicam
509 2464 525 2492 ,
561 2419 840 2498 justum;
874 2423 1160 2500 quamvis
1197 2424 1262 2484 in
1318 2425 1434 2485 hoc
1466 2425 1720 2512 praecise

147 2527 288 2572 non
320 2511 398 2572 sit
419 2515 726 2578 contrarie
769 2503 882 2578 seu
909 2517 1210 2599 privative
1242 2517 1570 2598 injustum,
1599 2518 1720 2582 nisi

149 2603 350 2666 etiam
375 2607 544 2668 Deus
568 2609 828 2694 positive
865 2610 1017 2672 velit
1057 2629 1176 2673 nos
1214 2611 1318 2672 ina
1361 2631 1489 2673 non
1531 2613 1712 2674 velle.

149 2696 284 2758 Sed
311 2698 444 2760 haec
469 2707 532 2762 et
559 2701 783 2764 similia
808 2704 1047 2778 omitto,
1071 2703 1216 2784 quia
1243 2705 1325 2765 ad
1345 2711 1718 2784 praesentem

147 2807 414 2852 causam
459 2812 588 2855 non
631 2796 948 2874 referunt,
993 2799 1325 2878 solumque
1361 2805 1526 2861 tacta
1573 2805 1719 2862 sunt

146 2891 414 2964 propter
437 2887 909 2970 intelligentiam
940 2891 1241 2966 Anselmi,
1288 2897 1352 2953 et
1377 2896 1448 2953 ut
1476 2897 1719 2956 constet

145 2976 332 3038 illum
365 2997 494 3040 non
549 2983 718 3062 loqui
761 2984 842 3046 de
887 2984 1140 3065 speciali
1161 2985 1430 3063 justitia,
1478 2987 1592 3048 sed
1635 2986 1716 3048 de

145 3073 648 3149 generalissima.

231 3168 292 3227 6.
326 3166 424 3229 Ad
445 3169 753 3231 rationem
773 3171 838 3233 in
860 3171 964 3233 illa
989 3173 1192 3253 prima
1209 3172 1568 3235 difficultate
1592 3178 1718 3234 tac-

141 3261 305 3331 tam,
337 3262 505 3340 quod
553 3262 834 3329 debitum
870 3266 1128 3347 justitiae
1180 3267 1442 3331 includit
1490 3267 1719 3347 imper-

139 3350 507 3429 fectionem,
540 3358 675 3437 jam
727 3377 894 3439 saepe
921 3378 1294 3442 responsum
1323 3368 1418 3425 est
1461 3361 1527 3422 in
1573 3360 1716 3423 doc—

139 3443 313 3504 trina
343 3450 629 3527 superius
653 3452 915 3526 tradita,
941 3453 1303 3534 simpliciter
1327 3454 1494 3516 enim
1525 3472 1716 3533 nega-

140 3538 251 3595 tur
280 3547 692 3619 assumptum,
725 3543 1041 3624 loquendo
1087 3547 1166 3609 de
1211 3547 1422 3609 debito
1456 3564 1717 3627 genera-

136 3628 258 3689 tim
291 3637 352 3692 et
398 3632 733 3713 abstracte,
765 3639 924 3700 sicut
953 3645 1016 3701 et
1041 3638 1120 3701 de
1138 3640 1398 3720 justitia.
1439 3640 1556 3701 Vel
1585 3657 1716 3701 ma·

132 3722 297 3801 joris
328 3724 623 3789 claritatis
652 3730 850 3810 gratia
874 3730 1324 3811 distinguatur;
1360 3750 1510 3793 nam
1538 3732 1715 3793 debi-

135 3821 305 3891 tum,
337 3819 506 3897 quod
534 3824 790 3883 omnino
820 3830 1024 3904 potest
1065 3824 1147 3886 ab
1175 3826 1522 3887 extrinseco
1568 3841 1712 3904 pro-

115 3909 384 3981 'venire,
415 3916 477 3972 et
505 3914 663 3975 tollit
687 3918 942 3979 omnino
970 3917 1318 3979 dominium
1345 3918 1460 3993 rei,
1499 3917 1600 3977 vel
1629 3916 1711 3977 ad

139 4000 284 4079 ejus
310 4006 648 4067 carentiam
676 4026 790 4069 seu
815 4010 1226 4088 privationem
1256 4010 1513 4091 obligat,
1562 4008 1712 4070 dicit

135 4093 715 4173 imperfectionem3
759 4101 1039 4163 debitum
1095 4109 1332 4178 autem,
1387 4102 1558 4183 quod
1601 4120 1709 4183 po·

133 4193 265 4250 test
301 4190 446 4251 oriri
489 4210 566 4253 ex
595 4193 1021 4274 suppositione
1050 4198 1318 4275 propriae
1345 4198 1702 4271 voluntatis,

137 4288 206 4343 et
233 4302 363 4343 non
397 4282 630 4365 obligat
659 4286 742 4347 ad
788 4288 1199 4367 privationem
1230 4292 1466 4369 proprii
1506 4290 1708 4352 domi-

135 4374 250 4452 nii,
283 4376 396 4437 sed
421 4378 625 4438 solum
655 4378 738 4439 ad
780 4379 1410 4443 communicationem
1439 4382 1530 4443 rei
1562 4400 1709 4461 pro-

133 4468 315 4545 priae,
349 4470 484 4549 ejus
515 4469 792 4533 dominio
817 4478 1085 4547 retento,
1135 4474 1372 4535 nullam
1416 4474 1564 4536 dicit
1591 4474 1708 4532 im-

134 4561 610 4637 perfectionem,
629 4564 740 4625 sed
763 4566 970 4645 potius
988 4565 1136 4627 dicit
1150 4566 1498 4645 perfectum
1520 4583 1706 4628 usum

133 4654 534 4733 propriorum
557 4655 869 4718 bonorum
895 4676 1040 4719 cum
1063 4658 1566 4721 immutabilitate
1593 4676 1706 4720 vo-

133 4746 416 4807 luntatiS.
460 4749 536 4809 Et
581 4749 701 4811 hoc
728 4767 930 4828 genus
957 4749 1148 4813 debiti
1182 4758 1390 4832 potest
1417 4750 1702 4813 sufficere

135 4840 222 4901 ad
263 4858 475 4901 veram
510 4841 816 4921 justitiam
859 4845 994 4919 Dei,
1043 4851 1114 4907 ut
1161 4845 1226 4907 in
1275 4845 1702 4925 superioribus

137 4932 527 4995 declaratum
545 4941 658 4996 est.
680 4935 858 5007 Quod
873 4956 1022 5001 vero
1039 4938 1260 5001 Scotus
1289 4939 1516 5015 aiebat,
1547 4938 1703 5001 divi-

53 5070 60 5077 .
133 5042 282 5085 nam
305 5025 691 5091 voluntatem
723 5035 898 5092 extra
927 5049 996 5093 se
1017 5048 1156 5093 esse
1177 5033 1433 5095 omnino
1460 5032 1710 5094 indiffe-

133 5123 405 5193 rentem,
439 5126 500 5181 et
527 5122 671 5184 ideo
699 5123 783 5184 ad
813 5124 970 5185 nihil
994 5124 1397 5187 determinari
1422 5144 1500 5187 ex
1519 5126 1706 5206 justi-

136 5212 246 5285 tia,
273 5213 393 5274 nisi
420 5212 502 5274 ad
528 5214 595 5275 id
623 5215 797 5295 quod
822 5215 1006 5279 decet
1032 5218 1308 5279 divinam
1333 5216 1700 5290 bonitatem,

135 5306 424 5367 absolute
447 5324 666 5369 verum
700 5312 824 5381 est3
876 5308 1031 5370 nihil
1069 5316 1282 5371 tamen
1313 5322 1528 5371 contra
1559 5328 1698 5383 neS,

138 5406 254 5460 aut
285 5406 504 5461 contra
547 5419 764 5463 veram
801 5402 1106 5481 justitiam
1143 5402 1476 5465 concludit.
1521 5402 1708 5463 Recte

138 5500 358 5553 tamen
411 5492 559 5554 inde
601 5494 866 5555 infertur
905 5496 1176 5574 primum
1225 5502 1434 5558 actum
1483 5494 1706 5557 divinae

137 5586 484 5647 voluntatis
511 5587 746 5663 (nostro
785 5588 975 5648 modo
1019 5590 1362 5669 loquendi),
1394 5589 1556 5651 circa
1601 5589 1710 5651 bo-

3261 465 3382 529 579

1815 582 1971 625 num
2014 565 2603 628 communicandum
2649 573 2973 643 creaturae,
3023 586 3151 631 non
3195 589 3382 651 posse

1816 675 1958 719 esse
2001 658 2272 737 justitiae.
2324 659 2736 722 Nihilominus
2764 665 2999 734 tamen,
3036 679 3113 724 ex
3154 681 3383 745 suppo·

1815 751 2041 813 sitione
2086 751 2275 814 unius
2326 759 2524 828 actus,
2576 758 2784 832 potest
2834 753 3122 822 ,voluntas
3171 755 3380 818 divina

1813 845 2169 904 necessario
2210 845 2615 906 determinari
2650 846 2731 907 ad
2755 845 2978 921 alium;
3014 847 3118 924 ita,
3154 867 3381 930 suppo·

1811 936 1927 997 sita
1956 935 2273 997 voluntate
2302 937 2662 1011 miserendi,
2695 957 2809 999 seu
2836 938 3293 1020 benefaciendi,
3318 948 3381 1004 et

1812 1029 2105 1108 adjuncta
2129 1029 2565 1108 promissione,
2589 1049 2701 1092 seu
2724 1040 2909 1112 pacto
2926 1049 3067 1094 cum
3089 1035 3379 1096 omnibus

1807 1121 2266 1182 conditionibus
2294 1122 2629 1201 requisitis,
2662 1129 2868 1203 potest
2900 1124 2983 1185 ad
3030 1143 3253 1188 verum
3279 1146 3379 1190 ac-

1809 1220 1943 1274 tum
1962 1215 2221 1293 justitiae
2250 1213 2675 1276 determinari.

2120 1469 2417 1538 Seoaemdae
2446 1473 2799 1555 difficultati
2816 1473 3065 1556 satisfit.

1889 1686 1949 1744 7.
1971 1681 2077 1746 Aa
2090 1686 2363 1766 primam
2388 1687 3082 1752 rationem—Secunda
3118 1690 3376 1754 difficul-

1805 1780 1902 1837 tas
1934 1782 2067 1837 erat
2092 1785 2171 1838 de
2216 1778 2459 1857 justitia
2482 1769 2967 1856 'commutativm
2995 1782 3159 1844 circa
3182 1799 3375 1862 quam

1805 1867 2033 1928 iterum
2051 1867 2399 1932 inculcatur
2422 1873 2757 1934 auctoritas
2776 1875 3261 1954 Theologorum,
3294 1875 3374 1938 de

1805 1977 1933 2039 qua
1956 1960 2107 2021 satis
2136 1967 2231 2024 est
2259 1963 2515 2025 dictum.
2550 1963 2648 2024 Ad
2674 1965 2985 2027 rationem
3012 1973 3223 2028 autem
3253 1967 3377 2047 pri-

1801 2071 1998 2125 mam,
2032 2071 2173 2133 qute
2202 2061 2355 2131 erat,
2390 2056 2560 2135 quod
2590 2057 2752 2119 inter
2774 2077 2889 2120 nos
2916 2064 2995 2121 'et
3020 2060 3219 2122 Deum
3245 2078 3374 2122 non

1801 2151 2011 2227 potest
2036 2165 2177 2209 esse
2208 2151 2635 2224 commutatio,
2668 2151 2813 2230 quia
2842 2152 3008 2213 Dens
3030 2153 3184 2214 nihil
3212 2153 3376 2215 acci-

1802 2240 1959 2319 pita
1985 2240 2189 2313 nobiS‚
2224 2242 2703 2322 respondemus,
2750 2262 2829 2306 ex
2858 2244 3035 2307 dictis
3080 2246 3145 2306 in
3188 2263 3375 2326 supe-

1802 2333 2092 2407 rioribus,
2130 2335 2281 2394 nihil
2308 2335 2565 2414 quidem
2598 2355 2633 2398 a
2657 2338 2840 2398 nobis
2864 2339 3174 2418 accipere,
3203 2338 3375 2419 quod

1804 2427 1860 2488 ei
1901 2427 1980 2488 sit
2022 2429 2171 2489 utile
2202 2436 2310 2491 aut
2356 2431 2792 2506 commodum;
2836 2432 3241 2495 nihilominus
3283 2441 3377 2496 ta·
3468 2457 3477 2462 ·

1799 2537 1951 2582 men
1973 2519 2035 2580 id
2056 2522 2364 2602 accipere,
2390 2523 2559 2602 quod
2582 2542 2619 2584 a
2646 2525 2827 2586 nobis
2844 2525 3055 2605 exigit,
3080 2525 3403 2588 obedien-'

1798 2613 1953 2676 tiam
1987 2614 2219 2676 scilicet
2244 2622 2305 2676 et
2329 2615 2738 2696 obsequium;
2772 2615 2941 2696 quod
2970 2619 3115 2680 licet
3144 2619 3374 2680 utilita-

1797 2711 1926 2768 tem
1956 2706 2172 2770 einen
2221 2707 2463 2782 afferat,
2512 2708 2592 2770 ad
2640 2709 2945 2770 honorem
2984 2717 3197 2773 tamen
3234 2713 3371 2791 ejus

1798 2802 2092 2881 pertinet,
2149 2807 2211 2864 et
2262 2802 2381 2864 hoc
2412 2803 2564 2864 satis
2595 2809 2690 2864 est
2746 2810 2812 2865 ut
2860 2803 2941 2865 sit
2968 2807 3369 2868 commutatio

1798 2894 2010 2973 aliqua
2032 2894 2195 2956 inter
2214 2895 2505 2956 meritum
2532 2895 2702 2974 apud
2722 2895 2925 2975 ipsum
2956 2905 3017 2958 et
3041 2899 3371 2976 praemium

1798 2987 2034 3066 abipso
2060 2985 2380 3062 collatum,
2410 2994 2472 3050 et
2493 2987 2658 3050 inter
2688 2987 3171 3051 satisfactionem
3200 2991 3369 3052 exhi-

1797 3079 1995 3141 bitam
2015 3085 2077 3141 et
2101 3079 2535 3142 remissionem
2553 3097 2781 3161 poenae.
2810 3084 3011 3161 Atque
3037 3083 3157 3145 hoc
3178 3083 3369 3147 etiam

1798 3172 2025 3234 sufficit
2070 3173 2152 3234 ad
2177 3172 2487 3235 rat-ionem
2532 3172 2661 3236 dati
2704 3180 2766 3236 et
2794 3176 3029 3255 accepti
3058 3176 3367 3239 abstracte

1797 3266 2051 3347 sumpti,
2098 3272 2159 3327 et
2191 3266 2325 3328 sine
2353 3264 2826 3345 imperfectione
2858 3286 2935 3330 ex
2986 3274 3163 3347 parte
3206 3270 3369 3343 acci-

1795 3360 2045 3441 pientis.
2078 3360 2293 3437 Neque
2333 3358 2501 3419 enim
2532 3376 2789 3421 necesse
2825 3368 2921 3421 est
2967 3361 3104 3423 haec
3144 3362 3366 3423 limita·

1793 3471 1888 3528 re,
1915 3458 1981 3515 et
2006 3450 2414 3513 materialiter
2434 3450 2526 3527 (ut
2555 3452 2639 3512 ita
2672 3452 2903 3532 dicam)
2933 3460 3253 3517 coarctare
3281 3454 3363 3515 ad

1797 3562 2052 3607 omnem
2073 3543 2330 3605 modum
2356 3546 2419 3604 et
2438 3542 2971 3623 imperfectionem
2993 3546 3358 3608 humanam.

1797 3638 1977 3710 Quod
2004 3637 2052 3699 si
2078 3638 2162 3699 ita
2190 3637 2544 3717 loquamur,
2576 3636 2657 3697 ad
2687 3654 3004 3698 summum
3034 3637 3365 3700 conclude-

1793 3748 1939 3791 mus
1972 3748 2101 3791 uon
2153 3747 2291 3791 esse
2338 3730 2401 3789 in
2439 3728 2569 3789 Deo
2620 3730 2927 3809 justitiam
2976 3730 3363 3791 commutati-

1789 3839 1936 3883 vam
1979 3823 2225 3883 civilem
2262 3840 2375 3883 seu
2417 3823 2757 3883 humanam
2782 3868 2798 3897 ,
2846 3840 2974 3883 non
3006 3840 3155 3884 vero
3193 3822 3361 3902 quod

1795 3914 1963 3975 nulla
1988 3914 2247 3976 omnino
2272 3914 2371 3988 sit,
2405 3932 2549 3975 curn
2574 3932 2641 3977 ra
2651 3916 2732 3976 tio
2754 3916 2889 3995 ejus
2916 3914 3197 3977 formalis
3220 3916 3359 3977 abs-

1789 4007 2045 4068 tractior
2089 4006 2331 4085 concipi
2371 4006 2589 4086 possit,
2623 4014 2685 4069 et
2711 4008 2845 4070 sine
2876 4007 3002 4069 ulla
3030 4007 3359 4089 imperfec-

1791 4099 1985 4161 tione.

1870 4192 1930 4252 8.
1950 4190 2052 4255 Aa
2074 4192 2605 4255 eamdam—Ad
2629 4193 2971 4256 secundam
2988 4210 3139 4255 vero
3166 4193 3355 4255 ratio-

1787 4302 1935 4347 nem
1963 4284 2263 4357 Durandi,
2310 4285 2479 4363 quod
2508 4286 2638 4346 Deo
2683 4304 2810 4346 non
2838 4304 3174 4366 possumus
3212 4286 3355 4347 red·

1789 4378 1939 4439 dere
1968 4376 2235 4457 aequale,
2272 4376 2709 4455 respondetur,
2738 4378 2941 4439 solum
2978 4375 3351 4441 concludere

1787 4487 1996 4550 neque
2026 4472 2192 4532 inter
2234 4487 2351 4531 nos
2403 4476 2465 4531 et
2500 4471 2699 4531 Deum
2742 4470 3077 4549 (Chi-istum
3104 4488 3352 4550 semper

1789 4564 2052 4645 excipio)
2078 4582 2264 4644 posse
2306 4582 2445 4625 esse
2472 4564 2777 4644 justitiam
2811 4564 3181 4644 rigorosam,
3213 4580 3352 4642 quae

1786 4657 2053 4737 gratiam
2079 4657 2357 4736 aliquam
2397 4664 2459 4719 et
2508 4657 2942 4719 remissionem
2986 4656 3169 4717 nobis
3222 4656 3352 4715 fac-

1783 4754 1914 4810 tam
1964 4767 2095 4810 non
2146 4756 2621 4829 praesupponat3
2678 4768 2887 4830 neque
2926 4748 3115 4811 etiam
3164 4766 3349 4829 posse

1783 4862 1900 4905 nos
1925 4862 2003 4905 ex
2046 4843 2228 4905 nobis
2268 4845 2471 4904 Deum
2517 4844 2795 4922 obligare
2818 4840 2913 4904 'ad
2955 4842 3351 4904 reddendum

1781 4936 2138 5016 praemium,
2178 4935 2292 4996 nisi
2324 4936 2387 4995 in
2411 4935 2469 4995 vi
2500 4936 2665 5015 pacti
2711 4941 2772 4997 et
2811 4936 2985 4997 verbi
3014 4936 3174 5015 ejus.
3210 4936 3351 4997 Non

1783 5034 1997 5091 tamen
2026 5028 2251 5108 probat
2278 5028 2380 5089 illa
2414 5029 2595 5103 ratiO,
2622 5028 2793 5107 quod
2817 5047 2895 5090 ex
2922 5028 3349 5108 suppositione

1785 5120 2038 5203 gratuiti
2074 5119 2223 5182 doni
2251 5126 2313 5181 et
2338 5122 2522 5200 pacti,
2552 5121 2748 5201 possit
2774 5120 2839 5181 in
2863 5121 3047 5182 nobis
3069 5139 3207 5183 esse
3236 5138 3350 5183 ve-

1783 5233 1856 5276 ra
1877 5214 2121 5295 justitia
2146 5221 2435 5293 respectu
2458 5214 2606 5288 Dei;
2650 5214 2799 5293 quia
2825 5217 2977 5276 tunc
3015 5233 3349 5295 possumus

1788 5307 2057 5369 reddere
2100 5325 2213 5368 seu
2253 5306 2499 5369 efficere
2537 5306 2771 5387 aliquid
2802 5307 3044 5387 aequale
3088 5307 3347 5387 praemio

1790 5401 2115 5464 reddendo
2149 5420 2164 5462 :
2202 5420 2321 5463 nec
2356 5410 2506 5463 tunc
2555 5402 2907 5482 obligamur
2950 5402 3031 5464 ad
3076 5401 3351 5464 efficien-

1790 5494 1941 5555 dum
1984 5494 2139 5554 illud
2185 5512 2342 5574 opus
2390 5494 2454 5555 in
2493 5494 2830 5574 gratiarum
2870 5496 3179 5556 actionem
3210 5514 3350 5574 pro·

1793 5593 1935 5667 pter
1956 5587 2331 5649 beneficium
2360 5594 2705 5667 acceptum.
2740 5588 2894 5661 Imo,
2925 5587 3069 5648 licet
3092 5586 3208 5649 sub
3234 5589 3351 5651 hac
