3850 6225
551 352 671 417 370

556 476 747 520 sensu
789 476 942 521 vere
987 459 1350 539 loquuntur,
1381 464 1488 543 qui
1529 464 1746 526 dicunt
1775 464 1979 526 Deum
2021 484 2127 527 co-

555 570 860 632 gnoscere
892 553 1030 614 haec
1057 555 1268 617 omnia
1293 574 1407 635 per
1447 575 1593 619 suas
1631 558 1908 619 rationes
1946 561 2127 620 aeter-

553 662 691 713 nas,
726 650 786 706 et
834 662 912 706 ex
954 646 1016 707 vi
1053 664 1292 709 earum.
1325 650 1486 713 Vere
1523 650 1712 711 etiam
1754 650 1875 711 dici
1917 654 2125 729 potest

557 739 880 801 scientiam
931 739 1064 814 Dei,
1097 758 1175 802 ex
1201 742 1260 803 vi
1291 760 1418 805 suae
1463 741 1827 805 aeternitatis
1869 742 1950 803 ad
1988 743 2123 803 haec

555 832 768 893 omnia
797 834 1232 913 cognoscenda
1255 835 1525 909 extendi,
1552 834 1874 915 quiaillud
1900 836 2125 895 immu-

552 926 745 987 tabile
770 927 1075 1006 judicium
1101 929 1213 990 Dei
1250 930 1373 991 tale
1404 936 1519 1003 est,
1547 933 1768 991 utnon
1797 928 1999 991 solum
2030 934 2124 990 at-

555 1020 754 1098 tingat
795 1020 1096 1099 quidquid
1137 1020 1416 1083 futurum
1463 1029 1559 1085 est
1597 1022 1664 1083 in
1693 1021 1902 1101 aliqua
1944 1020 2124 1083 diffe-

555 1114 756 1175 rentia
814 1114 1114 1192 temporis
1161 1116 1413 1177 realiter
1464 1115 1676 1177 futura
1698 1160 1714 1190 ,
1769 1113 1884 1176 sed
1935 1115 2123 1175 etiam

555 1206 854 1286 quidquid
897 1206 1174 1267 futurum
1218 1214 1384 1271 esset
1410 1209 1476 1270 in
1509 1225 1903 1289 quacumque
1944 1206 2127 1269 diffe-

552 1300 755 1361 rentia
792 1300 1092 1377 temporis
1137 1300 1472 1379 possibilia,
1524 1302 1575 1362 si
1613 1301 1780 1362 Deus
1823 1300 2123 1362 voluisset

557 1410 770 1453 creare
811 1392 984 1453 illud.
1029 1394 1120 1453 Ex
1147 1400 1323 1473 parte
1351 1400 1566 1456 autem
1599 1394 1850 1474 objecti,
1881 1413 1996 1455 seu
2029 1393 2122 1457 rei

555 1487 1028 1567 cognoscendae,
1059 1505 1267 1567 neque
1312 1492 1557 1568 oportet
1595 1494 1666 1549 ut
1702 1486 1959 1567 aliquod
1992 1505 2123 1551 me-

553 1582 726 1642 dium
751 1582 1116 1657 intercedat,
1140 1582 1286 1663 quia
1311 1584 1540 1645 veritas
1564 1582 1700 1661 ipsa
1719 1581 1784 1643 in
1805 1600 1872 1661 se
1899 1588 1963 1645 et
1986 1584 2121 1645 sine

553 1678 675 1739 alio
717 1674 927 1737 medio
973 1675 1218 1737 videtur
1245 1694 1284 1737 a
1331 1676 1496 1749 Deo;
1529 1676 1676 1755 quia
1705 1676 1950 1736 nullum
1991 1693 2122 1739 me-

551 1771 724 1833 dium
762 1768 975 1842 habet,
1009 1775 1072 1831 et
1107 1768 1604 1851 unumquodque
1646 1768 2044 1849 cognoscitur
2082 1786 2121 1830 a

549 1865 684 1925 Deo
713 1864 872 1924 sicut
900 1868 1023 1935 est;
1053 1881 1259 1942 neque
1291 1864 1482 1924 etiam
1505 1861 1766 1941 requirit
1795 1862 2119 1923 entitatem

552 1959 829 2039 aliquam
857 1957 1115 2041 realem,
1137 1963 1368 2037 praeter
1395 1974 1538 2018 eam
1566 1972 1758 2035 quam
1787 1954 1979 2018 habet
2008 1955 2119 2017 ob-

544 2053 774 2135 jective
798 2052 861 2111 in
901 2050 1220 2113 intellectu
1245 2050 1488 2125 divin03
1518 2050 1691 2130 quia,
1717 2055 1788 2111 ut
1813 2048 1960 2124 dixi,
1988 2065 2118 2110 non

551 2138 863 2207 concurrit
897 2143 978 2204 ad
1004 2144 1174 2205 illam
1199 2144 1620 2221 cognitionem
1646 2150 1718 2205 ut
1739 2142 2119 2223 principium

552 2240 710 2319 ejus,
751 2236 864 2297 sed
909 2254 1083 2298 mere
1125 2236 1555 2311 terminando;
1601 2242 1664 2297 et
1705 2236 1786 2297 ad
1827 2235 1948 2297 hoc
1988 2252 2117 2297 non

549 2332 885 2411 requiritur
912 2330 1170 2391 actualis
1199 2330 1548 2404 existentia,
1577 2330 1630 2390 si
1657 2329 1887 2411 alioqui
1919 2330 1985 2390 in
2012 2347 2119 2391 co-

551 2430 890 2505 gnoscente
937 2422 1014 2484 sit
1059 2422 1376 2485 sufficiens
1417 2424 1612 2484 virtus
1640 2429 1702 2484 et
1743 2423 2117 2503 principium

549 2519 691 2579 talis
718 2517 1106 2597 cognitionis.

629 2612 727 2673 16.
754 2609 931 2673 Unde
955 2610 1156 2671 obiter
1174 2616 1416 2672 constat
1437 2608 1641 2691 (quod
1663 2610 1929 2671 multum
1954 2608 2119 2669 hanc

549 2704 924 2767 sententiam
949 2702 1306 2782 confirmat)
1330 2703 1462 2765 fere
1487 2722 1616 2764 non
1641 2722 1780 2765 esse
1809 2703 2117 2781 majorem

549 2798 973 2861 difficultatem
1001 2798 1066 2857 in
1097 2794 1215 2857 hac
1238 2796 1494 2857 scientia
1521 2796 2113 2869 conditionatorum,

547 2908 739 2971 quam
792 2888 1218 2950 absolutorum
1273 2889 1804 2969 contingentium,
1861 2888 2009 2968 quia
2050 2887 2117 2947 in

549 2987 826 3064 utrisque
867 2984 1265 3063 cognoscitur
1284 2985 1512 3045 veritas
1553 2984 1838 3058 rei,licet
1865 2982 1931 3043 in
1974 3001 2117 3044 cau-

548 3081 633 3142 sis
661 3080 791 3142 suis
819 3077 1104 3140 videatur
1127 3096 1264 3140 esse
1292 3078 1798 3152 indeterminata,
1824 3082 1951 3138 eta
1974 3095 2117 3157 par-

547 3181 608 3236 te
637 3173 732 3234 rei
759 3171 1042 3233 nondum
1063 3172 1315 3244 existat3
1343 3171 1740 3251 cognoscitur
1762 3176 1975 3232 autem
2003 3188 2120 3250 per

549 3265 1045 3327 conformitatem
1103 3269 1163 3327 et
1222 3265 1752 3343 comparationem
1807 3262 1890 3324 ad
1944 3281 2111 3337 rem,

547 3363 734 3440 prout
761 3358 824 3417 in
854 3357 960 3418 tali
989 3362 1270 3436 tempore
1304 3362 1366 3418 et
1391 3355 1578 3418 modo
1605 3357 1847 3428 existet,
1878 3355 1977 3416 vel
2008 3355 2115 3414 ab·

549 3454 773 3525 solute,
800 3450 900 3512 vel
927 3450 1045 3511 sub
1071 3450 1456 3524 conditione3
1492 3468 1642 3530 ergo
1673 3450 1931 3511 scientia
1960 3447 2115 3509 divi-

441 3597 456 3614 .
547 3565 628 3606 na
670 3545 754 3606 ad
800 3562 1020 3604 omnes
1065 3545 1180 3604 has
1217 3545 1510 3606 veritates
1549 3543 1904 3606 extenditur
1944 3561 2021 3604 ex
2052 3543 2112 3603 vi

548 3659 676 3700 suae
699 3638 954 3700 infinitae
976 3637 1573 3717 comprehensionis,
1593 3639 1720 3699 Nec
1734 3637 1924 3698 refert
1946 3635 2115 3714 quod

547 3751 650 3794 res
699 3730 981 3792 absolute
1036 3730 1242 3792 futura
1293 3731 1630 3810 aliquando
1684 3730 1975 3791 habitura
2036 3729 2117 3792 sit

547 3824 784 3888 realem
823 3824 1234 3897 existentiam,
1267 3843 1396 3885 non
1421 3842 1572 3886 vero
1611 3841 1716 3886 res
1742 3825 1860 3886 suh
1897 3821 2115 3885 condi-

547 3920 714 3980 tione
743 3920 986 3979 'tantum
1019 3917 1369 3998 proposita;
1394 3917 1542 3998 quia
1571 3917 1677 3978 illa
1721 3917 1910 3978 realis
1950 3915 2115 3978 exis-

547 4015 744 4075 tentia
774 4031 919 4075 vere
949 4029 1078 4073 uon
1107 4017 1222 4086 est,
1254 4019 1604 4092 antequam·
1618 4011 1684 4071 in
1715 4011 1969 4091 propria
1998 4010 2115 4072 du·-

546 4107 786 4168 ratione
809 4111 870 4166 et
895 4123 1190 4166 mensura
1217 4123 1320 4166 res
1345 4105 1749 4186 producatur,
1773 4104 1886 4166 sed
1907 4104 2115 4164 solum

546 4217 662 4278 per
713 4198 998 4260 ordinem
1039 4196 1121 4258 ad
1166 4197 1335 4258 illam
1383 4197 1724 4278 propositio
1765 4197 1844 4258 de
1899 4196 2111 4259 futuro

547 4293 736 4354 habet
773 4291 1120 4365 veritatem,
1153 4297 1215 4352 et
1253 4291 1498 4352 divinus
1537 4291 1796 4352 intuitus
1840 4294 2114 4351 aeternus

545 4386 786 4446 ratione
813 4402 939 4445 suae
958 4383 1390 4446 immensitatis
1409 4384 1492 4446 ad
1513 4385 1687 4444 illam
1715 4383 2111 4457 terminatur,

547 4497 621 4540 ac
651 4479 702 4540 si
723 4479 857 4558 Jam
883 4495 1030 4538 vere
1055 4478 1368 4540 existeret.
1399 4479 1500 4540 Sic
1527 4496 1676 4558 ergo
1701 4478 1768 4538 in
1794 4477 2108 4557 proesenti,

545 4572 690 4633 licet
717 4590 818 4632 res
847 4575 992 4632 actu
1023 4587 1151 4632 non
1194 4572 1438 4646 existat,
1472 4590 1592 4633 nec
1631 4571 1915 4632 absolute
1958 4570 2114 4632 exti-

545 4671 686 4726 tura
715 4665 814 4738 sit,
842 4663 1184 4743 propositio
1223 4666 1646 4727 conditionata
1673 4665 1864 4726 habet
1888 4663 2113 4726 verita·

545 4761 674 4819 tem
704 4775 816 4836 per
843 4755 1274 4818 habitudinem
1310 4763 1374 4821 et
1399 4758 1899 4820 conformitatem
1931 4758 2013 4819 ad
2039 4757 2112 4818 il-

543 4851 672 4912 lam
703 4851 818 4911 sub
843 4851 1174 4913 existentia
1195 4853 1655 4932 apprehensam
1683 4870 1830 4914 cum
1851 4851 2113 4932 praedic-

545 4949 610 5005 ta
638 4943 1021 5018 conditione;
1047 4950 1111 5006 et
1133 4944 1378 5006 divinus
1401 4945 1686 5022 intuitus,
1707 4946 1950 5008 ratione
1981 4962 2111 5006 suae

544 5037 886 5112 infinitatis,
921 5037 1170 5098 extendi
1216 5039 1444 5118 poterit
1483 5039 1566 5099 ad
1593 5039 1933 5102 videndum
1962 5037 2115 5118 quid

545 5131 652 5192 tali
689 5131 780 5192 rei
823 5131 961 5210 conj
971 5139 1332 5210 ungeretur,
1357 5139 1466 5192 aut
1489 5131 1640 5212 quid
1663 5133 1744 5194 ab
1771 5133 1878 5194 illa
1905 5131 2113 5212 prodi-

543 5230 662 5300 ret,
704 5225 758 5286 si
797 5225 902 5286 tali
937 5223 1128 5286 modo
1171 5225 1672 5287 constitueretur.
1717 5225 1826 5286 Est
1867 5243 2017 5302 ergo
2046 5223 2111 5286 in

543 5317 642 5380 his
669 5317 892 5380 tuturis
932 5317 1223 5378 omnibus
1253 5317 1422 5380 idem
1459 5317 1831 5397 cognitionis
1857 5317 2105 5378 modus.

1201 5517 1458 5538 ο*-

1058 348 1270 414 opusc.
1307 350 1369 425 11,
1405 362 1521 417 ua.
1559 352 1618 417 u.
1656 352 1738 417 br.
1769 352 2055 417 summu
2086 355 2545 423 οοΝοῐτιοΝΑτΑ
2582 360 2807 423 rufus.
2844 359 3251 423 commeant.

2788 604 3039 667 CAPUT
3077 602 3233 664 VIII.

2202 834 2471 889 ououom
2502 833 2830 881 coenosum·
2856 833 3007 880 DBUS
3032 832 3163 879 m
3188 830 3432 878 turm
3458 830 3519 875 11*
3544 831 3729 878 mtclut-

2519 927 2615 973 'ns
2642 927 2863 973 ulmus
2892 926 3017 973 SUB
3048 923 3446 972 vomtt‘rans,
3789 914 3790 929 ¹

2284 1127 2342 1186 1.
2388 1124 2535 1196 Quae
2564 1125 2869 1187 hactenus
2900 1122 3167 1185 diximus
3205 1120 3522 1201 praecipue.
3550 1139 3729 1199 proce-

2202 1217 2359 1281 dunt
2390 1217 2469 1279 de
2490 1218 2732 1279 actibus
2756 1217 3092 1299 voluntatis
3110 1220 3365 1287 creatae,
3390 1213 3495 1291 qui
3521 1218 3724 1292 proprie
3789 1232 3790 1287 j

2200 1310 2393 1373 futuri
2422 1316 2594 1384 sunt3
2620 1310 2685 1372 in
2708 1310 2835 1373 Deo
2858 1309 3051 1385 enim,
3074 1314 3331 1388 propter
3358 1306 3723 1367 aeternitatem
3789 1312 3790 1319 ’

2204 1411 2267 1468 et
2297 1405 2757 1486 simplicitatem
2776 1421 2980 1477 suam,
3002 1402 3157 1464 nihil
3184 1401 3439 1463 videtur
3466 1419 3595 1462 esse
3617 1421 3725 1479 pro-
3789 1406 3790 1409 ’

2202 1499 2335 1579 prie
2362 1498 2664 1569 futurum,
2688 1496 2832 1559 licet
2866 1514 2983 1557 nos
3010 1496 3095 1557 ita
3122 1495 3485 1574 loquamur,
3506 1494 3635 1573 quia
3658 1494 3725 1553 di·
3789 1522 3790 1525 ¹

2200 1594 2379 1655 vinas
2402 1609 2505 1653 res
2526 1591 2609 1653 ad
2629 1590 2888 1653 modum
2912 1594 3267 1651 creatarum
3288 1586 3655 1666 concipimus
3677 1596 3721 1648 et
3789 1652 3790 1661 χ

2202 1687 2614 1750 declaramus.
2654 1686 2729 1747 Et
2762 1683 3021 1765 quidem
3053 1681 3135 1743 ad
3165 1680 3577 1743 intentionem
3598 1698 3721 1759 prae-

2201 1782 2393 1844 sentis
2423 1780 2631 1860 operis
2672 1778 2957 1839 sufficere
2997 1773 3383 1837 videbuntur
3410 1792 3487 1835 ea
3522 1792 3643 1853 quae
3664 1774 3721 1835 de

2200 1875 2457 1937 scientia
2518 1874 2747 1934 horum
2802 1870 3156 1933 futurorum
3215 1869 3283 1929 in
3346 1867 3723 1929 voluntatibus

2198 1968 2423 2031 creatis
2471 1966 2653 2029 dictae
2694 1969 2873 2037 sunt;
2902 1962 2987 2024 ad
3022 1960 3304 2023 materiai
3351 1966 3563 2022 tamen
3592 1979 3723 2021 com-

2200 2062 2614 2141 plementum,
2640 2064 2703 2119 et
2728 2062 2800 2119 ut
2824 2055 3293 2117 difficultatibus
3320 2052 3605 2115 omnibus
3628 2054 3725 2133 ple-

2200 2173 2281 2217 ne
2336 2152 2721 2215 satisfactum
2774 2150 2874 2223 sit,
2928 2148 3365 2211 necessarium
3422 2146 3610 2207 visum
3654 2154 3724 2207 est

2198 2247 2364 2311 hanc
2393 2246 2721 2309 scientiam
2750 2243 2939 2305 etiam
2980 2242 3044 2303 in
3077 2240 3289 2303 divina
3314 2241 3618 2303 voluntate
3638 2238 3721 2300 de-

2198 2341 2457 2403 clarare.

2277 2436 2337 2495 2.
2382 2434 2464 2497 Ut
2491 2438 2707 2493 autem
2742 2430 3071 2493 difficultas
3110 2428 3519 2511 intelligatur,
3542 2426 3718 2487 adver-

2196 2527 2457 2591 tendum
2490 2531 2585 2587 est
2614 2524 2681 2585 in
2705 2524 2914 2586 divina
2940 2523 3286 2596 voluntate,
3316 2540 3397 2583 eo
3426 2519 3585 2600 quod
3604 2536 3717 2579 vere

2196 2620 2393 2683 libera
2422 2620 2521 2691 sit,
2546 2617 2834 2697 quoedam
2858 2617 3109 2679 decreta
3138 2615 3346 2677 libera
3375 2632 3415 2675 a
3438 2611 3717 2689 Theologis

2200 2711 2605 2788 considerari,
2648 2728 2813 2791 quas,
2858 2716 3047 2790 prout
3084 2709 3284 2769 libera
3334 2712 3502 2779 sunt,
3546 2703 3600 2764 id
3628 2708 3713 2775 est,
3789 2716 3790 2755 ὲ

2198 2810 2383 2886 prout
2431 2804 2513 2865 ad
2566 2803 2715 2865 talia
2766 2803 3011 2881 objecta
3059 2800 3253 2862 libere
3312 2797 3713 2869 terminantur,
3789 2828 3790 2867 Ξ

2196 2902 2459 2977 possunt
2476 2916 2605 2957 non
2634 2914 2774 2957 esse
2802 2896 2869 2955 in
2890 2897 3021 2956 Deo
3050 2912 3128 2955 ex
3155 2892 3526 2963 aetemitate,
3546 2906 3718 2969 quam·
3789 2894 3790 2947 i

2196 2991 2311 3063 viS,
2343 2996 2679 3070 postquam
2723 2988 2919 3049 semel
2956 2987 3156 3059 fuere,
3197 2985 3434 3048 variari
3458 3002 3575 3045 non
3610 3000 3717 3061 pos-
3789 2982 3790 3061 f

2198 3083 2320 3146 sint
2354 3089 2611 3164 propter
2654 3082 2765 3144 Dei
2795 3079 3389 3143 immutabilitatem.
3422 3078 3507 3140 De
3534 3076 3719 3156 quibus
3789 3100 3790 3111 ο

2197 3177 2464 3238 decretis
2488 3175 2912 3238 controversia
2942 3180 3036 3236 est
3068 3174 3229 3235 inter
3252 3171 3613 3249 Theologos,
3637 3168 3718 3228 ad·

2197 3271 2431 3334 dantne
2460 3267 2697 3348 aliquid
2720 3268 2884 3330 actui
2910 3265 3263 3328 necessario
3297 3263 3519 3325 divinae
3545 3261 3719 3320 volun·
3789 3263 3790 3294 ³

2194 3364 2361 3438 tatis,
2416 3363 2518 3424 vel
2566 3368 2814 3422 tantum
2860 3359 3097 3440 aliquid
3146 3357 3441 3430 rationis;
3486 3373 3558 3416 ea
3599 3371 3717 3413 vero
3789 3353 3790 3364 ¹

2195 3457 2456 3537 quaestio
2480 3455 2635 3516 nihil
2658 3455 2739 3516 ad
2762 3473 2898 3517 rem
2926 3459 3303 3534 praesentem
3324 3449 3567 3519 attinet;
3588 3453 3719 3506 utm-
3789 3473 3790 3488 π

2196 3567 2318 3630 que
2350 3549 2519 3611 enim
2546 3549 2736 3610 modo
2757 3549 2967 3610 locum
2996 3545 3189 3608 habet
3216 3543 3543 3606 difficultas
3564 3557 3717 3620 quam

2194 3645 2563 3714 tractamus;
2594 3648 2655 3704 et
2686 3641 2827 3704 ideo
2862 3641 2943 3702 ab
2978 3640 3084 3701 illa
3114 3657 3285 3699 nunc
3316 3635 3714 3702 abstrahimus,

2194 3755 2387 3817 quam
2416 3736 2484 3796 in
2513 3735 2932 3816 disputatione
2968 3732 3418 3794 decima-nona
3444 3725 3715 3805 Metaphy-

2194 3829 2334 3892 sicoe
2365 3829 2615 3908 copiose
2646 3828 3071 3898 tractavimus,
3098 3831 3161 3886 et
3188 3843 3267 3886 ex
3290 3823 3381 3886 ibi
3414 3819 3578 3884 dictis
3602 3835 3715 3896 sup-

2193 3924 2483 4004 ponimus
2508 3923 2645 3982 hoec
2674 3921 2927 3984 decreta
2966 3919 3210 3980 nullum
3236 3917 3474 3978 realem
3504 3911 3711 3974 modum
3789 3987 3790 3992 ἵ

2191 4019 2325 4078 Deo
2354 4015 2609 4088 addere,
2634 4015 2879 4076 etiamsi
2902 4013 2981 4076 de
3006 4012 3129 4074 illis
3152 4030 3269 4074 nos
3294 4011 3385 4072 ita
3408 4009 3711 4088 loquamur,
3789 4019 3790 4064 3

2194 4129 2266 4172 ac
2296 4111 2345 4172 si
2374 4111 2547 4170 illum
2586 4109 2913 4183 adderent,
2938 4108 3254 4189 quia-non
3276 4120 3599 4186 possumus
3626 4098 3711 4161 ali-

2192 4209 2289 4266 ter
2314 4203 2512 4285 loqui.
3789 4245 3790 4280 ζ

2277 4299 2337 4360 3.
2381 4297 2604 4362 Prima
2632 4297 2953 4360 sententia.
2983 4325 3065 4342 -
3104 4295 3193 4356 De
3227 4291 3329 4354 his
3360 4309 3505 4372 ergo
3532 4285 3711 4352 divinis

2197 4390 2465 4453 decretis
2502 4389 2855 4451 docuerunt
2880 4387 3071 4468 aliqui
3105 4386 3221 4448 viri
3246 4385 3437 4462 docti,
3464 4402 3581 4446 non
3604 4397 3711 4460 pos-

2194 4502 2262 4546 se
2294 4483 2494 4547 Deum
2523 4483 2629 4544 illa
2658 4482 2817 4546 scire
2844 4481 2927 4544 ad
2954 4479 3209 4543 modum
3238 4480 3577 4542 futurorum
3600 4489 3711 4538 con·

2190 4579 2589 4658 tingentium,
2618 4578 2719 4640 vel
2756 4576 3062 4648 absolute,
3092 4573 3193 4636 vel
3232 4574 3355 4636 sub
3380 4570 3709 4638 conditione,
3789 4615 3790 4646 ᾗ

2192 4672 2435 4734 etiamsi
2460 4676 2635 4734 actus
2662 4671 2894 4734 liberos
2922 4674 3165 4732 creatos
3192 4667 3359 4730 Deus
3386 4668 3465 4728 ita
3496 4677 3713 4742 cognos-

2192 4771 2313 4827 cat.

2274 4857 2483 4922 Ratio.
2514 4889 2594 4904 -·-
2620 4856 2951 4920 Rationem
2978 4859 3193 4917 autem
3218 4851 3574 4916 differentiis
3598 4845 3710 4908 red-

2195 4951 2354 5014 dunt
2380 4951 2595 5032 aliqui,
2622 4969 2701 5012 ex
2723 4949 3029 5032 principio
3056 4953 3221 5010 tacto
3253 4947 3453 5027 capite
3479 4941 3712 5022 superio-

2192 5045 2247 5106 ri
2274 5045 2355 5108 de
2384 5044 2573 5106 modo
2600 5043 3019 5124 cognoscendi
3046 5043 3181 5104 haec
3202 5041 3413 5104 futura
3449 5039 3509 5100 in
3542 5049 3707 5096 causae

2193 5155 2307 5200 seu
2360 5137 2424 5198 in
2476 5137 2813 5200 voluntatis
2870 5137 3247 5217 cognitione.
3303 5135 3519 5195 Dicunt
3576 5126 3709 5188 enim

2194 5232 2357 5294 hanc
2385 5231 2807 5310 cognitionem
2846 5246 3051 5290 causas
3096 5227 3329 5290 debere
3368 5242 3501 5288 esse
3528 5219 3703 5288 talem,

2190 5329 2261 5385 ut
2306 5343 2436 5386 non
2492 5325 2697 5386 solum
2742 5324 2820 5385 sit
2861 5321 3197 5384 voluntatis
3244 5311 3701 5399 comprehensio,

2190 5417 2303 5479 sed
2331 5419 2521 5479 etiam
2562 5413 3263 5498 supercomprehensi03
3297 5419 3359 5475 at
3398 5427 3533 5472 vero
3568 5407 3701 5466 Deus
3789 5461 3790 5504 ᾗ

2190 5517 2432 5574 creatas
2472 5511 2819 5574 voluntates
2845 5528 2973 5572 uon
3012 5509 3213 5571 solum
3252 5495 3691 5590 comprehendit,
