3850 6225
568 389 686 453 388

571 516 611 559 a
639 515 763 579 quo
795 498 1065 577 primum
1093 500 1225 560 hoec
1255 500 1590 563 efficacitas
1619 509 1682 564 et
1717 502 2041 563 nominata
2069 509 2132 564 et

571 591 888 653 declarata
914 598 1029 665 est,
1061 593 1406 673 Augustino
1436 596 1689 672 scilicet,
1717 596 1825 675 qui
1852 595 2132 656 ubicum-

569 702 693 763 que
726 684 915 762 hujus
943 684 1156 765 gratiae
1192 686 1461 749 efficacis
1503 688 1806 761 meminit,
1849 688 1916 749 in
1943 706 2133 749 voca-

567 776 738 838 tione
777 777 948 837 illam
981 780 1174 857 ponit,
1218 797 1484 859 eamque
1527 782 1614 841 ita
1643 780 1949 844 declarat:
1982 782 2131 857 quia

567 870 674 929 tali
725 870 859 931 viso
901 872 1222 951 attingitur
1265 891 1444 934 mens
1477 874 1784 947 hominia,
1817 892 1943 953 quo
1990 876 2127 954 ejus

566 964 856 1025 voluntas
892 971 1218 1026 moveatur
1247 967 1328 1027 ad
1353 966 1567 1040 fidem3
1594 968 1910 1046 quomodo
1942 969 2129 1029 etiam

569 1056 832 1118 Paulum
873 1063 1165 1122 vocatum
1201 1077 1362 1133 esse,
1393 1058 1664 1121 affirmat
1694 1060 1862 1122 idem
1884 1063 2129 1141 Augus-

566 1150 736 1211 tinus
783 1151 863 1211 ad
905 1151 1406 1232 Simplicianum;
1443 1160 1503 1213 et
1543 1153 1684 1215 ideo
1737 1154 1824 1215 ait
1871 1160 1935 1216 et
1983 1172 2135 1216 con-

571 1251 870 1323 gruenter
909 1250 971 1306 et
1014 1244 1351 1308 efficaciter
1378 1247 1569 1309 fuisse
1597 1254 1910 1310 vocatum.
1952 1249 2134 1311 Simi-

570 1338 709 1399 liter
733 1338 868 1398 aliis
894 1338 1048 1400 locis
1072 1340 1220 1401 dicit
1238 1344 1440 1403 Deum
1469 1360 1658 1421 agere
1685 1343 1964 1404 visorum
1992 1360 2132 1403 sua-

567 1431 868 1506 sionibUS,
929 1439 999 1494 ut
1056 1434 1320 1495 velimus
1345 1480 1361 1509 ,
1421 1441 1483 1496 et
1533 1442 1604 1496 ut
1663 1436 2017 1509 credamuS‚
2069 1442 2133 1498 et

567 1524 820 1601 quando
850 1523 934 1587 ita
957 1526 1022 1586 id
1045 1527 1268 1589 suadet
1295 1534 1364 1589 ut
1384 1529 1786 1606 persuadeat,
1813 1536 1963 1591 tunc
1990 1548 2129 1593 esse

567 1618 960 1680 vocationem
979 1638 1322 1700 congruam
1351 1626 1414 1682 et
1436 1621 1782 1683 efficacem.
1810 1625 1886 1684 Et
1907 1624 2131 1685 similia

567 1712 763 1772 multa
793 1714 960 1791 apud
996 1714 1413 1793 Augustinum
1441 1715 1757 1795 leguntur,
1796 1734 1870 1777 ex
1901 1716 2130 1795 quibus

567 1806 714 1866 satis
751 1813 918 1867 certe
959 1813 1202 1868 constat
1240 1826 1368 1869 non
1399 1808 1591 1869 fuisse
1635 1809 1822 1869 aliam
1850 1816 2126 1870 mentem

567 1898 704 1976 ejus
749 1905 935 1979 atque
995 1902 1388 1961 sententiam.
1450 1901 1620 1980 (Lib.
1666 1906 1695 1964 1
1757 1908 1978 1981 quaest.
2042 1902 2125 1965 ad

569 1990 815 2070 Simpl.,
867 2011 928 2071 q.
983 1995 1043 2065 2,
1111 1993 1194 2054 ad
1248 1992 1471 2069 finem3
1521 1996 1598 2057 de
1644 1996 1852 2075 Spirit.
1887 2002 1948 2057 et
1978 1997 2119 2071 litt.,

569 2100 623 2144 c.
660 2084 766 2157 343
797 2084 902 2145 lib.
949 2086 1027 2146 83
1063 2084 1314 2160 Quaest.,
1351 2105 1412 2167 q.
1447 2089 1562 2161 68;
1611 2088 1688 2149 de
1717 2088 1886 2149 Grat.
1917 2096 1981 2149 et
2010 2090 2117 2151 lib.

567 2175 811 2252 arbitr.,
837 2194 895 2240 c.
928 2179 1005 2238 16
1027 2200 1044 2253 3
1065 2179 1335 2240 Tractat.
1359 2180 1522 2241 26in
1541 2182 1750 2256 Joan.‚
1779 2186 1842 2243 et
1868 2181 2006 2243 aliis
2034 2182 2129 2245 lo-

567 2271 656 2332 cis
691 2290 879 2350 supra
909 2272 1286 2351 insinuatis)

648 2368 748 2426 51.
796 2366 1055 2439 Deinde,
1100 2385 1178 2428 ex
1211 2367 1308 2427 his
1346 2386 1486 2447 quae
1517 2368 1599 2429 ad
1644 2368 2125 2449 improbandam

566 2460 752 2520 aliam
789 2460 1164 2521 sententiam
1201 2460 1557 2533 attulimus,
1603 2458 1953 2541 colligimus
2000 2480 2127 2523 non

567 2570 754 2632 posse
783 2552 1050 2631 gratiam
1077 2552 1398 2614 efficacem
1421 2554 1483 2614 in
1517 2553 1636 2615 alia
1666 2574 1736 2615 re
1761 2556 2120 2617 consistere.

569 2650 691 2707 Aut
721 2648 888 2707 enim
925 2646 1123 2727 gratia
1171 2646 1392 2707 efficax
1430 2648 1778 2727 appellatur
1824 2648 1931 2709 illa
1984 2666 2123 2728 qua».

568 2745 712 2801 actu
740 2739 885 2800 facit
923 2740 1396 2801 conversionem
1435 2748 1739 2819 nostram,
1769 2746 1871 2803 vel
1909 2740 2122 2816 fidem,

567 2850 870 2907 amorem,
905 2839 1051 2907 etc.,
1094 2834 1194 2894 vel
1228 2850 1367 2912 quae
1413 2834 1561 2895 facit
1611 2841 1682 2895 ut
1711 2835 2015 2896 faciamus
2066 2842 2127 2897 et

565 2926 828 2985 velimus
877 2944 1018 2986 cum
1067 2927 1315 3000 effectu,
1347 2928 1432 2988 ita
1473 2934 1542 2989 ut
1579 2946 1704 2989 non
1735 2928 2119 2991 resistamus·

567 3020 760 3081 Priori
803 3020 992 3080 modo
1041 3022 1246 3099 potius
1290 3021 1517 3083 dicitur
1557 3022 1758 3103 gratia
1813 3029 1957 3083 actu
1988 3023 2126 3083 effi-

566 3114 738 3176 ciens
776 3132 966 3193 quam
1003 3115 1245 3189 efficax,
1296 3123 1358 3177 et
1385 3117 1475 3178 sic
1508 3116 1750 3179 clarum
1797 3124 1892 3179 est
1917 3117 2125 3178 effica-

567 3226 704 3269 cem
733 3209 992 3287 gratiam
1022 3227 1152 3269 non
1179 3227 1317 3270 esse
1346 3210 1478 3272 sine
1517 3211 1956 3289 cooperatione
1982 3227 2127 3271 nos-

563 3307 684 3373 tra,
712 3319 828 3361 nec
853 3301 1116 3380 positam
1151 3319 1290 3364 esse
1320 3302 1382 3363 in
1408 3303 1541 3364 sola
1563 3304 1764 3382 gratia
1791 3305 2121 3377 excitante,

567 3413 680 3456 seu
719 3395 1066 3468 vocatione,
1113 3395 1226 3456 sed
1275 3396 1458 3456 simul
1511 3397 1934 3458 necessariam
1986 3414 2124 3457 esse

567 3494 1042 3565 cooperantem,
1091 3493 1154 3549 et
1191 3495 1332 3549 actu
1379 3489 1709 3550 nobiscum
1748 3508 2129 3552 concurren-

567 3588 716 3642 tem.
763 3582 842 3641 At
879 3599 1028 3641 vero
1057 3599 1264 3660 neque
1293 3583 1358 3642 in
1405 3582 1524 3643 hoc
1571 3601 1762 3644 sensu
1791 3583 2129 3662 appellavit

566 3675 949 3754 Augustinus
989 3674 1253 3754 gratiam
1305 3675 1647 3749 efficacem,
1681 3682 1751 3737 ut
1803 3693 1880 3736 ex
1927 3675 2127 3737 citatis

565 3769 719 3830 locis
767 3773 1043 3842 constat,
1087 3787 1296 3847 neque
1348 3789 1468 3831 vox
1521 3771 1658 3848 ipsa
1702 3771 1922 3850 efficax
1963 3771 2127 3831 hanc

565 3863 757 3923 habet
804 3862 1123 3940 propriam
1171 3861 1719 3942 significationem,
1765 3863 1878 3923 sed
1930 3865 2128 3941 majo-

570 3973 707 4016 rem
741 3955 1082 4034 mamdam
1121 3955 1247 4016 vim
1289 3961 1350 4015 et
1387 3956 1710 4035 energiam
1761 3955 2027 4028 indicat,
2059 3961 2128 4016 ut

570 4047 757 4106 etiam
786 4053 1072 4108 auctores
1114 4065 1256 4108 cum
1306 4049 1534 4127 quibus
1557 4048 1946 4127 disputamus
1994 4067 2129 4109 ma-

567 4142 731 4201 xime
762 4139 1167 4214 contendunt,
1199 4141 1425 4219 quibus
1451 4141 1719 4202 libenter
1748 4141 1810 4201 id
1839 4142 2131 4202 concedi-

568 4253 732 4295 mus,
782 4233 1112 4294 Posteriori
1140 4251 1290 4314 ergo
1332 4235 1520 4296 modo
1552 4235 1776 4296 dicitur
1826 4236 1947 4296 hoc
1989 4235 2127 4297 loco

568 4327 764 4407 gratia
809 4325 1054 4402 efficax,
1085 4345 1211 4406 qna
1247 4331 1413 4389 Deus
1459 4327 1608 4390 facit
1641 4330 1711 4389 ut
1749 4328 2015 4388 velimus
2068 4333 2131 4390 et

567 4421 906 4492 faciamus;
939 4426 1003 4480 et
1035 4419 1157 4481 hoc
1190 4437 1318 4482 non
1347 4421 1494 4482 facit
1537 4421 1656 4481 nisi
1697 4439 1814 4501 per
1863 4421 2131 4500 gratiam

569 4513 934 4586 vocationis,
966 4529 1080 4592 per
1115 4512 1619 4588 illuminationeS,
1665 4513 2124 4593 inspirationeS,

571 4611 634 4666 et
663 4605 908 4678 similia,
943 4611 1014 4666 ut
1037 4607 1420 4686 Augustinus
1462 4624 1753 4686 expresse
1793 4607 1983 4668 etiam
2019 4606 2133 4667 do-

573 4703 746 4773 cet¹;
787 4717 938 4780 ergo
985 4701 1048 4760 in
1093 4701 1450 4781 hujusmodi
1478 4701 1802 4763 vocatione
1847 4699 1941 4762 est
1995 4701 2133 4762 haec

571 4791 884 4864 efficacia3
929 4797 1250 4854 ostensum
1295 4801 1507 4855 autem
1559 4798 1653 4856 est
1695 4795 1758 4854 in
1803 4794 2131 4856 vocatione

573 4903 701 4944 non
741 4902 926 4963 posse
969 4903 1106 4946 esse
1154 4885 1498 4948 efficaciam
1537 4887 1796 4966 physice
1837 4886 2133 4947 determi-

572 4977 762 5040 nandi
797 4977 1204 5052 voluntatem3
1236 4979 1364 5041 imo
1401 4978 1465 5042 id
1492 4986 1708 5060 aperte
1732 4979 1953 5042 definit
1978 4980 2131 5040 Con-

572 5072 783 5132 cilium
802 5070 1075 5134 Trident.
1100 5092 1116 5146 ;
1151 5091 1302 5154 ergo
1321 5092 1451 5134 non
1464 5078 1672 5153 potest
1691 5093 1830 5135 esse
1859 5075 1981 5135 alia
1998 5073 2131 5134 effi-

573 5166 767 5241 cacia,
796 5165 913 5226 nisi
947 5167 1222 5227 moralis.
1257 5169 1493 5228 Rursus
1524 5167 1656 5228 sola
1685 5168 1961 5229 efficacia
1996 5183 2133 5227 mo·

571 5258 718 5319 ralis
754 5278 883 5320 non
925 5266 1020 5321 est
1050 5260 1304 5322 omnino
1335 5266 1502 5321 certa
1531 5265 1594 5321 et
1619 5261 1978 5336 infallibilis,
2010 5259 2129 5320 nisi

657 5447 674 5482 ¹
723 5443 934 5506 Citatis
976 5444 1150 5506 locis.
1172 5477 1252 5495 —-
1277 5447 1548 5526 Prosper
1593 5446 1810 5508 crebro
1853 5447 1915 5505 in
1956 5445 2131 5506 libris

575 5535 656 5598 de
684 5539 898 5600 Vocat.
931 5539 1139 5616 Gent.,
1172 5541 1547 5621 praesertim,
1578 5539 1684 5601 lib.
1717 5542 1778 5615 Ξ,
1808 5561 1860 5599 c.
1887 5540 1949 5599 9.

1117 395 1327 451 OPUSC.
1364 396 1448 452 111.
1483 396 1705 453 Bal-:VIS
1737 394 2080 453 nnsotm‘lo
2113 396 2599 455 comnovssastae
2632 403 2715 456 DE
2742 401 2999 458 AUXILIO
3032 399 3226 458 Eri-⁴10.

2216 505 2537 585 praecedat
2581 506 2837 568 scientia
2888 506 2954 567 in
3006 526 3199 569 causa
3242 514 3525 569 movente
3560 517 3623 571 et
3662 510 3756 569 in-

2210 596 2481 659 ducente
2508 598 2596 677 (id
2624 605 2739 673 est,
2777 600 2842 659 in
2868 602 3045 679 Deo),
3088 620 3213 680 qua
3255 603 3413 663 sciat
3437 602 3753 664 observare

2210 692 2741 769 opportunitatem
2774 700 2835 754 et
2870 695 3271 755 occasionem
3308 713 3665 773 congruam,
3696 697 3756 755 in

2209 800 2333 861 qua
2364 786 2666 862 praenovit
2706 801 2885 847 suam
2914 788 3395 866 persuasionem
3420 788 3755 849 habituram

2212 876 2536 950 effectum3
2576 896 2725 957 ergo
2768 880 2987 940 efficax
3025 880 3354 955 auxilium,
3384 882 3757 959 praeveniens

2209 974 2273 1030 et
2300 970 2604 1031 inducens
2640 970 3043 1033 infallibiliter
3068 973 3485 1045 voluntatem,
3510 992 3632 1033 non
3656 993 3757 1053 po-
3817 1026 3818 1033 ,

2210 1068 2332 1125 test
2368 1064 2431 1123 in
2461 1083 2528 1126 re
2556 1064 2677 1125 alia
2702 1065 3063 1127 consistere.

2346 1302 2649 1383 Efficacia
2684 1305 2910 1386 qratioe
2936 1322 3071 1367 oum
3107 1302 3355 1369 arbitrii
3384 1302 3653 1366 libertate

2782 1397 3165 1461 conciliatur.

2292 1620 2391 1681 52.
2434 1618 2661 1682 Ultimo
2700 1620 2769 1681 in
2816 1621 3005 1700 hujus
3038 1622 3316 1682 veritatis
3354 1620 3757 1682 confirmatio-

2208 1730 2360 1773 nem
2406 1713 2811 1793 adjungimus
2858 1714 3087 1793 primo,
3136 1716 3251 1775 hoc
3302 1714 3493 1775 modo
3544 1716 3755 1793 optime

2210 1806 2523 1867 conciliari
2575 1808 3015 1868 necessitatem
3062 1814 3125 1869 et
3170 1809 3519 1869 efficaciam
3560 1810 3753 1887 gmtiae

2207 1917 2355 1960 cum
2392 1900 2681 1961 libertate
2712 1902 2974 1976 arbitrii,
3008 1900 3179 1979 quod
3206 1903 3273 1962 in
3310 1902 3437 1963 alia
3468 1904 3759 1962 sententia

2204 1992 2633 2055 difficillimum
2678 2012 2751 2054 ac
2782 2012 2943 2073 pene
2998 1994 3385 2073 impossibile
3426 1998 3556 2066 est;
3624 2014 3758 2074 ergo

2207 2085 2338 2145 haec
2382 2087 2689 2147 sententia
2718 2086 3111 2165 praeferenda
3142 2094 3259 2161 est,
3292 2094 3359 2149 et
3388 2090 3511 2149 hoc
3538 2095 3761 2166 tempo·

2206 2196 2275 2239 re
2318 2179 2399 2239 ab
2426 2180 2716 2239 omnibus
2740 2178 2889 2240 fidei
2932 2178 3369 2240 defensoribus
3396 2181 3759 2258 amplecten-

2206 2271 2308 2331 da.
2342 2272 2541 2334 Probo
2572 2272 2849 2352 singula:
2880 2278 2943 2333 et
2967 2274 3295 2351 imprimis,
3320 2274 3387 2332 in
3418 2274 3606 2353 priori
3634 2292 3761 2351 par·

2206 2369 2267 2425 te
2296 2366 2741 2441 antecedentiS,
2773 2384 2900 2426 non
2928 2367 3214 2445 estquod
3236 2368 3405 2428 circa
3428 2367 3757 2428 libertatem

2208 2458 2636 2533 immoremur,
2660 2458 2809 2537 quia
2832 2459 3041 2538 potius
3080 2459 3262 2520 nobis
3292 2460 3587 2539 objicitur
3608 2461 3755 2539 quod
3817 2528 3818 2539 χ

2208 2551 2349 2630 plus
2383 2552 2574 2612 nimio
2602 2552 2687 2611 illi
2726 2552 3097 2625 tribuamus„
3152 2570 3349 2631 quam
3398 2553 3755 2613 calumniam
3817 2546 3818 2555 ’

2204 2643 2385 2705 facile
2408 2644 2834 2715 excludemuS‚
2865 2644 3130 2705 alterum
3152 2647 3519 2707 membrum
3534 2646 3615 2706 ad
3640 2666 3755 2725 gra-
3817 2678 3818 2717 ι

2208 2738 2357 2797 tiam
2409 2738 2729 2816 pertinens
2762 2738 3140 2799 declarando
3185 2745 3249 2799 et
3278 2738 3751 2819 comprobando.
3817 2734 3818 2757 ³

2206 2830 2403 2909 Igitur
2422 2831 2599 2909 juxta
2628 2830 2981 2891 doctrinam
3008 2830 3223 2892 datam
3260 2833 3657 2893 exactissime
3696 2850 3759 2892 ac
3817 2842 3818 2865 ³

2206 2924 2629 3003 propriissime
2650 2923 3083 3004 intelliguntur
3110 2942 3182 2984 ac
3199 2926 3759 2985 vera-inveniuntur

2206 3016 2415 3077 omnia
2437 3034 2577 3096 quae
2606 3017 2683 3078 de
2700 3018 3071 3080 necessitate
3090 3024 3153 3079 et
3166 3020 3539 3098 operatione
3558 3018 3761 3079 divinae

2206 3113 2419 3190 gratiae
2445 3113 2765 3191 Scriptura
2794 3131 2971 3174 sacra
3000 3119 3061 3174 et
3090 3114 3373 3174 Ecclesia
3400 3114 3654 3175 docent.

2286 3207 2384 3267 53.
2434 3207 2588 3267 Nam
2612 3207 2789 3286 juxta
2819 3208 3191 3269 sententiam
3228 3227 3263 3268 a
3306 3208 3494 3269 nobis
3534 3209 3764 3286 exposi-

2205 3303 2356 3370 tam,
2394 3297 2618 3359 divinat
2662 3301 2877 3379 gratiae
2932 3300 3227 3360 tribuitur
3256 3301 3517 3362 initium
3542 3301 3687 3362 fidei
3712 3308 3763 3361 et

2208 3390 2459 3464 salutis;
2506 3393 2639 3453 haec
2668 3394 2836 3453 enim
2874 3411 2912 3452 a
2954 3395 3281 3454 vocatione
3322 3394 3657 3473 incipiunt,
3706 3403 3765 3454 nt
3817 3399 3818 3422 *

2206 3484 2547 3546 Concilium
2580 3486 3016 3547 Tridentinum
3052 3486 3236 3556 dixin
3290 3489 3545 3549 vocatio
3572 3495 3761 3550 aut-em
3817 3525 3818 3530 κ

2208 3582 2303 3637 est
2334 3595 2491 3656 opus
2516 3579 2707 3638 solius
2738 3579 2874 3653 Dei,
2914 3579 3087 3658 quod
3120 3579 3281 3640 ultra
3312 3599 3511 3642 omne
3538 3591 3761 3642 natnrae

2208 3671 2512 3746 debitum,
2566 3679 2628 3734 et
2670 3673 2911 3753 absque
2967 3675 3093 3735 ullo
3134 3675 3363 3736 merito
3416 3675 3763 3736 hominibus

2208 3764 2468 3826 confert.
2970 3782 2983 3794 ·

2290 3861 2389 3919 54.
2430 3859 2693 3935 Deinde,
2739 3861 2903 3922 ultra
2946 3863 3342 3923 vocationem
3374 3865 3545 3924 hanc
3574 3862 3759 3941 requi·

2208 3953 2403 4013 rimus
2428 3954 2827 4034 adjuvantem
2856 3973 2971 4016 seu
2996 3962 3451 4034 cooperantem
3476 3957 3750 4035 gratiam,

2207 4046 2449 4106 ratione
2504 4047 2683 4126 cujus
2730 4047 2863 4126 ipsa
2894 4048 3243 4120 conversim
3273 4065 3389 4108 seu
3430 4066 3755 4110 consensus
3817 4103 3818 4108 ,

2208 4137 2366 4199 liber
2398 4139 2668 4200 hominis
2690 4140 3115 4220 principaliter
3145 4140 3335 4201 etiam
3364 4148 3463 4202 est
3490 4160 3531 4202 a
3556 4143 3754 4220 gratia,

2208 4251 2337 4293 non
2364 4233 2567 4294 solum
2592 4239 2668 4294 ut
2704 4237 3027 4313 operante,
3068 4235 3182 4296 sed
3212 4235 3403 4296 etiam
3452 4242 3525 4298 ut
3558 4253 3761 4315 coope-

2210 4331 2409 4386 rante.

2292 4421 2390 4480 55.
2440 4421 2595 4481 Huic
2617 4439 2765 4482 vero
2788 4420 3149 4500 cooperanti
3172 4423 3391 4501 gratia!
3422 4421 3761 4502 adjungen-

2212 4513 2358 4573 dam
2403 4511 2669 4574 dicimus
2708 4514 3213 4593 cooperationem
3250 4515 3524 4576 liberam
3554 4521 3761 4576 nostre
3817 4527 3818 4546 ³

2210 4606 2568 4680 voluntatiS,
2600 4607 2663 4667 in
2690 4609 2868 4686 cujus
2890 4612 3199 4684 potestate
3238 4613 3335 4668 est
3359 4607 3673 4687 impedire
3692 4606 3761 4666 ef·

2208 4701 2443 4762 fectum
2492 4703 2722 4782 gratia»,
2780 4705 2843 4761 et
2891 4701 3066 4761 illum
3112 4701 3363 4763 efficere
3379 4717 3400 4779 ;
3452 4703 3575 4764 sed
3630 4700 3761 4762 illud

2210 4795 2382 4874 prius
2413 4811 2482 4854 se
2510 4795 2641 4854 sola
2668 4798 2873 4874 potest
2898 4798 3220 4872 praestare,
3250 4795 3399 4872 quia
3428 4795 3499 4854 in
3534 4795 3761 4855 defectu

2209 4892 2457 4948 tantum
2480 4885 2789 4958 consistit3
2830 4887 2949 4946 hoc
2978 4892 3191 4948 autem
3230 4888 3555 4966 posterius
3582 4887 3761 4948 omni-

2210 4999 2295 5042 no
2330 4998 2459 5041 non
2488 4983 2688 5060 potest
2726 4979 2858 5040 sine
2906 4979 3129 5058 gratia,
3162 4995 3305 5041 cum
3336 4980 3443 5040 illa
3482 4999 3640 5042 vero
3668 4998 3762 5059 po-

2210 5079 2359 5146 test;
2394 5076 2457 5134 et
2480 5073 2719 5134 ratione
2743 5071 2931 5151 hujus
2958 5071 3177 5134 liberae
3204 5078 3271 5134 et
3286 5074 3557 5135 moralis
3576 5079 3760 5154 potes·

2210 5167 2379 5238 tatis,
2428 5165 2478 5226 si
2532 5167 2782 5226 resistat
2818 5165 3055 5245 gratiae,
3088 5165 3281 5246 digna
3332 5173 3429 5228 est
3464 5183 3689 5246 poena3
3716 5165 3755 5224 si

2212 5277 2362 5321 vero
2419 5257 2503 5318 illi
2530 5263 2921 5336 cooperetur,
2960 5257 3151 5338 digna
3187 5265 3285 5320 est
3315 5260 3507 5321 laude
3552 5266 3616 5321 et
3644 5259 3756 5339 glo-

2210 5354 2304 5413 ria
2336 5357 2379 5414 ¹.
2406 5353 2565 5414 Nam
2590 5351 2732 5414 licet
2758 5369 2911 5413 usus
2948 5352 3251 5416 libertatis
3279 5371 3397 5432 per
3424 5371 3516 5430 se,
3560 5361 3623 5416 et
3660 5370 3755 5412 na-

2298 5541 2316 5578 ¹
2364 5539 2454 5598 De
2478 5538 2595 5598 hac
2622 5555 2689 5598 re
2719 5537 2763 5598 l.
2800 5540 2859 5612 3,
2892 5555 2947 5598 c.
2982 5539 3079 5600 ¹9.
