3850 6225
521 348 644 410 400

518 452 770 514 interno
809 450 1116 531 principio
1143 469 1260 515 seu
1295 450 1600 531 appetitu,
1631 449 1842 513 media
1889 447 2099 528 cogni-

517 547 690 607 tione
721 564 736 619 ;
771 544 945 625 quod
965 544 1388 607 voluntarium
1423 550 1573 607 tunc
1599 542 1947 623 perfectum
1976 546 2091 614 est,

519 640 776 719 quando
799 638 1070 719 cognitio
1111 644 1208 700 est
1232 638 1531 718 perfecta,
1567 637 1632 697 id
1667 642 1784 711 est,
1817 635 2093 697 rationa-

516 732 596 795 lis
623 751 738 795 seu
770 732 1228 795 intellectualis.
1265 732 1418 794 Cum
1445 748 1596 809 ergo
1641 729 1808 790 Deus
1859 746 2085 789 secun-

493 826 674 889 'dum
717 824 1046 888 consilium
1089 824 1424 885 voluntatis
1481 822 1692 883 omnia
1734 827 2033 901 operetur
2063 864 2079 894 ,

521 920 656 980 sine
695 918 886 981 dubio
929 917 1204 998 perfecte
1243 916 1594 979 voluntarie
1623 914 1834 976 omnia
1865 931 2083 993 opera-

520 1016 644 1073 tur.
678 1011 698 1087 (
727 1012 798 1072 D.
839 1011 1060 1071 Thom.
1107 1016 1163 1071 1.
1197 1012 1259 1085 2,
1292 1014 1510 1089 quaest.
1545 1010 1606 1082 6,
1641 1008 1748 1069 ubi
1780 1008 1935 1069 alios
1966 1007 2085 1069 Pa-

521 1110 650 1167 tres
677 1103 888 1165 refert.
917 1104 936 1182 )

603 1200 664 1259 6.
707 1196 812 1259 An
840 1196 1004 1259 Dm
1047 1196 1286 1259 omnino
1323 1195 1666 1259 voluntario
1689 1192 1945 1277 infliqat
1962 1210 2087 1275 Ρω-

519 1309 660 1355 nas.
681 1322 764 1337 -
787 1290 900 1351 Hic
928 1307 1078 1351 vero
1111 1288 1524 1351 occurrebant
1547 1287 1757 1349 statim
1785 1286 1925 1347 duae
1966 1284 2087 1347 dlf-

518 1383 860 1457 ficultateS,
889 1399 1032 1461 quoe
1082 1381 1254 1442 brevi
1304 1386 1588 1461 tempore
1632 1398 1747 1461 pro
1778 1379 2079 1459 dignitate

521 1478 772 1539 tractari
803 1494 930 1537 non
977 1480 1286 1555 possunt3
1343 1492 1564 1536 earum
1600 1480 1814 1535 tamen
1843 1472 2081 1535 resolu-

521 1571 756 1633 tionem
801 1568 1076 1631 breviter
1127 1567 1425 1641 indicare,
1483 1584 1690 1647 neque
1740 1566 1856 1627 erit
1916 1566 2083 1645 inju-

523 1664 822 1737 cundum,
847 1680 1054 1741 neque
1083 1661 1166 1721 ab
1193 1660 1471 1721 instituto
1501 1660 1796 1721 alienum.
1821 1660 1959 1723 Una
1989 1665 2085 1721 est

523 1756 602 1819 de
633 1756 814 1817 malis
841 1772 1086 1835 poenae3
1133 1772 1308 1827 nam,
1339 1753 1482 1815 licet
1511 1744 1730 1814 verum
1761 1753 1840 1815 sit
1881 1754 2081 1814 Deum

523 1849 884 1927 simpliciter
930 1846 1095 1909 velle
1137 1847 1271 1907 hoec
1309 1846 1496 1921 mala,
1537 1852 1598 1907 et
1641 1846 1874 1921 facere,
1902 1848 2083 1925 juxta

522 1942 676 2003 illud
717 1944 908 2003 Amos
939 1943 1008 2002 3:
1047 1940 1128 2005 Si
1155 1940 1272 2003 erit
1307 1940 1538 2003 malum
1561 1940 1908 2013 incivitate,
1930 1940 2089 2020 quod

523 2036 822 2099 Dominus
855 2053 974 2097 non
1013 2035 1245 2115 fecerit,
1289 2039 1350 2094 et
1397 2039 1856 2111 consequenter
1893 2033 2083 2094 etiam

527 2133 768 2190 constet
795 2129 992 2189 Deum
1022 2128 1160 2188 haec
1199 2125 1405 2187 facere
1459 2124 1830 2199 voluntarie,
1863 2125 2085 2185 nihilo-

525 2222 732 2283 minus
775 2219 981 2281 adhuc
1009 2218 1436 2281 difficultatem
1481 2218 1672 2279 habet
1693 2262 1710 2290 ‚
1767 2218 2084 2297 quomodo

523 2315 797 2396 perfecte
829 2313 1175 2375 voluntarie
1199 2331 1276 2375 ea
1307 2312 1550 2373 efficiat.
1576 2312 1736 2373 Illud
1757 2311 1924 2372 enim
1948 2330 2088 2391 per-

522 2408 684 2470 fecte
716 2407 1138 2467 voluntarium
1162 2412 1257 2467 cst
1285 2404 1456 2485 quod
1495 2423 1624 2467 non
1671 2404 1859 2465 habet
1911 2406 2088 2465 invo-

523 2500 862 2563 luntarium
901 2499 1259 2573 admistum,
1293 2499 1454 2559 sicut
1491 2503 1584 2559 est
1621 2498 1896 2577 perfecte
1944 2498 2086 2560 cali-

523 2595 674 2656 dum
723 2593 894 2675 quod
935 2593 1089 2653 nihil
1145 2591 1391 2671 frigoris
1445 2592 1814 2671 permistum
1865 2592 2080 2653 hahet.

523 2689 690 2750 Deus
717 2691 930 2759 autem
960 2686 1042 2747 ita
1072 2684 1202 2746 vult
1237 2686 1370 2745 hoec
1409 2684 1598 2757 mala,
1631 2691 1700 2746 ut
1734 2685 2085 2747 secundum

523 2782 704 2843 aliam
733 2779 1072 2860 quamdam
1093 2779 1479 2841 voluntatem
1503 2779 1624 2840 sint
1649 2780 1704 2840 ei
1729 2779 2085 2840 involunta-

522 2876 615 2937 ria
641 2894 658 2948 3
689 2892 820 2935 non
849 2892 1000 2953 crgo
1030 2873 1302 2952 perfecte
1333 2872 1682 2934 voluntarie
1723 2872 1822 2933 illa
1863 2890 2085 2952 opera·

522 2973 626 3029 tur
653 2987 668 3042 ;
707 2964 866 3027 s'icut
889 2966 996 3046 qui
1025 2966 1342 3044 potionem
1379 2984 1658 3027 amaram
1687 2966 1895 3039 sumit,
1942 2965 2083 3025 licet

521 3061 742 3124 volens
769 3063 999 3135 sumat,
1025 3076 1099 3121 eo
1129 3058 1298 3138 quod
1327 3058 1505 3122 aliter
1536 3077 1665 3121 non
1693 3058 1888 3138 possit
1923 3058 2087 3120 saln-

523 3162 652 3221 tem
682 3173 1073 3234 comparare,
1103 3155 1316 3214 tamen
1347 3152 1710 3231 imperfecte
1737 3151 2084 3214 voluntarie

525 3248 735 3322 sumit,
769 3248 916 3326 quia
942 3247 1224 3326 displicet
1261 3245 1370 3319 illi,
1397 3251 1459 3306 et
1485 3245 1681 3305 nollet
1707 3245 2085 3306 sumere.lta

525 3359 674 3403 vero
691 3359 758 3402 se
786 3341 978 3402 habet
993 3341 1158 3400 Deus
1176 3355 1318 3400 cum
1335 3337 1516 3418 punit
1535 3355 1646 3398 seu
1665 3337 1924 3398 damnat
1944 3356 2087 3416 pec-

525 3442 834 3508 catorem;
867 3451 1018 3495 nam
1045 3432 1328 3511 displicet
1365 3431 1452 3492 illi
1499 3431 1602 3492 illa
1644 3431 1988 3507 damnatio,
2026 3437 2089 3493 et

523 3529 732 3606 vellet,
763 3528 818 3588 si
843 3527 999 3588 ratio
1023 3526 1276 3605 justitiae
1297 3523 1362 3584 id
1385 3530 1726 3604 pateretur,
1751 3525 1931 3586 illum
1956 3543 2087 3586 non

524 3623 848 3692 damnare,
873 3621 1054 3699 juxta
1081 3617 1256 3690 illud,
1291 3621 1321 3678 1
1357 3617 1436 3678 ad
1464 3618 1675 3679 'rimi
1713 3636 1726 3678 ε
1779 3617 1920 3686 Vult
1962 3637 2087 3680 om-

523 3731 630 3778 nes
667 3713 931 3778 laomim
978 3711 1179 3775 salvos
1208 3711 1350 3791 fieri
1365 3735 1390 3784 ;
1432 3729 1560 3772 non
1611 3730 1760 3792 ergo
1810 3709 2085 3790 perfecte

525 3806 874 3868 voluntarie
904 3808 1070 3866 Deus
1105 3803 1242 3865 hoec
1267 3804 1424 3878 vult,
1455 3803 1568 3865 sed
1611 3804 1790 3883 quasi
1833 3809 2087 3865 coactus

527 3906 590 3962 et
617 3901 862 3962 invituS.
902 3903 1104 3978 Atque
1143 3898 1262 3960 hoc
1303 3897 1490 3959 modo
1532 3915 1601 3959 se
1630 3897 1865 3958 habere
1886 3900 2087 3958 Deum

524 3995 592 4054 in
623 3993 980 4074 hujusmodi
1029 3991 1324 4072 operibus
1351 3992 1688 4074 significari
1739 3991 1987 4054 videtur
2022 3991 2087 4052 in

525 4087 646 4148 illis
679 4088 880 4149 modis
909 4085 1210 4164 loquendi
1248 4085 1598 4166 Scripturas,
1625 4087 1782 4147 Gen.
1815 4087 1855 4146 6
1881 4105 1894 4146 :
1930 4085 2088 4150 Tao-

527 4183 626 4244 tue
667 4182 866 4244 dolore
901 4178 1098 4244 cordis
1146 4178 1510 4244 intrinsecus
1527 4206 1550 4241 .·
1591 4179 1827 4254 Delebo,
1857 4181 2082 4262 inquit,

525 4273 820 4336 hominem
857 4291 1026 4356 quem
1067 4273 1370 4353 fumavi‚·
1403 4273 1544 4334 Isai.
1581 4276 1608 4335 1
1641 4291 1656 4332 :
1688 4273 1853 4346 Hm,
1881 4289 2087 4336 conso-

526 4368 695 4432 labor
731 4385 912 4449 svper
965 4365 1232 4431 noscitu
1283 4369 1454 4430 meis.
1507 4367 1622 4430 Ubi
1667 4368 2085 4448 Hieronymus

527 4461 759 4540 optime
789 4461 1063 4540 exponit,
1104 4459 1320 4521 dicens
1351 4459 1703 4541 significare
1732 4463 1957 4534 Deum,
1988 4458 2086 4520 his

525 4553 826 4633 loquendi
843 4553 1066 4628 modi-⁶2,
1093 4553 1272 4632 quasi
1292 4561 1578 4615 coactum
1605 4561 1668 4616 et
1694 4552 1957 4614 invitum
1974 4571 2086 4633 pu-

527 4647 664 4708 nire
705 4651 1084 4727 peccatores.

609 4743 669 4800 7.
713 4737 814 4800 Au
853 4739 1016 4802 Dm
1061 4746 1336 4820 operem-
1379 4739 1608 4804 malum
1649 4737 1842 4821 eulpoe
1882 4755 2089 4802 socun-

527 4833 668 4894 dam
686 4831 1008 4894 omilium
1027 4831 1358 4896 voluntatis
1384 4850 1533 4895 σω.
1564 4863 1648 4878 -
1685 4832 1894 4894 Altera
1932 4830 2085 4892 diffi-

527 4924 724 4986 cultas
753 4929 848 4984 est
871 4923 952 4985 de
979 4923 1146 4986 malo
1189 4924 1410 5005 culpae,
1443 4943 1556 4986 seu
1600 4925 1682 4987 de
1721 4931 1866 4986 actu
1891 4925 2083 4996 malo,

527 5037 716 5099 quem
737 5035 850 5080 suo
871 5017 1060 5079 etiam
1081 5019 1270 5080 modo
1285 5020 1454 5080 Deus
1473 5023 1788 5099 operatur,
1820 5037 1963 5080 cum
1992 5019 2089 5079 ni-

527 5113 616 5173 hil
657 5129 794 5173 esse
819 5111 1016 5191 possit
1057 5110 1297 5190 absque
1329 5113 1566 5174 inssuxn
1595 5112 1725 5184 Dei,
1771 5116 1832 5174 et
1873 5118 2085 5174 tamen

527 5206 736 5268 dicere
788 5221 918 5266 non
957 5221 1290 5282 possumus
1329 5206 1532 5266 Deum
1583 5205 1931 5266 voluntarie
1954 5250 1971 5279 ,
2023 5211 2087 5268 et

526 5297 870 5380 praesertim
891 5295 1192 5376 perfecte,
1221 5295 1398 5356 illum
1437 5297 1706 5376 operari,
1737 5297 1886 5376 quia
1911 5297 2089 5358 illum

527 5392 670 5455 odio
690 5391 898 5465 habet,
935 5395 998 5452 et
1027 5389 1342 5452 desiderat
1373 5397 1592 5452 utnon
1619 5390 1748 5452 fiat.
1777 5390 1957 5453 Unde
1978 5392 2089 5452 ab-

527 5487 728 5548 solute
757 5485 878 5546 dici
909 5484 1066 5546 solet
1091 5501 1230 5544 esse
1261 5490 1476 5546 contra
1506 5483 1894 5546 voluntatem
1935 5485 2082 5558 Dei;

1025 349 1234 403 OPUSC.
1271 350 1354 404 tv,
1391 348 1694 403 RELECTlO
1731 348 1812 401 DE
1844 346 2196 401 unt-:num
2228 345 2622 401 VOLUNTATIS
2652 345 2902 401 mvmAE.
2936 344 3174 398 msPtJ'r.
3208 344 3246 397 1.

2179 454 2561 529 quapropter
2590 448 2781 509 etiam
2814 445 3059 507 videtur
3092 445 3215 505 hoc
3246 461 3410 524 opus
3437 462 3556 505 110„
3582 464 3695 509 egge

2176 541 2523 603 secundum
2556 539 2881 602 consilium
2908 537 3243 599 voluntatis
3263 537 3408 609 Dei,
3444 555 3579 599 cum
3594 559 3698 601 ma-
3779 552 3780 579 l

2172 635 2337 697 xime
2367 639 2678 715 repugnet
2718 638 2781 695 et
2808 631 3077 693 consiliis
3109 636 3171 691 et
3211 632 3537 711 praeceptis
3565 634 3696 713 ejus.

2248 880 2432 947 Sitne
2462 879 2529 945 in
2558 882 2767 946 divina
2792 879 3103 944 voluntate
3130 884 3307 944 actus
3338 878 3633 957 inefficax.

2248 1107 2307 1169 8.
2340 1105 2509 1169 Prior
2546 1103 2877 1167 difficultas
2906 1104 3180 1185 expediri
3214 1102 3407 1165 facile
3436 1108 3641 1181 potest,
3662 1106 3697 1165 si
3779 1126 3780 1171 3

2165 1218 2315 1261 vera
2361 1201 2527 1261 esset
2574 1198 2928 1277 aliquorum
2978 1198 3453 1277 ‘theologorum
3502 1197 3697 1274 opinio,
3779 1270 3780 1279 ἵ

2165 1292 2271 1371 qui
2296 1298 2532 1373 negant
2572 1309 2711 1354 esse
2754 1292 2821 1351 in
2848 1292 3057 1353 divina
3106 1290 3439 1352 voluntate
3466 1287 3699 1365 aliquem
3779 1280 3780 1303 ³

2162 1404 2381 1448 verum
2412 1391 2475 1447 et
2514 1385 2841 1465 proprium
2876 1392 3109 1458 actum,
3142 1383 3251 1463 qui
3294 1383 3379 1443 sit
3408 1382 3696 1455 inefficax,

2160 1497 2351 1559 quem
2376 1480 2439 1541 iu
2466 1479 2786 1541 voluntate
2812 1484 3027 1540 nostra
3054 1477 3448 1539 velleitatem
3472 1474 3563 1535 vel
3584 1477 3701 1537 sim-

2160 1574 2387 1653 plicem
2416 1571 2935 1651 complacentiam
2960 1570 3392 1650 appellamus.
3426 1568 3567 1647 quia
3590 1570 3699 1630 talis

2164 1671 2340 1727 actus
2387 1664 2636 1726 videtur
2682 1663 3024 1743 quamdam
3070 1662 3607 1743 imperfectionem
3628 1662 3699 1722 in-

2162 1759 2413 1821 volvere
2441 1803 2458 1832 ,
2514 1758 2752 1820 scilicet
2805 1758 3219 1820 inefficaciam
3274 1762 3341 1816 et
3382 1772 3697 1834 repugnan-

2162 1854 2313 1914 tiam
2357 1868 2501 1913 cum
2546 1852 2835 1913 absoluta
2883 1851 3223 1923 voluntate,
3262 1854 3333 1909 et
3362 1847 3699 1909 desiderium

2164 1943 2487 2023 quoddam
2508 1944 2599 2005 rei
2620 1962 2751 2005 non
2778 1942 3155 2017 obtinendoe,
3188 1940 3371 2021 quod
3396 1958 3475 2000 ex
3500 1958 3562 2001 se
3586 1959 3701 2001 con-

2168 2039 2367 2099 tristat
2392 2042 2455 2098 et
2482 2036 2701 2116 affligit
2720 2037 3023 2097 animum.
3056 2037 3259 2113 Atque
3294 2035 3466 2093 hanc
3492 2040 3701 2092 senten-

2168 2133 2317 2194 tiam
2345 2130 2641 2192 habuisse
2668 2130 2915 2191 videtur
2940 2129 3359 2208 Augustinus,
3390 2144 3573 2205 quem
3595 2126 3699 2187 imi-

2168 2224 2281 2285 tati
2322 2229 2469 2285 sunt
2516 2225 2803 2303 Prosper,
2835 2220 3234 2301 Fulgentius,
3294 2219 3475 2281 Beda
3514 2226 3570 2278 et
3604 2221 3699 2278 An-

2170 2319 2427 2391 selmus,
2460 2319 2591 2399 qui,
2630 2336 2759 2377 non
2786 2322 3202 2396 agnoscentes
3230 2316 3410 2375 hunc
3430 2320 3621 2375 actum
3648 2314 3695 2373 in

2166 2413 2481 2475 voluntate
2534 2411 2670 2482 Dei,
2728 2409 3091 2489 generalem
3130 2409 3309 2469 illam
3358 2406 3693 2469 locutionem

2167 2505 2341 2567 Pauli
2370 2523 2383 2564 ε
2416 2506 2582 2567 Deus
2605 2504 2739 2567 vult
2776 2520 2976 2565 omnes
3020 2502 3288 2565 laomim
3330 2500 3531 2563 salvos
3566 2501 3689 2579 fieri,

2165 2617 2279 2677 per
2310 2596 2811 2659 distributionem
2842 2594 3347 2665 accommodam,
3378 2593 3479 2653 vel
3502 2593 3691 2654 incom-

2162 2691 2397 2771 pletam
2444 2690 2671 2768 (quam
2711 2694 2941 2749 vocant
2978 2706 3093 2767 pro
3136 2686 3484 2767 generibus
3524 2686 3693 2763 singu-
3779 2684 3780 2765 j

2165 2785 2409 2863 lorum)
2456 2784 2539 2844 ad
2576 2785 2741 2845 solos
2780 2782 3256 2862 praedestinatos
3300 2780 3689 2855 restringam

2166 2896 2357 2957 quam
2388 2876 2579 2938 etiam
2607 2876 2981 2937 sententiam
3006 2873 3296 2953 nonnulli
3336 2890 3427 2941 ex,
3456 2870 3693 2933 Scholas-
3779 2862 3780 2865 '

2165 2972 2303 3033 ticis
2332 2970 2533 3031 secuti
2550 2975 2715 3031 sunt.
2744 2967 2877 3039 Quo
2900 2968 3243 3047 supposito,
3264 2964 3457 3027 facile
3482 2981 3695 3041 respon-

2166 3066 2391 3128 demus
2417 3065 2637 3138 Deum,
2670 3061 2974 3142 quidquid
3000 3066 3323 3141 operatur,
3352 3059 3443 3122 ita
3462 3057 3695 3137 perfecte

2164 3159 2511 3222 voluntarie
2550 3156 2819 3237 operari,
2864 3161 2933 3216 ut
2984 3155 3139 3215 nihil
3176 3150 3575 3214 involuntarii
3608 3150 3695 3210 ad·
3779 3209 3780 3214 ,

2166 3254 2423 3314 mistum
2444 3251 2707 3323 habeat;
2743 3249 2893 3328 quia
2910 3249 2974 3310 in
2998 3249 3323 3310 voluntate
3350 3265 3467 3308 sua
3492 3244 3693 3305 nullum

2166 3345 2359 3407 habet
2412 3350 2621 3406 actum
2669 3342 2769 3404 vel
2826 3341 3185 3421 simpliciter
3232 3339 3339 3402 vel
3390 3336 3697 3400 secundum

2168 3439 2319 3516 quid
2346 3442 2800 3516 repugnantem
2833 3435 2939 3495 tali
2968 3433 3166 3513 operi.
3196 3434 3409 3511 Atque
3446 3431 3549 3502 ita,
3580 3445 3695 3489 cum

2165 3531 2298 3594 vult
2344 3530 2627 3610 infligere
2684 3529 2923 3590 malum
2968 3544 3198 3606 poenae,
3255 3524 3607 3602 simpliciter
3646 3519 3695 3580 id

2166 3624 2319 3697 vult,
2368 3629 2431 3686 et
2476 3622 2648 3682 nullo
2678 3620 2868 3682 modo
2918 3637 3047 3682 nou
3086 3619 3239 3694 vult,
3270 3635 3485 3697 neque
3513 3615 3691 3676 nollet.

2168 3716 2427 3788 Quando
2456 3720 2670 3777 autem
2702 3715 2822 3776 hoc
2847 3711 3204 3775 attribuitur
3230 3714 3393 3785 Deo,
3422 3709 3581 3790 quod
3604 3727 3693 3767 no-

2164 3811 2302 3872 lens
2330 3815 2441 3870 aut
2463 3809 2683 3870 dolens
2729 3808 2938 3880 faciat,
2987 3806 3145 3868 sicut
3172 3806 3445 3866 verbum
3482 3800 3691 3862 dolendi

2168 3905 2407 3982 absque
2440 3902 2567 3962 ulla
2598 3899 3021 3962 controversia
3064 3897 3561 3977 metaphoricum
3597 3899 3687 3966 est,

2165 3997 2253 4058 ita
2296 3994 2555 4075 intelligi
2584 3993 2773 4056 debet
2796 3992 3061 4054 verbum
3092 3989 3390 4062 nolendi;
3422 3985 3691 4068 signifiea-

2167 4097 2269 4152 tur
2334 4096 2549 4150 autem
2598 4105 2716 4167 per
2765 4087 2937 4156 illam
2988 4085 3429 4164 metaphoram
3482 4083 3687 4148 Deum,

2168 4183 2339 4264 quod
2364 4183 2431 4243 in
2475 4199 2543 4242 se
2584 4186 2713 4254 est,
2763 4185 3053 4260 paratum
3099 4196 3240 4240 esse
3284 4177 3373 4238 ad
3414 4175 3479 4237 id
3510 4173 3691 4234 noleu-
3779 4177 3780 4180 ’

2166 4278 2341 4350 dum,
2368 4281 2736 4352 tantumque
2778 4273 2839 4334 id
2868 4272 3027 4334 velle
3056 4271 3205 4350 quia
3242 4275 3501 4350 peccata
3526 4264 3691 4327 homi-

2166 4387 2319 4431 num
2362 4371 2447 4430 ita
2482 4368 2777 4448 exigunt3
2824 4365 2943 4426 illis
2989 4371 3202 4426 tamen
3232 4361 3581 4442 suppositis,
3609 4357 3690 4416 ab»

2166 4464 2367 4524 solute
2422 4466 2485 4522 et
2514 4458 2689 4521 omni
2736 4458 2976 4520 ratione
3019 4457 3083 4518 id
3111 4457 3264 4518 vult.
3298 4457 3597 4535 (August,
3638 4449 3689 4508 in
3779 4533 3780 4538 γ

2166 4555 2391 4628 Ench.,
2422 4571 2478 4614 c.
2522 4553 2603 4616 79
2634 4557 2697 4612 et
2726 4553 2861 4626 103,
2914 4557 2975 4612 et
3008 4550 3085 4612 de
3118 4549 3403 4628 Corrept.
3438 4553 3497 4608 et
3519 4546 3688 4614 Grat.,
3779 4579 3780 4618 2

2165 4667 2221 4709 c.
2258 4651 2369 4720 153
2395 4647 2641 4725 prosp„
2666 4644 2750 4706 ad
2768 4661 2907 4723 cap.
2933 4643 3113 4718 Gan„
3148 4661 3287 4722 cap.
3310 4645 3381 4714 83
3410 4639 3601 4717 Fulg.,
3626 4634 3689 4694 de

2163 4743 2410 4803 Incarn.
2446 4744 2508 4800 et
2530 4743 2717 4818 grat„
2754 4754 2808 4799 c.
2840 4737 2912 4798 31
2945 4755 2962 4809 ;
2997 4734 3176 4808 Bed.,
3202 4733 3415 4795 Ansel.
3440 4738 3500 4793 et
3526 4729 3686 4807 Cajet.

2164 4835 2231 4894 in
2253 4832 2427 4894 Paul.
2450 4847 2471 4910 3
2492 4831 2731 4904 Alana,
2764 4833 2791 4889 1
2820 4848 2913 4908 p.,
2946 4847 3007 4910 q.
3038 4829 3136 4901 36,
3162 4825 3400 4888 memb.
3430 4828 3501 4897 23
3524 4824 3693 4884 Bona-

2166 4934 2365 5004 vent„
2402 4927 2467 4987 in
2495 4929 2553 4998 1,
2576 4925 2639 4986 d.
2672 4925 2777 4999 46,
2817 4923 2993 4984 artic.
3027 4926 3083 4984 1.
3132 4940 3196 5000 q.
3244 4924 3271 4983 1
3302 4939 3323 4994 ;
3356 4921 3441 4980 ibi
3468 4921 3617 4980 Scot.
3642 4917 3691 4974 et

2166 5021 2361 5101 Mag„
2392 5021 2613 5100 quaest.
2642 5035 2786 5090 un.;
2830 5017 3047 5089 Mars,
3078 5016 3141 5076 in
3172 5017 3231 5087 1,
3261 5032 3323 5091 q.
3361 5015 3455 5086 15,
3486 5015 3593 5074 art.
3624 5011 3645 5068 1
3673 5025 3687 5076 ς

2164 5113 2401 5186 Dried.‚
2426 5112 2535 5172 lib.
2562 5110 2642 5172 de
2666 5109 2855 5171 Conc.
2884 5125 3106 5188 praesc.
3137 5113 3201 5168 et
3236 5105 3345 5166 lib.
3372 5105 3533 5180 arb„
3562 5107 3585 5162 1
3614 5119 3685 5180 p.,

2168 5226 2223 5268 c.
2254 5208 2317 5281 4,
2350 5206 2432 5267 ad
2458 5207 2547 5282 2.)

2246 5302 2309 5362 9.
2337 5296 2637 5378 Rejicitur
2672 5295 2971 5378 proedicta
3006 5292 3224 5372 opinio,
3254 5295 3315 5354 et
3342 5291 3500 5354 locus
3530 5283 3691 5350 Pali

2169 5395 2198 5452 1
2234 5393 2315 5456 ad
2334 5393 2495 5456 Tim.
2530 5393 2569 5452 2
2598 5389 2958 5454 elucidatur.
2986 5419 3065 5434 —
3090 5387 3171 5448 At
3196 5385 3364 5448 enim
3391 5383 3546 5444 dicta
3572 5395 3687 5438 sen-

2166 5487 2384 5560 tentia,
2414 5485 2477 5545 in
2510 5501 2637 5564 qua
2668 5483 2803 5542 haec
2846 5479 3169 5560 responsio
3192 5478 3504 5551 fundatur,
3532 5473 3683 5534 firma
