3850 6225
527 378 646 439 432

525 482 742 544 Matth.
775 482 850 543 5:
886 480 1148 545 Gaudete
1167 484 1226 543 et
1249 479 1534 551 exultate,
1562 479 1843 559 quoniam
1865 497 2088 541 merces

525 584 731 639 vestra
757 572 995 655 copiosa
1021 579 1112 637 est
1143 573 1210 634 iu
1247 572 1452 645 ocelim
1479 575 1580 632 et:
1617 573 1798 634 Beati
1817 571 1920 652 qui
1955 590 2089 653 per-

523 668 880 732 secutionem
917 666 1252 747 patiuutur
1290 672 1542 745 propter
1573 663 1916 745 justitiam,
1946 682 2091 747 quo-

523 762 690 823 niam
739 760 1009 841 ipsorum
1062 762 1154 821 est
1204 776 1454 840 requam
1505 758 1828 830 coetorum,·
1879 758 2088 817 statim

525 855 692 915 enim
721 853 936 933 incipit
959 870 1094 914 esse
1125 852 1394 924 illorum,
1423 851 1624 911 sinon
1661 850 2085 930 possessione,

525 947 746 1009 saltem
767 948 933 1025 jure.
973 946 1050 1007 Et
1090 944 1232 1005 ideo
1265 944 1492 1011 Paulus
1523 962 1706 1003 suum
1734 942 2088 1023 depositum

523 1040 878 1120 appellavit,
933 1045 999 1100 ut
1045 1056 1236 1117 supra
1287 1056 1433 1098 cum
1473 1037 1793 1099 Bernardo
1838 1034 2089 1099 ¹notavi-

521 1151 682 1193 mus.

603 1228 700 1287 54.
725 1228 856 1287 Imo
875 1226 1016 1305 plus
1037 1223 1348 1285 addidisse
1369 1224 1617 1285 videtur
1638 1224 1925 1299 BasiliuS,
1952 1241 2087 1284 ora-

520 1320 690 1380 tione
724 1320 788 1379 in
826 1320 959 1381 init.
998 1320 1175 1381 Prov.
1201 1364 1216 1391 ,
1260 1314 1749 1379 dicens:0mnes
1763 1316 1869 1397 qui
1893 1317 2085 1379 vitam

519 1412 956 1493 Eranyelicam
1003 1412 1332 1473 incedimus
1349 1455 1364 1483 ,
1419 1415 1784 1473 mercatores
1831 1426 2079 1484 sumus,

507 1524 626 1586 per
665 1522 846 1586 opera
871 1505 1296 1567 mandatorum
1325 1504 1490 1566 uobis
1507 1506 1945 1585 possessiouem
1974 1520 2084 1564 cce-

517 1600 724 1663 lestem
746 1602 1180 1678 comparantes.
1213 1599 1287 1658 Et
1313 1598 1433 1659 hoc
1479 1599 1686 1676 ipsum
1731 1595 2083 1679 significare

517 1694 712 1753 voluit
733 1692 1172 1770 HieronmeS,
1207 1710 1373 1764 cum,
1401 1709 1722 1770 exponens
1755 1690 1949 1751 verba
1977 1690 2081 1749 illa

516 1786 732 1847 Matth.
757 1789 867 1848 20:
895 1784 1040 1849 Non
1055 1790 1147 1847 est
1159 1802 1353 1847 meum
1377 1786 1520 1848 dare
1541 1784 1726 1855 vobin
1753 1786 1860 1847 sed
1870 1782 2082 1863 quibus

509 1886 804 1959 paratum
827 1882 918 1941 eet
941 1898 980 1942 a
1001 1878 1196 1941 Patre
1219 1896 1384 1939 meo:
1425 1876 1538 1941 Sic
1563 1877 1807 1955 (inquit)
1851 1876 2083 1939 intelli-

515 1974 770 2055 yendum
797 1980 922 2034 est:
957 1970 1232 2053 Reynum
1263 1970 1542 2033 calorum
1577 1988 1697 2031 uon
1735 1976 1826 2033 est
1851 1968 2077 2041 dantis,

517 2068 624 2127 sed
657 2065 1036 2146 accipientis.
1081 2063 1477 2124 Admirabilis
1520 2063 1774 2141 quidem
1809 2080 2081 2141 exagge-

517 2160 674 2221 ratio
717 2158 798 2219 ad
827 2177 963 2219 rem
1005 2156 1438 2237 explicandam
1467 2176 1482 2229 ;
1525 2174 1654 2216 non
1685 2157 1851 2216 enim
1876 2162 2081 2235 potest

515 2270 782 2331 regnum
817 2250 1120 2311 coelorum
1157 2268 1286 2310 non
1317 2268 1454 2310 esse
1485 2249 1712 2323 dantia,
1743 2266 1885 2309 cum
1915 2266 2083 2309 sem-

515 2364 629 2425 per
661 2347 826 2406 Deus
874 2344 950 2403 sit
1003 2350 1064 2403 et
1105 2348 1362 2403 maneat
1403 2360 1734 2421 supremus
1785 2342 2079 2402 dominus

517 2458 735 2499 eorum
761 2455 898 2515 quae
924 2436 1116 2497 donat
1149 2436 1244 2495 vel
1273 2436 1608 2515 promittit;
1641 2442 1708 2496 ut
1731 2442 1939 2496 tamen
1981 2436 2077 2494 in-

513 2532 892 2611 telligamus,
947 2548 1074 2589 nou
1125 2528 1408 2589 obstante
1461 2530 1578 2589 hoc
1627 2528 1927 2601 dominio,
1970 2530 2075 2607 jus

513 2628 692 2707 regni
739 2626 1042 2687 coelorum
1071 2625 1155 2685 ita
1185 2624 1448 2685 obtineri
1495 2644 1532 2683 a
1565 2624 1773 2703 justiS,
1821 2630 1887 2685 ut
1944 2642 2071 2683 nou

515 2721 756 2799 possint
795 2720 898 2779 illo
929 2718 1181 2798 privari,
1234 2717 1404 2777 salva
1429 2718 1664 2796 justitia
1689 2764 1704 2789 ,
1745 2717 1896 2778 dixit
1932 2718 2079 2777 Hie-

515 2832 837 2892 ronymus,
865 2814 998 2891 jam
1033 2830 1160 2873 non
1191 2830 1328 2872 esse
1361 2810 1589 2887 dantiS,
1631 2810 1744 2872 sed
1769 2812 2082 2889 accipien-

515 2908 611 2969 tis.
634 2907 810 2979 Quod
831 2906 1038 2967 verbis
1064 2906 1468 2985 sequentibus
1489 2904 1686 2966 decim
1702 2910 1792 2966 at:
1819 2904 1963 2968 Noa
1990 2912 2082 2969 est

512 3000 668 3063 enim
689 3002 949 3082 acceptio
964 3017 1364 3081 personarum
1384 3002 1545 3080 apud
1567 3000 1758 3062 Deum
1775 3024 1801 3071 ;
1827 2998 1947 3069 sed,
1968 2997 2071 3078 qui

513 3094 696 3158 talem
733 3113 796 3158 ee
829 3092 1182 3174 praebuerit,
1223 3098 1294 3156 ut
1326 3108 1506 3176 reyao
1536 3092 1819 3154 cal-,rum
1849 3091 2069 3173 diynus

506 3191 645 3268 fiat,
679 3187 774 3249 laio
819 3187 1072 3266 accipiet
1099 3188 1256 3267 quod
1293 3205 1412 3248 nou
1452 3203 1749 3268 persouoe,
1783 3185 1891 3247 sed
1929 3188 2073 3246 vita·

508 3286 800 3360 paratum
838 3287 950 3344 est.
983 3281 1056 3340 Et
1081 3281 1146 3340 in
1172 3279 1398 3340 eodem
1441 3297 1628 3338 sensu
1661 3277 1937 3338 declarat
1967 3277 2071 3338 illa

512 3374 708 3434 verba
735 3374 1236 3452 chrysostomuS,
1275 3372 1491 3432 homil.
1525 3373 1636 3432 66:
1667 3371 1838 3434 Num
1877 3372 2075 3455 igitur

515 3468 758 3548 (iuquit)
785 3467 960 3548 quasi
981 3484 1100 3527 uon
1113 3471 1414 3546 potentem
1438 3465 1616 3527 illum
1637 3465 1706 3527 id
1718 3469 1913 3545 facere
1940 3484 2073 3528 oon-

515 3560 964 3626 demnabimue?
1001 3560 1422 3640 Nequaquam,
1457 3561 1563 3622 sed
1572 3561 1896 3638 justitiam
1939 3560 2073 3639 ejus

513 3655 954 3719 admirabimur
967 3677 992 3726 ;
1035 3655 1092 3716 et
1119 3654 1401 3733 quoniam
1439 3671 1557 3713 nou
1597 3670 1938 3734 personam.
1968 3653 2076 3714 sed

511 3767 639 3810 rem
669 3748 942 3830 respicit,
977 3746 1399 3820 laudabimus,
1435 3745 1713 3824 quodibi
1759 3751 1820 3805 et
1867 3745 1931 3804 in
1973 3763 2071 3804 se-

511 3842 725 3921 quenti
753 3840 1004 3901 homilia
1032 3841 1156 3900 late
1180 3841 1610 3918 prosequitur3
1658 3847 1716 3898 et
1747 3835 2071 3917 eleganter

513 3935 722 3995 homil.
757 3934 820 3993 in
849 3934 1008 3994 Psal.
1044 3936 1148 4008 ἹΙ,
1178 3935 1342 3994 circa
1357 3931 1422 3992 id
1451 3951 1464 3991 :
1501 3929 1743 3994 Orietur
1772 3931 1840 3991 iu
1867 3931 2069 3992 diebus

513 4031 646 4108 ejus
655 4026 914 4108 justitia
928 4055 946 4088 .·
970 4025 1115 4099 Quoe
1115 4027 1376 4106 justitia
1414 4025 1662 4103 (inquit)
1680 4025 1906 4106 pietati
1934 4042 2075 4086 cou-

497 4125 744 4202 juncta,
771 4121 1114 4182 tolerantia·
1137 4119 1578 4202 conylutinata,
1599 4115 1964 4199 appenditur
1988 4116 2073 4180 ibi

511 4217 654 4278 vitoe
681 4217 941 4286 oeteruoe,
973 4219 1030 4277 et
1051 4215 1127 4292 fit
1138 4213 1420 4293 justitia,
1443 4217 1514 4274 ut
1549 4214 1610 4275 ia
1632 4230 1752 4293 qua
1783 4229 2070 4274 mensura

511 4309 703 4370 mensi
739 4309 1058 4381 fuerimus,
1091 4306 1445 4371 remetiatur
1499 4305 1684 4370 uobis.
1733 4307 1807 4366 Et
1845 4305 2069 4365 similia

511 4422 539 4462 s
551 4409 658 4463 unt
677 4402 872 4462 multa
897 4401 960 4461 in
977 4401 1217 4462 Sanctis
1234 4401 1538 4476 PatribuS,
1565 4399 1908 4480 praesertim
1925 4418 2070 4459 cum

513 4497 853 4574 loquuntur
895 4496 973 4555 de
1001 4495 1236 4555 meritis
1271 4495 1608 4574 justorum,
1651 4513 1798 4556 nam
1843 4494 1910 4554 in
1951 4493 2071 4553 illis

515 4590 660 4648 solis
693 4591 808 4649 hoc
855 4607 1054 4668 genus
1105 4588 1294 4650 debiti
1327 4595 1388 4649 et
1428 4588 1685 4668 justitiae
1737 4587 2067 4666 reperitur.

516 4681 694 4758 (Vide
723 4681 1038 4752 Ambros,
1064 4701 1251 4742 serm.
1284 4686 1321 4743 7
1349 4683 1412 4742 in
1441 4683 1540 4742 Ps.
1567 4683 1722 4754 1¹83
1755 4689 1818 4743 et
1847 4681 2069 4760 Chrys,

515 4774 730 4834 homil.
761 4779 798 4835 3
827 4775 890 4834 in
922 4775 1168 4856 Matth.)

517 4963 697 5036 Deus,
749 4962 1007 5042 proemia
1049 4981 1122 5026 ex
1159 4963 1415 5042 justitia
1451 4961 1724 5038 reddens,
1754 4961 2075 5024 secundum

717 5056 1036 5120 consilium
1067 5056 1396 5120 voluntatis
1421 5073 1548 5118 euoe
1577 5059 1876 5137 operatur.

599 5242 699 5302 55.
741 5241 854 5301 Hic
879 5257 1026 5300 vero
1068 5241 1272 5300 statim
1311 5245 1649 5300 occurrunt
1677 5239 1887 5318 plures
1915 5241 2077 5302 diffi-

515 5336 803 5410 cultateS,
835 5352 992 5414 quas
1035 5351 1201 5394 nunc
1225 5350 1354 5394 non
1379 5351 1750 5413 prosequar,
1779 5353 1859 5394 ne
1889 5335 2076 5413 proli-

515 5428 654 5489 xior
681 5430 818 5502 sim,
867 5433 929 5488 et
957 5427 1103 5505 quia
1149 5425 1212 5486 in
1264 5425 1448 5486 citato
1483 5425 1620 5487 loco
1679 5425 1809 5487 fere
1853 5445 2075 5488 omnes

517 5522 796 5584 tractavi.
828 5521 1042 5584 Solum
1066 5528 1133 5584 ut
1151 5527 1364 5582 nostro
1389 5520 1648 5582 themati
1671 5521 2070 5597 satisfaciam,

1005 380 1218 435 OPUSC.
1253 382 1332 435 lV.
1367 377 1672 433 RELECTlo
1705 380 1784 433 DE
1817 376 2167 433 mannum
2200 378 2589 435 VOLUNTms
2626 383 2871 437 01leAE
2908 378 3145 439 mSPUT.
3182 380 3246 433 ΙΙ.

2170 478 2492 558 explicabo
2520 480 2814 553 breviter,
2866 498 3007 539 eum
3044 478 3214 541 Deus
3248 474 3455 537 reddit
3477 474 3593 534 hoc
3616 474 3713 534 de-

2169 573 2389 645 bitum,
2416 574 2604 634 etiam
2630 574 2873 653 operari
2904 573 3249 634 secundum
3281 568 3603 631 consilium
3620 586 3715 627 vo-

2170 667 2426 728 luntatis
2478 687 2629 729 suae.
2688 670 2795 729 Est
2848 668 3014 729 enim
3070 666 3133 726 in
3172 666 3307 727 Deo
3338 670 3631 741 tanquam
3658 664 3715 720 in

2171 778 2465 839 supremo
2501 760 2805 840 principe,
2836 778 2963 821 non
2988 765 3231 820 tantum
3266 758 3355 837 (ut
3390 758 3479 817 sic
3508 756 3713 830 dIcam)

2169 854 2497 915 consilium
2550 856 2786 934 gratim,
2850 854 2965 915 sed
3012 854 3201 914 etiam
3246 850 3531 931 justitiae,
3585 868 3713 907 nam

2166 954 2505 1027 utrumque
2534 953 2774 1026 spectat
2808 954 2941 1009 tum
2979 947 3061 1007 ad
3098 946 3408 1025 principis
3448 941 3719 1019 magnifi-

2168 1039 2459 1114 centiam,
2492 1046 2627 1101 tum
2661 1041 2740 1101 ad
2782 1048 3063 1102 exactam
3093 1039 3497 1101 subditorum
3536 1036 3717 1114 provi·

2168 1132 2477 1205 dentiam3
2526 1138 2589 1194 et
2633 1134 2983 1194 secundum
3028 1140 3371 1211 utrumque
3410 1128 3715 1189 consiliam

2167 1226 2333 1285 Deus
2360 1232 2658 1304 operatur
2685 1245 2761 1287 ex
2784 1225 3183 1305 beneplacito
3210 1222 3557 1286 voluntatis
3576 1240 3713 1292 suae3

2167 1324 2298 1378 tum
2329 1320 2473 1397 quia
2503 1320 2658 1379 nihil
2680 1337 2757 1380 ex
2782 1320 3079 1382 alterutro
3112 1318 3375 1381 consilio
3414 1322 3713 1394 operatur,

2164 1418 2273 1472 aut
2298 1413 2646 1491 exequitur,
2677 1414 2793 1473 nisi
2824 1413 2993 1491 quod
3038 1414 3237 1474 libera
3278 1411 3601 1471 voluntate
3626 1428 3717 1468 ac·

2164 1510 2408 1585 ceptat;
2438 1512 2571 1565 tum
2618 1507 2807 1567 etiam
2848 1506 2993 1585 quia
3032 1525 3193 1585 opus
3222 1506 3554 1581 utriusque
3588 1520 3715 1561 con-

2165 1599 2283 1658 silii
2312 1598 2502 1659 habet
2531 1600 2837 1679 originem
2868 1600 2949 1660 ab
2968 1600 3103 1680 ipsa
3120 1600 3453 1659 voluntate
3482 1596 3715 1655 omnino

2162 1692 2357 1753 libera
2382 1700 2445 1753 et
2466 1694 2755 1772 gratuita,
2780 1694 3064 1773 quamvis
3094 1694 3157 1753 in
3176 1693 3303 1753 hoc
3332 1692 3413 1751 sit
3434 1690 3713 1749 nonnulla

2163 1784 2537 1862 differentia,
2588 1788 2733 1865 quia
2764 1788 2825 1846 in
2880 1785 3138 1848 consilio
3170 1785 3393 1865 gratiae
3438 1802 3597 1862 opus
3622 1802 3715 1841 seu

2162 1876 2541 1941 beneficium
2570 1880 2651 1939 ab
2681 1879 2783 1939 illo
2822 1880 3209 1957 procedens,
3250 1878 3451 1938 habet
3487 1894 3611 1934 non
3634 1894 3717 1933 so-

2164 1970 2295 2033 lum
2338 1972 2605 2051 primam
2647 1973 2976 2050 originem,
3008 1972 3125 2034 sed
3156 1972 3351 2032 etiam
3380 1968 3715 2049 proximam

2160 2066 2225 2125 in
2248 2066 2516 2145 gratuita
2536 2067 2853 2128 voluntate
2876 2068 3007 2139 Dei,
3032 2085 3171 2145 quae
3198 2072 3295 2127 est
3322 2072 3459 2125 tota
3490 2063 3639 2125 ratio
3664 2069 3715 2121 et

2162 2178 2351 2219 causa
2380 2160 2519 2221 talis
2546 2160 2869 2231 beneficii;
2900 2179 3056 2238 opus
3084 2166 3301 2220 autem
3324 2155 3713 2237 procedensa

2160 2254 2420 2314 consilio
2452 2254 2725 2333 justitiae,
2773 2254 2964 2314 habet
3010 2254 3267 2332 quidem
3316 2252 3591 2331 primam
3614 2250 3713 2310 ori-

2161 2345 2373 2425 ginem
2402 2346 2464 2405 in
2494 2346 2764 2424 gratuita
2788 2346 3129 2420 voluntate,
3156 2354 3291 2407 tum
3326 2342 3709 2425 promittendi

2160 2439 2277 2499 sub
2302 2438 2657 2499 conditione
2693 2440 2923 2519 operiS‚
2960 2444 3090 2500 tum
3144 2438 3337 2499 etiam
3368 2436 3561 2497 dandi
3590 2452 3709 2513 gra·

2158 2532 2305 2593 tiam
2348 2538 2409 2592 et
2452 2532 2615 2593 vires
2660 2533 2885 2613 quibus
2924 2534 3194 2593 conditio
3222 2532 3427 2611 possit
3459 2528 3673 2607 expleri
3686 2544 3703 2601 ;

2154 2625 2435 2703 proxime
2452 2644 2601 2686 vero
2618 2629 2679 2685 et
2696 2625 3055 2686 immediate
3068 2626 3203 2705 jam
3222 2624 3529 2687 fundatur
3546 2622 3605 2681 iu
3622 2638 3705 2679 ra-

2162 2718 2329 2779 tione
2360 2719 2575 2793 debiti,
2616 2728 2675 2781 et
2702 2726 3161 2798 consequenter
3196 2736 3327 2779 non
3360 2734 3597 2777 meram
3622 2732 3703 2773 vo·

2160 2813 2489 2888 luntatem,
2542 2814 2653 2874 sed
2712 2814 2987 2894 aliquam
3045 2814 3236 2875 etiam
3284 2811 3703 2873 necessitatem

2162 2907 2373 2982 hahet,
2430 2926 2569 2986 quai
2604 2912 2815 2968 tamen
2866 2926 2993 2969 non
3040 2914 3135 2968 est
3160 2907 3487 2977 absoluta,
3506 2904 3613 2963 sed
3640 2920 3703 2962 ex
3805 2910 3806 2943 ἰ

2162 3000 2587 3079 suppositione
2616 3000 2827 3061 libera}
2854 3008 2916 3061 et
2944 3002 3228 3080 gratuitae
3257 2999 3625 3068 voluntatis;
3654 3003 3703 3055 et

2154 3094 2293 3156 ideo
2320 3113 2448 3156 nou
2473 3094 2746 3156 excludit
2764 3094 2917 3174 quin
2940 3113 3192 3175 semper
3216 3113 3377 3174 opus
3396 3093 3477 3154 sit
3504 3110 3703 3153 secun·

2152 3189 2306 3249 dum
2331 3189 2661 3248 consilium
2690 3189 3027 3250 voluntatis
3046 3188 3178 3249 Dei.
3210 3190 3417 3266 Atque
3447 3188 3531 3247 ita
3560 3185 3625 3245 fit
3646 3192 3703 3244 ut

2154 3283 2482 3344 consilium
2525 3285 2779 3363 justitiae
2820 3287 3158 3362 supponat,
3211 3289 3273 3343 et
3318 3282 3633 3342 derivetur
3672 3299 3701 3338 a

2156 3377 2416 3438 consilio
2440 3377 2678 3456 gratiae,
2712 3377 2761 3436 si
2790 3382 3007 3438 nostro
3046 3375 3233 3436 modo
3258 3375 3617 3454 loquamur.
3642 3375 3703 3432 Et
3802 3431 3804 3438 ,

2152 3469 2271 3529 hoc
2298 3476 2393 3529 est
2420 3469 2589 3546 quod
2609 3469 2855 3530 dicebat
2872 3469 3277 3548 AugustinuS,
3298 3469 3407 3528 lib.
3442 3468 3519 3529 de
3546 3467 3698 3528 Grat.

2155 3567 2217 3622 et
2240 3562 2347 3623 lib.
2380 3563 2514 3622 arb.
2540 3581 2553 3621 :
2592 3561 2703 3626 Cui
2716 3563 2985 3624 redderet
3013 3561 3703 3641 coronamjustitioejus-

2153 3655 2477 3734 tusjudeoe,
2518 3657 2577 3717 si
2611 3673 2730 3716 uon
2759 3655 3037 3718 donasset
3070 3658 3343 3736 qratiam
3370 3655 3699 3716 misericors

2146 3748 2365 3826 pater?
2396 3747 2491 3811 Εἰ
2512 3749 2796 3828 quomodo
2832 3752 2989 3810 esset
3012 3748 3139 3810 ista
3181 3765 3405 3810 corona
3417 3749 3695 3827 justitia,

2150 3837 2275 3902 nisi
2284 3842 2700 3920 praecessisset
2713 3839 2943 3922 qratia,
2962 3841 3409 3920 quoejustifioat
3424 3840 3699 3920 impium?

2156 3931 2449 4006 Quomodo
2478 3935 2601 3997 ista
2615 3935 2811 3997 debita
2828 3933 3235 4008 redderentur,
3268 3934 3398 3994 nisi
3404 3934 3585 4014 prius
3600 3931 3697 3990 issla

2148 4027 2429 4108 yratuita
2476 4027 2964 4090 donarentur-mi
3006 4028 3125 4088 hoc
3174 4033 3267 4087 est
3306 4027 3501 4087 etiam
3546 4023 3693 4102 quod

2152 4120 2397 4198 scripsit
2438 4120 2807 4181 Coelestinus
2859 4120 3050 4199 Papa,
3103 4121 3167 4180 in
3224 4139 3325 4199 ep.
3380 4119 3463 4180 ad
3510 4119 3687 4197 Episc.

2151 4213 2335 4286 Gall„
2372 4233 2508 4294 cap.
2546 4215 2658 4274 12:
2695 4215 2899 4278 Tanta
2930 4232 3079 4296 erya
3106 4231 3303 4277 omues
3334 4213 3593 4276 homines
3618 4215 3691 4274 est

2152 4309 2387 4370 bonitas
2404 4309 2541 4382 Dei,
2564 4313 2635 4370 ut
2662 4313 2877 4370 nostra
2898 4309 3159 4371 voluerit
3178 4325 3301 4372 esse
3316 4306 3558 4380 merita,
3581 4325 3693 4386 quoe

2152 4407 2299 4464 eunt
2326 4400 2521 4481 ipsius
2562 4401 2738 4472 doua,
2772 4405 2949 4481 atque
2972 4419 3085 4481 pro
3126 4402 3245 4474 Itis,
3290 4419 3423 4481 quoe
3449 4401 3692 4482 laryitus

2152 4499 2266 4568 eet,
2296 4499 2523 4556 aterna
2538 4495 2800 4575 proemia
2816 4496 2903 4557 sit
2926 4496 3282 4557 donaturus.

2236 4590 2335 4648 56.
2382 4589 2667 4651 Duraudi
2704 4588 3030 4670 scrupulus
3055 4589 3445 4670 expunqitur.
3476 4587 3691 4645 -Non

2156 4687 2249 4741 est
2292 4687 2506 4742 aulem
2538 4681 2657 4741 hoc
2698 4680 2783 4742 ita
2825 4681 3321 4760 intelligendum,
3368 4684 3433 4740 ut
3472 4679 3693 4739 videtur

2156 4773 2537 4835 intellexisse
2590 4782 2651 4835 et
2682 4773 2987 4852 objecisse
3020 4773 3375 4846 DuranduS,
3422 4791 3495 4834 ac
3520 4773 3567 4832 si
3590 4787 3690 4830 nos

2155 4866 2307 4928 nihil
2352 4866 2730 4927 haberemus
2760 4868 2823 4926 in
2862 4867 3221 4948 hujusmodi
3265 4865 3445 4926 donis
3483 4865 3607 4936 Dei,
3634 4864 3689 4922 in

2158 4981 2281 5041 quo
2324 4962 2521 5040 possit
2566 4961 2723 5022 ratio
2754 4961 3011 5040 justitiae
3044 4959 3321 5030 fundas-h
3350 4977 3519 5030 uam,
3564 4958 3689 5016 licet

2156 5055 2473 5116 meritoria
2512 5073 2707 5134 opera
2734 5053 3153 5134 principaliter
3199 5053 3321 5112 sint
3350 5052 3513 5112 dona
3566 5049 3683 5112 Dei.

2158 5149 2365 5229 quoad
2398 5149 2643 5210 initium
2688 5149 2943 5228 quidem
2990 5148 3266 5220 omniun,
3315 5145 3519 5226 quoad
3554 5161 3684 5204 con-

2158 5243 2639 5304 summationem
2656 5259 2804 5302 vero
2822 5241 3241 5321 principalius,
3271 5245 3481 5301 tamen
3496 5234 3681 5316 quoad

2156 5335 2660 5416 cooperationem
2696 5341 2759 5395 et
2784 5351 2965 5394 usum
2992 5334 3261 5394 liberum
3288 5338 3427 5392 sunt
3464 5337 3677 5397 nostra,

2156 5437 2217 5491 et
2252 5450 2365 5490 nos
2387 5447 2605 5490 sumus
2634 5428 2881 5488 illorum
2910 5427 3178 5500 domini;
3214 5432 3274 5488 et
3294 5427 3408 5486 hoc
3434 5423 3573 5484 satis
3600 5427 3679 5482 est

2160 5531 2225 5584 ut
2258 5543 2371 5603 per
2394 5523 2499 5583 illa
2528 5522 2839 5602 possimus
2854 5521 2961 5600 jus
2978 5521 3231 5600 justitiae
3261 5519 3595 5598 acquirere;
3624 5521 3675 5574 et

3802 3489 3804 3534 l

3803 3535 3804 3572 l
