3850 6225
501 368 625 431 416

504 482 713 543 cadere
735 496 778 543 a
799 481 994 563 seipso
1039 498 1160 543 uon
1185 490 1384 565 potest
1401 530 1420 559 ,
1461 487 1606 566 quia
1633 504 1752 548 non
1787 504 1914 549 esso
1946 503 2068 547 nou

495 580 717 657 potest.
749 574 906 636 Hinc
926 575 1134 637 Sancti
1161 578 1372 639 Patres
1395 580 1530 641 sine
1556 580 1951 642 cunctatione
1980 580 2066 641 ita

501 668 881 748 loquuntur;
933 670 1342 750 Augustinus,
1385 678 1658 733 enarrat.
1718 673 1782 735 in
1835 674 2060 735 Psalm.

503 764 606 836 83,
635 763 798 823 circa
839 761 1068 836 finem,
1099 763 1302 842 inquit
1345 781 1360 824 ε
1408 764 1742 829 Debitorem
1771 765 2067 829 Dominus

502 859 634 939 ipse
657 858 800 937 fecit
824 874 910 929 se,
939 874 1060 919 non
1087 858 1442 938 accipiendo,
1473 861 1581 923 sed
1611 862 2017 940 promittendo
2038 886 2064 933 ;

504 968 625 1011 non
673 949 727 1012 ei
767 948 994 1013 dicitur
1039 974 1062 1010 .·
1096 951 1298 1013 Redde
1333 954 1492 1032 quod
1529 955 1816 1033 accepisti
1831 978 1857 1027 ;
1909 954 2018 1016 sed
2042 978 2065 1013 .-

505 1044 710 1107 Redde
751 1044 911 1124 quod
953 1045 1304 1125 promisisti
1329 1068 1357 1115 ,·
1403 1051 1466 1105 et
1521 1036 1822 1107 sermon.
1862 1048 1938 1107 16
1984 1046 2065 1108 de

505 1136 726 1198 Verbis
754 1136 1059 1215 Apostol.‚
1097 1136 1298 1215 capite
1326 1138 1602 1199 seeundo
1632 1158 1646 1199 :
1679 1140 1764 1201 In
1801 1139 1895 1202 his
1935 1158 2069 1221 quo.

490 1232 633 1311 jam
661 1231 962 1302 habemus,
997 1230 1308 1292 laudemus
1339 1231 1531 1293 ΒΜ
1569 1232 1924 1314 larqitorem
1939 1260 1967 1307 ,·
1999 1233 2067 1296 in

506 1324 602 1387 his
630 1342 762 1404 quoe
807 1340 925 1383 aon
989 1322 1270 1385 habemus
1287 1370 1306 1399 ‚
1347 1328 1652 1387 teneamus
1699 1326 2015 1389 debitorem
2038 1352 2065 1399 ;

505 1419 732 1481 debitor
758 1415 914 1477 enim
938 1419 1138 1492 sactus
1158 1420 1270 1489 est,
1295 1435 1417 1479 non
1443 1417 1681 1500 aliquid
1700 1438 1739 1482 a
1765 1421 1935 1482 nobis
1967 1437 2066 1483 ac-

505 1511 796 1592 cipiendo,
837 1511 961 1582 sed,
991 1511 1138 1590 quia
1167 1512 1222 1573 ei
1241 1509 1500 1591 placuit,
1521 1514 1949 1593 promittendo.
1992 1516 2071 1575 Et

507 1603 890 1681 Fulgentius,
921 1602 984 1662 in
1034 1602 1397 1681 praet'atione
1437 1604 1579 1665 libri
1625 1605 1706 1666 ad
1734 1604 2012 1685 Monym.
2048 1626 2061 1667 :

510 1698 798 1780 Seipsum
841 1696 1126 1780 diqnatus
1163 1701 1254 1759 est
1279 1714 1395 1759 sua
1419 1697 1711 1780 lumitate
1750 1702 1947 1778 facere
1973 1700 2064 1763 de-

509 1792 804 1863 bitorem‚·
829 1795 892 1851 et
925 1790 1294 1869 Cyprianus,
1334 1789 1442 1850 lib.
1473 1790 1552 1851 de
1583 1792 1769 1871 Oper.
1807 1798 1870 1852 et
1899 1793 2069 1854 elee-

507 1904 782 1964 mosyn„
827 1882 904 1943 de
951 1883 1123 1961 justo
1165 1883 1459 1961 loquenS,
1513 1884 1601 1944 ait
1645 1902 1660 1944 ε
1715 1885 1907 1947 Deum
1954 1884 2069 1949 sibi

509 1981 812 2058 computat
839 1978 1179 2040 debitorem.
1206 1976 1351 2048 Quae
1374 1978 1752 2051 testimonia,
1785 1984 1856 2039 ut
1881 1978 2069 2039 mini-

507 2090 679 2133 mum
710 2070 978 2150 probant
1015 2070 1180 2130 hanc
1222 2070 1654 2144 assertionem,
1703 2088 2067 2151 quanquam

505 2165 650 2245 plus
683 2163 872 2225 etiam
899 2160 1189 2241 probent,
1215 2165 1284 2223 ut
1303 2169 1524 2242 postea
1552 2162 1779 2223 dicam.

586 2264 648 2323 9.
682 2258 940 2320 Ratione
967 2258 1154 2317 etiam
1181 2256 1362 2318 facile
1393 2262 1600 2336 potest
1622 2259 1926 2332 convinci,
1962 2276 2075 2337 po-

507 2356 624 2417 sito
655 2352 848 2433 priori
874 2350 1212 2431 principio;
1247 2368 1395 2411 nam
1431 2350 1508 2412 de
1541 2351 1784 2412 ratione
1813 2352 2075 2431 promis-

506 2448 698 2510 sionis
753 2450 848 2507 est
894 2444 1193 2505 inducere
1251 2443 1688 2505 necessitatem
1733 2446 2071 2523 quamdam

503 2540 806 2621 implendi
833 2538 1232 2619 promissum,
1259 2536 1392 2597 sine
1425 2556 1548 2615 quo
1575 2536 1884 2598 dictorum
1911 2537 2075 2597 veri-

503 2644 600 2699 tas
633 2640 740 2695 aut
783 2632 1050 2694 fidelitas
1097 2629 1438 2691 consistere
1481 2647 1610 2689 non
1655 2636 1896 2709 potest3
1941 2631 2071 2691 haec

505 2734 718 2789 autem
742 2725 1082 2787 necessitas
1106 2728 1367 2785 vocatur
1389 2722 1696 2795 debitum,
1720 2723 1818 2783 vel
1843 2722 2079 2800 obliga·

504 2824 590 2885 tio
615 2841 693 2882 ex
713 2818 1126 2900 promissione
1155 2822 1322 2889 orta3
1349 2833 1524 2894 ergo.
1551 2816 1752 2894 Major
1772 2816 2076 2894 imprimis

505 2915 894 2986 declaratum
944 2911 1114 2990 quia,
1149 2910 1268 2971 nisi
1309 2908 1646 2987 impleatur
1673 2908 2072 2986 promissum,

503 3010 660 3071 falsa
683 3008 945 3069 efficitur
973 3003 1232 3065 assertio
1266 3002 1328 3062 in
1351 3000 1764 3081 promissione
1788 3002 2027 3062 inclusa
2055 3048 2072 3074 ,

505 3102 762 3176 scilicet,
801 3100 1080 3161 futurum
1111 3115 1276 3172 esse,
1316 3095 1416 3156 vel
1438 3093 1796 3156 faciendum
1827 3113 1967 3156 esse
2002 3093 2073 3156 id

504 3197 676 3278 quod
701 3193 1100 3274 promittitur,
1133 3190 1282 3270 quia
1301 3207 1430 3250 non
1457 3188 1542 3248 ita
1561 3188 1630 3248 tit
1653 3188 1813 3248 sicut
1837 3187 2075 3250 dictum

505 3298 635 3363 est3
667 3305 842 3368 ergo,
875 3293 944 3346 ut
962 3283 1190 3346 veritas
1211 3280 1612 3343 infallibiliter
1631 3287 1941 3354 servetur,
1966 3299 2075 3342 ne·

505 3382 846 3446 cessarium
900 3385 994 3440 est
1037 3375 1521 3456 promissionem
1573 3375 1871 3454 implere;
1919 3393 2071 3454 ergo

504 3497 652 3540 eum
675 3477 794 3536 hac
825 3472 1193 3534 necessitate
1233 3469 1638 3548 conjunctum
1667 3474 1763 3529 est
1791 3467 2073 3528 debitum

503 3571 607 3634 vel
654 3568 949 3649 obligatio
991 3563 1292 3643 implendi
1333 3561 1831 3642 promissionem.
1894 3560 2073 3633 Quod

506 3685 586 3728 ex
609 3665 885 3725 humana
905 3656 1314 3740 promissione
1339 3655 1714 3728 declaratur,
1737 3673 1908 3728 nam,
1944 3654 2071 3714 sive

504 3760 696 3820 homo
725 3753 1045 3836 promittat
1089 3749 1266 3811 alteri
1313 3748 1575 3820 homini,
1619 3747 1748 3808 sive
1794 3747 1951 3819 De0,
1998 3763 2074 3806 ex

503 3860 772 3930 utraque
787 3843 1198 3929 promissione
1220 3843 1426 3922 aliqua
1457 3839 1752 3921 obligatio
1769 3839 2070 3910 nascitur,

505 3949 606 4008 vel
629 3944 902 4026 justitiae,
929 3941 1028 4003 vel
1053 3938 1390 4010 fidelitatis,
1416 3937 1516 3998 vel
1538 3933 1891 4014 religionis;
1925 3934 2073 4012 quia

507 4039 856 4104 constantia
907 4043 970 4098 et
1009 4035 1239 4096 veritas
1283 4033 1346 4092 in
1393 4030 1701 4094 servanda
1741 4028 1889 4103 fide,
1934 4045 2074 4108 quse

505 4151 622 4216 per
649 4129 1126 4212 promissionem
1160 4126 1344 4187 datur
1363 4171 1382 4200 ‚
1413 4129 1508 4184 est
1535 4124 1620 4185 ita
1647 4126 2073 4184 consentanea

507 4233 693 4289 rectae
725 4223 972 4294 rationi,
1017 4222 1085 4281 ut
1115 4220 1198 4281 ab
1227 4236 1304 4280 ea
1336 4217 1606 4278 deficere
1635 4232 1751 4294 per
1778 4233 1916 4275 sese
1948 4220 2073 4274 sta-

509 4321 620 4382 tim
650 4321 952 4399 appareat
976 4313 1305 4384 indecenS,
1353 4315 1416 4372 et
1449 4315 1635 4370 rectae
1671 4307 1894 4370 rationi
1925 4325 2075 4368 0011-

509 4413 770 4476 trarium
793 4454 809 4485 ,
841 4425 970 4469 non
997 4406 1206 4467 minus
1233 4421 1425 4484 quam
1457 4400 1664 4462 verbis
1691 4399 1772 4461 ab
1801 4417 1876 4461 eo
1905 4398 2076 4480 quod

511 4515 608 4569 est
634 4505 700 4566 in
723 4507 933 4565 mente
955 4501 1332 4578 discrepare.
1366 4497 1508 4558 Hoec
1537 4499 1749 4555 autem
1777 4493 1937 4554 ratio
1964 4493 2077 4552 ho·-

510 4598 770 4660 nestatis
799 4613 930 4657 non
955 4593 1254 4655 fundatur
1279 4592 1340 4651 in
1371 4590 1580 4668 aliqua
1607 4585 2077 4666 imperfectione

511 4699 814 4757 creaturae
833 4735 848 4761 ,
891 4689 1006 4750 sed
1035 4688 1099 4748 iu
1133 4686 1378 4766 objecto
1421 4684 1554 4764 ipso
1589 4681 1936 4742 secundum
1968 4699 2070 4754 se3

511 4789 638 4848 imo
670 4803 786 4864 per
823 4802 890 4844 se
921 4785 1196 4860 spectata
1231 4779 1338 4839 illa
1367 4778 1524 4840 ratio
1561 4775 1770 4854 potius
1807 4775 2077 4854 pertinet

514 4879 596 4940 ad
624 4877 1108 4958 perfectionem;
1149 4889 1300 4950 ergo
1329 4888 1406 4932 ex
1447 4869 1620 4931 omni
1661 4869 2073 4947 promissione

516 4973 704 5034 etiam
727 4969 934 5030 divina
957 4965 1234 5027 nascitur
1273 4964 1378 5024 illa
1415 4961 1758 5024 necessitas
1789 4961 2083 5022 servandi

513 5065 912 5148 promissum,
944 5061 1026 5122 ad
1044 5063 1372 5122 honestam
1402 5057 1710 5119 actionem
1735 5055 2077 5134 pertinens,

513 5179 654 5240 quoe
701 5156 1063 5228 necessitas,
1099 5153 1380 5214 debitum
1411 5149 1511 5210 vel
1556 5147 1850 5228 obligatio
1890 5167 2084 5228 gene·

515 5254 728 5320 raliter
753 5257 1030 5312 vocatur.

1253 5449 1340 5464 φ

981 375 1193 431 OPUSC.
1229 380 1311 433 w.
1347 376 1650 437 RELECTIO
1687 381 1768 435 DE
1797 376 2149 435 mazaram
2185 380 2579 439 vomituris
2608 380 2861 439 mvmAE.
2894 376 3133 439 maror.
3170 378 3233 437 11.

2494 650 2788 725 Quomodo
2826 650 2992 713 Deus
3020 648 3377 731 promittat.

2230 872 2331 932 10.
2374 868 2498 931 Sed
2526 872 2597 929 ut
2621 870 2757 929 haec
2784 869 3014 931 veritas
3042 867 3316 948 amplius
3344 867 3711 940 declaretur,

2146 962 2436 1041 objicitur
2460 962 2527 1021 in
2560 961 2731 1023 hunc
2750 962 3009 1023 modum
3032 980 3217 1022 :nam
3238 960 3501 1039 simplex
3518 978 3713 1022 asser-

2144 1054 2233 1115 tio
2266 1060 2567 1117 creaturae
2616 1060 2840 1115 natura
2888 1073 3003 1115 sua
3036 1073 3163 1114 non
3196 1052 3435 1113 inducit
3482 1054 3715 1133 obliga-

2144 1146 2405 1220 tionem,
2437 1146 2535 1207 vel
2566 1146 2849 1208 debitum
2880 1146 3114 1218 ullum;
3147 1144 3263 1205 sed
3291 1146 3359 1204 in
3384 1146 3509 1205 Deo
3546 1147 3713 1207 nulla

2148 1244 2243 1299 est
2268 1238 2599 1316 promissio
2630 1245 2860 1318 praeter
2899 1238 3248 1317 simplicem
3272 1238 3709 1313 assertionem;

2149 1349 2299 1409 ergo
2346 1350 2555 1411 neque
2606 1337 2703 1393 est
2746 1332 3077 1411 promissio
3126 1349 3266 1410 quae
3306 1330 3586 1392 debitum
3624 1334 3715 1393 vel

2148 1424 2598 1503 obligationem
2646 1425 2924 1485 inducat.
2978 1424 3190 1502 Major
3240 1424 3597 1484 declaratur
3646 1444 3715 1485 ex

2148 1517 2337 1579 rebus
2365 1518 2697 1590 humanis3
2731 1536 2953 1579 omnes
2984 1518 3153 1577 enim
3175 1517 3481 1579 Doctores
3510 1517 3719 1577 distin-

2148 1618 2349 1691 guunt
2376 1611 2437 1671 in
2466 1611 2649 1673 nobis
2676 1611 3021 1690 simplicem
3054 1610 3471 1670 assertionem
3502 1628 3540 1669 a
3588 1628 3717 1688 pro-

2148 1702 2468 1777 missione,
2501 1710 2564 1765 et
2594 1704 2941 1783 simplicem
2960 1702 3377 1763 assertionem
3398 1703 3579 1762 aiunt
3602 1720 3717 1763 non

2148 1796 2446 1857 inducere
2494 1796 2939 1875 obligationem
2988 1795 3181 1855 ullam
3219 1796 3287 1855 in
3320 1794 3713 1869 conscientia,

2148 1890 2433 1969 quamvis
2474 1896 2691 1951 votum
2733 1890 2833 1949 vel
2871 1888 3199 1971 promissio
3226 1888 3401 1949 illam
3446 1887 3714 1949 inducat.

2146 1984 2224 2045 Et
2258 1982 2417 2043 ratio
2479 1988 2596 2057 est,
2646 1982 2796 2061 quia
2840 1981 3107 2061 simplex
3162 1980 3428 2042 assertio
3484 1986 3719 2041 tantum

2152 2083 2248 2137 est
2293 2075 2581 2156 quaedam
2632 2074 2961 2155 explicatio
3004 2075 3309 2153 propositi
3354 2072 3633 2133 faciendi
3664 2073 3720 2133 id

2154 2170 2322 2249 quod
2356 2169 2677 2239 asseritur,
2702 2175 2764 2229 et
2792 2168 2933 2229 ideo
2955 2168 3037 2229 ad
3058 2167 3223 2227 illius
3252 2166 3589 2227 veritatem
3608 2166 3721 2226 sui-

2154 2262 2284 2323 ficit
2309 2262 2545 2323 habere
2574 2266 2726 2321 tunc
2764 2261 2889 2322 tale
2934 2260 3349 2342 propositum,
3378 2257 3573 2336 quale
3620 2276 3721 2337 per

2158 2356 2361 2435 ipsam
2402 2354 2813 2416 assertionem
2852 2353 3216 2433 explicatur.
3251 2352 3409 2424 Quia
3436 2368 3591 2413 vero
3630 2370 3721 2412 so-

2158 2448 2289 2509 lum
2332 2448 2721 2527 propositum
2754 2464 2885 2507 non
2913 2445 3153 2506 inducit
3187 2445 3637 2523 obligationem
3660 2445 3715 2504 111

2156 2542 2455 2613 futurum,
2488 2545 2559 2600 ut
2586 2545 2755 2600 recte
2804 2538 3015 2599 docuit
3042 2539 3114 2598 D.
3148 2539 3425 2599 Thomas
3472 2539 3537 2597 2.
3572 2538 3631 2609 2,
3652 2556 3706 2615 q.

2154 2635 2255 2707 88,
2288 2633 2461 2694 artic.
2500 2636 2558 2705 1,
2591 2631 2735 2693 ideo
2776 2648 2895 2691 nec
2924 2628 3191 2709 simplex
3212 2630 3483 2691 assertio
3526 2636 3713 2709 potest

2158 2726 2329 2786 illam
2362 2724 2683 2799 inducere,
2728 2742 2873 2785 cum
2912 2724 3104 2784 verba
3141 2740 3269 2783 non
3316 2722 3599 2794 habeant
3634 2722 3710 2782 ef-

2158 2818 2462 2889 ficaciam,
2496 2818 2614 2878 nisi
2654 2836 2731 2878 ex
2766 2816 3103 2877 voluntatis
3156 2834 3518 2887 consensu;
3575 2832 3710 2894 ergo

2158 2913 2381 2976 eadem
2398 2913 2641 2973 ratione
2670 2912 2933 2991 simplex
2960 2910 3223 2971 assertio
3246 2909 3461 2970 divina
3488 2907 3713 2969 nullam

2154 3007 2409 3069 inducet
2434 3005 2881 3085 obligationem
2911 3003 2976 3063 in
3006 3006 3163 3065 Deo.
3190 3003 3399 3065 Minor
3418 3021 3573 3063 vero
3587 3020 3713 3081 pro-

2154 3100 2403 3181 positio,
2436 3098 2672 3160 scilicet
2698 3098 2763 3158 in
2807 3098 2937 3159 Deo
2988 3116 3115 3158 non
3146 3115 3288 3159 esse
3338 3086 3533 3158 aliam
3580 3113 3712 3176 pro-
3811 3113 3812 3116 ¹

2154 3193 2518 3255 missionem
2563 3196 2791 3270 proeter
2853 3192 3264 3252 assertionem
3324 3189 3670 3269 simplicem
3696 3235 3710 3257 ‚

2154 3287 2478 3366 probatur,
2510 3291 2643 3346 tum
2674 3285 2822 3362 quia
2858 3283 2964 3344 illa
2995 3284 3145 3344 satis
3186 3289 3307 3356 est,
3336 3288 3409 3343 ut
3446 3282 3517 3342 id
3560 3281 3713 3360 quod

2154 3382 2321 3441 Deus
2342 3378 2585 3450 asserit,
2614 3377 3016 3438 infallibiliter
3030 3376 3279 3437 eveniat
3306 3395 3322 3448 ;
3370 3379 3512 3436 tum
3540 3376 3712 3436 etiam

2154 3473 2303 3554 quia
2345 3472 2635 3533 voluntas
2672 3471 2809 3550 ejus
2848 3469 3253 3531 immutabilis
3280 3475 3379 3530 est
3406 3513 3423 3540 ,
3476 3474 3543 3529 et
3586 3467 3713 3528 ideo

2154 3583 2283 3626 non
2310 3565 2547 3645 indiget
2568 3563 2689 3624 alia
2722 3563 3165 3640 promissione,
3195 3580 3323 3641 qua
3364 3560 3561 3622 veluti
3585 3577 3715 3622 con-

2153 3657 2441 3720 firmetur
2492 3657 2591 3722 val
2632 3654 2981 3718 stabiliatur
3033 3656 3101 3714 in
3152 3673 3250 3728 eo,
3302 3653 3481 3733 quod
3532 3652 3715 3714 semel

2154 3752 2503 3832 proposuit.

2238 3848 2335 3906 11.
2385 3841 2603 3927 opinio
2626 3843 2915 3906 Dur-andi
2936 3847 2997 3906 et
3014 3841 3321 3923 Gnqorii,
3356 3846 3417 3904 et
3436 3841 3705 3905 diorum.

2152 3970 2234 3984 —
2258 3939 2433 4000 Circa
2478 3939 2641 3998 hanc
2674 3937 3122 4010 difficultatem,
3152 3935 3516 4006 Dur-andus,
3550 3935 3607 3993 111
3654 3934 3706 4004 Ξ,
3811 3945 3812 3974 ³

2155 4031 2425 4092 distinct.
2456 4032 2560 4107 27,
2593 4037 2810 4108 quaest.
2844 4033 2905 4102 2,
2932 4029 3221 4090 coneedit
3238 4027 3709 4108 promissionem
3811 4063 3812 4070 1

2154 4125 2430 4186 divinam
2474 4124 2539 4184 in
2573 4123 2905 4202 scripturis
2944 4123 3142 4183 sacris
3178 4140 3309 4182 non
3342 4139 3577 4182 sonare
3612 4119 3707 4180 ali·
3811 4147 3812 4182 3

2154 4235 2347 4299 quam
2376 4215 3307 4297 obligationem,sedinsinuare
3338 4233 3583 4275 meram
3606 4213 3709 4272 dis·
3811 4217 3812 4274 3

2155 4311 2529 4392 positionem
2556 4310 2859 4371 libertatis
2887 4309 3137 4370 divinae.
3160 4307 3343 4370 Unde
3368 4305 3707 4386 significare

2156 4405 2405 4466 videtur
2420 4421 2549 4464 non
2572 4419 2709 4464 esse
2738 4403 3053 4482 propriam
3082 4400 3591 4480 promissionem,
3614 4395 3709 4458 sed
3811 4399 3812 4474 ζ

2158 4499 2505 4578 simplicem
2542 4497 2975 4568 assertionem,
3006 4511 3149 4574 quae
3202 4493 3449 4554 nullam
3494 4492 3709 4569 obliga·
3811 4491 3812 4498 ’

2158 4593 2394 4654 tionem
2424 4596 2535 4650 aut
2570 4588 2851 4651 debitum
2880 4589 2944 4648 in
2972 4589 3105 4648 Deo
3138 4593 3354 4665 ponat,
3388 4585 3567 4664 quod
3594 4585 3711 4663 ipse

2156 4685 2223 4746 in
2263 4687 2392 4746 tota
2436 4683 2546 4744 illa
2596 4681 2943 4762 qua-,stione
2994 4679 3387 4760 potissimum
3434 4676 3705 4739 intendit.

2157 4776 2337 4849 Quod
2384 4776 2569 4837 etiam
2628 4775 2817 4836 sentit
2844 4771 3203 4852 Gregorius,
3236 4773 3301 4833 in
3344 4775 3403 4842 1,
3450 4770 3706 4832 distinct.

2158 4872 2257 4943 17,
2288 4875 2403 4930 art.
2432 4871 2494 4943 2,
2528 4868 2591 4928 in
2622 4865 3094 4948 probationibus
3122 4867 3161 4926 Ξ
3188 4863 3499 4936 conclus,
3538 4869 3598 4924 et
3630 4878 3711 4921 re-

2162 4980 2374 5042 sponS.
2406 4960 2489 5022 ad
2511 4977 2757 5038 argum.
2790 4961 3043 5020 Aur-eol.
3080 4965 3297 5020 contra
3324 4957 3522 5018 illam.
3552 4954 3711 5019 Unde
3811 4999 3812 5034 ἐ

2162 5054 2589 5116 contradicere
2610 5053 2900 5114 videntur
2934 5051 3321 5114 conclusioni
3348 5069 3387 5110 a
3414 5049 3601 5112 nobis
3620 5064 3713 5126 po-
3811 5063 3812 5066 ’

2164 5147 2321 5222 sitae,
2350 5146 2637 5227 quamvis
2673 5145 2791 5225 ipsi
2840 5146 3045 5224 magis
3073 5144 3151 5206 de
3201 5142 3413 5205 debito
3444 5143 3706 5222 justitiae,
3811 5223 3812 5228 ἵ

2162 5258 2353 5320 quam
2398 5241 2479 5302 de
2520 5239 2731 5301 debito
2759 5238 3188 5317 promissionis
3218 5237 3582 5316 loquantur.
3610 5237 3710 5296 Ta·
3811 5229 3812 5244 ³

2154 5353 2327 5410 men,
2360 5335 2409 5394 si
2440 5337 2775 5412 utrumque
2808 5332 3166 5405 excludant,
3196 5331 3382 5411 plane
3410 5328 3707 5391 contradi·

2156 5433 2305 5488 cunt
2324 5426 2515 5488 modo
2544 5424 2841 5502 loquendi
2866 5426 3198 5503 Scripturoe
3230 5431 3293 5486 et
3316 5425 3702 5486 sanctorum,

2158 5521 2399 5600 absque
2448 5519 2577 5580 ullo
2604 5519 3038 5580 fundamento.
