3850 6225
687 429 823 482 CAP.
859 429 918 482 11.
957 427 1080 481 NON
1113 428 1694 481 PnAEuETERumAnE
1727 429 1896 481 nem!
1926 427 2133 491 NEQUE
2168 426 2578 486 PRAEMOVERE.
2609 425 2744 478 mc,

3244 420 3323 481 99

151 547 438 594 summum
465 530 537 591 ad
575 529 728 592 illud
759 548 905 590 eum
961 530 1276 606 inducere,
1327 531 1427 592 vel
1471 530 1677 592 homi·
1756 549 1989 608 quaeso,
2034 530 2307 612 primum
2360 528 2671 590 exclusiva
2718 527 2848 604 illa,
2898 529 3321 590 tantummodo.

149 645 276 688 nem
313 625 652 704 disponere,
681 624 1017 704 pertinebit
1048 625 1124 685 ad
1166 625 1388 700 Deum,
1428 625 1676 704 quando
1757 625 1900 686 Haec
1939 625 2109 686 enim
2149 623 2584 685 determinatio
2639 618 2718 681 ad
2772 617 3003 680 malam
3042 619 3325 680 voluuta-

147 721 223 779 ita
259 717 474 777 viderit
517 715 834 778 hominem
887 716 1255 797 dispositum
1274 764 1292 794 ,
1340 722 1676 796 antequam
1757 724 1910 792 tem,
1946 716 2345 797 quantumvis
2368 715 2598 777 addas:
2634 715 2762 777 Pro
2788 711 3127 788 materiali,
3154 718 3325 774 estne

147 812 260 891 ipsc
283 829 342 870 se
365 805 747 886 determinet,
780 808 910 869 imo
937 815 1000 870 et
1025 816 1360 891 antequam
1391 827 1456 872 se
1481 811 1682 871 deter-
1761 809 2107 871 auxilium?
2150 810 2297 884 Quis
2333 808 2505 870 euim
2549 807 2673 869 tale
2719 807 3027 868 auxilium
3089 805 3327 867 deside-

146 906 362 964 minare
391 902 600 982 possit,
632 903 840 983 ipsum
864 902 942 963 ad
989 921 1358 965 consensum
1389 903 1682 965 determi-
1760 907 1900 964 ret?
1930 903 1991 966 Si
2018 921 2167 982 ergo
2195 921 2233 963 a
2260 904 2383 964 Deo
2414 901 2844 962 tantummodo
2874 907 2965 961 est
2995 899 3324 974 auxilium,

146 999 317 1057 nare?
343 995 536 1056 Absit.

217 1089 306 1149 16.
350 1088 518 1161 Quod
559 1088 610 1148 si
654 1107 796 1169 pars
827 1089 1020 1150 altera
1050 1089 1338 1168 eligatur,
1377 1090 1683 1150 nimirum

1763 997 2075 1077 quomodo
2113 996 2191 1056 ab
2229 997 2336 1058 illo
2366 1003 2459 1058 est
2490 996 2623 1057 hoec
2657 993 3221 1076 proedeoerminatio
3265 999 3329 1054 et

1767 1089 1846 1150 ab
1873 1089 1983 1150 1110
2008 1088 2161 1164 3010,
2184 1095 2246 1150 01
2275 1108 2354 1151 ex
2384 1089 2512 1150 sola
2544 1089 2677 1167 ejus
2703 1086 3065 1150 voluntate?
3096 1085 3328 1147 Deinde

149 1180 430 1241 voluntati
457 1180 728 1242 hominis
779 1182 850 1242 in
892 1199 966 1243 eo
994 1179 1348 1244 discrimine
1385 1183 1684 1243 constitu·
1763 1184 2191 1264 ponderentur
2218 1183 2327 1244 illa
2378 1182 2567 1243 verba
2612 1203 2626 1242 :
2670 1181 2945 1244 Perditio
3002 1187 3108 1244 tua
3138 1199 3209 1242 ex
3248 1187 3325 1242 te.

145 1282 212 1334 tae
239 1291 356 1334 non
378 1274 578 1353 magis
622 1273 840 1336 deberi
869 1275 1449 1337 determinationem
1479 1276 1558 1336 ad
1589 1293 1686 1336 ac·

145 1374 262 1427 tum
287 1367 539 1443 honum,
571 1385 762 1446 quam
812 1366 891 1428 ad
942 1367 1202 1444 malum,
1243 1369 1437 1428 Deum
1475 1373 1686 1428 autem

143 1479 240 1540 pro
264 1479 366 1520 suo
392 1459 592 1522 libero
619 1461 926 1522 arbitratu
955 1459 1117 1521 hanc
1166 1461 1366 1540 potius
1390 1479 1579 1541 quam
1612 1461 1686 1520 il-

145 1557 253 1616 lam
289 1555 552 1632 011Εο010,
592 1556 700 1636 qui
729 1557 938 1618 statim
974 1574 1102 1616 non
1144 1555 1350 1616 videat
1397 1561 1549 1634 quot
1577 1556 1687 1617 ab·

147 1649 326 1723 surda,
372 1665 688 1728 quamque
732 1649 1040 1710 horrenda
1080 1649 1160 1708 ab
1199 1648 1535 1709 assertione
1568 1648 1690 1710 ista

147 1743 436 1804 oriantur?
463 1742 772 1818 Primum,
809 1743 974 1823 quod
1007 1743 1168 1804 Deus
1195 1759 1440 1803 summe
1485 1742 1687 1803 bonus

147 1855 294 1898 suam
319 1851 667 1899 creaturam
711 1838 914 1917 potius
955 1837 1144 1916 eligat
1183 1836 1462 1917 perdere,
1495 1854 1686 1916 quam

148 1931 202 1989 in
225 1930 374 1989 bono
400 1947 795 2007 conservare,
827 1929 1004 1991 nulla
1031 1929 1483 1991 interveniente
1505 1947 1688 1990 causa

147 2023 230 2082 vel
255 2022 426 2102 culpa
463 2041 546 2084 ex
577 2029 753 2103 parte
795 2030 1092 2085 creaturae
1107 2069 1129 2100 ,
1156 2023 1264 2084 sed
1291 2023 1550 2083 omnino
1575 2040 1686 2084 an-

149 2115 464 2176 tecedenter
489 2115 580 2177 ad
605 2117 738 2196 ejus
778 2134 934 2197 opus
963 2134 1074 2178 seu
1115 2133 1507 2190 consensum,
1535 2115 1686 2177 etin

149 2227 208 2268 eo
232 2207 502 2284 articu10,
553 2226 706 2288 quo,
748 2208 982 2270 utendo
1011 2225 1270 2270 munere
1299 2209 1516 2288 primae
1545 2225 1691 2269 cau-

155 2318 222 2360 110
251 2299 584 2362 secundum
615 2301 967 2379 generalem
1020 2300 1245 2379 legem,
1290 2319 1464 2380 esque
1495 2307 1693 2382 posset

153 2399 452 2472 utrumque
481 2401 804 2474 praestare.
829 2394 1026 2470 Certe,
1058 2394 1113 2454 si
1136 2395 1297 2455 Deus
1324 2395 1412 2454 ita
1441 2412 1505 2455 se
1534 2396 1694 2472 gerit

153 2503 270 2544 cum
317 2492 606 2548 creatura
620 2531 641 2562 ,
686 2505 816 2548 non
875 2492 1131 2567 apparet
1177 2487 1490 2566 quomodo
1540 2487 1694 2547 illud

155 2577 432 2658 (Sapient.
475 2583 550 2640 11
582 2582 603 2657 )
632 2597 854 2641 verum
882 2581 964 2642 sit
997 2595 1014 2640 2
1058 2580 1255 2644 Nihil
1279 2581 1465 2644 odisti
1493 2599 1692 2642 eorum

153 2689 262 2749 quoe
292 2674 513 2748 fecisti.
549 2672 732 2747 Quod
772 2675 943 2734 enim
985 2673 1186 2751 majus
1215 2673 1464 2750 odium,
1505 2691 1694 2754 quam

151 2762 216 2822 ad
240 2763 458 2826 malum
496 2765 948 2842 determinare,
978 2783 1122 2827 cum
1149 2783 1324 2846 ecque
1373 2775 1576 2846 posset
1615 2769 1695 2828 ad

151 2853 390 2916 bonum?
419 2858 692 2934 Revera,
725 2859 776 2920 si
806 2877 970 2919 unus
995 2857 1186 2920 homo
1221 2859 1456 2940 aliquid
1493 2860 1694 2922 simile

151 2945 680 3028 alteripraesta1·et,
729 2969 974 3013 summo
1019 2952 1161 3012 odio
1199 2951 1378 3013 illum
1407 2955 1694 3034 prosequi

150 3049 487 3104 censeretur.
531 3044 699 3105 Item
743 3062 870 3105 non
920 3045 1101 3107 video
1131 3045 1442 3126 quomodo
1475 3064 1694 3107 verum

149 3134 214 3195 sit
246 3136 388 3197 illud
413 3138 640 3201 Jacobi
668 3160 683 3198 ε
723 3140 869 3219 Ipse
910 3146 1108 3204 autem
1143 3143 1432 3202 neminem
1477 3146 1690 3205 tentat.

149 3229 274 3300 Quae
311 3232 476 3292 enim
533 3231 750 3311 major
785 3234 1049 3295 tentatio
1095 3250 1282 3313 quam
1329 3232 1408 3294 ad
1454 3232 1693 3295 malum

149 3320 556 3401 determinare,
609 3343 753 3386 cum
789 3328 981 3405 possit
1016 3326 1094 3387 ad
1123 3326 1358 3387 bonum
1375 3372 1395 3401 ,
1426 3333 1490 3388 et
1517 3346 1692 3406 aeque

149 3413 320 3477 bene‘l
347 3418 525 3493 Item,
547 3417 718 3479 sicut
747 3418 816 3479 in
850 3418 1088 3480 actibus
1110 3420 1326 3497 gratiae
1349 3420 1577 3480 Paulus
1605 3420 1696 3480 di-

153 3507 222 3568 cit
265 3511 332 3585 (1
373 3511 540 3587 Cor„
601 3514 682 3589 4)
711 3532 726 3571 ε
758 3511 909 3586 Quis
948 3513 1106 3575 enim
1149 3519 1208 3577 te
1252 3514 1538 3576 dison-nit
1562 3514 1593 3575 3
1633 3520 1695 3575 et

155 3598 250 3674 (ad
272 3603 469 3680 Rom„
500 3606 580 3683 9)
613 3621 633 3665 :
662 3604 810 3669 Non
843 3604 1119 3681 volentis,
1160 3624 1340 3687 neque
1364 3606 1690 3683 currentis,

150 3694 236 3754 sed
259 3695 588 3761 miserentis
619 3702 712 3759 est
737 3698 879 3774 Dei,
917 3699 1080 3779 quod
1107 3699 1386 3780 proedicti
1413 3705 1691 3760 auctores

147 3788 384 3863 probant
412 3808 545 3852 esse
596 3792 840 3852 dictum
885 3793 1128 3855 ratione
1170 3793 1429 3855 efficacis
1455 3794 1689 3873 praede-

147 3882 614 3962 terminationis,
647 3885 738 3945 ita
779 3885 847 3946 in
877 3886 1056 3947 malis
1085 3888 1324 3949 actibus
1354 3886 1556 3949 dicere
1587 3906 1688 3949 co-

150 3980 386 4047 gentur:
419 3978 580 4039 Deus
628 3983 723 4039 est
769 3978 878 4058 qui
928 3978 1222 4041 discernit
1247 3986 1600 4060 peccantem
1648 3999 1690 4042 a

149 4082 254 4127 non
279 4076 564 4147 peccante
588 4093 608 4147 3
631 4076 698 4133 et
721 4087 739 4132 z
765 4073 902 4133 Non
931 4079 1025 4134 est
1045 4071 1335 4150 volentis,
1357 4091 1558 4153 neque
1586 4092 1687 4135 ca-

149 4156 346 4235 dentis,
391 4164 498 4224 sed
534 4164 648 4225 Dei
679 4165 870 4242 gratis
916 4166 1060 4227 odio
1086 4168 1538 4247 prosequentis.
1567 4166 1686 4229 Ubi

149 4266 276 4329 ergo
303 4260 392 4315 est
436 4256 636 4318 illud:
675 4258 1002 4339 Numquid
1037 4259 1370 4322 voluntatis
1413 4277 1556 4322 meoe
1599 4266 1686 4325 est

148 4360 288 4407 mors
311 4349 527 4428 impii?
555 4354 622 4411 et
647 4348 802 4410 illud
840 4366 857 4410 :
895 4350 1040 4417 Vivo
1090 4369 1256 4432 erqo,
1298 4354 1448 4415 dicit
1474 4354 1686 4415 Domi-

149 4450 248 4497 nus
271 4439 466 4515 Deus;
499 4442 640 4504 nolo
673 4446 923 4506 mortem
959 4445 1165 4522 impii,
1212 4446 1316 4508 sed
1351 4450 1421 4507 ut
1451 4464 1687 4508 eonver-

151 4531 296 4589 tatur
328 4534 556 4611 impius
607 4552 648 4595 a
697 4534 802 4596 oia
837 4553 975 4611 sua,
1016 4542 1070 4598 et
1101 4537 1268 4599 vivat
1298 4536 1576 4613 (Ezech.,
1608 4538 1686 4599 18

149 4622 204 4677 et
229 4621 358 4703 33ss
395 4626 717 4707 Numquid
755 4627 890 4689 haec
931 4626 1098 4689 dicta
1144 4634 1313 4705 sunt,
1341 4631 1487 4709 quia
1529 4631 1687 4692 Deus

151 4730 260 4773 non
321 4718 695 4781 determinat
751 4720 830 4781 ad
882 4721 1142 4783 formale
1197 4724 1474 4802 peccati?
1527 4723 1688 4798 Quid

155 4808 300 4867 enim
335 4808 448 4871 1100
473 4811 554 4872 ad
602 4830 737 4873 rem
778 4813 1077 4876 moralem
1112 4815 1357 4891 attinet,
1397 4821 1506 4876 aut
1537 4816 1688 4895 quid

157 4900 387 4978 confert,
417 4908 490 4963 ut
527 4904 720 4965 1101110
751 4908 1054 4968 moriatur
1081 4906 1180 4969 vel
1207 4914 1438 4987 pereat,
1469 4909 1522 4969 si
1559 4928 1690 4971 non

157 4992 296 5066 perit
335 4995 451 5055 nisi
491 4998 759 5060 volendo
793 4999 927 5061 hoec
958 4998 1058 5061 vel
1103 5000 1212 5061 illa
1268 5000 1507 5080 objecta
1551 5020 1689 5063 sen-

160 5084 358 5163 sibilia,
407 5096 470 5151 et
517 5092 683 5154 Deus
729 5112 875 5157 eum
924 5095 1424 5175 praedeterminat
1467 5101 1537 5157 ut
1583 5097 1690 5157 illa

159 5178 316 5255 velit,
363 5182 546 5263 idque
589 5186 718 5248 sola
761 5205 874 5249 sua
913 5187 1232 5251 voluntate
1259 5235 1281 5265 ,
1331 5208 1477 5251 cum
1515 5208 1690 5271 aeque

162 5280 340 5347 posset
365 5275 442 5335 ad
469 5278 729 5341 alteram
756 5286 996 5360 partem
1025 5280 1480 5344 determinare?

231 5364 318 5425 17.
360 5368 638 5449 Denique
661 5389 790 5433 non
835 5373 1016 5435 video
1058 5375 1367 5453 quomodo
1393 5374 1548 5436 illud
1587 5393 1691 5437 ve-

163 5471 290 5517 rum
327 5460 404 5521 sit
433 5479 450 5523 1
477 5464 759 5528 perditio
805 5472 912 5531 tua
952 5485 1026 5530 eat
1063 5474 1140 5543 te,
1192 5470 1596 5531 tantummodo
1627 5470 1693 5531 in

163 5564 244 5607 rae
287 5554 582 5617 analium
635 5563 800 5621 tuum
843 5558 1046 5636 (Oseae
1073 5562 1217 5639 13).
1266 5560 1688 5641 Expcndatur,

1767 1278 1947 1354 Nam,
1978 1277 2033 1338 si
2058 1295 2207 1338 vera
2233 1282 2325 1338 est
2350 1275 2641 1356 proedicta
2668 1275 2975 1336 sententia
3001 1291 3187 1353 quam
3212 1273 3329 1334 im-

1767 1387 2143 1450 pugnamus,
2184 1369 2381 1449 magis
2418 1375 2511 1430 est
2550 1367 2817 1449 perditio
2845 1374 3057 1428 nostra
3080 1385 3156 1428 ex
3180 1369 3325 1444 Deo,

1769 1482 1958 1543 quam
1992 1482 2068 1524 ex
2110 1463 2310 1537 nobis,
2340 1469 2412 1523 ut
2444 1463 2575 1542 jam
2614 1460 2959 1523 ostendam.
2998 1459 3172 1522 Unde
3207 1461 3331 1522 Au-

1771 1559 2081 1636 gustinus,
2110 1555 2222 1617 lib.
2268 1560 2299 1616 1
2355 1555 2433 1617 ad
2458 1555 2763 1635 simplic„
2803 1560 3020 1634 quaest.
3053 1556 3115 1628 2,
3153 1553 3329 1634 quasi

1767 1648 2116 1728 praevidens
2158 1648 2320 1710 hanc
2358 1649 2753 1724 sententiam,
2784 1647 2873 1708 ita
2902 1653 3119 1709 contra
3157 1646 3331 1707 illam

1766 1739 1979 1802 scribit
2002 1743 2257 1824 :Neque
2283 1743 2439 1804 enim
2478 1743 2758 1822 quomodo
2786 1743 3009 1804 dictum
3038 1746 3157 1803 est:
3187 1741 3333 1805 Non

1767 1841 1854 1898 est
1881 1837 2155 1912 volentis,
2186 1853 2371 1918 neque
2396 1837 2719 1912 currentis,
2758 1836 2863 1899 sed
2884 1836 3221 1897 miserentis
3246 1841 3335 1897 est

1765 1933 1918 2008 Dei,
1944 1934 2036 1994 sio
2058 1933 2239 1995 etiam
2274 1933 2497 1995 dictum
2526 1937 2651 1995 est:
2678 1930 2825 1996 Non
2854 1929 3129 2004 volentis,
3154 1947 3336 2010 neque

1767 2026 2089 2100 currentis,
2130 2027 2234 2088 sed
2271 2025 2625 2087 obdurantis
2648 2029 2737 2086 est
2761 2025 2898 2086 Dei.
2947 2023 3113 2086 Unde
3152 2023 3337 2086 datur

1768 2118 2064 2198 intelliyi,
2100 2119 2257 2198 quod
2310 2119 2491 2194 infra
2532 2123 2853 2198 utrumque
2892 2119 3109 2195 ponit:
3157 2118 3333 2196 Eryo

1771 2211 1947 2290 eujus
1968 2212 2100 2274 vult
2126 2211 2445 2274 miseretur
2482 2217 2537 2274 et
2564 2229 2732 2292 quem
2760 2211 2892 2272 vult
2924 2211 3196 2286 indurat,
3240 2213 3335 2274 ita

1774 2305 2079 2382 superiori
2135 2305 2442 2366 sententiae
2494 2320 2814 2383 eonyruere
2830 2348 2851 2380 ,
2902 2308 2973 2366 ut
3019 2304 3333 2366 obduratio

1779 2396 1897 2458 Dei
1929 2397 2015 2459 sit
2066 2397 2221 2458 nolle
2260 2396 2534 2459 misereri
2548 2423 2573 2469 ;
2612 2402 2674 2457 et
2710 2396 3018 2458 concludit
3056 2396 3173 2457 hac
3222 2413 3333 2458 no-

1773 2487 1965 2550 tanda
1997 2491 2345 2550 sententia:
2378 2489 2460 2554 Ut
2486 2508 2603 2551 non
2632 2491 2705 2552 ab
2735 2489 2841 2551 illo
2870 2491 3178 2569 irroyetur
3214 2489 3335 2552 ali·

1773 2582 1943 2662 quid,
1982 2600 2097 2662 quo
2144 2583 2231 2645 sit
2272 2583 2441 2644 homo
2486 2582 2765 2657 deterior,
2807 2583 2911 2646 sed
2948 2586 3182 2644 tantum
3222 2599 3335 2662 quo

1773 2677 1858 2738 sit
1899 2676 2115 2739 melior
2154 2693 2273 2737 non
2322 2681 2616 2755 eroyetur.
2661 2674 2837 2737 Certe
2886 2674 3062 2736 nullu
3100 2675 3225 2737 alia
3268 2693 3335 2737 10

1773 2767 1846 2828 fit
1883 2767 2071 2828 homo
2100 2766 2388 2844 deterior,
2418 2767 2539 2827 nisi
2564 2768 2697 2847 ipso
2736 2772 2877 2828 actu
2918 2785 3042 2847 quo
3082 2785 3337 2830 consen·

1771 2862 1850 2920 tit
1865 2883 1884 2936 3
1925 2861 1979 2922 si
2024 2878 2172 2939 ergo
2202 2861 2369 2922 hunc
2404 2861 2908 2940 praedeterminat
2952 2861 3135 2936 Deus,
3184 2878 3338 2940 quo-

1773 2953 1961 3015 modo
1987 2952 2149 3015 nihil
2176 2953 2411 3033 irrogat
2431 2970 2557 3034 quo
2581 2953 2690 3014 fiat
2712 2952 2902 3014 homo
2928 2951 3238 3015 deterior?

2316 3101 2503 3166 Ratio
2541 3108 2782 3182 quarta.

1856 3237 1953 3297 18.
2000 3236 2253 3311 Quarto,
2303 3236 2633 3297 veritatem
2688 3233 2847 3295 hanc
2902 3234 2993 3296 ita
3043 3234 3285 3296 declaro
3309 3281 3331 3311 ,

1774 3328 1924 3406 quia
1964 3346 2041 3389 ex
2076 3328 2356 3407 opposita
2393 3327 2703 3389 sententia
2738 3326 3039 3407 sequitur,
3065 3329 3334 3407 primam

1773 3420 2049 3483 radicem
2098 3428 2162 3483 et
2199 3438 2450 3482 causam
2474 3467 2495 3497 ‚
2548 3420 2616 3482 in
2644 3440 2834 3501 quam
2868 3421 3213 3483 reducenda
3242 3428 3337 3481 est

1774 3530 1965 3593 prava
1986 3514 2257 3576 hominis
2282 3513 2593 3589 voluntas,
2620 3520 2683 3576 et
2724 3532 3057 3575 consensus
3095 3514 3229 3593 ejus
3266 3515 3334 3574 111

1775 3607 2088 3685 objectum
2117 3606 2521 3688 prohibitum,
2561 3625 2691 3669 esse
2727 3607 3061 3669 efficaciam
3105 3606 3333 3669 divinae

1773 3699 2110 3761 volunt-atis
2121 3715 2142 3776 3
2182 3718 2558 3779 consequens
2592 3706 2685 3761 est
2712 3700 2895 3780 plane
2942 3700 3233 3781 impium,
3268 3706 3333 3761 et

1769 3798 1985 3854 contra
2029 3791 2265 3854 dictum
2317 3792 2744 3854 testimonium
2782 3794 2950 3854 Oseae
2987 3810 3004 3854 ε
3054 3794 3331 3857 Perditio

1768 3890 1876 3949 tua
1912 3904 1986 3948 em
2020 3891 2076 3947 te
2088 3908 2113 3957 ;
2157 3892 2221 3947 et
2262 3885 2413 3945 illud
2448 3885 2855 3947 Ecclesiastici
2883 3906 2898 3945 :
2923 3886 2999 3951 N
2996 3904 3070 3947 on
3119 3886 3287 3949 dieas
3307 3912 3327 3947 .-

1767 3978 1888 4041 Ille
1921 3996 2013 4040 me
2052 3978 2451 4057 imploravi&
2491 3985 2554 4038 et
2601 3982 2815 4038 contra
2842 3978 3055 4038 omnia
3086 3976 3217 4054 illa,
3260 3978 3328 4039 in

1767 4070 1995 4151 quibus
2030 4070 2255 4131 dicitur
2304 4070 2462 4131 Deus
2511 4070 2708 4131 odisse
2749 4070 3167 4150 iniquitatem,
3208 4071 3327 4131 im·

1766 4166 1942 4244 pium
1969 4169 2032 4225 et
2062 4163 2445 4243 impietatem
2478 4167 2629 4243 ejus.
2658 4163 2975 4237 Quomodo
3000 4168 3168 4223 enim
3198 4164 3329 4225 odit

1765 4257 1829 4318 id
1855 4256 2022 4337 quod
2044 4258 2305 4337 ipsemet
2333 4257 2660 4319 efficaciter
2687 4256 2834 4318 facit
2882 4262 2953 4317 ut
2990 4255 3140 4332 fiat3
3170 4258 3323 4333 imo,

1764 4350 1932 4431 quod
1970 4368 2097 4411 non
2147 4349 2345 4425 fieret,
2390 4350 2509 4409 nisi
2536 4349 2666 4429 ipse
2701 4356 2859 4411 esset
2901 4350 3106 4429 prima
3146 4350 3323 4411 radix

1766 4449 1826 4505 et
1858 4448 2076 4504 auctor
2122 4448 2193 4503 ut
2238 4441 2455 4504 fieret?
2483 4442 2756 4521 Denique
2810 4447 2901 4504 est
2944 4460 3325 4523 consequens

1765 4536 1920 4596 illud
1960 4540 2176 4596 contra
2202 4552 2340 4595 eam
2383 4534 2531 4595 fidei
2563 4534 2919 4611 veritatem,
2960 4553 3099 4615 quoe
3138 4547 3327 4615 negat

1765 4632 1961 4691 Deum
1989 4646 2119 4690 esse
2144 4633 2459 4689 auctorem
2488 4628 2721 4706 peccati
2734 4650 2753 4702 3
2789 4646 2959 4703 nam,
2990 4628 3043 4688 si
3084 4635 3176 4689 est
3202 4630 3325 4708 pri-

1766 4739 1870 4781 ma
1891 4720 2067 4781 radix
2092 4732 2155 4781 et
2180 4720 2355 4798 origo
2377 4720 2535 4799 ejus,
2563 4726 2724 4781 certe
2752 4721 2872 4781 erit
2896 4722 3082 4783 etiam
3110 4726 3326 4782 auctor

1768 4814 1920 4893 ejus.
1946 4812 2209 4893 Sequela
2254 4813 2456 4892 prima
2494 4813 2811 4893 probatur,
2858 4814 3007 4893 quia
3041 4813 3325 4893 proxima

1766 4909 1945 4970 radix
1994 4908 2184 4969 totius
2227 4908 2434 4987 lapsus
2482 4908 2756 4969 hominis
2806 4915 2901 4970 est
2942 4908 3327 4971 voluntarius
3436 4920 3449 4933 '

1767 5002 1900 5079 ejus
1947 5018 2281 5062 consensus
2320 5001 2389 5061 in
2434 5000 2551 5062 1100
2598 5000 2695 5079 obj
2704 5006 2910 5062 ectum
2938 5046 2959 5077 ,
3012 5018 3155 5063 cum
3211 5002 3329 5063 hac

1767 5095 2019 5156 scientia
2062 5100 2125 5157 et
2165 5094 2519 5172 cognitione
2548 5115 2567 5169 ;
2617 5092 2723 5154 sed
2768 5094 2927 5155 Deus
2981 5100 3075 5155 est
3126 5095 3331 5174 prima

1767 5188 1949 5249 radix
1976 5188 2179 5268 hujus,
2195 5186 2530 5250 voluntarii
2557 5204 2887 5247 consensus
2912 5186 3207 5263 hominiS,
3240 5187 3329 5247 ita

1771 5288 1844 5342 ut
1869 5282 2263 5342 verissimum
2292 5281 2370 5341 sit
2396 5279 2599 5340 dicere
2635 5279 2817 5340 :Ideo
2858 5277 3046 5340 homo
3074 5296 3329 5340 consen-

1771 5376 1871 5451 tit,
1919 5378 2067 5455 quia
2107 5375 2263 5435 Deus
2310 5372 2460 5433 facit
2504 5371 2683 5431 illum
2729 5374 3073 5433 consentire
3118 5372 3221 5432 1110
3266 5379 3329 5431 01

1771 5469 2032 5529 nuncin
2061 5466 2180 5527 1100
2212 5466 2521 5544 objectum
2550 5462 2908 5525 delectabile
2936 5465 3023 5524 sic
3050 5464 3328 5544 proposi-

1769 5566 1934 5638 tum,
1958 5566 2021 5623 et
2050 5560 2115 5621 in
2144 5577 2214 5621 10
2242 5559 2377 5639 ipsa
2405 5555 2785 5637 prohibitum
2801 5571 2823 5633 3
2857 5574 3023 5637 ergo.
