3850 6225
536 388 657 450 340

533 500 629 555 est
666 494 798 555 haec
832 510 845 553 ε
878 492 1002 557 Res
1031 494 1355 577 proeterita
1383 496 1533 573 fuit,
1566 494 1681 556 sed
1716 495 1903 555 etiam
1949 494 2098 555 sim-

526 584 775 667 pliciter
802 587 1133 649 enunciata
1158 588 1237 648 de
1261 606 1329 649 re
1352 588 1510 668 ipsa,
1534 594 1603 649 ut
1628 606 1773 650 cum
1792 586 2092 649 dicimus:

528 679 722 743 Adam
761 682 908 761 fuit.
957 681 1299 761 Propositio
1334 686 1545 743 autem
1588 681 1668 743 de
1706 681 1915 743 futuro
1951 680 2097 741 sim-

530 773 773 853 pliciter
809 774 1050 853 prolata
1080 792 1207 835 non
1250 781 1345 837 est
1384 775 1668 837 absolute
1712 774 2090 849 necessaria,

526 866 639 928 sed
699 868 1101 947 contingens3
1164 872 1226 931 et
1278 875 1349 929 ut
1400 869 1757 930 necessaria
1808 868 2092 941 dicatur,

527 966 773 1041 oportet
800 958 1031 1023 addere
1070 960 1306 1041 aliquid
1334 980 1461 1041 quo
1504 963 1872 1043 compositio
1902 962 2097 1042 sig-ni·-

526 1055 748 1116 ficetur
774 1056 875 1133 (ut
900 1056 1078 1117 verbi
1108 1057 1339 1137 gratia)
1370 1074 1503 1117 rem
1525 1057 1803 1118 futuram
1832 1074 1970 1117 esse
1997 1055 2096 1116 fu-

528 1156 755 1211 turam.
814 1150 888 1209 Et
932 1148 1141 1228 quoad
1186 1150 1308 1210 hoc
1352 1148 1575 1212 eadem
1611 1150 1745 1210 fere
1796 1149 1954 1209 ratio
2003 1152 2097 1209 est

526 1243 605 1303 de
632 1242 1165 1321 propositione-de
1193 1248 1523 1322 proesente,
1556 1243 1703 1321 quia
1732 1242 2096 1321 simpliciter

524 1336 788 1415 prolata,
827 1335 1211 1397 enuntiando
1262 1336 1556 1397 eflectum
1595 1336 1677 1397 de
1722 1354 1940 1409 causa,
1973 1340 2086 1396 ut:

522 1429 749 1493 Petrus
769 1435 999 1510 peccat.
1030 1448 1159 1491 non
1186 1436 1281 1491 est
1308 1431 1686 1503 necessaria,
1712 1430 1823 1491 sed
1851 1430 2093 1490 contin·

522 1543 709 1603 gens3
740 1525 886 1603 quia
910 1543 1023 1603 pro
1049 1524 1273 1585 eodem
1305 1525 1560 1585 instanti
1584 1524 1871 1603 praesenti
1895 1524 2092 1584 libere

516 1618 589 1678 fit
630 1622 827 1689 actm,
863 1624 925 1678 et
956 1618 1215 1678 effectus
1245 1618 1417 1697 prius
1456 1623 1682 1679 natura
1709 1617 1825 1679 fuit
1862 1617 1929 1677 in
1957 1615 2091 1677 sola

516 1716 827 1791 potestate
856 1730 1081 1788 causae,
1112 1730 1301 1791 quam
1331 1712 1395 1772 in
1425 1730 1525 1784 se3
1560 1711 1852 1790 ideoque,
1882 1716 1954 1771 ut
1983 1728 2092 1771 ex-

517 1804 783 1884 plicetur
832 1806 1211 1880 necessitas,
1265 1810 1513 1884 oportet
1564 1804 1797 1865 addere
1854 1804 2092 1882 aliquid

515 1914 640 1975 quo
666 1895 974 1958 indicetur
998 1897 1389 1976 compositiO,
1414 1896 1600 1977 quale
1627 1900 1723 1957 est
1742 1896 1895 1956 illud
1924 1896 2090 1957 Aris-

514 1990 745 2063 toteliS,
778 1994 805 2049 ί
842 1990 920 2051 de
946 1992 1465 2069 Interpretatione
1496 2009 1510 2052 :
1544 1990 1671 2053 Res
1706 1990 1942 2071 quando
1969 1994 2078 2063 est,

514 2100 748 2147 neeesse
790 2090 880 2146 est
920 2101 1063 2146 esse.
1106 2082 1285 2154 Quod
1326 2084 1511 2143 etiam
1554 2082 1926 2163 significavit
1967 2083 2087 2142 An-

512 2177 767 2245 selmuS,
802 2176 947 2237 dict.
978 2176 1137 2236 libro
1167 2176 1247 2237 de
1276 2176 1641 2249 Concordia,
1668 2175 1854 2254 capit.
1891 2179 1948 2235 1.
1981 2176 2091 2237 So-

508 2270 642 2329 lum
673 2276 766 2331 est
806 2270 1159 2331 differentia
1198 2271 1361 2332 inter
1386 2289 1661 2351 praesens
1692 2276 1753 2331 et
1780 2269 2085 2344 futurum,

508 2364 679 2443 quod
706 2381 985 2441 praesens
1026 2365 1285 2425 effectus
1316 2364 1379 2424 in
1410 2364 1649 2425 eodem'
1676 2363 1930 2423 instanti
1965 2362 2084 2423 du·—

506 2457 764 2517 rationis
798 2462 891 2517 est
912 2458 1047 2535 jam
1079 2462 1252 2518 extra
1282 2474 1463 2517 suam
1502 2474 1782 2527 causam,
1816 2460 1877 2517 et
1906 2454 2077 2528 iden,

506 2548 668 2611 facta
714 2550 817 2609 illa
862 2550 1315 2629 suppositione,
1339 2550 1473 2630 jam
1504 2567 1629 2611 non
1678 2555 1773 2611 est
1800 2554 2081 2627 potestas

508 2640 573 2701 in
608 2660 797 2702 causa
846 2648 913 2703 ut
961 2641 1147 2703 faciat
1198 2643 1373 2703 illum
1416 2661 1543 2703 non
1582 2660 1751 2714 esse,
1795 2641 2079 2703 futurum

508 2740 720 2795 autem
758 2735 1041 2795 nondum
1074 2736 1447 2815 supponitur
1478 2741 1649 2797 extra
1680 2754 1934 2795 causam
1965 2752 2078 2813 pro

506 2827 637 2888 ullo
668 2828 943 2901 instanti,
978 2834 1039 2889 et
1070 2830 1209 2889 ideo
1250 2848 1363 2908 pro
1396 2846 1793 2908 quocumque
1826 2828 2082 2888 instanti

410 2938 421 2947 ·
506 2920 718 2982 futuro
772 2928 985 2983 manet
1015 2925 1291 3001 potestas
1328 2922 1393 2981 in
1442 2940 1627 2983 causa
1670 2922 1751 2982 ad
1796 2939 1926 2981 non
1973 2938 2081 2999 po-

504 3014 783 3074 nenduni
820 3016 1135 3075 effectum.
1170 3017 1371 3094 Atque
1412 3016 1532 3076 hac
1572 3016 1813 3076 ratione
1844 3014 2080 3075 addidit

504 3106 578 3168 D.
606 3108 876 3169 Thomas
905 3108 1165 3169 alteram
1194 3115 1437 3188 partem
1468 3127 1597 3170 suae
1626 3106 2074 3188 responsionis,

506 3199 762 3272 scilicet,
798 3219 875 3260 ex
912 3199 1017 3262 illo
1058 3202 1453 3262 antecedenti
1484 3201 1563 3262 de
1606 3201 1919 3281 praeterito
1951 3218 2078 3260 non

506 3293 719 3353 inferri
751 3294 816 3353 in
846 3295 1257 3372 consequenti
1278 3295 1715 3356 necessitatem
1736 3311 1877 3372 qum
1906 3295 1986 3354 sit
2011 3293 2076 3353 in

504 3387 639 3465 ipso
685 3391 871 3464 prout
922 3387 985 3446 in
1040 3405 1107 3448 se
1164 3393 1280 3454 cst.
1332 3388 1443 3448 sed
1496 3387 1699 3448 solum
1744 3393 1815 3448 ut
1864 3387 2080 3448 subest

506 3480 782 3540 scientiae
814 3479 945 3552 Dei,
982 3498 1093 3540 seu
1124 3486 1193 3540 ut
1226 3486 1321 3540 est
1350 3481 1417 3540 in
1448 3480 1584 3560 ejus
1612 3479 2080 3559 praesentialita-

504 3575 607 3642 tc;
638 3572 1021 3649 praeteritum
1058 3573 1225 3633 enim
1260 3578 1321 3633 et
1353 3591 1633 3652 praesens
1668 3572 1787 3632 dici
1818 3578 2080 3651 possunt

506 3665 739 3726 habere
788 3667 849 3725 in
894 3685 984 3740 se,
1020 3673 1081 3727 et
1109 3671 1293 3746 prout
1324 3667 1389 3727 in
1430 3686 1497 3728 se
1544 3673 1710 3738 sunt,
1747 3685 1884 3728 eam
1930 3685 2080 3746 qua·

504 3757 901 3838 lemcumque
958 3761 1395 3820 necessitatem
1460 3778 1651 3839 quam
1708 3760 1946 3821 habent
2001 3778 2080 3820 ex

506 3853 931 3931 suppositione
974 3853 1071 3912 vel
1116 3853 1590 3931 compositione,
1622 3852 1769 3931 quia
1802 3853 1865 3913 id
1906 3853 2078 3932 quod

508 3946 902 4024 supponitur,
941 3946 1074 4025 jam
1105 3949 1219 4018 est,
1266 3946 1366 4006 vel
1394 3945 1511 4007 fuit
1550 3946 1615 4006 in
1658 3965 1725 4006 re
1764 3947 2068 4025 posituim

504 4040 785 4100 futurum
810 4058 981 4113 vero,
1002 4039 1146 4100 licet
1176 4039 1363 4100 etiam
1394 4040 1621 4100 habeat
1652 4058 1833 4100 suam
1858 4057 2074 4100 neces-

507 4133 755 4193 sitatem
786 4132 1271 4211 compositionis,
1300 4133 1581 4193 nondum
1608 4137 1821 4193 tamen
1850 4132 2077 4194 dicitur

508 4223 743 4284 habere
772 4224 942 4283 illam
988 4224 1052 4284 in
1096 4243 1188 4298 sc,
1220 4231 1285 4285 et
1323 4231 1509 4304 prout
1550 4224 1616 4284 in
1662 4243 1728 4285 se
1778 4232 1893 4299 est,
1926 4225 2076 4304 quia

508 4316 787 4377 nondum
836 4323 931 4378 est
979 4323 1153 4378 extra
1196 4335 1451 4378 causam
1496 4335 1679 4378 suam
1719 4318 1785 4378 in
1828 4318 2072 4396 seipsn,

509 4409 621 4470 sed
647 4411 849 4471 solum
886 4412 951 4470 in
986 4410 1490 4490 praesentialitate
1516 4411 1791 4472 scientiae
1822 4411 2073 4486 divinae,

510 4520 585 4562 ac
616 4503 877 4581 proinde
916 4503 1149 4582 optime
1179 4502 1403 4564 dicitur
1446 4505 1647 4565 solum
1690 4503 1925 4566 habere
1969 4523 2078 4566 ne—

512 4595 869 4656 cessitatem
899 4599 1085 4674 prout
1126 4595 1341 4658 subest
1378 4597 1467 4657 illi
1506 4599 1797 4672 scientias,
1836 4597 1960 4670 vel,
2007 4603 2078 4660 ut

512 4687 595 4747 ita
652 4687 857 4748 dicam
877 4734 893 4760 ‚
946 4705 1024 4748 ex
1074 4689 1503 4767 suppositione
1558 4689 2079 4769 praesentialimtis

516 4779 863 4859 objectiva‘,
912 4799 1041 4841 non
1090 4782 1299 4842 realis.
1330 4781 1691 4845 existentiae.
1743 4785 1944 4861 Atque
1991 4783 2080 4846 sie

512 4873 701 4932 etiam
752 4873 903 4933 dixit
940 4874 1213 4946 Boetius,
1260 4875 1459 4953 quint.
1512 4876 1589 4936 de
1630 4877 2078 4953 consolation„

510 4983 682 5044 pros.
724 4967 764 5027 6
800 4983 813 5024 :
846 4966 1017 5028 Idem
1046 4970 1349 5044 ficturum,
1381 4987 1513 5030 eum
1554 4969 1637 5031 ad
1668 4971 1935 5032 divinam
1975 4987 2082 5031 no-

514 5060 735 5120 tionem
768 5062 1053 5136 refertur,
1078 5062 1518 5134 necessarium
1547 5079 1681 5124 cum
1708 5080 1843 5124 vero
1873 5063 1941 5124 iu
1965 5080 2082 5125 sua

510 5156 739 5216 natura
774 5153 1175 5234 perpenditur
1194 5199 1209 5227 ,
1262 5154 1516 5216 liberum
1556 5173 1819 5235 prorsus
1834 5201 1849 5228 ,
1905 5161 2081 5238 atque

511 5245 848 5308 absolutum
874 5245 1127 5308 videtur.

588 5341 691 5401 20.
738 5338 1118 5419 Explicatur
1142 5339 1372 5402 veritas
1406 5340 1839 5404 nonnullarum
1858 5359 2076 5422 propo·

506 5433 797 5496 titionum
822 5434 891 5494 de
920 5431 1220 5512 possibili.
1250 5465 1331 5479 —
1359 5431 1589 5495 Ultimo
1612 5433 1975 5514 intelligitur
1997 5453 2073 5495 ex

503 5525 702 5598 dictis,
738 5525 1054 5606 quomodo
1082 5525 1471 5608 loquendum
1492 5525 1571 5587 sit
1598 5526 1661 5586 in
1692 5527 2070 5607 quibusdam

1039 394 1249 449 OPL‘SC.
1286 396 1349 459 lt,
1384 394 1500 449 Lm.
1536 396 1575 449 1.
1612 394 1693 449 DE
1726 392 2051 450 ABSOLUTA
2081 392 2366 447 scu-:mm
2399 394 2705 451 Fu'runon.
2741 396 3263 451 commentitum.

2178 494 2598 557 locutionibus
2627 496 2705 559 de
2735 499 3037 577 possibili,
3077 516 3220 579 quie
3243 498 3308 559 in
3339 496 3458 559 hac
3484 501 3730 561 materia

2179 587 2722 665 circumferuntur,
2759 597 2856 651 ut:
2889 593 3088 655 Homo
3107 596 3310 674 potest
3335 608 3455 658 mm
3469 610 3728 675 peccare.

2177 682 2452 762 quamvis
2489 684 2654 747 Dm
2703 684 2864 748 sciat
2911 686 3116 765 ipsum
3145 687 3548 765 peccaturum
3561 730 3578 757 ,
3611 685 3727 745 vel:

2175 774 2389 840 Potest
2409 780 2608 856 faeere
2631 783 2705 841 ut
2727 779 2892 841 Deus
2919 778 3076 841 sciat
3103 779 3309 858 ipsum
3327 794 3448 838 mm
3469 784 3733 856 peecata·

2175 886 2337 946 rum,
2371 876 2434 931 et
2457 870 2714 945 simile8‚
2749 870 2828 932 de
2863 870 3092 951 quibus
3135 870 3506 945 Gregorius,
3537 871 3733 931 Marsi·

2175 960 2316 1035 lius,
2350 968 2414 1023 et
2449 962 2556 1023 alii
2583 964 2946 1025 scholastici
2965 964 3119 1025 locis
3149 962 3352 1024 citatis
3377 963 3580 1025 multa
3597 965 3732 1025 scri-

2173 1056 2350 1117 bunt.
2387 1057 2668 1117 Breviter
2687 1062 2898 1119 tamen
2923 1062 3124 1137 potest
3153 1062 3282 1118 tota
3313 1074 3420 1117 res
3439 1058 3728 1135 expediri,

2177 1167 2326 1209 nam
2355 1149 2527 1228 quod
2567 1148 2648 1211 ad
2671 1168 2808 1211 rem
2847 1156 3107 1228 spectat,
3155 1150 3254 1210 hm.
3297 1157 3447 1211 sunt
3475 1168 3638 1211 verae
3675 1153 3728 1211 in

2177 1259 2368 1304 sensu
2396 1242 2627 1315 diviso,
2681 1242 2850 1304 ralsae
2877 1249 3112 1317 tamen,
3145 1243 3196 1303 si
3221 1242 3552 1304 includant
3577 1262 3731 1304 com-

2175 1334 2578 1413 positionem;
2611 1336 2782 1413 quod
2799 1342 2896 1397 est
2915 1336 3146 1409 dicere,
3173 1336 3546 1415 simpliciter
3563 1343 3624 1397 et
3639 1338 3731 1399 ab·

2175 1427 2378 1489 solute
2407 1433 2472 1489 et
2499 1429 2562 1488 in
2591 1446 2660 1489 re
2687 1430 3008 1491 hominem
3031 1429 3268 1490 habere
3287 1431 3636 1509 potentiam
3659 1432 3728 1491 ad

2173 1539 2300 1581 non
2325 1521 2739 1601 peccandum,
2769 1527 2832 1584 et
2861 1523 3144 1584 nondum
3173 1523 3507 1585 reductam
3535 1524 3616 1583 ad
3640 1543 3730 1584 ac-

2171 1620 2306 1674 tum
2347 1614 2609 1693 peccati,
2631 1614 2832 1676 donec
2863 1622 3006 1677 actu
3036 1622 3287 1696 peccet;
3335 1634 3456 1695 per
3487 1634 3627 1677 eam
3648 1623 3728 1677 ta-

2171 1724 2320 1768 men
2343 1725 2472 1768 non
2491 1724 2678 1786 posse
2699 1706 2834 1770 fieri
2869 1715 2936 1769 ut
2953 1710 3086 1770 haec
3117 1709 3242 1770 duo
3267 1709 3458 1770 simul
3487 1711 3728 1789 conjun-

2170 1807 2420 1882 gantur,
2469 1800 2723 1877 scilicet‚
2775 1802 2947 1882 quod
2989 1803 3123 1881 ipse
3169 1803 3252 1863 de
3292 1802 3462 1863 facto
3493 1804 3642 1863 etin
3666 1824 3724 1865 re

2169 1914 2296 1955 non
2336 1902 2574 1975 peccet,
2633 1900 2696 1955 et
2725 1896 2896 1974 quod
2933 1896 3101 1955 Deus
3149 1895 3494 1975 praescierit
3537 1896 3726 1973 ipsum

2167 1994 2597 2067 peccaturum.
2664 1988 2842 2051 Unde
2902 1987 3296 2067 frequentius
3353 1989 3460 2049 hic
3521 2008 3724 2049 sensus

2171 2081 2552 2160 compositus
2565 2080 2659 2155 fit,
2681 2080 2934 2160 quando
2953 2082 3219 2142 verbum
3229 2087 3460 2163 potest,
3489 2081 3569 2142 de
3589 2100 3726 2161 prae-

2171 2174 2334 2235 senti
2361 2174 2636 2253 ponitur,
2675 2179 2737 2235 et
2765 2174 2830 2233 in
2857 2174 3078 2235 ordine
3105 2174 3190 2235 ad
3215 2176 3632 2253 praeteritum;
3664 2183 3723 2236 ut

2171 2286 2314 2329 cum
2341 2268 2586 2341 dicitur,
2617 2284 2804 2346 posse
2833 2269 3034 2329 Deum
3067 2268 3314 2329 nescire
3341 2268 3521 2347 quod
3541 2268 3718 2341 scivit,

2169 2368 2277 2423 aut
2323 2379 2508 2441 posse
2553 2379 2682 2423 non
2727 2360 3022 2439 subsequi
3071 2360 3244 2439 quod
3271 2360 3476 2421 semel
3503 2367 3596 2421 est
3623 2361 3720 2421 sci-

2161 2462 2334 2527 tum3
2387 2454 2466 2515 de
2519 2455 2830 2533 praeterito
2881 2460 3095 2515 autem
3149 2454 3424 2533 positum
3477 2455 3716 2515 verbum

2150 2550 2380 2629 potuit,
2419 2547 2662 2608 facilius
2711 2547 2915 2608 reddit
2961 2566 3218 2609 sensum
3260 2548 3558 2619 divisum,
3587 2553 3650 2607 ut
3674 2547 3716 2606 si

2161 2640 2484 2701 dicamus:
2517 2640 2734 2703 Potuit
2761 2642 2926 2703 Deus
2947 2640 3177 2704 nescire
3203 2641 3366 2721 quod
3386 2640 3590 2703 seivit.
3619 2640 3717 2717 Op-

2161 2734 2348 2795 timus
2375 2733 2564 2793 etiam
2579 2733 2878 2812 loquendi
2903 2734 3126 2794 modus
3143 2739 3238 2794 est
3251 2733 3356 2793 ille
3377 2733 3710 2812 Augustini,

2159 2845 2366 2906 posse,
2399 2826 2649 2898 scilicet,
2683 2825 3004 2887 hominem
3033 2845 3158 2887 non
3191 2844 3488 2905 peecare,
3521 2826 3714 2886 etiam·

2161 2920 2212 2981 si
2265 2922 2434 2981 Deus
2485 2919 2822 2999 praescierit
2871 2919 3048 2980 illum
3097 2926 3552 2998 peccaturum3
3603 2936 3712 2978 non

2163 3019 2374 3074 tamen
2413 3012 2476 3073 id
2503 3032 2642 3075 esse
2671 3012 2980 3073 facturum
3005 3031 3022 3084 ;
3053 3031 3202 3073 nam
3233 3014 3284 3073 si
3315 3020 3494 3074 esset
3519 3013 3580 3073 id
3603 3012 3714 3071 fac-

2163 3115 2362 3180 tunm,
2403 3107 2570 3168 Deus
2609 3106 3019 3186 praescivisset
3060 3106 3233 3180 illud,
3269 3114 3333 3170 et
3357 3125 3494 3167 non
3537 3102 3709 3166 aliud.

2159 3200 2432 3279 Legatur
2477 3200 2678 3260 citatis
2721 3200 2897 3273 loeis,
2955 3206 3016 3260 et
3059 3201 3200 3261 libr.
3255 3199 3336 3260 de
3383 3200 3714 3278 Correptio-

2157 3311 2239 3353 ne
2287 3299 2350 3353 et
2391 3295 2616 3372 gratia,
2659 3293 2860 3372 capite
2889 3293 3206 3372 .septimo;
3257 3299 3319 3354 et
3371 3293 3710 3356 Anselmus.

2162 3385 2453 3458 Boetius,
2499 3391 2561 3447 et
2613 3385 2716 3446 alii
2769 3385 2922 3446 locis
2956 3386 3193 3457 citatis;
3245 3387 3430 3466 Hugo
3473 3386 3712 3452 Victor„

2161 3479 2266 3540 lib.
2299 3480 2500 3558 primo
2531 3479 2610 3540 de
2651 3480 3064 3551 Sacrament.,
3095 3483 3255 3556 part.
3287 3481 3352 3551 2,
3389 3497 3534 3557 cap.
3569 3478 3716 3538 deci·

2159 3591 2264 3634 mo
2311 3573 2575 3652 septimo
2623 3577 2685 3634 et
2723 3570 3168 3651 sequentibus;
3221 3570 3616 3643 WaldensiS,
3659 3571 3714 3629 in

2159 3665 2490 3728 Doctrinali
2514 3665 2684 3740 fidei,
2709 3684 2846 3744 cap.
2867 3667 2948 3726 25
2977 3671 3039 3726 et
3065 3683 3198 3742 seq.
3229 3666 3434 3743 Atque
3467 3664 3535 3724 in
3563 3665 3713 3723 hune

2157 3761 2419 3820 modum
2458 3759 2640 3820 facile
2682 3761 3083 3838 exponuntur
3111 3758 3428 3818 nonnullae
3473 3758 3714 3818 locutio·
3820 3837 3821 3846 ἵ

2159 3871 2296 3926 nee,
2325 3851 2528 3931 qualis
2555 3857 2650 3912 est
2676 3851 2778 3912 illa
2807 3851 3106 3931 vulgaris,
3130 3869 3272 3930 quae
3297 3851 3462 3911 solet
3493 3851 3714 3928 Augus·

2157 3945 2288 4006 tino
2330 3945 2516 4006 tribui
2563 3963 2577 4004 :
2623 3943 2703 4008 Si
2733 3962 2854 4006 uon
2883 3962 2949 4006 es
2980 3943 3483 4026 pra-destinatus,
3525 3948 3621 4023 fao
3655 3947 3712 4004 ut
3820 3935 3821 3960 ³

2149 4038 2627 4121 μα’ἅεειὶποήε,
2655 4055 2846 4116 quam
2876 4037 2974 4098 his
3002 4036 3210 4098 verbis
3237 4036 3410 4115 apud
3435 4036 3712 4114 Augusti-

2155 4149 2318 4192 num
2353 4149 2478 4191 non
2504 4130 2786 4210 reperio;
2817 4135 3030 4191 tamen
3059 4130 3122 4190 in
3162 4129 3270 4190 lib.
3305 4133 3486 4190 sexto
3522 4131 3712 4207 Hypo-

2158 4223 2448 4303 gnostic„
2499 4223 2564 4282 in
2617 4223 2742 4284 fine
2763 4269 2780 4297 ,
2825 4223 3134 4303 significat
3177 4240 3361 4302 posse
3406 4223 3710 4284 hominem
3820 4263 3821 4270 κ

2159 4315 2288 4378 suis
2333 4315 2719 4378 orationibus
2767 4315 3052 4378 obtinere
3095 4316 3364 4395 gratiam
3409 4314 3712 4394 proedesti-
3820 4347 3821 4350 =

2159 4407 2463 4481 nationis;
2505 4408 2618 4470 sed
2656 4408 2811 4469 illud
2847 4415 3062 4488 posset
3109 4408 3368 4488 intelligi
3403 4407 3488 4468 de
3531 4407 3710 4487 gratia

2157 4501 2368 4582 quoad
2413 4502 2869 4575 executionem,
2913 4502 2978 4562 id
3021 4507 3136 4574 est,
3179 4501 3258 4562 de
3292 4501 3498 4580 gratia
3539 4518 3710 4579 quam

2157 4599 2325 4658 Deus
2351 4613 2466 4674 per
2491 4595 3098 4674 praedestinationem
3125 4595 3212 4656 illi
3239 4595 3395 4656 dare
3428 4593 3708 4656 decrevit.

2160 4689 2486 4762 Quomodo
2515 4689 2663 4751 dicit
2693 4691 2880 4750 etiam
2909 4690 3126 4750 Petrus
3160 4708 3174 4749 :
3211 4687 3504 4768 Saeaqite
3527 4693 3596 4751 ut
3613 4706 3712 4766 per

2159 4782 2309 4845 bona
2335 4799 2514 4860 opera
2542 4787 2770 4845 eertum
2795 4787 3060 4846 vestram
3087 4781 3432 4845 electionem
3455 4780 3704 4862 faciatis.

2159 4877 2399 4960 Itaque,
2453 4875 2502 4936 si
2555 4875 2754 4936 semel
2799 4879 3070 4954 ponatur
3111 4879 3176 4936 et
3220 4875 3330 4936 fiat
3383 4871 3708 4954 suppositio

2161 4968 2331 5047 quod
2358 4968 2548 5028 homo
2577 4967 2660 5029 ab
2680 4973 2914 5030 aeterno
2937 4968 3051 5029 fuit
3075 4967 3574 5047 praedestinamS,
3597 4983 3705 5025 non

2157 5065 2364 5142 potest
2399 5063 2662 5124 nuncin
2700 5067 2984 5142 tempore
3027 5062 3234 5123 facere
3261 5067 3334 5122 ut
3377 5061 3462 5122 ab
3491 5067 3704 5122 aeterno

2157 5155 2344 5216 fuerit
2369 5155 2876 5234 praedestinatus;
2904 5162 3114 5216 tamen
3141 5153 3502 5234 simpliciter
3521 5159 3702 5234 potest

2159 5247 2392 5326 aliquid
2417 5248 2650 5322 facere,
2677 5247 2846 5327 quod
2871 5250 2925 5309 si
2951 5248 3157 5322 faciat,
3181 5246 3546 5326 ponendum
3574 5263 3702 5306 con-

2155 5347 2494 5420 sequenter
2551 5341 2670 5402 erit
2721 5341 2895 5402 illum
2941 5341 3133 5402 fuisse
3185 5339 3694 5419 pmdestinatum.

2155 5435 2254 5496 Sic
2284 5437 2472 5496 etiam
2515 5435 2846 5514 exponitur
2882 5434 2984 5495 illa
3030 5435 3259 5495 locutio
3288 5432 3455 5511 apud
3483 5432 3692 5492 Jerem.
3820 5467 3821 5496 2

2155 5529 2232 5590 18
2266 5547 2281 5588 :
2319 5527 2403 5592 Si
2432 5529 2622 5612 egerit
2665 5545 2810 5610 yeme
2847 5526 2962 5590 illa
2985 5526 3427 5610 paonitentiam,
3457 5541 3624 5608 aqam
3648 5525 3696 5584 et
3820 5519 3821 5522 ’
