3850 6225
651 403 785 454 CAP.
821 404 949 456 ΧΠ.
985 404 1283 467 QUOMODO
1318 403 1675 458 CONCURSUS
1708 405 1925 458 CAUSAE
1959 406 2166 458 PmMAE
2197 409 2280 459 An
2314 406 2530 470 ACTUS,
2569 407 2701 459 ETC.

126 506 257 566 adeo
282 504 405 564 sine
420 503 523 564 illo
540 521 765 582 genere
795 505 1335 566 determinationis
1363 505 1461 566 vel
1481 524 1629 567 con-

126 616 329 669 cursus,
371 597 630 656 liberum
666 596 990 658 arbitrium
1034 616 1161 676 quo
1190 599 1325 659 vult
1372 617 1631 660 conver-

122 699 248 764 tere,
295 689 453 750 salva
499 689 633 768 ejus
659 689 972 764 libertate,
1024 695 1245 770 postea
1284 690 1627 752 declarabi-

122 804 255 844 mus.

180 932 373 994 Modus
392 931 739 1012 (13319παί113
773 928 1121 1012 Scriptum
1146 948 1218 994 ac
1249 929 1547 994 Patribus

695 1029 999 1086 consonat.

183 1157 231 1214 9.
260 1156 383 1216 Non
408 1159 501 1216 331
529 1160 742 1216 autem
791 1155 895 1218 1113
942 1156 1358 1218 concurrendi
1400 1157 1627 1220 modus

114 1246 301 1310 rationi
328 1247 543 1322 solum,
581 1249 695 1310 sed
734 1249 921 1310 etiam
961 1249 1151 1311 modo
1192 1250 1490 1329 loquendi
1536 1269 1631 1312 sa-

117 1362 213 1402 crae
239 1341 565 1420 Scriptum,
598 1349 663 1403 31
692 1343 941 1402 Patrum
962 1350 1445 1405 consentaneae.
1472 1344 1631 1417 Quid

117 1437 253 1496 enim
286 1434 443 1495 aliud
488 1435 809 1514 Scriptura
854 1437 1117 1514 (EccleS.
1158 1439 1257 1516 15)
1295 1437 1624 1516 significat,

116 1549 229 1590 cum
254 1529 437 1607 inquit
464 1546 480 1586 .·
510 1529 795 1611 Reliquit
828 1533 991 1594 Dm
1031 1531 1327 1594 hominem
1353 1533 1421 1594 in
1444 1549 1629 1594 mauu

114 1623 315 1686 consilii
347 1622 442 1684 mi
458 1624 489 1684 ,ἲ
517 1624 719 1698 Certe,
768 1625 819 1684 si
858 1625 949 1684 illi
983 1624 1207 1686 obtulit
1252 1641 1629 1686 coneursum

119 1719 179 1778 ad
196 1736 364 1776 unum
384 1724 624 1778 tantum
650 1723 861 1780 actum
884 1719 1397 1793 determinatum,
1419 1719 1627 1778 nullus

116 1812 429 1890 relinquitur
472 1812 653 1874 locus
710 1813 967 1874 consilio
1022 1831 1095 1873 ac
1148 1811 1580 1875 deliberationi
1606 1829 1622 1884 ;

119 1905 231 1981 quia
256 1905 673 1967 determinatio
692 1907 800 1966 illa
828 1925 1015 1968 omne
1052 1907 1403 1968 humanum
1430 1906 1629 1966 consi·-

114 1997 253 2070 11010,
278 2015 393 2058 000
430 1998 638 2058 solum
667 1999 821 2060 utin
858 2006 1143 2078 tempore
1186 1999 1483 2074 existenS,
1515 1999 1629 2060 sed

118 2093 267 2151 etiam
288 2095 353 2152 01
379 2093 455 2152 31)
482 2099 725 2154 aeterno
768 2095 1122 2172 praevisum,
1163 2093 1533 2164 antecessit;
1566 2097 1631 2155 et

116 2185 397 2262 postillam
418 2187 1013 2248 determinationem
1040 2187 1283 2248 nullum
1324 2193 1419 2248 est
1454 2186 1629 2248 relic-

116 2285 220 2338 tum
242 2280 494 2342 medium
523 2299 651 2342 nec
699 2287 973 2359 potestas
1004 2280 1274 2342 evitandi
1314 2286 1526 2342 aetum
1556 2279 1630 2340 il-

114 2370 233 2442 lum,
271 2390 375 2432 nec
404 2372 593 2434 alium
638 2373 933 2434 faciendi.
983 2373 1347 2453 Fingamus,
1384 2391 1623 2453 quisse,

114 2465 381 2526 hominem
416 2466 573 2528 seire
619 2485 695 2528 se
726 2485 855 2527 non
882 2467 1115 2528 habere
1150 2471 1437 2547 paratum
1480 2484 1631 2528 eon-

117 2577 321 2618 cursum
341 2560 440 2620 Dei
480 2560 562 2621 ad
588 2560 1077 2634 ambulandum,
1100 2560 1213 2620 sed
1235 2559 1490 2620 omnino
1520 2558 1631 2620 de-

116 2652 335 2711 crevisse
358 2654 553 2713 Deum
594 2651 691 2712 1111
731 2670 859 2712 000
887 2651 1173 2713 auxiliari
1201 2657 1271 2712 ut
1310 2651 1620 2722 ambulet3

118 2745 366 2823 numquid
386 2752 597 2825 posset
633 2745 1099 2808 deambulando
1127 2745 1478 2819 consulere,
1510 2745 1629 2804 nisi

119 2844 247 2896 esset
280 2843 525 2900 amens?
554 2841 763 2915 ErgO,
795 2839 965 2918 quod
1004 2857 1175 2899 nunc
1220 2838 1505 2899 homines
1550 2836 1629 2898 de

122 2930 221 2988 suis
238 2933 557 2994 actionibus
593 2933 953 3004 consulant,
990 2932 1193 2992 solum
1225 2936 1319 2992 est
1342 2930 1489 3010 quia
1517 2950 1632 3010 pu-

126 3029 229 3084 tant
261 3045 314 3086 se
342 3029 619 3106 gaudere
654 3031 963 3106 potestate
1010 3025 1428 3099 indifferente,
1474 3031 1535 3086 et
1566 3027 1630 3086 in

124 3138 269 3178 manu
290 3140 387 3181 sua
422 3123 672 3183 habere
718 3140 1092 3183 concursum
1131 3121 1241 3181 Dei
1281 3120 1362 3181 ad
1392 3126 1633 3181 utram-

119 3232 213 3289 que
246 3222 501 3292 parterm
552 3221 802 3291 tamen,
844 3215 896 3275 si
943 3232 1165 3276 revera
1194 3232 1323 3275 non
1365 3213 1621 3287 habent,

117 3305 485 3385 decipiuntur3
530 3316 597 3371 et
630 3308 1090 3369 existimatione
1123 3311 1369 3368 tantum
1408 3326 1481 3368 ac
1528 3325 1629 3367 er·

114 3417 225 3459 rore
248 3400 417 3463 libere
440 3402 745 3463 videntur
782 3420 972 3481 agere
994 3446 1009 3475 ‚
1052 3420 1182 3462 non
1230 3406 1441 3461 tamen
1475 3418 1625 3461 vere

114 3498 161 3551 ct
182 3494 375 3571 reipsa.
407 3497 562 3557 Cum
582 3501 803 3557 autem
830 3494 1147 3574 Scriptura
1170 3492 1337 3555 dicat
1366 3493 1623 3571 (Eccles.

114 3588 189 3661 15)
218 3606 229 3645 :
258 3587 513 3670 Reliquit
536 3588 822 3651 illumin
854 3606 1043 3650 mauu
1066 3587 1313 3650 consilii
1346 3586 1467 3661 cui,
1498 3604 1627 3646 non

112 3680 513 3744 existimatione
535 3687 814 3755 tantum,
847 3680 961 3742 sed
1000 3698 1149 3741 vere
1172 3680 1255 3741 113
1286 3685 1403 3753 331,
1430 3685 1501 3740 ut
1528 3698 1631 3739 su-

107 3790 195 3847 pra
220 3773 559 3835 dicebamus
584 3794 603 3846 3
636 3790 787 3853 ergo
808 3790 961 3835 vere
990 3774 1179 3834 etiam
1222 3772 1412 3833 habet
1439 3773 1627 3832 homo

106 3863 153 3921 in
190 3884 361 3926 mann
403 3886 517 3929 sua
545 3885 928 3929 concursum
956 3866 1068 3927 Dei
1094 3865 1519 3927 necessarium
1548 3864 1629 3925 ad

108 3976 163 4017 ea
192 3958 261 4021 de
286 3962 503 4040 quibus
528 3980 687 4023 vere
728 3965 936 4039 potest
976 3961 1355 4021 consultare.
1388 3960 1473 4019 De
1501 3977 1626 4037 quo

109 4053 259 4111 etiam
282 4054 499 4117 dieitur
530 4056 599 4115 in
644 4054 780 4114 aliis
804 4053 957 4115 locis
984 4054 1201 4131 (Josue
1240 4054 1351 4125 143
1384 4052 1621 4113 Εο0133.

106 4147 183 4220 15)
212 4166 225 4204 :
252 4146 513 4229 Apposui
559 4146 675 4212 tibi
706 4146 907 4229 iynem
948 4153 1007 4210 et
1048 4164 1291 4227 aquam,
1336 4146 1528 4209 vitam
1572 4151 1629 4208 et

105 4245 311 4300 mortem
330 4266 353 4312 ;
381 4242 551 4324 eliye.
595 4240 739 4304 Tibi
765 4241 925 4321 optio
959 4240 1160 4313 datur,
1194 4244 1255 4301 et
1282 4238 1526 4299 similia.
1556 4239 1629 4299 In

106 4331 293 4406 quibus
318 4340 381 4395 et
411 4334 547 4394 aliis
578 4333 889 4395 similibus
916 4333 1089 4405 Incia,
1134 4350 1279 4393 cum
1316 4349 1521 4392 sermo
1550 4331 1629 4392 sit

106 4422 167 4481 de
189 4430 469 4500 potestate
512 4427 799 4505 proxima
849 4432 911 4487 et
934 4426 1180 4498 morali,
1211 4443 1339 4485 non
1371 4424 1502 4484 sola
1534 4423 1629 4485 fa-

107 4516 269 4577 cultas
306 4520 601 4597 proximae
638 4518 955 4598 potentiae,
1006 4518 1119 4579 sed
1157 4519 1343 4579 etiam
1384 4516 1629 4578 indiffe-

108 4628 223 4669 rens
248 4630 577 4673 concursus
604 4614 719 4674 Dei
742 4612 825 4673 ad
862 4612 1046 4685 intra,
1085 4630 1199 4672 seu
1223 4610 1290 4669 in
1326 4616 1471 4671 actu
1499 4608 1627 4687 pri-

108 4719 191 4760 mo
214 4704 551 4783 propositus
600 4712 663 4766 31
713 4704 981 4777 oblatae,
1032 4703 1495 4765 evidentissime
1526 4720 1627 4763 os-

108 4795 360 4856 tenditur.
396 4799 611 4859 Patres
641 4798 827 4858 etiam
865 4796 1089 4858 eodem
1114 4796 1304 4857 modo
1330 4797 1411 4856 de
1441 4795 1630 4855 liber-

111 4888 225 4947 tatis
262 4908 371 4951 usu
422 4892 789 4970 loquuntur,
824 4889 992 4951 unde
1038 4890 1207 4950 idem
1250 4889 1435 4968 plane
1484 4907 1629 4948 sen-

115 4979 259 5040 tiunt.
286 4984 371 5043 Ad
393 4986 563 5064 quod
588 4984 1097 5064 persuadendum
1120 4983 1405 5043 sufficere
1428 4981 1631 5043 existi-

115 5091 197 5133 mo
248 5079 581 5140 testimonia
637 5078 940 5157 superiori
998 5078 1271 5139 sectione
1314 5075 1586 5137 adducta
1611 5119 1626 5148 ,

114 5167 305 5241 quibus
330 5170 433 5230 lib.
467 5172 506 5231 3
530 5170 831 5232 addemus
860 5169 1003 5230 alia.

184 5313 669 5383 Scholastioorum
698 5317 1061 5383 testimoniis
1088 5316 1288 5379 eadem
1326 5313 1551 5379 veritas

676 5414 1016 5477 roboratur.

186 5544 271 5601 10.
296 5542 733 5625 &penduntur
753 5554 1035 5613 acam-ate
1062 5548 1140 5611 D.
1180 5546 1421 5609 Tkomoe
1467 5544 1634 5607 testi-

3200 403 3268 462 Ἠ

1711 507 1917 568 monia
1944 505 2198 587 aliquot.
2228 538 2311 554 -—
2337 508 2516 568 Nune
2561 506 3083 568 scholasticorum
3123 510 3280 569 Doc-

1708 604 1916 660 torum
1959 601 2392 660 aue'toritatem
2423 600 2768 679 adjungere
2809 605 3075 679 oportet,
3119 603 3282 662 inter

1711 710 1871 770 quos
1920 692 2166 754 nullum
2214 694 2520 754 haetenus
2559 695 2790 772 reperi,
2845 695 2950 772 qui
2999 695 3278 754 divinum

1711 803 2086 846 concursum
2119 804 2262 845 cnm
2289 786 2483 847 libero
2510 787 2764 847 arbitrio
2791 787 2970 848 aliter
2997 786 3279 848 declara-

1706 879 1807 939 rit.
1836 879 2070 939 Eorum
2102 879 2293 959 igitur
2326 880 2670 940 sententias
2691 881 2982 956 ⁵breviter
3021 886 3279 942 annota-

1705 971 1811 1043 ho,
1843 976 1913 1032 ut
1945 977 2186 1033 constet
2226 973 2413 1034 etiam
2443 991 2636 1052 quam
2673 973 2750 1034 sit
2781 980 3030 1052 recepta
3071 979 3132 1035 et
3169 992 3278 1034 an-

1703 1065 1881 1142 tiqua
1922 1064 2058 1124 haec
2085 1065 2389 1126 doctrina.
2425 1065 2618 1126 Divus
2647 1084 2798 1144 ergo
2831 1067 3102 1127 Thomas
3149 1085 3280 1126 non

1712 1157 1797 1217 ita
1826 1157 2113 1218 distinete
2165 1163 2226 1219 et
2269 1160 2335 1218 in
2383 1159 2743 1239 particulari
2786 1159 2868 1220 ad
2904 1161 3039 1220 haec
3088 1159 3282 1238 expli-

1712 1251 1909 1310 canda
1932 1251 2278 1324 descendit,
2309 1258 2522 1312 tamen
2543 1252 2848 1332 imprimis
2875 1252 3090 1312 nullibi
3119 1253 3279 1312 affir-

1710 1348 1841 1404 mat
1868 1344 2067 1405 Deum
2092 1361 2171 1404 ex
2197 1363 2288 1418 se,
2323 1350 2384 1405 et
2411 1345 2544 1406 sola
2569 1363 2684 1406 sua
2705 1346 2941 1407 efficaci
2963 1346 3278 1406 voluntate

1710 1437 1792 1498 ad
1808 1455 2006 1496 unum
2021 1443 2229 1498 actum
2247 1437 2697 1500 determinasse
2716 1457 2858 1499 eum
2880 1456 3274 1511 concursum,
3319 1511 3326 1517 ,

1710 1548 1899 1608 quem
1949 1535 2084 1590 erat
2144 1531 2534 1592 exhibiturus
2580 1532 2882 1593 voluntati
2941 1532 3232 1592 humanae
3261 1578 3275 1604 ,

1709 1621 2320 1700 praedetenninando
2353 1642 2493 1684 eam
2525 1624 2606 1684 ad
2646 1624 2843 1685 illum.
2878 1626 2952 1685 Et
2997 1624 3274 1704 quidem,

1710 1715 1761 1776 si
1788 1715 1921 1794 ipse
1951 1716 2249 1776 sensisset
2267 1717 2470 1778 Deum
2499 1717 2617 1778 hoc
2644 1717 2831 1778 mo'do
2855 1718 3278 1795 praedetermi-

1710 1827 1861 1869 nare
1892 1826 2006 1868 sua
2041 1810 2356 1870 voluntate
2403 1811 2638 1872 efficaci
2679 1812 2796 1871 hos
2825 1829 3045 1872 omnes
3076 1814 3272 1883 30103,

1710 1900 2023 1963 docuisset
2073 1902 2412 1982 aliquando
2465 1920 2844 1984 cognoscere
2901 1905 3098 1964 Deum
3145 1904 3278 1964 haec

1708 1995 1919 2056 futura
1959 1997 2022 2056 in
2059 1997 2180 2057 hac
2219 1997 2871 2076 praedeterminatione
2903 2017 3031 2058 suffe
3061 1999 3280 2059 volun-

1710 2090 1888 2164 tatis;
1926 2098 1990 2152 at
2019 2093 2139 2152 hoc
2189 2111 2516 2172 nunquam
2545 2093 2789 2167 docuit,
2819 2099 2888 2153 ut
2933 2099 3174 2154 constat
3203 2113 3280 2156 ex

1714 2187 1971 2263 tpart„
2015 2192 2236 2264 quaest.
2294 2189 2391 2258 14,
2443 2190 2559 2248 art.
2621 2187 2719 2262 13,
2780 2187 2888 2246 ubi
2919 2187 3278 2266 simpliciter

1710 2277 1797 2338 ait
1828 2278 2250 2357 cognitionem
2273 2279 2629 2341 futurorum
2653 2281 2720 2340 in
2751 2299 2940 2340 causa
2968 2298 3106 2341 esse
3133 2299 3277 2341 con-

1701 2370 2096 2449 jecturalem.
2145 2372 2348 2446 Unde,
2382 2373 2543 2433 utin
2582 2375 2710 2434 Deo
2759 2373 2837 2434 sit
2870 2379 3062 2446 certa,
3098 2392 3278 2435 revo-

1710 2471 1810 2525 cat
1835 2463 2007 2524 illam
2047 2464 2128 2526 ad
2167 2467 2568 2545 praesentiam
2607 2467 2990 2528 aeternitatis
3037 2469 3276 2529 Deinde

1710 2557 1994 2636 plurimis
2033 2558 2098 2617 in
2145 2559 2298 2620 locis
2329 2559 2514 2620 docet
2558 2560 2943 2621 voluntatem
2989 2580 3126 2622 sese
3167 2561 3277 2621 de·-

1710 2651 2068 2725 terminare,
2123 2655 2184 2712 et
2231 2653 2464 2714 habere
2509 2654 2857 2732 proximam
2915 2661 2977 2714 et
3029 2655 3276 2733 expedi—

1709 2750 1840 2805 tam
1874 2747 2248 2822 potestatem
2291 2747 2372 2806 ad
2410 2752 2740 2824 utramque
2777 2753 3058 2827 partem3
3107 2748 3276 2826 quod

1710 2855 1839 2896 non
1884 2843 2098 2915 posset
2151 2857 2290 2898 3333
2336 2857 2596 2912 verum,
2643 2840 2759 2900 nisi
2809 2843 2972 2901 Deus
3023 2841 3276 2901 offerret

1710 2930 1905 2990 libero
1940 2930 2192 2992 arbitrio
2245 2951 2620 2993 coneursum
2673 2951 2748 2993 ex
2797 2951 2862 2993 se
2916 2934 3277 2994 indifferen-

1709 3027 1859 3084 tem.
1893 3025 2132 3084 Rursus
2163 3028 2215 3086 1.
2252 3027 2312 3098 2,
2346 3031 2560 3104 quaest.
2598 3031 2656 3098 9,
2691 3031 2806 3086 art.
2834 3029 2896 3099 6,
2924 3027 3004 3087 ad
3035 3028 3093 3101 3,
3128 3045 3272 3087 cum

1711 3117 1970 3178 dixisset
2009 3118 2327 3179 hominem
2358 3137 2472 3198 per
2507 3122 2816 3181 rationem
2849 3121 3270 3181 determinare

1710 3230 1778 3272 se
1810 3210 1891 3271 ad
1929 3210 2290 3283 volendum,
2321 3213 2513 3285 addit,
2547 3231 2678 3286 303,
2721 3214 2827 3293 qui
2861 3232 2975 3293 per
3005 3214 3272 3293 gratiam

1710 3308 1899 3367 aDeo
1924 3305 2294 3383 excitantur,
2349 3309 2697 3387 specialiter
2725 3309 2961 3369 moveri
3013 3309 3093 3369 ab
3139 3310 3273 3388 ipso

1710 3401 1790 3461 ad
1831 3418 2030 3460 unum
2070 3400 2482 3462 determinate
2526 3403 2886 3463 volendum.
2947 3403 3079 3474 Quo
3135 3404 3272 3465 loeo

1710 3512 2002 3573 expresse
2030 3494 2214 3556 docet
2235 3494 2412 3555 divus
2439 3497 2708 3557 Thomas
2735 3497 3098 3576 generalem
3126 3517 3276 3558 con-

1710 3606 1962 3649 cursum
1992 3588 2127 3660 Dei,
2161 3594 2232 3648 01
2259 3589 2474 3667 primae
2505 3608 2733 3663 causae,
2773 3610 2901 3650 non
2932 3591 3274 3653 consistere

1708 3682 1771 3742 in
1797 3682 1915 3742 hoc
1947 3683 2116 3760 quod
2131 3682 2518 3743 voluntatem
2539 3682 2912 3744 determinet
2941 3683 3021 3743 ad
3050 3702 3270 3757 unum,

1710 3777 1821 3836 sed
1850 3776 2060 3854 potius
2107 3778 2304 3837 Deum
2349 3794 2425 3836 ex
2461 3795 2527 3837 se
2569 3777 2853 3838 conferre
2897 3780 3284 3838 concursum‘

1708 3867 2170 3929 indifferentem
2200 3870 2263 3929 in
2297 3868 2514 3929 ordine
2537 3869 2618 3928 ad
2642 3870 2958 3948 objectum
2985 3870 3276 3949 adaequa-

1710 3966 1843 4021 tum
1885 3961 2244 4034 voluntatiS,
2295 3962 2463 4042 quod
2493 3969 2587 4024 est
2611 3964 2886 4036 bonum3
2930 3980 3076 4022 nam
3107 3962 3278 4041 quod

1709 4056 1781 4114 D.
1829 4054 2103 4115 Thomas
2151 4055 2228 4115 de
2269 4055 2548 4135 generali
2600 4074 2909 4116 concursu
2957 4056 3271 4134 loquatur,

1710 4150 1954 4209 constat
2001 4166 2078 4208 ex
2131 4148 2250 4208 illis
2296 4149 2543 4209 verbis:
2584 4148 2736 4212 Sine
2789 4151 2898 4211 Ῑιασ
2941 4149 3278 4211 uniuersali

1708 4240 1987 4314 motione,
2020 4242 2187 4303 homo
2210 4259 2329 4302 non
2349 4244 2546 4322 potest
2582 4241 2820 4321 aliquid
2855 4242 3003 4305 velle
3023 4266 3048 4313 ,·
3091 4242 3278 4302 sentit

1710 4350 1860 4413 ergo
1896 4334 2059 4393 hanc
2105 4333 2446 4394 motionem
2479 4354 2591 4395 seu
2627 4353 3002 4394 concursum
3032 4335 3279 4395 indiffe-

1706 4432 1919 4487 renter
1946 4426 2178 4499 offerri,
2211 4433 2518 4506 quantum
2556 4434 2648 4488 331
2681 4445 2756 4486 ex
2787 4432 2962 4505 parte
2995 4427 3130 4499 Dei;
3165 4446 3279 4506 per

1705 4518 2012 4579 rationem
2041 4537 2190 4580 vero
2223 4528 2284 4580 et
2323 4520 2680 4581 libertatem
2721 4520 3124 4581 determinari
3165 4542 3278 4581 xo-

1704 4613 2011 4672 luntatem
2041 4632 2183 4672 cum
2224 4612 2327 4673 illo
2359 4613 2636 4693 generali
2682 4631 3016 4686 00000130,
3051 4613 3131 4674 ad
3170 4613 3278 4673 ali-

1708 4705 1861 4783 quid
1889 4704 2304 4766 determinate
2345 4705 2707 4767 volendum.
2756 4706 2913 4778 Im0‚
2951 4706 3002 4767 si
3045 4712 3280 4767 attente

1706 4799 1812 4859 illa
1852 4798 2046 4858 verba
2093 4798 2542 4877 ponderentur,
2591 4818 2717 4860 non
2749 4799 2953 4859 solum
3007 4798 3281 4859 excludit

1708 4893 1781 4952 D.
1822 4891 2096 4953 Thomas
2148 4891 2869 4969 praedeterminationem
2915 4892 3026 4952 Dei
3070 4892 3280 4953 effica-

1712 5003 1873 5057 cem,
1918 4983 2262 5059 sedetiam
2309 5003 2565 5045 omnem
2611 4986 2953 5046 motionem
2983 4986 3279 5065 praeviam

1710 5096 1825 5157 per
1852 5078 2522 5157 specialemactionem
2549 5078 2904 5139 distinctam
2935 5097 2971 5138 a
3001 5077 3282 5158 generali

1713 5189 2064 5244 concursu;
2105 5171 2376 5232 excludit
2410 5177 2624 5232 autem
2662 5172 2855 5244 illam,
2892 5190 3020 5231 non
3055 5176 3126 5231 ut
3166 5170 3280 5230 im-

1712 5264 2100 5343 possibilem,
2125 5263 2238 5325 sed
2267 5270 2334 5325 ut
2361 5282 2488 5323 non
2528 5281 2642 5343 per
2671 5282 2738 5325 se
2766 5269 2827 5324 31
2865 5263 3278 5325 essentialiter

1714 5358 2133 5419 necessariam
2163 5358 2246 5419 ad
2288 5374 2662 5419 concursum
2700 5358 2916 5437 primm
2943 5374 3171 5417 causae.
3205 5356 3279 5416 Et

1714 5450 1855 5511 ideo
1899 5450 2137 5511 addidit
2175 5451 2607 5529 exceptionem
2645 5449 2722 5511 de
2772 5449 2871 5509 his
2915 5466 3072 5527 quos
3111 5447 3278 5508 Deus

1714 5550 1925 5617 movet
1945 5563 2066 5624 per
2084 5546 2349 5626 gratiam
2369 5563 2384 5619 3
2411 5560 2550 5622 quae
2577 5543 2856 5621 exceptio
2877 5540 3280 5620 intelligenda
