3850 6225
492 380 611 445 506

500 650 591 711 Do
621 650 833 713 merito
882 658 1055 719 actus
1094 658 1415 721 secundum
1441 664 1631 723 totam
1664 660 2052 725 latitudinem

1172 767 1369 813 suam.

568 958 671 1023 43.
712 956 783 1023 In
808 960 1085 1025 secundo
1128 968 1501 1043 argumento
1529 966 1761 1047 petitur
1784 968 1907 1029 alia
1927 967 2048 1029 dif-

488 1054 731 1117 fleultas
766 1070 881 1135 per
908 1070 1045 1119 sese
1077 1055 1331 1137 quidem
1370 1061 1526 1123 scitu
1556 1056 1767 1141 digna,
1802 1082 1930 1123 non
1959 1070 2048 1124 ta-

488 1152 635 1211 fflett
666 1150 1021 1212 necessario
1042 1171 1436 1233 consequens
1454 1172 1531 1215 ex
1549 1148 1843 1235 opinione
1860 1169 2050 1237 quam

488 1248 851 1304 tractamus.
888 1246 1041 1305 Nam
1076 1291 1092 1318 ,
1146 1246 1288 1308 licet
1336 1264 1553 1307 verum
1608 1248 1685 1309 sit
1732 1266 1845 1328 per
1875 1256 2051 1309 actus

488 1336 783 1397 remissos
822 1338 1053 1398 mereri
1098 1356 1255 1414 nos,
1305 1346 1367 1401 et
1402 1342 1698 1421 consequi
1746 1360 2052 1417 augmen-

488 1434 622 1489 tum
655 1430 894 1507 gratiae,
942 1448 1069 1491 non
1112 1432 1257 1492 inde
1286 1431 1355 1492 fit
1388 1439 1595 1493 actum
1630 1436 1855 1496 mereri
1896 1454 2052 1511 aug·-

487 1528 771 1584 mentum
818 1525 1069 1586 habitus
1130 1527 1477 1587 seeundum
1519 1534 1713 1590 totam
1776 1530 2052 1591 latitudi-

488 1634 637 1677 nem
686 1634 866 1677 suam
917 1618 999 1679 ad
1046 1620 1497 1697 aequalitatem,
1548 1622 1715 1701 quod
1748 1624 1816 1683 in
1862 1642 2053 1703 argu-

486 1714 699 1770 mento
727 1710 1134 1790 ’supponitun
1168 1714 1247 1776 Ut
1274 1720 1483 1775 autem
1524 1715 1869 1777 habeamus
1898 1736 2051 1797 prae-

488 1800 614 1864 clsa
658 1802 849 1865 verba
894 1805 1123 1884 quibus
1154 1808 1271 1867 hoc
1320 1807 1743 1885 declaremus„
1790 1810 2048 1871 adverto

490 1892 658 1957 aliud
688 1914 825 1958 esse
858 1905 1065 1959 actum
1098 1918 1235 1961 esse
1278 1900 1665 1963 meritorium
1701 1920 1817 1983 per
1850 1909 2044 1964 totam

488 1992 809 2053 entitatem
852 2010 1031 2053 suam
1084 2000 1149 2055 et
1198 2012 1313 2073 per
1360 2012 1581 2078 omnes
1632 1990 1867 2073 gradus
1916 2014 2046 2057 suae

486 2085 877 2157 intensionis,
929 2086 1099 2147 alind
1128 2105 1279 2149 vero
1320 2106 1457 2150 esse
1508 2090 1895 2150 meritorium
1951 2110 2051 2151 se-

489 2178 761 2238 cundum
818 2186 1011 2239 totam
1052 2180 1443 2242 latitudinem
1494 2200 1674 2242 suam
1714 2184 1791 2243 ad
1844 2202 2050 2263 aequa-

485 2270 746 2331 litatem.
782 2273 1015 2333 Sensus
1056 2274 1279 2351 prioris
1303 2275 1631 2335 locutionis
1662 2280 1791 2348 est,
1839 2284 2048 2337 actum

488 2364 829 2437 charitatis,
864 2364 1035 2426 verbi
1067 2366 1287 2445 gratia,
1324 2374 1389 2428 ut
1426 2386 1557 2441 sex,
1604 2388 1743 2429 esse
1794 2370 2050 2430 merito-

486 2457 649 2516 rium
693 2458 789 2517 sui
841 2458 1149 2537 adaequati
1192 2460 1425 2539 praemii
1470 2479 1583 2540 per
1640 2480 1861 2523 omnes
1906 2482 2049 2543 gra-

486 2548 605 2609 dus
657 2568 786 2611 suae
820 2552 1097 2613 'entitatis
1140 2570 1251 2614 seu
1284 2553 1674 2628 intensioniS,
1708 2555 1792 2616 ita
1822 2562 1890 2617 ut
1914 2574 2051 2617 om·-

486 2660 599 2703 nes
630 2644 811 2703 simul
844 2650 905 2705 et
926 2644 1153 2724 singuli
1186 2648 1249 2705 in
1281 2651 1448 2707 certa
1470 2650 1873 2727 proportione
1906 2668 2052 2709 con-

487 2744 739 2798 currant
788 2738 867 2799 ad
922 2738 1073 2799 illud
1130 2740 1453 2819 praemium
1508 2742 1994 2820 promerendum
2030 2788 2045 2813 ,

488 2830 659 2909 quod
696 2836 1028 2909 propterea
1070 2838 1258 2893 tantae
1300 2835 1663 2911 quantitatis
1691 2854 1818 2896 non
1858 2842 2046 2907 esset,

487 2924 537 2985 si
570 2923 655 2984 illi
704 2926 867 2986 actui
911 2926 1135 3004 aliquis
1177 2927 1409 3003 gradus
1472 2928 1633 2989 illius
1682 2930 2050 2991 intensionis

487 3017 757 3079 deesset.
788 3020 863 3079 Et
902 3020 1003 3080 hic
1032 3038 1253 3081 sensus
1280 3027 1375 3081 est
1427 3022 1809 3098 verissimuS,
1840 3024 2052 3102 sequi-

487 3116 715 3190 turque
736 3113 1093 3174 necessario
1124 3133 1199 3174 ex
1226 3116 1519 3194 praedicta
1564 3119 1870 3178 sententia
1902 3137 1915 3178 :
1945 3137 2050 3178 ne-

486 3223 610 3284 que
660 3213 1103 3283 argumentum
1152 3206 1383 3268 factum
1434 3215 1651 3270 contra
1687 3209 1860 3269 illum
1902 3229 2052 3290 pro-

487 3298 673 3372 cedit,
702 3305 769 3358 ut
796 3299 1004 3360 statim
1034 3299 1393 3361 declarabo.

568 3389 783 3454 Omnes
810 3393 1039 3474 yradus
1072 3401 1243 3456 accus
1283 3394 1585 3459 meritorii
1629 3397 1713 3458 ad
1724 3397 2048 3478 proemium

488 3485 1006 3548 conducunt-Et
1018 3487 1257 3548 ratione
1276 3489 1703 3568 philosophica
1723 3489 2050 3550 confirma-

488 3583 611 3642 tur.
637 3576 789 3649 Quia
816 3579 1067 3658 quando
1084 3581 1350 3658 qualitas
1373 3581 1619 3644 intensa
1642 3583 1930 3662 producit
1952 3601 2050 3643 ac—

488 3672 723 3732 tionem
754 3671 1025 3750 aliquam
1069 3673 1169 3734 vel
1208 3675 1526 3748 effectum,
1564 3694 1785 3736 omnes
1815 3675 2048 3752 gradus

488 3763 625 3842 ejus
642 3770 1019 3825 concurrunt
1046 3765 1391 3843 partialiter
1406 3769 1489 3829 ad
1502 3769 1689 3830 talem
1712 3768 2047 3841 actionem,

486 3857 585 3918 vel
631 3857 921 3918 effectum
949 3904 964 3930 ,
1016 3859 1145 3920 sive
1202 3861 1574 3940 partialitate
1620 3879 1864 3935 causae,
1922 3863 2050 3922 sive

487 3953 861 4032 partialitate
894 3953 1175 4028 effectuS,
1205 3961 1267 4016 et
1304 3957 1433 4016 sive
1470 3957 1729 4017 effectus
1770 3955 1849 4016 sit
1888 3956 2054 4016 adas-

488 4051 717 4124 quatus
772 4041 975 4106 causae
1000 4093 1014 4117 ‚
1074 4048 1201 4109 sive
1262 4047 1691 4126 inadaequatus
1728 4069 1743 4119 ς
1802 4067 2056 4128 semper

488 4139 661 4218 enim
702 4139 970 4217 qualitas
1001 4139 1207 4201 influit
1244 4158 1359 4218 per
1384 4145 1581 4202 totam
1626 4141 1948 4202 entitatem
1991 4147 2054 4201 et

490 4249 709 4292 omnes
736 4233 969 4312 gradus
1000 4251 1169 4306 suos,
1216 4235 1363 4314 quia
1388 4235 1451 4294 in
1484 4233 1783 4295 omnibus
1808 4237 1902 4296 'est
1929 4234 2056 4296 vir-

488 4331 589 4386 tus
626 4325 877 4404 agendi,
914 4332 983 4387 ut
1020 4327 1470 4406 supponimus;
1514 4333 1575 4388 et
1606 4327 1655 4388 si
1696 4327 1918 4407 aliquis
1948 4345 2056 4388 eo-

488 4435 631 4479 rum
660 4417 943 4493 deesset,
975 4437 1180 4499 neque
1217 4421 1381 4482 actio
1426 4424 1595 4482 esset
1640 4421 1895 4482 omnino
1947 4439 2056 4482 ea-

488 4509 659 4581 dem,
692 4529 899 4590 ueque
940 4511 1225 4582 facilitas,
1258 4519 1367 4574 aut
1403 4513 1725 4588 velocitas,
1756 4519 1863 4572 aut
1892 4512 2054 4573 alius

490 4603 709 4664 similis
748 4605 973 4666 modus
1027 4607 1278 4686 agendi.
1316 4607 1417 4669 Sic
1462 4625 1613 4686 ergo
1652 4607 1715 4667 in
1760 4607 2050 4686 praesenti

490 4714 711 4758 omnes
750 4699 982 4775 gradus
1022 4706 1199 4760 actus
1228 4701 1525 4762 meritorii
1568 4707 1946 4762 concurrunt
1973 4701 2052 4760 ad

490 4795 733 4850 tantum
805 4790 1129 4868 praemium
1198 4793 1687 4870 promerendum
1716 4841 1731 4866 ,
1770 4793 1916 4873 quia
1989 4793 2052 4852 in

492 4881 781 4942 omnibus
804 4891 867 4944 et
906 4885 1167 4964 singulis
1202 4892 1297 4947 est
1338 4887 1607 4966 dignitas
1644 4894 1703 4948 et
1726 4887 1901 4948 valor
1930 4886 2057 4947 snt*-

490 4975 709 5037 ficiens
754 4977 835 5038 ad
876 4979 1210 5053 meritum;
1242 4979 1435 5054 unde,
1466 4981 1515 5040 si
1566 4981 1647 5041 illi
1689 4981 1909 5042 merito
1939 4981 2056 5041 ali-

492 5071 633 5150 quis
676 5071 923 5132 illorum
974 5073 1285 5152 graduum
1332 5073 1602 5146 deesset,
1650 5073 1857 5134 minus
1896 5093 2055 5154 prae-

492 5165 687 5224 mium
710 5165 799 5224 illi
822 5167 1231 5244 responderet
1258 5185 1399 5227 cum
1426 5171 1597 5228 certa
1626 5168 2048 5247 proportione.

492 5257 605 5318 Hic
644 5275 795 5336 ergo
842 5260 1099 5320 omnino
1138 5277 1361 5320 sensus
1390 5278 1579 5322 verus
1612 5266 1725 5321 est.

570 5351 674 5410 44.
712 5351 859 5416 Non
898 5353 1128 5416 damur
1164 5351 1497 5416 neucesaria
1542 5357 1631 5416 tot
1659 5355 1891 5436 prades
1914 5369 2056 5435 yra-

493 5443 597 5508 tioe
636 5449 781 5524 quot
806 5451 953 5508 aaut
977 5447 1211 5528 yradue
1242 5451 1417 5509 actus
1444 5445 1761 5508 meritorii.
1783 5479 1865 5494 -
1888 5445 2059 5506 Alte·-

492 5539 625 5602 rius
670 5555 817 5600 vcro
856 5538 1187 5602 locutionis
1236 5558 1461 5602 sensus
1504 5545 1621 5616 est,
1672 5546 1887 5602 actum
1922 5557 2059 5602 me-

1068 390 1278 446 OPUSC.
1316 394 1374 447 V.
1410 394 1711 449 REM-:cuo
1746 398 1825 451 m:
1858 398 2332 455 nssvwlscENTtA
2365 404 2742 457 uentronmt.
2779 404 3017 459 ntsrur.
3053 402 3115 459 Π.

2132 502 2416 566 ritorium
2459 507 2792 568 habentem
2825 512 3026 567 certos
3065 506 3322 585 gradu&
3357 499 3531 563 verbi
3567 518 3704 577 gra·

2130 596 2238 669 tia,
2263 604 2330 658 ut
2364 618 2494 673 sex,
2527 606 2616 660 tot
2641 600 2872 679 gradus
2902 600 3114 679 gratiae
3143 605 3205 659 et
3237 594 3564 657 eharitatis
3595 596 3702 653 ha·

2129 690 2378 753 bitnalis
2415 693 2664 755 mereri.
2693 694 2768 753 Et
2795 692 2896 753 hic
2939 710 3162 753 sensus
3189 688 3426 769 estqui
3453 688 3512 747 in
3537 688 3700 747 dicto

2128 792 2501 865 argumento
2528 786 2793 848 infertur
2821 792 3121 865 tanquam
3141 800 3458 864 magnum
3485 782 3700 841 absur-

2127 878 2320 952 dum;
2373 885 2580 940 tamen
2611 897 2828 939 revera
2857 897 2986 939 non
3029 879 3316 955 sequitur
3361 894 3446 935 ex
3481 874 3700 934 merito

2129 978 2382 1032 actuum
2429 972 2858 1043 remissorum,
2893 971 3039 1050 quia
3073 977 3144 1031 ut
3181 976 3366 1029 actus
3407 967 3702 1027 remissus

2129 1064 2207 1126 sit
2243 1064 2596 1127 meritorius
2635 1064 2962 1143 augmenti
3005 1064 3247 1143 gratiae,
3271 1062 3510 1122 sufficit
3535 1060 3700 1139 quod

2131 1176 2351 1219 omnes
2403 1158 2636 1237 gradus
2699 1159 2894 1237 ipsius
2937 1163 3112 1218 actus
3187 1160 3572 1215 concurrant
3625 1154 3700 1211 ad

2129 1252 2446 1325 meritum,
2488 1250 2774 1331 quamvis
2817 1250 3040 1328 singuli
3083 1249 3320 1329 gradus
3363 1246 3564 1326 ipsius
3603 1264 3700 1306 ac-

2129 1352 2230 1406 tus
2275 1362 2403 1405 non
2445 1352 2808 1405 mereantur
2855 1342 3134 1423 singulos
3171 1342 3413 1422 gradus
3461 1340 3694 1416 gratian

2133 1438 2244 1498 sed
2289 1436 2526 1515 aliquid
2563 1438 2770 1499 minus
2809 1438 2870 1497 in
2923 1443 3092 1497 certa
3133 1434 3566 1515 proportione.
3599 1434 3694 1505 Ut,

2129 1531 2304 1591 verbi
2348 1532 2569 1611 gratia,
2603 1532 2652 1591 si
2685 1530 2924 1590 habens
2962 1529 3248 1589 habitum
3281 1526 3608 1587 charitatis
3633 1532 3698 1585 ut

2133 1632 2410 1705 quatuor
2441 1672 2456 1699 ,
2492 1624 2698 1685 eliciat
2750 1630 2958 1685 actum
3025 1622 3348 1683 charitatis
3423 1625 3494 1678 ut
3551 1636 3700 1695 qua-

2130 1725 2272 1779 tuor
2304 1764 2318 1791 ,
2401 1723 2462 1779 et
2497 1736 2612 1797 per
2673 1717 2850 1778 illum
2907 1721 3224 1777 mereatur
3283 1718 3700 1793 augmentum

2131 1812 2402 1884 hahituS,
2434 1830 2563 1871 non
2605 1817 2699 1871 est
2725 1808 3148 1871 necessarium
3176 1809 3416 1879 dicere,
3453 1824 3532 1865 ex
3553 1807 3610 1865 vi
3641 1806 3704 1864 il-

2129 1906 2248 1965 lius
2289 1904 2615 1984 principii,
2667 1903 2837 1983 quod
2879 1910 3200 1963 mereatur
3245 1906 3528 1981 quatuor
3565 1918 3706 1977 gra-

2129 1998 2248 2059 dus
2283 1998 2627 2075 augmenti,
2667 1996 2780 2058 sed
2818 1996 3082 2057 fortasse
3111 1994 3468 2055 merebitur
3503 1992 3700 2061 duos;

2129 2109 2338 2169 neque
2387 2090 2530 2151 inde
2559 2090 2630 2151 fit
2673 2088 2844 2168 quod
2875 2107 2990 2168 per
3029 2096 3241 2149 actum
3269 2094 3338 2147 ut
3391 2086 3525 2147 duo
3569 2084 3707 2145 nul-

2129 2186 2260 2245 lum
2305 2189 2716 2263 augmentum
2753 2189 3072 2243 mercatur
3115 2228 3130 2255 ,
3187 2181 3302 2242 sed
3357 2179 3706 2241 merebitur

2129 2285 2199 2340 ut
2257 2296 2491 2351 unum,
2537 2278 2682 2355 quia
2758 2276 2934 2336 valor
2991 2276 3195 2337 meriti
3237 2274 3518 2334 duorum
3563 2292 3706 2347 gra-

2130 2374 2325 2434 duum
2375 2370 2696 2449 augmenti
2727 2386 2852 2429 non
2889 2370 3004 2429 fuit
3029 2369 3092 2428 in
3133 2372 3276 2429 actu
3321 2370 3398 2427 ut
3433 2372 3704 2445 quatuor

2130 2470 2384 2545 propter
2425 2464 2592 2524 solos
2623 2460 2786 2523 duos
2823 2462 3076 2523 ultimos
3118 2461 3354 2540 gradus
3383 2477 3562 2533 suos,
3593 2460 3700 2519 sed

2131 2564 2388 2637 propter
2431 2576 2652 2618 omnes
2699 2564 2970 2635 quatuor
2995 2555 3212 2627 aimuh:
3255 2558 3318 2614 et
3365 2554 3538 2627 ideo,
3565 2553 3700 2612 licet

2131 2652 2514 2713 diminuatur
2555 2651 2658 2712 ille
2705 2655 2880 2711 actus
2933 2650 2998 2709 in
3051 2648 3300 2710 duobus
3347 2645 3650 2726 gradihus
3681 2690 3696 2715 ,

2130 2764 2258 2805 non
2303 2749 2634 2824 propterea
2679 2744 2916 2806 tollitur
2963 2748 3160 2803 totum
3197 2739 3538 2809 meritum,
3591 2738 3695 2797 sed

2130 2857 2272 2898 cum
2303 2838 2704 2917 proportione
2753 2836 3076 2897 minuitur.
3107 2836 3184 2895 Et
3211 2834 3397 2894 simili
3431 2834 3694 2895 ratione.

2131 2950 2256 2992 non
2302 2932 2584 3009 sequitur
2621 2931 2796 2990 illum
2837 2929 3156 2989 hominem
3199 2945 3316 3006 per
3365 2931 3582 2987 actum
3635 2918 3697 2985 ut

2129 3042 2349 3096 unum,
2397 3024 2636 3084 nullum
2668 3029 3076 3103 augmentum
3105 3019 3358 3092 mereri,
3409 3017 3530 3078 sed
3569 3036 3702 3076 me·
3818 3030 3819 3051 ³

2129 3119 2368 3179 rebitur
2415 3118 2740 3179 dimidium
2781 3117 3049 3198 gradum
3103 3115 3186 3176 ob
3223 3110 3522 3174 eamdem
3565 3129 3698 3189 pro·

2129 3211 2520 3292 portionem3
2567 3211 2634 3270 hi
2685 3211 2850 3270 enim
2895 3209 3128 3289 gradus
3181 3225 3310 3267 non
3337 3213 3492 3266 sunt
3551 3204 3700 3263 indi-

2129 3303 2424 3376 visibileS,
2458 3304 2569 3364 sed
2620 3303 3011 3364 latitudinem
3049 3301 3309 3372 habent,
3339 3303 3414 3359 ut
3455 3303 3698 3358 constat

2131 3415 2206 3458 ex
2249 3397 2664 3476 philosophia,
2699 3403 3078 3475 semperque
3096 3391 3292 3454 dividi
3313 3397 3590 3471 possunt
3611 3408 3698 3448 se·

2131 3489 2404 3551 cundum
2453 3495 2664 3570 partes
2715 3486 3216 3568 proportionales
3257 3502 3388 3546 sum
3425 3481 3703 3544 latitudi-

2129 3583 2266 3655 nis;
2323 3589 2382 3643 et
2434 3581 2576 3642 ideo
2621 3581 2790 3642 actui
2815 3579 3213 3660 quantumvis
3241 3577 3514 3638 remisso
3545 3591 3698 3635 sem·
3816 3641 3817 3644 Ἴ

2133 3693 2248 3754 per
2265 3665 2492 3754 poterit
2515 3675 2748 3752 aliquid
2779 3674 3098 3752 augmenti
3141 3671 3399 3730 habitus
3443 3687 3695 3746 respon-

2133 3768 2306 3840 dere,
2347 3770 2630 3848 quamvis
2659 3767 2812 3828 illud
2839 3785 2966 3827 non
3009 3767 3086 3826 sit
3117 3763 3388 3843 aequale,
3419 3763 3536 3824 sed
3565 3779 3697 3840 pro-

2135 3863 2504 3940 portionale.
2539 3861 2760 3924 Facilis
2799 3877 2950 3938 ergo
2999 3865 3062 3920 et
3109 3857 3452 3918 manifesta
3481 3859 3580 3916 est
3603 3871 3694 3914 rc·

2136 3949 2390 4034 sponsio
2433 3955 2515 4015 ad
2567 3954 2720 4016 illud
2761 3959 3206 4032 argumentum
3249 3949 3556 4030 negando
3607 3965 3693 4007 sc-

2137 4049 2410 4129 quelam.

2215 4147 2316 4206 45.
2366 4145 2460 4208 An
2491 4161 2639 4204 vero
2669 4141 2821 4203 illud
2849 4157 3245 4219 consequens
3285 4139 3452 4200 adeo
3481 4137 3694 4196 falsum

2137 4240 2231 4310 sit,
2283 4243 2352 4298 ut
2397 4236 2483 4296 illi
2512 4240 2798 4297 auctores
2831 4239 3196 4313 supponunt
3235 4249 3388 4294 cum
3435 4229 3696 4290 Victoria

2134 4333 2198 4393 in
2215 4330 2574 4392 Relectione
2600 4329 2680 4390 de
2707 4331 3064 4406 Augmento
3087 4325 3413 4388 charitatis
3439 4319 3696 4400 (etiamsi

2131 4443 2260 4485 non
2301 4428 2602 4502 sequatur
2649 4439 2729 4482 ex
2775 4421 2878 4482 illo
2933 4418 3414 4494 antecedente),
3453 4414 3696 4475 alterius

2135 4523 2229 4578 est
2283 4516 2400 4576 loci
2453 4521 2516 4576 et
2559 4513 2858 4592 longioris
2903 4509 3470 4580 considerationis;
3503 4506 3694 4567 dicam

2133 4615 2344 4672 tamen
2381 4607 2652 4668 breviter
2699 4606 2868 4685 quod
2917 4605 3139 4665 sentio.
3175 4599 3690 4680 Distinguendum

2135 4703 2418 4765 existimo
2459 4703 2621 4763 inter
2655 4708 2832 4762 actus
2874 4697 3222 4760 dilectionis
3267 4697 3380 4755 Dei
3419 4715 3458 4754 a
3501 4693 3692 4753 chari-
3812 4765 3813 4772 ἵ

2133 4803 2262 4858 tate
2291 4795 2550 4866 elicitos,
2589 4800 2652 4855 et
2680 4795 2835 4855 alios
2864 4799 3038 4854 actus
3074 4788 3592 4870 supernaturales
3621 4787 3692 4844 ab
3812 4827 3813 4866 3

2137 4890 2276 4950 aliis
2311 4887 2640 4948 virtutibus
2683 4886 2942 4960 elicitos,
2973 4901 3134 4964 quos
3175 4899 3296 4962 ego
3339 4899 3516 4942 nnnc
3563 4897 3694 4957 sup-
3812 4869 3813 4899 *

2133 5001 2299 5063 pono
2357 4991 2499 5041 esse
2545 4981 2894 5040 meritorios
2949 4975 3190 5057 praemii
3239 4973 3596 5036 essentialis
3639 4977 3691 5032 et

2131 5075 2262 5136 veri
2294 5073 2618 5152 augmenti
2649 5073 2887 5152 gratiae,
2919 5089 3050 5131 non
3083 5069 3286 5130 solum
3315 5068 3564 5128 ratione
3587 5067 3690 5125 im-

2134 5167 2290 5249 perii
2327 5167 2664 5239 charitatis,
2699 5164 2811 5227 sed
2837 5165 3028 5226 etiam
3070 5163 3314 5224 ratione
3357 5177 3493 5221 sum
3530 5157 3688 5219 boni-

2135 5259 2280 5321 tatis
2309 5257 2820 5338 supernaturalis,
2843 5275 2960 5337 per
2985 5273 3176 5336 quam
3203 5255 3448 5315 habent
3469 5269 3684 5314 couna-

2137 5353 2518 5414 turalitatem
2555 5370 2700 5414 cum
2727 5351 2854 5412 fine
2885 5347 3388 5430 supernaturali,
3438 5352 3504 5407 et
3531 5347 3592 5406 in
3627 5344 3688 5403 il-

2137 5447 2268 5508 lum
2309 5465 2388 5508 ex
2419 5465 2486 5507 se
2513 5445 2817 5518 tendunt,
2859 5441 3377 5505 concurrentibus
3419 5459 3499 5501 ex
3529 5444 3683 5518 parta

2139 5557 2424 5624 personoe
2451 5539 2768 5623 operantis
2803 5537 2942 5602 aliis
2981 5534 3450 5600 conditionibus
3485 5547 3686 5594 ncces-
