3850 6225
562 379 642 444 84

564 488 715 548 dum
755 485 1111 546 intentionis
1165 487 1493 567 cujusdam
1536 489 1802 569 proximi
1838 487 2004 564 finis,
2053 494 2123 548 ut

563 597 680 660 per
704 578 876 639 illam
901 579 1310 640 intentionem
1336 582 1593 660 praecise
1622 589 1938 663 sumptam
1967 581 2126 642 nihil

566 673 647 734 ad
676 679 851 734 extra
890 673 1115 734 efficiat
1143 693 1157 746 ;
1204 675 1349 753 quia
1378 676 1636 738 intentio
1667 676 2016 739 secundum
2053 694 2122 736 se

564 774 660 830 est
685 772 860 830 actus
890 785 1061 829 mere
1090 768 1374 830 internus
1404 771 1497 848 (ut
1526 773 1614 832 sic
1638 771 1891 852 dicam),
1924 777 1988 832 et
2009 789 2124 850 per

564 860 839 938 seipsum
864 859 1017 920 nihil
1042 867 1337 940 operatur
1355 863 1471 923 nisi
1498 865 1707 925 media
1738 864 2040 926 electione
2061 869 2126 924 et

562 974 702 1015 usu.
736 956 921 1014 Recte
949 971 1098 1034 ergo
1126 961 1331 1033 potest
1358 957 1618 1038 intelligi
1645 959 1711 1020 in
1728 960 1859 1020 Deo
1884 956 2124 1036 praede-

559 1047 757 1108 finitio
787 1063 925 1125 quae
954 1065 1069 1126 per
1088 1065 1155 1108 se
1182 1067 1309 1110 non
1336 1049 1707 1112 determinet
1738 1051 1995 1131 physice
2020 1067 2123 1110 vo-

559 1141 865 1202 luntatem
890 1147 1185 1214 creatam,
1228 1142 1374 1221 quia
1404 1161 1533 1204 non
1561 1145 1828 1224 imperat
1856 1143 1968 1218 illi,
2003 1161 2122 1204 nec

561 1235 755 1296 utitur
792 1233 920 1307 illa,
965 1233 1077 1294 sed
1112 1233 1326 1294 media
1363 1235 1690 1312 electione,
1736 1255 1875 1316 quae
1916 1241 2124 1317 potest

562 1345 702 1390 esse
730 1326 890 1401 talis,
936 1331 1005 1388 ut
1032 1326 1195 1388 hanc
1218 1327 1805 1390 determinationem
1831 1347 1962 1390 non
1991 1329 2123 1389 effi-

560 1422 681 1482 ciat
722 1439 841 1481 nec
876 1420 1178 1498 requirat;
1231 1421 1379 1500 quia
1418 1421 1551 1484 sine
1594 1422 1699 1482 illa
1735 1426 1943 1501 potest
1982 1439 2120 1483 esse

560 1515 873 1578 sufficiens
926 1513 1007 1574 ad
1056 1515 1488 1594 exequendam
1538 1515 1951 1578 intentionem
1979 1562 1994 1590 ‚
2053 1521 2123 1576 ut

550 1609 685 1688 jam
714 1606 1089 1686 explicatum
1117 1613 1231 1668 est.
1260 1609 1387 1670 Nec
1411 1608 1601 1670 refert
1623 1609 1791 1688 quod
1815 1610 2006 1682 Deus,
2039 1608 2120 1669 ob

558 1718 741 1762 suam
774 1700 1402 1778 comprehensionem
1442 1707 1505 1762 et
1538 1701 1849 1763 infinitam
1882 1702 2120 1781 perfec-

556 1795 817 1866 tionem,
847 1811 975 1854 non
1002 1791 1265 1854 intendit
1284 1793 1477 1854 finem
1500 1813 1785 1856 seorsum
1810 1813 1847 1855 a
1868 1794 2116 1868 mediiS,

560 1887 673 1948 sed
719 1884 902 1947 simul
948 1903 1091 1946 cum
1132 1885 1281 1958 illis;
1327 1887 1535 1961 simul,
1574 1889 1883 1964 videlicet,
1920 1889 2121 1950 inten-

556 1979 765 2040 dendo
794 1979 965 2038 hunc
990 1977 1182 2039 finem
1204 1997 1319 2057 per
1341 1979 1477 2041 haec
1504 1981 1738 2059 media,
1769 1987 1831 2042 et
1847 1981 2116 2042 volendo

554 2073 675 2135 hoc
704 2072 983 2134 medium
1027 2079 1282 2152 propter
1317 2075 1487 2134 hunc
1524 2073 1740 2135 finem.
1784 2077 1913 2136 Hoc
1953 2075 2119 2136 enim

555 2185 687 2227 non
714 2167 952 2241 obstat,
996 2166 1109 2226 sed
1136 2167 1342 2244 potius
1371 2165 1701 2228 confirmat
1724 2168 1894 2247 quod
1923 2169 2124 2229 inten-

554 2260 783 2332 dimuS,
811 2277 961 2320 nam
989 2260 1177 2334 DeuS,
1208 2259 1543 2320 intendens
1572 2261 1858 2321 absoluta
1888 2267 1950 2321 et
1971 2279 2123 2338 prae-

556 2353 875 2414 definitiva
908 2351 1229 2414 voluntate
1270 2357 1479 2414 actum
1520 2353 1789 2414 liberum
1822 2354 2116 2427 hominiS,

556 2445 743 2507 simul
787 2445 1137 2524 praedefinit
1190 2445 1365 2505 illum
1422 2464 1537 2525 per
1592 2446 1718 2508 tale
1781 2447 2062 2507 medium
2097 2491 2118 2522 ,

555 2539 728 2620 quod
766 2557 894 2600 non
932 2538 1307 2600 determinet
1340 2540 1593 2620 physice
1633 2541 1976 2600 humanam
2011 2559 2121 2600 vo-

552 2633 857 2694 luntatem
879 2677 895 2706 ‚
928 2629 1039 2692 sed
1068 2649 1143 2692 eo
1174 2634 1347 2692 suavi
1376 2639 1437 2694 et
1472 2633 1705 2695 efficaci
1735 2633 1923 2694 modo
1949 2634 2119 2693 illam

552 2732 825 2798 moveat,
870 2743 1058 2804 quem
1100 2725 1263 2786 dicta
1306 2745 1419 2786 sua
1460 2726 1697 2788 infinita
1725 2727 2118 2807 praescientia

409 2855 431 2874 .
552 2819 705 2880 vidit
730 2818 829 2878 hic
862 2824 924 2879 et
950 2837 1117 2878 nunc
1156 2818 1239 2878 ita
1262 2819 1397 2880 fore
1430 2819 1974 2881 accommodatum
2010 2838 2122 2879 vo-

552 2911 778 2973 luntati
806 2911 894 2972 sic
924 2911 1239 2990 dispositae
1260 2957 1277 2986 ,
1320 2917 1390 2972 ut
1427 2911 1831 2973 infallibiliter
1864 2931 2004 2972 eam
2043 2912 2120 2972 sit

555 3005 639 3066 ad
658 3003 1176 3084 consentiendum
1206 3009 1599 3064 attractatus.
1635 3005 1711 3066 Et
1730 3023 1763 3066 e
1788 3023 2114 3078 converso,

552 3099 685 3161 vult
712 3101 878 3159 Deus
906 3097 1178 3159 hominis
1204 3097 1591 3159 voluntatem
1630 3098 1730 3159 hic
1760 3104 1822 3160 et
1847 3117 2016 3160 nunc
2045 3117 2118 3160 eo

552 3191 741 3253 modo
770 3191 1039 3253 excitare
1068 3197 1131 3251 et
1153 3208 1430 3265 movere,
1462 3210 1588 3270 quo
1618 3192 1731 3252 scit
1752 3192 1948 3253 libere
1975 3210 2122 3271 ope-

553 3292 854 3360 raturam,
886 3284 969 3344 ita
992 3286 1207 3343 tamen
1226 3290 1297 3344 ut
1319 3284 1381 3344 id
1399 3284 1568 3358 velit,
1595 3290 1703 3345 aut
1723 3285 1942 3345 saltem
1961 3285 2120 3345 velle

554 3378 770 3458 possit,
824 3394 900 3437 ex
938 3376 1281 3438 intentione
1324 3377 1559 3439 efficaci
1601 3396 1793 3457 qnam
1832 3379 2024 3439 habet
2055 3384 2126 3439 ut

556 3466 645 3531 si‘c
675 3476 969 3550 operetur
1000 3468 1428 3548 (AugustinuS‚
1464 3470 1504 3530 l.
1532 3474 1560 3531 1
1599 3471 1828 3542 Quoest.
1863 3470 1946 3531 ad
1969 3472 2124 3533 Sim-

554 3564 727 3644 plic.‚
762 3582 821 3643 q.
855 3564 916 3635 2,
951 3562 1111 3623 circa
1150 3562 1475 3641 medium).

644 3660 739 3721 10.
787 3657 963 3720 Inter
978 3656 1490 3738 proedefinientem
1516 3656 1631 3719 Dei
1656 3658 2025 3723 voluntatem
2049 3676 2120 3721 ae

456 3812 465 3821 ,
554 3749 1183 3833 proedeterminantem
1205 3796 1223 3823 ,
1280 3752 1423 3829 quot
1475 3748 1851 3828 differentior.
1896 3782 1978 3797 —
2020 3750 2120 3811 Sic

556 3846 745 3925 igitur
784 3841 1039 3921 intelligi
1062 3840 1243 3901 facile
1272 3847 1479 3920 potest
1504 3842 1793 3903 voluntas
1822 3844 1932 3903 Dei
1961 3861 2120 3921 prae-

558 3936 863 3999 definiens
888 3940 1093 3995 actum
1117 3933 1383 3994 liberum
1412 3940 1556 3995 ante
1586 3934 1936 3996 absolutam
1966 3955 2124 4015 prae-

558 4031 882 4095 scientiam
910 4030 1066 4108 ejus,
1092 4048 1219 4089 non
1241 4029 1665 4090 determinans
1686 4030 1943 4109 physice
1968 4031 2125 4092 libe-

560 4143 705 4187 rum
746 4122 1069 4185 arbitrium
1103 4122 1185 4183 ad
1226 4121 1415 4183 talem
1457 4128 1667 4183 actum
1698 4124 2115 4185 efficiendum.

562 4218 795 4296 Estque
816 4214 1139 4291 multiplex
1168 4214 1515 4276 differentia
1544 4215 1710 4277 inter
1736 4217 2122 4280 voluntatem

564 4310 653 4373 sic
692 4306 1231 4389 praedefinientem
1264 4308 1346 4368 ad
1379 4309 1562 4382 intra,
1602 4312 1665 4369 et
1703 4310 2124 4388 praedetermi-

561 4409 820 4465 nantem
846 4398 927 4460 ad
956 4404 1151 4461 extra.
1201 4400 1405 4461 Primo
1436 4402 1603 4461 enim
1634 4402 1807 4482 prior
1834 4403 2125 4465 voluntas

563 4512 719 4577 pure
766 4490 1201 4572 praedefiniens
1247 4499 1454 4554 actum
1496 4494 1691 4555 habet
1728 4498 2124 4577 conjunctam

562 4586 973 4661 voluntatem,
1002 4585 1104 4646 vel
1130 4586 1335 4663 potius
1360 4586 1545 4646 simul
1564 4594 1657 4649 est
1677 4590 1963 4651 voluntas
1985 4592 2124 4653 talis

562 4681 779 4757 medii,
832 4678 1003 4758 quod
1048 4696 1177 4737 non
1224 4678 1595 4740 determinet
1642 4680 1912 4742 liberum
1961 4686 2125 4746 arbi-

565 4776 753 4837 trium
774 4819 789 4847 ,
820 4771 933 4833 sed
960 4770 1394 4850 contingenter
1419 4771 1575 4832 illud
1602 4781 1891 4849 moveat,
1924 4794 2126 4855 quan-

564 4875 701 4930 tum
736 4866 801 4926 in
834 4866 971 4945 ipso
1006 4869 1137 4937 est,
1189 4862 1592 4926 infallibiliter
1626 4870 1837 4928 autem
1866 4887 1946 4929 ex
1974 4888 2125 4950 prae-

566 4958 860 5031 scientia3
902 4957 1208 5037 posterior
1231 4960 1441 5018 autem
1476 4958 1765 5022 voluntas
1792 4963 2122 5041 praedeter-

563 5053 812 5115 minans
864 5068 995 5111 non
1055 5049 1315 5128 requirit
1373 5050 1542 5111 aliud
1600 5052 1879 5115 medium
1931 5074 2125 5137 quam

566 5163 748 5209 suam
770 5142 1219 5218 efficacitatem,
1252 5160 1377 5221 qua
1409 5161 1623 5205 secum
1648 5146 1813 5226 rapit
1836 5150 2125 5213 volunta-

562 5248 716 5316 tem,
742 5234 1216 5301 determinando
1244 5236 1434 5296 illam.
1470 5237 1788 5313 Secundo',
1820 5242 1991 5319 prior
2017 5264 2124 5307 vo-

562 5334 773 5393 luntas
808 5326 1154 5409 praedefinit
1198 5334 1410 5389 actum
1450 5347 1595 5390 cum
1630 5332 1997 5398 habitudine
2044 5338 2125 5399 ad

556 5425 819 5487 modum
872 5419 1173 5501 operandi
1216 5438 1421 5482 causae
1467 5424 1795 5499 secundoe3
1842 5428 2010 5489 unde
2059 5430 2124 5491 in

560 5518 807 5603 objecto
847 5532 960 5577 suo
1004 5510 1262 5577 includit
1300 5520 1509 5577 actum
1546 5521 1615 5579 ut
1648 5516 2010 5583 faciendum
2047 5542 2125 5585 ex

1311 382 1521 438 OPUSC.
1556 386 1597 450 1,
1632 383 1748 440 Lm.
1785 388 1825 440 1.
1859 385 1941 438 DE
1973 383 2291 440 CONCURSU
2323 387 2426 442 nm
2459 388 2584 442 CUM
2616 387 3005 442 VOLUNTATE.
3058 402 3087 427 0

2205 487 2724 550 determinatione
2765 489 3092 568 ipsiusmet
3123 487 3305 548 liberi
3329 486 3596 561 arbitrii,
3633 502 3778 545 cum

2205 599 2515 642 concursu
2555 589 2619 644 et
2654 577 2884 643 auxilio
2925 580 3418 653 accommodato,
3461 580 3660 660 juxta
3695 595 3780 636 sa-

2202 675 2658 754 pientissimam
2699 675 2814 736 Dei
2861 675 3384 756 gubernationem
3407 719 3424 748 ,
3479 691 3566 733 ex
3607 669 3780 730 dicta

2203 769 2614 848 praescientia.
2663 769 2976 830 Posterior
3011 785 3161 828 vero
3198 766 3486 828 voluntas
3531 763 3781 845 praede·

2203 861 2548 923 terminans
2585 863 2776 923 habet
2819 881 2932 942 pro
2973 861 3215 942 obJecto
3255 877 3384 920 non
3423 859 3644 920 solum
3691 875 3783 916 ac-

2203 959 2360 1027 tum,
2390 953 2501 1016 sed
2523 955 2711 1016 etiam
2729 955 3007 1028 modum,
3034 971 3149 1016 seu
3172 951 3785 1032 praedeterminatio-

2203 1064 2351 1108 nem
2381 1048 2708 1128 physicam
2743 1067 2858 1127 per
2905 1047 3222 1110 efficacem
3256 1046 3365 1108 Dei
3395 1045 3780 1107 motionem.

2201 1141 2432 1216 Tei-tie,
2466 1141 2612 1202 hinc
2636 1141 2708 1202 fit
2736 1147 2806 1203 ut
2823 1141 2994 1222 prior
3017 1139 3430 1221 praedefinitio
3455 1140 3784 1200 abstracte

2203 1241 2526 1314 concepta,
2563 1235 3016 1314 utpraescindit
3043 1233 3126 1294 ab
3155 1233 3480 1294 effectione
3527 1251 3658 1292 seu
3689 1249 3788 1308 ap-

2201 1327 2536 1406 plicatione
2562 1327 2753 1388 medii
2777 1325 3254 1400 accommodati,
3285 1343 3412 1386 non
3441 1325 3525 1385 sit
3551 1324 3788 1384 imme-

2201 1420 2370 1482 diate
2399 1419 2598 1482 activa
2639 1420 2720 1481 ad
2754 1423 2952 1492 extra,
2999 1437 3116 1480 nec
3143 1417 3516 1498 applicativa
3551 1423 3791 1496 poten-

2199 1513 2302 1573 tiae
2330 1513 2579 1588 divinae,
2603 1513 2806 1574 donec
2835 1513 3218 1592 intelligatur
3245 1511 3686 1572 determinata
3713 1509 3790 1568 ad

2199 1605 2326 1668 tale
2354 1606 2671 1680 medium3
2718 1605 3002 1686 quamvis
3043 1605 3210 1666 enim
3243 1605 3378 1666 haec
3405 1603 3472 1664 in
3497 1621 3576 1665 re
3609 1603 3791 1663 idem

2201 1699 2346 1775 sint,
2395 1705 2660 1780 possunt
2700 1718 2818 1779 per
2855 1699 3241 1762 intellectum
3283 1697 3676 1777 praescindi;
3733 1705 3792 1758 at

2201 1812 2350 1854 vero
2382 1794 2578 1856 altera
2608 1793 3168 1872 praedeterminans
3196 1793 3484 1854 voluntas
3511 1809 3646 1871 per
3675 1791 3794 1850 sei-

2200 1904 2382 1967 psam
2407 1892 2503 1949 est
2526 1887 2748 1962 activa,
2773 1887 2875 1948 vel
2902 1887 3274 1966 applicativa
3303 1886 3608 1965 potentiae
3637 1883 3796 1943 divi-

2201 1999 2298 2041 nae
2327 1978 2410 2041 ad
2433 1979 2586 2053 vim,
2631 1997 2746 2040 seu
2770 1979 3231 2052 necessitatem,
3275 1985 3384 2039 aut
3424 1978 3794 2056 praedeter-

2201 2072 2611 2134 minationem
2683 2072 3074 2134 inferendam
3143 2071 3444 2133 voluntati
3519 2075 3790 2131 creatae.

2205 2164 2435 2235 Quarto
2462 2165 2734 2243 denique
2761 2211 2784 2241 ,
2833 2184 2910 2227 ex
2931 2167 2994 2227 vi
3029 2165 3192 2226 illius
3225 2165 3448 2245 prioris
3475 2163 3796 2244 praedefi·

2203 2257 2456 2320 nitionis
2483 2277 2612 2320 non
2635 2257 2911 2320 variatur
2934 2278 3276 2321 concursus
3304 2259 3416 2319 Dei
3452 2257 3796 2318 concomi-

2203 2357 2342 2413 tans
2368 2397 2384 2426 ,
2425 2369 2550 2430 quo
2577 2353 2745 2413 Deus
2773 2353 3085 2413 concurrit
3108 2371 3252 2414 cum
3280 2352 3644 2424 voluntate,
3683 2349 3800 2410 sed

2201 2445 2405 2506 solum
2426 2445 2515 2506 ita
2544 2445 2828 2527 dirigitur
2855 2453 2917 2508 et
2943 2446 3329 2527 gubernatur
3354 2445 3696 2519 voluntaS‚
3731 2451 3804 2503 ut

2200 2538 2600 2602 infallibiliter
2627 2557 2702 2601 eo
2737 2546 2970 2614 utatur,
3006 2540 3106 2600 vel
3135 2541 3220 2601 illi
3246 2557 3382 2601 sese
3413 2557 3804 2600 accommo-

2201 2633 2326 2694 det.
2357 2635 2435 2694 At
2456 2651 2629 2706 vern,
2663 2651 2741 2695 ex
2769 2633 2832 2694 vi
2859 2633 3114 2695 alterius
3141 2632 3478 2696 voluntatis
3505 2633 3804 2711 physice

2199 2725 2806 2806 praedeterminantis
2838 2773 2854 2802 ,
2903 2745 3164 2789 necesse
3213 2734 3308 2789 est
3353 2726 3590 2788 variari
3639 2744 3812 2786 con-

2201 2836 2449 2879 cursum
2478 2820 2610 2894 Dei,
2652 2821 2969 2900 talemque
2999 2823 3298 2900 praestari,
3339 2826 3407 2881 ut
3435 2821 3546 2880 ille
3568 2820 3815 2900 potius.

2199 2913 2520 2974 voluntate
2565 2919 2776 2975 utatur
2801 2958 2818 2988 ,
2872 2932 3062 2992 quam
3107 2914 3396 2975 voluntas
3443 2913 3556 2973 illo
3593 2931 3612 2984 ;
3683 2931 3815 2972 nec

2202 3004 2490 3065 voluntas
2521 3005 2606 3066 illi
2639 3023 2775 3067 sese
2801 3006 3255 3080 accommodet,
3287 3006 3400 3068 sed
3425 3006 3532 3066 ille
3565 3006 3816 3086 potius

2200 3098 2590 3160 voluntatem
2621 3117 2834 3160 secum
2867 3101 3112 3179 operari
3147 3099 3499 3180 compellet,
3551 3118 3702 3160 nec
3734 3099 3813 3159 sit

2203 3192 2564 3253 indifferens
2585 3192 2728 3254 talis
2757 3210 3098 3255 concursus
3119 3240 3134 3271 ,
3177 3196 3289 3256 sed
3314 3193 3814 3257 determinatus

2205 3284 2284 3346 ad
2315 3304 2534 3346 unum.

2205 3479 2536 3561 Hucusque
2583 3480 2858 3561 exposita
2903 3478 3303 3563 praedefinitio
3353 3498 3644 3562 quanam
3701 3500 3814 3543 ra-

2268 3572 2425 3636 tione
2456 3572 2727 3637 libertati
2757 3574 2956 3655 quoad
2977 3575 3328 3637 exercitium
3353 3591 3469 3636 non
3498 3574 3752 3639 obstet.
3811 3644 3813 3695 ἦ

2283 3756 2382 3817 11.
2428 3756 2519 3816 Ex
2545 3756 2644 3817 his
2673 3757 2864 3818 etiam
2897 3757 3078 3821 facile
3105 3757 3470 3839 intelligitur
3513 3777 3812 3839 quomo·

2201 3848 2283 3909 do
2341 3848 2480 3910 haec
2531 3850 2943 3929 praedefinitio
3007 3871 3136 3913 non
3191 3853 3362 3914 tollat
3414 3852 3812 3917 libertate-n·

2203 3942 2412 4020 quoad
2433 3943 2792 4004 exercitium
2809 3944 2873 4005 in
2891 3944 3130 4007 actibus
3143 3945 3586 4023 praedefimti8‚
3611 3950 3802 4027 quia

2203 4035 2521 4110 nimirum,
2544 4036 2678 4116 ipsa
2697 4055 2826 4097 non
2845 4044 3056 4100 movet
3077 4039 3358 4117 proxime
3379 4040 3812 4103 voluntatens.

2203 4134 2480 4191 creatam
2504 4176 2520 4203 ‚
2565 4136 2627 4192 et
2659 4138 3120 4211 consequenter
3165 4150 3292 4193 non
3321 4132 3631 4195 immutat
3671 4156 3811 4197 mo

2202 4222 2356 4283 dum
2395 4224 2750 4285 naturalem
2779 4224 3082 4303 operandi
3124 4224 3260 4303 ejus
3286 4272 3306 4302 ‚
3355 4225 3468 4287 sed
3499 4230 3812 4307 applica

2205 4315 2486 4377 medium
2512 4334 2636 4395 quo
2665 4317 2748 4377 ita
2771 4324 3100 4381 moveatur
3125 4318 3394 4379 liberum
3415 4320 3812 4385 arbitrium

2205 4412 2274 4469 ut
2311 4426 2532 4469 revera
2571 4410 2768 4487 possit
2809 4428 2939 4471 non
2979 4412 3226 4490 operari
3253 4458 3268 4485 ‚
3316 4411 3461 4490 quia
3509 4418 3664 4475 tota
3709 4416 3810 4475 ill

2205 4502 2422 4576 motio,
2460 4508 2763 4581 quantum
2789 4510 2884 4565 est
2915 4522 2993 4565 ex
3029 4524 3120 4579 se,
3165 4505 3446 4585 subjacet
3473 4514 3810 4587 potestat

2205 4592 2382 4653 liberi
2411 4594 2643 4655 arbitrii
2672 4596 2882 4675 quoad
2907 4598 3215 4660 actualem
3244 4618 3450 4673 usum,
3481 4606 3810 4679 quartavi

2207 4705 2285 4747 ex
2313 4685 2522 4748 divina
2557 4689 2950 4768 praeseientia
2979 4698 3186 4753 certus
3225 4692 3303 4753 sit
3335 4699 3396 4754 et
3427 4692 3810 4759 infallibili

2206 4798 2544 4841 consensus
2570 4781 2747 4843 liberi
2778 4781 3035 4845 arbitrii.
3081 4784 3283 4859 Unde,
3315 4785 3366 4845 si
3393 4803 3534 4845 rem
3571 4792 3810 4866 potin

2205 4879 2560 4953 spectemus
2612 4892 2802 4953 quam
2865 4876 3233 4956 sophisticas
3284 4884 3810 4959 argumentanti

2205 4966 2529 5044 formulaS,
2567 4968 2899 5031 manifesta
2927 4970 3202 5031 cernitur
3227 4970 3588 5033 differentia
3623 4976 3810 5039 into]

2206 5060 2370 5123 hanc
2409 5060 2722 5123 internam
2766 5062 3348 5142 praedefinitionem,
3389 5068 3452 5126 et
3491 5072 3810 5133 executi

2205 5174 2351 5217 vam
2370 5154 2462 5235 (ut
2475 5155 2564 5217 sic
2582 5156 2808 5237 dicam)
2829 5157 3576 5236 praedetetminationem3
3601 5182 3722 5225 nu
3739 5188 3807 5227 Π

2205 5247 2350 5309 licet
2370 5255 2632 5328 utraque
2655 5248 2888 5313 habeat
2907 5250 3291 5314 infallibilem
3311 5255 3708 5319 connexion
3721 5280 3807 5322 er

2206 5359 2352 5403 cum
2379 5348 2523 5403 actu
2543 5342 2925 5420 praedefinito
2953 5343 3052 5404 vel
3079 5344 3644 5423 praedeterminato
3661 5398 3686 5425 ‚
3736 5364 3808 5417 ta]

2205 5452 2353 5495 men
2391 5434 2459 5495 in
2505 5434 2696 5514 priori
2743 5435 3237 5515 praedefinitione
3283 5438 3588 5499 fundatur
3645 5464 3807 5509 001:

2205 5528 2415 5607 nexio,
2442 5532 2502 5591 et
2525 5530 2878 5593 necessaria
2897 5531 3255 5593 consecutio
3280 5532 3345 5593 in
3371 5532 3587 5595 divina
3617 5556 3808 5619 pra
