3850 6225
603 422 772 476 SECT.
810 425 891 477 111.
928 422 1144 476 U'rnmu
1175 423 1342 475 TOTA
1374 424 1607 475 cuma
1639 424 1758 475 PER
1803 422 2135 475 PECGATUM
2166 420 2391 475 AMISSA
2424 420 2675 483 STATffl,
2708 420 2843 471 mc.

103 524 385 600 tempuS,
425 542 560 585 esse
589 525 973 586 meritorium
999 525 1322 604 augmenti
1351 526 1587 603 gratiae,
1625 530 1688 586 et

107 616 368 688 amoris,
395 622 456 677 et
475 617 711 695 praemii
741 618 1088 677 essentialis
1112 618 1434 687 intensivi3
1473 619 1536 677 in
1567 619 1686 679 hoc

109 706 286 767 enim
339 715 764 788 consequente
815 698 1114 771 fundatur
1175 714 1303 771 tota
1353 710 1684 771 difficultas

107 799 278 861 illius
302 804 675 883 argumenti.
701 804 809 865 Illa
839 808 1048 865 autem
1079 804 1334 883 sequela
1357 822 1564 883 neque
1593 802 1684 864 in-

105 895 382 957 trinsece
415 897 696 975 sequitur
719 914 796 957 ex
823 897 1262 971 antecedente,
1295 916 1410 957 nec
1439 896 1686 957 videtur

108 988 300 1048 etiam
329 992 682 1050 necessaria
712 1008 789 1051 ex
814 991 1025 1068 aliqua
1052 991 1388 1051 intrinseca
1415 991 1677 1063 ratione,

109 1083 224 1140 aut
269 1083 532 1160 paritate
577 1082 856 1143 rationis.
907 1084 1253 1160 Utrumque
1299 1086 1486 1161 patet,
1533 1100 1680 1143 nam

111 1175 340 1236 elicere
366 1195 595 1236 novum
627 1181 856 1249 actum,
891 1177 1077 1237 etiam
1107 1177 1462 1249 remissum,
1493 1176 1680 1255 longe

109 1268 284 1328 alind
311 1276 406 1330 est
431 1286 620 1347 quam
640 1288 1044 1349 perseverare
1077 1270 1284 1347 aliquo
1315 1276 1594 1347 ternpore
1617 1270 1681 1329 in

111 1362 334 1422 eodem
367 1362 623 1423 omnino
669 1369 810 1423 actu
843 1364 971 1423 sive
1005 1364 1290 1435 remisse,
1321 1362 1448 1422 sive
1495 1362 1682 1422 etiam

107 1456 382 1528 intenso,
417 1454 564 1534 quia
590 1454 740 1516 illud
764 1456 936 1534 prius
959 1461 1051 1515 est
1085 1455 1290 1515 facere
1319 1454 1552 1532 aliquid
1577 1473 1684 1514 no-

107 1566 286 1623 vum,
317 1549 484 1627 quod
515 1554 700 1609 antea
735 1549 971 1609 factum
1007 1566 1136 1609 non
1185 1553 1342 1621 erat,
1375 1547 1682 1608 vincendo

105 1658 342 1701 novam
373 1642 821 1713 difficultatem,
857 1642 1298 1721 propriamque
1329 1641 1681 1701 libertatem

105 1736 342 1795 iterum
387 1736 550 1796 beno
601 1736 998 1807 exercendo:
1045 1754 1160 1814 per
1211 1735 1410 1797 solam
1469 1740 1680 1794 autem

107 1828 647 1889 continuationem
687 1828 974 1907 ejusdem
1023 1834 1198 1888 actus
1245 1833 1312 1889 ut
1365 1828 1476 1900 sic,
1528 1826 1682 1887 nihil

103 1921 258 1980 novi
323 1920 425 1993 fit,
473 1921 588 1982 sed
631 1922 694 1981 in
745 1938 820 1983 eo
881 1922 1018 2000 ipso
1061 1921 1230 2000 quod
1279 1921 1512 1981 factum
1567 1921 1684 1981 fuit

101 2022 571 2093 perseveratur,
625 2022 686 2076 et
719 2033 832 2094 pro
881 2016 1088 2094 aliquo
1137 2016 1358 2075 saltem
1399 2020 1681 2093 tempore

102 2108 270 2169 forte
299 2109 470 2169 nulla
499 2110 828 2170 difficultas
855 2110 1140 2183 vincitur,
1175 2115 1282 2169 aut
1311 2126 1474 2169 nova
1497 2108 1685 2169 liber-

105 2210 208 2263 tas
253 2209 599 2265 exercetur.
645 2205 780 2263 Non
829 2207 926 2263 est
971 2219 1122 2281 ergo
1173 2202 1529 2263 necessaria
1579 2202 1684 2261 illa

105 2296 508 2357 consecutio:
544 2312 684 2373 quae
710 2295 792 2356 de
839 2299 983 2356 actu
1023 2296 1210 2356 etiam
1239 2295 1519 2356 interiori
1548 2294 1684 2357 fieri

103 2396 358 2469 posset:
405 2390 595 2467 quod,
628 2388 937 2461 videlicet,
967 2388 1018 2448 si
1057 2389 1162 2449 ille
1191 2389 1546 2449 meritorius
1581 2390 1681 2461 sit,

107 2485 304 2545 etiam
335 2482 716 2544 continuatio
747 2484 884 2561 ejus
913 2482 993 2543 sit
1030 2482 1369 2557 meritoria,
1405 2488 1468 2543 et
1489 2482 1686 2542 maxi-

105 2594 214 2637 me
249 2576 302 2635 si
331 2594 472 2636 cum
503 2576 969 2654 perseverantia
993 2574 1057 2634 in
1087 2580 1230 2635 actu
1251 2574 1544 2634 continue
1575 2572 1688 2633 ad-

107 2671 300 2731 datur
321 2670 524 2749 major
541 2668 832 2729 intensio.
851 2668 1029 2730 Unde
1049 2668 1335 2729 nonnulli
1359 2666 1680 2753 Theoloffif

107 2763 532 2825 concedentes
559 2764 854 2823 meritum
882 2762 945 2821 in
978 2778 1374 2840 quocumque
1409 2767 1574 2834 actu,
1607 2758 1684 2819 si·-

103 2878 188 2919 ve
229 2858 497 2930 intenso,
552 2857 681 2917 sive
724 2855 1008 2927 remisso,
1046 2861 1278 2934 negant
1325 2874 1439 2935 per
1483 2854 1682 2915 solam

110 2951 650 3012 continuationem
681 2948 896 3028 augeri
927 2948 1218 3029 meritum
1244 2948 1453 3027 quoad
1479 2949 1685 3009 inten-

107 3044 355 3105 sionem
385 3042 640 3122 praemii,
675 3048 930 3122 propter
963 3043 1238 3103 rationes
1265 3048 1485 3116 tactaS,
1514 3041 1683 3122 quod

104 3137 271 3198 nihil
323 3136 466 3197 novi
515 3135 588 3196 fit
635 3153 754 3196 nec
810 3153 970 3196 nova
1019 3135 1275 3196 libertas
1323 3142 1675 3209 exercetur;

105 3229 462 3310 praesertim
526 3229 778 3307 quando
857 3229 1272 3306 apprehensio
1333 3229 1680 3290 intellectus

105 3341 320 3403 neque
343 3329 629 3402 augetur,
653 3341 858 3401 neque
885 3326 1181 3394 mutatur,
1203 3323 1349 3400 quia
1385 3341 1497 3400 pro
1529 3327 1680 3383 tunc

103 3417 302 3478 veluti
343 3416 613 3477 naturali
651 3415 839 3477 modo
886 3421 1250 3495 perseverat
1286 3416 1573 3476 voluntas
1615 3416 1680 3476 in

111 3530 192 3572 eo
223 3511 388 3588 quod
421 3510 590 3570 fecit.

196 3607 294 3665 37.
341 3604 620 3668 Etiamsi
660 3603 798 3667 bene
849 3605 1122 3678 inferant
1136 3648 1151 3676 ,
1206 3600 1368 3664 nihil
1434 3603 1682 3666 absurdi

115 3705 330 3761 contra
367 3715 475 3760 nos
498 3698 779 3778 probant.
810 3729 894 3742 —-
919 3698 1368 3757 Verumtamen
1408 3695 1428 3772 (
1446 3713 1525 3757 ne
1566 3694 1681 3756 dif-

111 3790 456 3852 ficultatem
488 3791 837 3870 argumenti
871 3789 1144 3869 effugere
1179 3788 1527 3867 videamur)
1549 3789 1678 3850 sive

115 3903 193 3944 ex
235 3883 340 3943 illo
379 3883 772 3945 antecedenti
810 3885 1132 3961 sequatur,
1173 3883 1302 3942 sive
1341 3899 1492 3952 non,
1530 3899 1680 3941 con-

116 3975 398 4038 cedimus
447 3975 741 4036 eumdem
793 3979 1000 4035 actum
1027 4021 1044 4048 ‚
1090 3975 1329 4036 caeteris
1377 3973 1673 4051 paribuS‚

111 4069 339 4149 majori
393 4075 672 4146 tempore
699 4068 892 4128 libere
919 4067 1350 4127 continuatum
1380 4083 1520 4127 esse
1551 4083 1679 4125 me-

111 4162 398 4223 ritorium
427 4161 682 4240 majoris
713 4159 949 4240 praemii
992 4160 1342 4220 essentialis
1374 4205 1393 4233 ,
1451 4164 1512 4220 et
1546 4175 1676 4217 ma-

104 4255 266 4335 joris
311 4255 636 4334 augmenti
703 4253 938 4333 gratias,
971 4253 1120 4331 quia
1171 4252 1316 4312 licet
1359 4252 1682 4312 continua-

111 4350 202 4410 tio
231 4349 336 4408 illa
379 4347 636 4426 physice
670 4346 906 4406 nullam
947 4363 1083 4405 rem
1129 4344 1342 4419 addat,
1375 4344 1485 4405 sed
1517 4361 1682 4404 eam-

110 4442 262 4501 dem
319 4441 628 4502 actionem
679 4445 741 4500 et
783 4438 1126 4499 terminum
1171 4437 1392 4515 majori
1445 4443 1688 4514 tempo-

110 4554 194 4608 re⁸
245 4535 693 4594 coexistentem
741 4533 903 4593 dicat
935 4576 952 4602 ‚
1019 4549 1096 4592 eo
1139 4531 1308 4610 quod
1361 4531 1521 4591 actio
1583 4531 1686 4590 illa

109 4646 246 4690 non
279 4628 355 4688 sit
402 4626 756 4688 successiva
787 4671 802 4696 ,
851 4624 964 4684 sed
1013 4623 1420 4692 indivisibilia,
1461 4628 1522 4682 et
1554 4626 1683 4682 tota

112 4720 328 4796 simul,
363 4727 430 4781 ut
458 4739 532 4780 ex
560 4717 988 4796 Metaphysica
1025 4733 1337 4794 suppono,
1369 4713 1684 4774 nihilomi-

107 4833 238 4875 nus
267 4813 372 4872 illa
413 4816 506 4874 est
553 4811 844 4890 quoedam
881 4808 1154 4870 conditio
1205 4806 1481 4880 moralis,
1538 4823 1680 4884 quae

109 4906 464 4969 secundum
497 4904 872 4986 prudentem
915 4901 1436 4962 existimationem
1489 4905 1682 4978 auget

105 4999 394 5062 valorem
439 4997 722 5075 obsequii
765 5014 878 5057 seu
921 4993 1107 5057 officii
1135 4993 1416 5066 exhibiti,
1449 4998 1511 5054 et
1537 5011 1682 5054 con-

111 5096 458 5170 sequenter
497 5082 738 5152 confert
788 5089 871 5150 ad
908 5092 1320 5166 augmentum
1365 5083 1568 5146 meriti
1617 5085 1680 5144 in

112 5185 336 5247 ordine
391 5183 473 5244 ad
509 5185 818 5263 majorem
867 5181 1252 5242 mercedem.
1301 5179 1525 5239 Dices:
1567 5197 1682 5238 au-

112 5283 342 5358 geatur
371 5294 614 5338 merces
667 5278 729 5336 in
776 5273 960 5335 simili
997 5272 1378 5343 conditione,
1421 5271 1676 5342 scilicet,

113 5370 290 5450 quod
337 5371 476 5451 plus
525 5372 888 5449 perseveret
931 5368 1032 5428 vel
1079 5363 1497 5426 continuetur.
1533 5365 1682 5424 Res-

113 5462 368 5543 pondeo
395 5464 461 5523 in
487 5461 778 5523 mercede
821 5466 1056 5521 aeterna
1099 5465 1164 5520 et
1216 5461 1520 5536 perpetuo
1569 5455 1684 5518 du-

115 5561 332 5618 ratura
381 5555 502 5619 hoc
539 5555 752 5618 locum
793 5571 923 5616 non
992 5551 1227 5616 habere
1248 5594 1264 5625 ‚
1315 5549 1463 5632 quia
1511 5566 1589 5613 ex
1622 5551 1680 5614 vi

3208 412 3327 473 503

1769 524 2103 605 cujuslibet
2154 528 2329 584 actus
2365 522 2689 593 meritorii,
2735 519 2977 581 etiamsi
3020 519 3153 579 solo
3200 519 3329 578 ins-
3382 574 3392 579 -

1765 618 1920 679 tanti
1962 618 2283 689 coexistat,
2338 615 2605 676 debetur
2645 614 2975 693 praemium
3016 618 3325 690 perpetuo

1765 712 2042 783 durans:
2078 700 2229 789 ergo
2272 726 2389 788 per
2430 707 2961 769 continuationem
2999 711 3174 765 actus
3202 722 3329 765 me-

1764 806 1959 866 ritorii
1988 824 2115 866 non
2152 810 2359 891 pptest
2386 800 2601 881 augeri
2630 800 2957 878 proemium
2998 798 3327 859 duratione

1765 904 1900 970 sua,
1950 898 2095 977 quia
2154 898 2215 957 in
2258 897 2377 956 hac
2416 912 2543 955 non
2599 893 2819 971 recipit
2872 896 3324 971 augmentum;

1763 991 1953 1051 debet
1994 1009 2145 1071 ergo
2199 988 2415 1067 augeri
2462 988 2527 1047 in
2562 985 2907 1047 substantia
2964 992 3025 1045 et
3073 986 3329 1045 entitate

1765 1102 1902 1156 sua,
1932 1092 1993 1145 et
2008 1086 2127 1144 hoc
2152 1100 2451 1145 vocamus
2478 1086 2885 1159 augmentum
2926 1078 3325 1138 intensivum.

1765 1180 1967 1256 Atque
1994 1180 2113 1238 hoc
2132 1177 2319 1238 modo
2346 1175 2657 1237 credimus
2685 1172 3121 1251 perfectiorem
3150 1171 3331 1231 visio-

1763 1290 1920 1335 nem.
1949 1272 2083 1344 Dei,
2129 1270 2404 1332 dandam
2443 1268 2577 1330 fore
2608 1267 2696 1326 illi
2726 1266 2835 1344 qui
2867 1282 2981 1344 per
3017 1266 3328 1339 integram
3424 1258 3431 1264 ’

1763 1368 1985 1426 horam
2016 1366 2287 1445 persistit
2334 1362 2649 1444 diligendo
2680 1363 2881 1421 Deum
2912 1362 3133 1422 eodem
3160 1364 3325 1429 actu,

1765 1476 1959 1538 quam
2006 1459 2095 1520 illi
2131 1460 2235 1537 qui
2278 1476 2395 1538 per
2422 1461 2810 1517 momentum
2858 1454 3063 1515 solnm
3090 1454 3325 1525 dilexit,

1764 1553 2009 1615 caeteris
2042 1553 2298 1631 paribus
2326 1572 2340 1623 ;
2376 1550 2547 1631 quod
2590 1549 2776 1611 latius
2803 1548 2871 1609 in
2898 1548 3149 1627 proprio
3188 1548 3327 1608 loco

1763 1648 2223 1708 ostendendum
2254 1651 2367 1707 est.

1841 1742 1942 1803 38.
1993 1741 2229 1806 Gratiae
2255 1744 2641 1821 auymentum
2668 1756 2743 1802 σω
2764 1734 3207 1801 continuatione
3230 1754 3330 1799 ao-

1763 1838 1864 1897 tus
1901 1832 2239 1899 successivo.
2267 1834 2473 1895 datur.
2496 1862 2578 1879 —
2598 1829 2961 1895 Occurritur
2990 1827 3323 1907 objectioni.

1762 1926 1920 1987 -Et
1948 1926 2093 1986 hinc
2122 1926 2383 1987 ulterius
2408 1924 2834 1995 concedimu5‚
2865 1923 2986 1983 hoc
3024 1936 3331 2000 augmen-

1763 2026 1898 2082 tum
1930 2020 2143 2098 gratiae
2174 2022 2235 2080 et
2266 2018 2601 2090 charitatiS,
2622 2015 2790 2095 quod
2806 2034 2922 2094 per
2950 2020 3159 2075 actum
3183 2030 3333 2073 con-

1762 2114 2075 2175 tinuatum
2098 2130 2438 2185 meremur,
2463 2111 2757 2172 continua
2782 2109 3057 2189 quadam
3084 2122 3332 2167 succes-

1767 2207 1943 2268 sione
1997 2206 2205 2266 statim
2232 2204 2538 2277 conferri:
2590 2205 2707 2265 hoc
2749 2202 2915 2264 enim
2946 2202 3135 2281 plane
3175 2217 3330 2261 con-

1767 2302 2053 2380 sequitur
2087 2318 2163 2361 ex
2193 2299 2482 2379 praesenti
2510 2298 2814 2369 doctrina,
2848 2295 3167 2375 supposito
3206 2292 3328 2353 alio

1765 2393 2071 2473 principio
2117 2393 2197 2454 de
2230 2392 2697 2453 continuatione
2727 2395 2923 2451 actuS.
2956 2391 3115 2450 Nam
3143 2404 3327 2448 omne

1767 2490 2177 2567 augmentum
2222 2486 2434 2565 gratiae
2462 2530 2478 2558 ‚
2520 2485 2690 2563 quod
2731 2502 2844 2563 per
2879 2483 3174 2543 meritum
3218 2480 3330 2541 da-

1765 2586 1888 2651 tur,
1923 2580 2127 2641 statim
2159 2579 2345 2639 datur
2378 2596 2451 2638 ac
2492 2576 2561 2638 fit
2596 2578 2801 2656 ipsum
2842 2576 3174 2647 meritum3
3207 2573 3328 2633 hoc

1768 2674 1938 2735 enim
1970 2672 2272 2753 principio
2298 2690 2415 2732 nos
2438 2672 2695 2742 utimur:
2712 2669 2820 2731 sed
2838 2688 2954 2750 per
2970 2674 3177 2729 actum
3200 2684 3329 2727 me-

1764 2768 2046 2828 ritorium
2082 2766 2534 2838 continuatum,
2566 2772 2637 2825 ut
2678 2765 2790 2837 sic,
2824 2780 3143 2824 meremur
3171 2779 3328 2837 aug-

1763 2858 2047 2921 mentum
2085 2859 2333 2939 gratiae3
2370 2876 2520 2937 ergo
2566 2858 2773 2918 statim
2820 2858 3002 2917 datur
3035 2873 3109 2915 ac
3158 2852 3229 2913 fit
3255 2852 3329 2912 il-

1763 2953 1872 3014 lud
1905 2954 2241 3024 meritum:
2288 2951 2400 3013 sed
2428 2952 2576 3013 illud
2612 2951 2904 3012 meritum
2941 2968 3069 3010 non
3110 2947 3181 3008 fit
3229 2966 3328 3008 su-

1762 3047 1891 3108 bito
1917 3092 1933 3120 ‚
1964 3047 2076 3107 sed
2090 3046 2370 3107 consistit
2396 3045 2459 3105 in
2491 3044 2957 3107 continuatione
2998 3040 3272 3122 quadam
3308 3058 3324 3111 ;

1766 3159 1914 3218 ergo
1952 3146 2015 3201 et
2048 3146 2457 3219 augmentum
2480 3139 2694 3219 gratiae
2734 3155 2863 3199 non
2906 3137 3089 3198 datur
3115 3134 3323 3206 simul,

1763 3232 1873 3293 sed
1913 3235 2309 3294 successione
2360 3233 2652 3294 continua
2702 3221 3083 3292 coexistente
3132 3227 3327 3289 conti-

1761 3326 2047 3387 nuationi
2082 3325 2221 3386 talis
2264 3332 2437 3386 actus
2464 3324 2786 3386 meritorii.
2807 3323 3020 3384 Dices:
3048 3321 3153 3382 illa
3182 3339 3327 3382 con-

1760 3418 2023 3481 tinuatio
2060 3424 2237 3479 actus
2273 3417 2571 3478 meritorii
2598 3417 2664 3477 in
2692 3435 2759 3477 se
2786 3435 2915 3477 non
2963 3421 3057 3477 est
3086 3431 3329 3475 succes-

1761 3513 1914 3584 siva,
1971 3512 2083 3573 sed
2133 3517 2227 3572 est
2289 3511 2499 3572 totalis
2550 3509 2985 3590 permanentia
3042 3507 3327 3589 ejusdem

1761 3613 1941 3667 actus
1983 3604 2394 3677 indivisibilis,
2435 3605 2580 3666 licet
2607 3605 2907 3666 coexistat
2932 3608 3145 3664 nostro
3171 3607 3326 3662 tem-

1759 3699 1896 3777 pori
1930 3697 2315 3770 successiv03
2360 3715 2511 3777 ergo
2540 3715 2668 3758 non
2698 3702 2793 3758 est
2820 3713 3079 3757 necesse
3110 3699 3179 3754 ut
3221 3711 3329 3752 au-

1761 3797 2085 3868 gmentum
2117 3791 2359 3869 gratiae,
2410 3788 2579 3868 quod
2628 3795 2885 3868 propter
2914 3789 3085 3848 illum
3120 3793 3329 3847 actum

1760 3883 1965 3956 datur,
2001 3884 2351 3944 successive
2396 3883 2596 3943 detur.
2632 3881 3088 3960 Respondetur,
3113 3896 3331 3957 quam·

1760 3976 1851 4035 vis
1882 3976 1945 4034 in
1989 3975 2319 4036 efficienda
2360 3975 2459 4034 vel
2502 3974 2933 4035 conservanda
2982 3972 3237 4033 entitate
3264 3970 3330 4030 il·

1759 4068 1880 4128 lius
1921 4075 2097 4128 actus
2134 4067 2431 4129 meritorii
2477 4085 2606 4127 non
2652 4065 3029 4128 interveniat
3065 4065 3325 4144 physica

1764 4166 1828 4221 et
1851 4160 2041 4222 realis
2068 4161 2405 4234 successim
2444 4167 2657 4222 tamen
2679 4160 2854 4220 illum
2896 4159 3169 4219 valorem
3200 4175 3329 4218 mo-

1763 4255 1963 4315 ralem
2004 4255 2307 4333 paulatim
2342 4255 2599 4334 augeri,
2650 4258 2715 4315 et
2758 4252 3077 4323 continue,
3110 4269 3333 4330 quam-

1770 4349 1880 4409 diu
1922 4349 2307 4410 continuatio
2338 4355 2514 4410 actus
2555 4365 2677 4408 non
2709 4345 3203 4424 interrumpitur.
3242 4343 3336 4404 Si-

1769 4446 1874 4502 cut
1913 4459 2065 4521 ergo
2100 4441 2205 4502 ille
2233 4448 2433 4515 actus,
2468 4446 2654 4520 prout
2688 4441 2981 4502 continue
3024 4437 3229 4516 magis
3260 4453 3333 4496 ac

1768 4535 1971 4614 magis
2021 4535 2229 4609 durat,
2265 4541 2359 4597 est
2387 4536 2643 4614 maioris
2694 4540 2757 4595 et
2802 4533 3059 4613 majoris
3098 4531 3329 4592 valoris

1769 4627 1850 4687 ad
1903 4628 2198 4688 meritum
2250 4628 2571 4707 augmenti
2635 4627 2888 4706 gratias,
2954 4625 3041 4686 ita
3096 4625 3281 4686 etiam
3312 4670 3331 4698 ,

1763 4718 2065 4797 quamdiu
2107 4721 2310 4794 durat,
2366 4720 2659 4781 continue
2687 4719 2860 4780 illam
2900 4725 3128 4796 auget:
3159 4716 3329 4778 unde

1763 4813 1908 4891 quia
1952 4813 2070 4873 hoc
2114 4817 2523 4891 augmentum
2562 4812 2627 4873 in
2652 4812 2791 4891 ipsa
2830 4812 3030 4891 gratia
3073 4829 3201 4871 non
3242 4817 3335 4872 est

1761 4909 2007 4966 tantum
2047 4906 2309 4980 morale,
2344 4905 2455 4967 sed
2486 4906 2815 4985 physicum
2850 4911 2913 4966 et
2952 4906 3145 4978 reale,
3193 4905 3333 4966 idco

1761 5016 2023 5061 necesse
2082 5005 2179 5062 est
2226 5005 2297 5060 ut
2346 5017 2460 5079 per
2512 4998 2841 5078 physicam
2871 4997 3337 5060 successionem

1760 5089 1894 5153 fiat.

1845 5185 1945 5244 39.
1996 5182 2101 5246 E'oe
2145 5187 2361 5246 nostra
2397 5175 2677 5248 doctrina
2736 5199 2855 5244 non
2882 5181 3155 5262 sequitur
3194 5181 3335 5243 dari

1761 5277 2070 5354 infinitum:
2096 5275 2401 5338 meritum.
2431 5271 2513 5321 —'
2538 5277 2710 5354 Nego
2780 5281 2993 5335 tamen
3044 5273 3191 5334 inde
3235 5292 3332 5334 se-

1762 5368 1894 5447 qui,
1931 5385 2046 5445 per
2090 5368 2244 5430 illud
2282 5371 2579 5430 meritum
2610 5374 2671 5429 et
2714 5369 3124 5446 augmentum
3158 5384 3332 5426 com-

1761 5460 1969 5540 parari
2000 5460 2308 5522 infinitam
2339 5462 2602 5542 gratiam
2634 5479 2649 5532 ;
2678 5461 2827 5532 imo,
2852 5459 2972 5519 hoc
3000 5458 3136 5536 ipso
3162 5458 3333 5537 quod

1761 5553 2055 5615 continue
2091 5559 2155 5616 et
2196 5553 2547 5616 successive
2586 5552 2678 5626 fit,
2718 5557 2781 5613 et
2826 5551 2891 5612 in
2936 5555 3221 5632 tempore
3262 5551 3339 5614 fi-
