3850 6225
755 413 892 467 CAP.
929 416 985 466 V.
1024 413 1192 466 DEUM
1226 413 1348 466 NON
1383 413 1778 466 cocNoscssnss
1813 413 1951 464 RAEC
1986 413 2231 466 FUTURA
2266 417 2325 468 IN
2361 417 2515 468 SOLA
2552 417 2689 474 SUA,
2724 413 2859 466 ETC.

199 525 258 594 1,
315 521 562 582 dicente
609 519 932 580 scientiam
972 517 1084 578 Dei
1123 534 1261 577 esse
1311 534 1449 594 quae
1502 515 1609 576 dat
1639 513 1760 575 for-

195 633 366 674 mam
397 614 610 688 rebus,
643 631 770 673 non
795 611 1198 672 voluntatem.
1225 609 1637 670 confirmatur
1667 626 1760 668 sc-

195 706 448 778 cund0‚
501 706 647 785 quia
687 705 895 765 divina
948 704 1206 764 scientia
1254 708 1487 763 aeterna
1535 707 1664 772 est,
1699 707 1760 762 et

193 799 512 860 antecedit
553 799 796 870 omnim
841 816 990 877 ergo
1021 817 1054 856 a
1085 797 1274 858 rebus
1317 813 1444 855 non
1488 794 1754 873 pendet,

193 911 402 971 neque
441 911 478 951 a
517 891 818 962 moribuS,
847 892 974 951 sive
1011 891 1216 962 bonis,
1257 890 1384 951 sive
1415 889 1616 959 maliS‚
1650 905 1760 947 ne-

193 1005 318 1066 que
344 985 428 1046 ab
449 987 540 1046 eis
567 985 1046 1057 determinatum
1071 984 1181 1044 sed
1209 983 1458 1063 propria
1489 982 1759 1042 essentia

191 1080 404 1140 omnia
433 1079 628 1149 novit,
657 1084 720 1138 et
750 1078 896 1156 quia
927 1078 1120 1149 novit,
1145 1081 1347 1137 erunt.

277 1176 336 1234 3.
382 1172 700 1235 ‚fudiciam
731 1177 930 1250 svo-tur
972 1173 1040 1233 de
1084 1172 1380 1252 praedicta
1433 1171 1753 1232 sententia.

187 1299 274 1313 —
301 1267 449 1327 Hoec
477 1265 788 1326 sententia
834 1271 928 1326 est
955 1265 1088 1325 sine
1112 1265 1303 1324 dubio
1336 1263 1514 1334 falsa,
1553 1269 1616 1324 et
1641 1264 1759 1325 uti-

192 1368 298 1422 tur
321 1359 742 1420 locutionibus
771 1359 952 1418 valde
987 1357 1356 1438 oequivociS,
1391 1375 1549 1437 quoe,
1601 1357 1660 1416 si·
1692 1358 1758 1417 in

189 1473 270 1515 eo
303 1472 496 1514 sensu
547 1459 968 1524 assumantur,
1010 1452 1116 1531 qui
1145 1453 1224 1512 ad
1263 1451 1757 1512 confirmandam

185 1547 552 1627 praedictam
609 1547 982 1608 sententiam
1034 1547 1267 1625 aliquid
1311 1545 1594 1606 conferre
1651 1563 1760 1604 va-

189 1643 388 1714 leant,
433 1641 631 1703 multa
674 1640 996 1700 continent
1035 1645 1098 1700 et
1145 1644 1370 1700 nostrae
1417 1644 1479 1700 et
1537 1637 1760 1698 divinae

190 1734 462 1794 libertati
515 1733 950 1813 repugnantia.
1005 1732 1276 1794 Ostendo
1322 1732 1588 1811 singula.
1636 1731 1763 1791 Pri-

189 1845 394 1900 mum,
427 1834 498 1890 ut
532 1829 612 1889 ab
644 1829 780 1907 ejus
811 1827 1219 1888 fundamento
1247 1827 1537 1906 incipiam
1568 1871 1584 1899 ‚
1616 1843 1761 1887 cum

189 1923 366 1982 enim
413 1923 499 1982 ait
529 1921 768 1981 nullam
806 1920 1166 2000 ponendam
1219 1938 1356 1981 esse
1397 1921 1462 1980 in
1506 1921 1636 1981 Dco
1671 1921 1761 1979 in-

187 2014 636 2089 differentiam,
665 2015 777 2075 sed
803 2033 1158 2093 repugnare
1189 2014 1352 2074 hanc
1379 2031 1535 2093 puro
1565 2012 1754 2086 actui,

185 2113 300 2166 aut
325 2107 488 2168 tollit
505 2108 772 2168 liberam
796 2108 1202 2178 voluntatem,
1237 2112 1350 2166 aut
1374 2107 1627 2166 omnino
1658 2124 1759 2166 ex-

186 2208 286 2260 tra
331 2201 726 2280 propositum
775 2201 1068 2281 loquitur.
1113 2204 1234 2260 Aut
1269 2218 1382 2278 per
1405 2199 1759 2260 indifferen-

187 2295 345 2354 tiam
375 2294 665 2375 intelligit
693 2295 1036 2374 potentiam
1075 2294 1386 2373 passivam
1419 2293 1500 2353 ad
1549 2294 1758 2372 plures

188 2394 396 2462 actus,
427 2396 537 2451 aut
565 2391 645 2450 nd
683 2390 894 2469 plures
931 2388 1152 2448 modos
1193 2388 1394 2448 reales
1439 2393 1500 2448 et
1543 2387 1760 2449 intrin-

189 2501 421 2556 secos;
467 2488 530 2543 et
559 2484 684 2542 hoc
720 2483 906 2542 modo
947 2482 1338 2542 verissimum
1378 2487 1472 2541 est
1523 2482 1584 2540 in
1631 2483 1762 2541 Deo

189 2595 326 2637 non
369 2595 508 2637 esse
569 2576 1092 2646 indifferentiam,
1147 2582 1210 2636 et
1237 2621 1252 2646 ,
1321 2581 1392 2635 ut
1451 2575 1757 2648 existimO,

187 2689 456 2752 prorsus
484 2672 797 2749 repugnat
821 2688 978 2748 puro
1010 2670 1210 2740 actui;
1243 2667 1526 2748 quamvis
1555 2687 1630 2728 ex
1657 2668 1763 2728 ali-

190 2781 468 2843 quorum
493 2764 800 2823 sententia
839 2762 902 2822 id
927 2779 1056 2822 non
1087 2762 1162 2822 sit
1187 2779 1544 2832 erroneum,
1577 2767 1644 2822 ut
1677 2761 1756 2820 ab

191 2860 300 2919 illo
329 2861 584 2918 anctore
625 2857 940 2917 asseritur.
975 2857 1130 2926 Nam
1171 2856 1504 2934 cajetanus
1549 2857 1610 2914 et
1653 2854 1759 2914 alii

185 2955 438 3030 ponunt
462 2951 846 3010 voluntatem
877 2949 988 3008 Dei
1019 2949 1476 3008 indifferentem
1515 2948 1594 3007 ad
1629 2964 1758 3008 mo—

185 3045 308 3104 dos
338 3043 477 3103 illos
507 3042 804 3123 positivos
834 3047 896 3103 et
922 3041 1144 3102 reales·
1173 3040 1323 3101 Mihi
1354 3038 1759 3119 tamen‘Caje-

186 3138 322 3199 tani
369 3139 674 3198 sententia
705 3138 960 3197 omnino
1005 3136 1308 3215 displicet,
1340 3142 1410 3195 ut
1455 3134 1598 3194 alibi
1631 3135 1757 3194 late

187 3228 488 3292 tractavi?
510 3232 956 3291 Verumtamen
981 3230 1080 3289 hic
1111 3248 1332 3291 sensus
1363 3230 1616 3289 omnino
1643 3227 1758 3287 im-

189 3328 516 3406 pertinens
558 3330 654 3387 est
695 3326 774 3386 ad
805 3344 1114 3405 praesenS‚
1151 3326 1296 3404 quia
1346 3325 1601 3385 scientia
1647 3324 1756 3383 Dei

187 3426 484 3498 respectu
531 3420 886 3480 futurorum
940 3436 1070 3479 non
1116 3419 1340 3479 dicitur
1392 3418 1758 3477 indifferens

189 3515 316 3573 hoc
347 3512 555 3587 modo,
588 3512 700 3573 sed
729 3513 929 3573 solum
969 3512 1116 3591 quia
1135 3528 1212 3571 ex
1239 3529 1308 3571 se
1339 3516 1400 3571 et
1423 3510 1756 3570 intrinseca

191 3611 420 3666 natura
459 3624 572 3665 sua
605 3624 734 3665 non
781 3604 1320 3665 estdeterminata
1361 3602 1442 3662 ad
1473 3602 1759 3680 judican-

189 3700 348 3759 dum
394 3700 514 3761 hoc
562 3718 700 3759 essc
745 3698 1045 3769 futurum,
1104 3697 1310 3775 potius
1347 3714 1536 3775 quam
1575 3694 1752 3755 illud.

193 3794 334 3853 Alio
375 3791 563 3852 etiam
607 3810 798 3852 sensu
838 3792 954 3852 dici
986 3796 1231 3870 potest,
1263 3792 1327 3850 in
1361 3790 1616 3850 scientia
1645 3788 1759 3849 Dei

187 3904 324 3945 non
346 3902 482 3945 esse
504 3884 1021 3954 indifferentiam,
1050 3884 1284 3945 scilicet
1309 3884 1372 3943 in
1402 3884 1612 3961 aliqua
1641 3882 1758 3941 du-

191 3980 435 4039 ratione
469 3979 643 4038 reali.
693 3979 767 4037 Et
823 3978 922 4037 hic
963 3996 1184 4037 sensus
1236 3978 1596 4036 verissimus
1635 3980 1750 4046 est,

191 4071 304 4131 sed
340 4088 464 4131 non
506 4078 600 4132 est
631 4070 819 4131 ctiam
865 4071 946 4131 ad
973 4090 1140 4141 rem;
1177 4070 1324 4148 quia
1355 4087 1540 4128 nemo
1565 4073 1756 4147 negat

189 4165 388 4224 Deum
439 4164 520 4223 ab
571 4170 808 4225 aeterno
856 4164 1268 4225 determinate
1319 4163 1636 4241 judicasse
1676 4161 1756 4221 de

189 4256 484 4317 omnihus
515 4256 774 4335 obJ‘ectis
823 4275 905 4316 an
941 4256 1148 4316 futura
1200 4256 1362 4330 sint,
1411 4273 1638 4328 necne,
1695 4258 1758 4314 et

187 4352 312 4411 hoc
342 4369 530 4411 sensu
570 4350 893 4412 scientiam
921 4352 1030 4411 Dei
1061 4368 1310 4428 semper
1353 4367 1492 4409 esse
1533 4349 1614 4409 ad
1651 4348 1758 4408 ali-

186 4462 384 4522 quam
421 4450 662 4523 partem
715 4445 1224 4515 determinatam3
1273 4444 1432 4504 sicut
1467 4444 1758 4504 voluntas

187 4537 300 4597 Dei
348 4537 429 4597 ab
473 4543 709 4598 aeterno
754 4537 1167 4598 determinata
1210 4542 1324 4609 est,
1363 4538 1648 4614 quamvis
1683 4536 1758 4597 li-

185 4631 382 4703 bcre;
423 4648 564 4690 cum
595 4630 717 4691 hoc
745 4636 958 4691 tamen
987 4630 1382 4691 verissimum
1415 4630 1605 4691 etiam
1637 4635 1751 4703 est,

187 4726 392 4783 Deum
423 4723 485 4781 in
525 4723 660 4803 ipsa
691 4723 1034 4783 {eternitate
1078 4741 1190 4783 sua
1237 4740 1314 4783 ex
1343 4740 1432 4794 se,
1467 4742 1578 4783 seu
1614 4742 1757 4783 nos-

186 4824 288 4877 tro
319 4816 506 4876 modo
549 4816 967 4896 intelligendi,
1002 4818 1174 4896 prius
1205 4817 1444 4876 ratione
1477 4834 1614 4876 esse
1663 4817 1757 4874 in-

189 4908 610 4977 differentem,
643 4914 770 4970 tam
825 4910 889 4969 in
927 4910 1246 4971 voluntate
1291 4898 1756 4969 ad'volendurn

189 5007 366 5061 extra
397 5002 694 5081 seipsum,
727 5020 918 5082 quam
966 5004 1028 5063 in
1063 5003 1320 5064 scientia
1367 5006 1436 5061 ut
1465 5000 1757 5061 determi-

189 5094 386 5153 nabili
421 5094 503 5155 ad
529 5094 738 5155 futura
768 5096 1191 5174 contingentia
1220 5092 1754 5173 repraesentanda,

189 5188 274 5247 ita
319 5193 394 5247 ut
438 5188 516 5248 de
557 5206 938 5269 unoquoque
977 5190 1217 5268 judicet
1261 5188 1430 5267 quod
1477 5188 1758 5247 futurum

189 5288 306 5353 est,
335 5287 400 5342 et
427 5300 554 5343 non
586 5282 778 5343 aliud.

267 5376 332 5435 4.
383 5377 506 5435 Aut
549 5393 700 5455 ergo
747 5376 1042 5453 praedicta
1095 5376 1401 5436 sententia
1456 5380 1649 5453 negat
1693 5374 1760 5433 in

190 5471 322 5529 Deo
361 5469 848 5529 indifferentiam
895 5469 1085 5529 etiam
1128 5470 1246 5529 hoc
1291 5467 1505 5528 ultimo
1543 5468 1755 5539 modo,

187 5563 286 5621 vel
307 5580 474 5635 non3
506 5561 556 5622 si
587 5578 714 5621 non
742 5566 954 5642 negat,
979 5562 1144 5622 male
1173 5560 1576 5639 reprehendit
1602 5560 1760 5621 alios

3286 407 3406 470 309

1841 530 2152 598 auctores,
2196 531 2260 586 et
2292 524 2451 585 falso
2505 539 2783 584 errorem
2840 520 2959 582 illis
2995 519 3289 598 imponit,
3344 523 3406 578 et

1839 618 1991 677 nihil
2028 617 2275 678 conticit
2315 637 2429 679 suo
2468 617 2789 686 discursu3
2822 616 2950 674 imo
2998 613 3405 692 impossibilia

1842 717 2152 789 suntquae
2202 711 2369 782 dicit,
2419 717 2487 770 ut
2530 709 2879 771 ostendam.
2923 708 2985 768 Si
3034 713 3246 767 autem
3277 707 3399 766 hoc

1843 806 2029 865 etiam
2078 825 2279 886 genus
2308 804 2735 866 indifferentiae
2766 803 2897 863 Deo
2926 807 3135 879 negat,
3168 800 3405 880 gravis-

1841 899 1999 959 sime
2030 905 2215 961 errat.
2271 900 2498 970 Prim0‚
2552 897 2698 976 quia
2742 895 2896 954 alias
2951 913 3079 954 non
3128 899 3292 954 essct
3343 893 3408 954 in

1839 993 1969 1052 Deo
1999 993 2275 1065 libertas,
2306 1011 2445 1071 quae
2473 991 2606 1052 sine
2644 988 3003 1068 hujusmodi
3046 987 3265 1048 saltem
3315 986 3409 1046 in·

1840 1085 2190 1146 differentia
2219 1086 2477 1165 intelligi
2506 1102 2633 1144 non
2662 1087 2886 1161 potest.
2930 1083 3017 1141 Ex
3042 1099 3167 1160 quo
3202 1097 3411 1141 exem-

1839 1178 1943 1257 plo
1973 1180 2337 1257 intelligitur
2366 1179 2553 1240 talem
2602 1175 3084 1236 indifferentiam
3138 1193 3264 1234 non
3316 1173 3409 1233 di-

1839 1290 1981 1332 cere
2010 1272 2569 1352 imperfectionem,
2615 1285 2823 1347 neque
2862 1286 3215 1348 repugnare
3246 1285 3405 1346 puro

1839 1367 2024 1440 actui,
2054 1368 2202 1446 quia
2232 1385 2360 1426 non
2389 1371 2483 1426 est
2520 1383 2635 1444 per
2660 1363 2919 1424 modum
2945 1362 3235 1441 potentice
3264 1379 3409 1439 pas-

1839 1460 2006 1533 sivae,
2038 1461 2149 1520 sed
2185 1478 2301 1538 per
2338 1458 2597 1520 modum
2629 1456 2955 1534 cujusdam
2996 1455 3410 1516 eminentissi-

1839 1571 1959 1614 mae
1984 1553 2404 1633 perfectioniS,
2454 1569 2592 1630 quoe
2638 1551 2865 1629 seipsa,
2893 1549 3026 1608 sine
3058 1547 3185 1607 ulla
3209 1554 3409 1607 muta-

1842 1645 2031 1717 tione,
2060 1646 2159 1705 vel
2194 1645 2508 1706 additione
2537 1643 2687 1704 reali
2718 1647 2923 1720 potest
2956 1642 3262 1721 attingere
3288 1641 3409 1701 hoc

1840 1739 1941 1799 vel
1986 1738 2142 1799 illud
2194 1739 2511 1816 objectum
2540 1755 2654 1816 pro
2696 1755 2810 1797 suo
2852 1735 3128 1806 arbitriO,
3174 1733 3275 1794 vel
3308 1751 3409 1794 ca-

1843 1833 2110 1912 pacitate
2142 1832 2390 1911 objecti.
2423 1833 2499 1891 Et
2524 1831 2684 1891 hanc
2712 1829 3057 1890 doctrinam
3088 1826 3410 1906 eleganter

1841 1925 2209 2006 significavit
2238 1927 2417 2004 Hugo
2451 1925 2705 1996 Victor.,
2736 1924 2842 1983 lib.
2872 1927 2897 1984 l
2932 1922 3009 1982 de
3045 1923 3410 1983 Sacramen-

1839 2023 1941 2094 tis,
1982 2027 2143 2101 part.
2191 2023 2261 2091 2,
2309 2039 2447 2100 cap.
2485 2021 2582 2094 16,
2614 2019 2829 2080 dicens
2865 2037 2879 2077 :
2928 2017 3009 2080 Si
3030 2021 3245 2086 futura
3286 2033 3411 2078 non

1841 2120 2053 2188 essent,
2105 2115 2173 2176 in
2208 2117 2330 2176 Deo
2371 2114 2760 2192 praescientia
2800 2129 2917 2173 nou
2960 2115 3111 2172 esset
3140 2157 3156 2183 ‚
3194 2111 3301 2170 sed
3336 2125 3410 2168 em

1841 2211 1947 2272 hoc
1972 2207 2362 2270 nihilominus
2386 2209 2455 2268 in
2482 2209 2605 2268 Deo
2632 2207 2873 2285 fuisset,
2910 2204 3055 2285 quia
3084 2204 3245 2284 ipsa,
3276 2219 3409 2280 quw,

1831 2303 2227 2384 praescientia
2267 2307 2377 2376 est,
2408 2303 2477 2363 in
2502 2303 2623 2364 Deo
2648 2302 2887 2380 fuisset.
2934 2301 3019 2358 Ac
3066 2297 3115 2357 si
3146 2296 3405 2370 diceret,

1843 2396 2085 2474 integra
2148 2401 2437 2456 maneret
2480 2395 2759 2467 scientia,
2812 2393 3109 2470 nullaque
3157 2407 3259 2450 res
3306 2388 3409 2448 vel

1843 2489 2070 2549 modus
2118 2490 2303 2550 realis
2342 2489 2429 2549 illi
2458 2487 2781 2556 defuisset,
2810 2505 2936 2546 non
2967 2483 3177 2548 tamen
3218 2483 3409 2544 habe-

1845 2585 1941 2642 ret
1984 2582 2418 2642 habitudinem
2466 2582 2746 2653 rationiS,
2796 2599 2910 2642 seu
2942 2577 3407 2641 determinatio-

1843 2693 1992 2734 nem
2020 2676 2161 2735 talis
2187 2676 2411 2754 objecti
2446 2681 2513 2736 ut
2542 2674 2753 2734 futuri.

1923 2771 1984 2828 5.
2030 2769 2342 2841 SecundO,
2373 2770 2541 2847 quia,
2571 2770 2621 2828 si
2646 2769 2707 2829 in
2740 2769 2999 2829 scientia
3026 2768 3137 2828 Dei
3163 2786 3409 2846 respec-

1838 2870 1906 2925 tu
1938 2863 2291 2923 futurorum
2338 2863 2827 2941 contingentium
2874 2880 2997 2921 non
3038 2867 3131 2922 est
3186 2862 3407 2921 saltem

1840 2959 1969 3017 haec
2000 2956 2435 3025 indifferentia,
2470 2975 2617 3035 ergo
2649 2956 2855 3016 divina
2897 2955 3155 3016 scientia
3180 2960 3405 3015 natura

1841 3067 1953 3113 sua
2001 3056 2061 3110 et
2102 3049 2183 3109 ab
2226 3049 2561 3110 intrinseco
2610 3055 2705 3110 est
2747 3049 2831 3109 ita
2876 3049 3287 3109 determinata
3325 3048 3406 3107 ad

1840 3144 2094 3205 scienda
2122 3143 2223 3203 illa
2252 3144 2458 3203 futura
2476 3144 2897 3221 contingentia
2923 3162 3059 3221 quae
3076 3160 3246 3202 nunc
3264 3142 3400 3215 scit,

1839 3238 2102 3299 sicutest
2114 3236 2524 3298 determinata
2547 3236 2627 3296 ad
2649 3237 2967 3297 sciendum
2993 3237 3193 3314 ipsum
3204 3238 3407 3295 Deum

1837 3332 1937 3393 vel
1978 3329 2323 3409 possibilia:
2371 3348 2763 3408 consequens
2800 3337 2891 3390 est
2932 3330 3182 3399 falsum;
3228 3348 3400 3407 ergo.

1841 3424 2107 3502 Sequela
2132 3429 2325 3501 patet,
2348 3424 2491 3502 quia
2518 3423 2933 3483 indifferentia
2957 3421 3406 3482 etdetermina-

1837 3519 1922 3579 tio
1954 3522 2099 3577 sunt
2122 3516 2475 3576 immediate
2509 3516 2815 3595 opposita,
2850 3521 2909 3575 et
2936 3516 3088 3575 nihil
3117 3514 3285 3575 aliud
3312 3518 3407 3574 est

1839 3630 1977 3672 esse
2021 3610 2501 3679 indifferentem,
2544 3628 2735 3687 quam
2794 3628 2918 3669 non
2946 3627 3083 3669 esse
3110 3609 3409 3669 determi-

1837 3709 2084 3775 natam;
2124 3703 2173 3762 si
2202 3721 2351 3781 ergo
2390 3722 2463 3763 ex
2494 3722 2560 3762 se
2590 3721 2717 3762 non
2754 3708 2847 3762 est
2876 3701 3260 3772 indifferenS‚
3294 3703 3410 3763 crit

1839 3817 1916 3857 ex
1938 3814 2004 3857 se
2022 3796 2453 3857 determinata.
2478 3796 2739 3856 Falsitas
2756 3794 3195 3872 consequentis
3212 3799 3401 3872 patet,

1837 3890 1984 3969 quia
2013 3889 2153 3950 talis
2201 3888 2637 3949 determinatio
2666 3907 2793 3949 non
2808 3888 3062 3967 ponitur
3090 3907 3166 3949 ex
3196 3889 3406 3967 aliqua

1839 3981 2299 4061 suppositione,
2355 3982 2467 4041 sed
2519 4000 2596 4042 ex
2643 3988 2865 4041 natura
2906 3982 3047 4053 talis
3098 3982 3405 4051 scientiae:

1837 4073 2139 4155 quidquid
2180 4078 2394 4134 autem
2430 4075 2719 4134 convenit
2756 4075 2843 4133 illi
2889 4074 3157 4136 scientiae
3202 4092 3276 4135 ex
3309 4075 3407 4133 in—

1835 4170 2106 4230 trinseca
2134 4174 2380 4240 natura,
2412 4168 2771 4245 simpliciter
2800 4170 3151 4229 necessario
3184 4186 3406 4227 conve-

1837 4264 1949 4333 nit,
1990 4262 2077 4321 ita
2110 4266 2176 4320 ut
2202 4260 2757 4322 contradictionem
2798 4260 3072 4337 implicet
3096 4278 3224 4319 non
3256 4276 3404 4318 con-

1837 4355 2051 4415 venire
2076 4374 2093 4427 ς
2120 4371 2270 4429 ergo
2292 4353 2407 4414 fuit
2426 4352 2785 4430 simpliciter
2806 4352 3187 4431 impossibile
3206 4353 3405 4413 Deum

1837 4466 1965 4507 non
1996 4447 2153 4507 scire
2200 4447 2449 4506 Petrum
2500 4452 2927 4523 peccaturum,
2958 4445 3058 4506 vel
3098 4445 3405 4505 mundum

1839 4558 1979 4601 csse
2008 4540 2320 4610 futurum;
2356 4538 2456 4598 hic
2480 4556 2629 4597 vero
2672 4544 2767 4599 est
2801 4539 3166 4599 manifestus
3195 4557 3401 4611 error3

1838 4633 2009 4710 quia,
2047 4630 2330 4692 absolute
2360 4620 2699 4707 loquend0‚
2742 4631 2943 4710 potuit
2972 4631 3241 4691 mundus
3278 4650 3407 4691 non

1837 4744 2001 4799 esse,
2034 4729 2098 4786 et
2126 4728 2341 4786 Petrus
2392 4742 2519 4783 non
2563 4742 2867 4802 pec-care3
2925 4742 3075 4800 ergo
3126 4724 3407 4786 absolute

1835 4818 2041 4898 potuit
2087 4818 2275 4878 etiam
2310 4818 2471 4876 Deus
2499 4835 2629 4877 non
2666 4818 2823 4877 scire
2854 4816 2959 4876 illa
3004 4834 3141 4876 esse
3172 4817 3402 4878 futura.

1839 4912 2231 4990 Quapropter
2287 4928 2521 4989 ponere
2580 4910 2769 4970 talem
2818 4910 3409 4971 determinationem

1835 5006 1902 5063 in
1926 5003 2187 5063 scientia
2216 5002 2329 5063 Dei
2360 5020 2439 5061 ex
2466 5007 2691 5071 natura
2720 5021 2853 5077 sua,
2888 5004 3075 5081 plane
3108 5007 3203 5064 est
3232 5003 3410 5064 tolle-

1837 5114 1904 5157 re
1932 5096 2305 5168 libertatem,
2352 5099 2483 5154 tam
2524 5095 2585 5153 in
2630 5096 2783 5165 Deo,
2834 5114 3025 5173 quam
3061 5095 3126 5155 in
3173 5096 3403 5155 nobis:

1837 5188 2007 5267 quia,
2043 5206 2185 5248 cum
2223 5187 2323 5246 illa
2374 5186 2631 5247 scientia
2682 5188 2925 5249 dicatur
2954 5205 3089 5247 esse
3121 5187 3410 5267 simplicit-

1838 5287 1937 5341 ter
1990 5280 2372 5350 necessaria,
2406 5285 2513 5340 aut
2553 5281 2847 5359 supponit
2870 5281 3307 5341 necessitatem
3346 5280 3411 5339 in

1841 5374 2085 5453 objecto
2136 5374 2517 5452 simpliciter,
2552 5381 2659 5436 aut
2686 5374 2834 5435 facit
2862 5374 3054 5446 illum,
3098 5379 3170 5433 ut
3219 5374 3411 5451 possit

1841 5486 1981 5529 esse
2010 5468 2194 5527 simul
2223 5468 2302 5527 ab
2328 5468 2665 5529 intrinseco
2689 5466 3046 5528 infallibilis.

1920 5563 1983 5622 6.
2028 5560 2393 5624 Occurritur
2421 5562 2661 5624 cuidam
2688 5560 2992 5624 solutioni.
3034 5590 3116 5605 -
3154 5558 3278 5619 Nec
3305 5577 3412 5620 ve-
