3850 6225
823 386 994 441 sacr.
1031 388 1091 441 ιι.
1128 388 1272 451 QUAE
1303 387 1466 441 rium
1501 382 1866 447 vssmu‘rss,
1900 384 2028 441 Am·
2061 386 2483 453 insomnium,
2520 392 2653 445 me.
2750 344 2757 351 ’
3217 390 3339 453 403

81 484 360 543 :eterna
399 486 814 558 beatitudine,
857 487 1152 549 affectum
1181 485 1410 547 habeat
1430 530 1446 557 ,
1493 490 1596 561 et,
1643 482 1693 543 si

81 574 176 635 ita
223 575 428 657 loqui
457 580 619 654 lieet,
651 580 1032 643 desiderium
1061 578 1462 643 beatificandi
1492 578 1690 650 illum,

81 668 542 737 nihilominus
589 674 934 735 secundum
987 674 1316 735 consilium
1359 671 1694 733 volunt-atis

83 780 236 821 suae
279 768 644 830 voluntarie
671 767 826 829 illud
873 774 1190 847 operatur,
1235 772 1366 828 tum
1401 763 1696 844 simplici-

79 860 222 929 ter,
267 866 424 921 tum
454 862 642 923 etiam
693 861 1142 940 perfectissime
1181 859 1510 934 intensive,
1551 858 1696 918 licet

83 968 234 1010 non
277 955 655 1026 extensive3
689 954 835 1033 quia
875 960 1076 1025 actuS,
1118 971 1244 1031 quo
1275 952 1336 1013 id
1372 950 1522 1025 vult,
1556 969 1694 1029 per·

83 1044 509 1109 sactissimus
551 1049 734 1111 estin
777 1048 1070 1109 omnibus
1107 1045 1568 1107 conditionibus
1613 1043 1698 1104 ad

87 1140 556 1203 voluntarium
581 1140 934 1219 requisitis3
967 1158 1114 1203 nam
1147 1146 1241 1201 est
1267 1158 1346 1201 ex
1379 1138 1699 1218 perfectis·

90 1232 276 1293 sima
319 1236 710 1315 cognitione,
771 1241 834 1296 et
873 1235 1126 1296 omnino
1181 1234 1266 1295 ab
1322 1234 1694 1307 intrinseco,

89 1326 370 1406 absque
401 1328 530 1387 ulla
557 1327 906 1389 extrinseca
929 1328 1014 1389 vi.
1047 1329 1182 1389 Non
1200 1333 1295 1388 est
1327 1333 1539 1388 autem
1570 1344 1699 1387 om-

91 1420 310 1481 nibus
359 1421 566 1483 modis
605 1420 710 1482 ille
759 1422 1018 1483 effectus
1055 1420 1464 1493 voluntarius,
1499 1420 1562 1480 id
1605 1422 1702 1480 est

93 1522 533 1592 comparatus
579 1514 660 1575 ad
701 1532 952 1575 omnem
983 1515 1368 1576 voluntatem
1413 1513 1698 1585 Dei,tam

97 1608 612 1669 antecedentem
645 1626 834 1686 quam
875 1614 1402 1686 consequentem,
1449 1612 1510 1668 ct
1552 1606 1696 1667 ideo

97 1698 260 1761 dico
289 1720 430 1761 non
471 1718 609 1762 esse
655 1700 1103 1779 perfectissime
1141 1700 1454 1761 extensive
1482 1698 1698 1759 volun·

101 1794 358 1853 tarium
389 1813 408 1866 ;
443 1793 613 1872 quod
641 1794 796 1855 nihil
835 1798 1147 1872 repugnat
1189 1790 1553 1873 perfectioni
1603 1792 1698 1853 di·-

99 1888 282 1947 vinae
317 1934 334 1960 ‚
401 1888 547 1967 quia
591 1887 873 1967 opposita
922 1886 1222 1965 perfectio
1263 1904 1392 1949 non
1445 1890 1540 1947 est
1588 1884 1698 1947 dc-

99 1979 248 2040 hita
297 1980 412 2041 tali
440 1981 638 2060 operi,
669 1982 794 2041 imo
825 1997 1032 2059 neque
1075 1980 1161 2041 illi
1195 1979 1683 2058 proportionata.

191 2078 224 2133 1
241 2076 307 2135 3.
345 2076 508 2135 Hinc
523 2092 671 2135 vero
693 2074 814 2135 dici
840 2073 1090 2135 tandem
1115 2076 1318 2152 potest
1335 2074 1422 2150 (et
1433 2072 1696 2133 fortasse

103 2174 210 2229 est
243 2172 464 2249 aptior
489 2169 787 2249 loquendi
805 2170 1055 2247 modus)
1079 2170 1200 2230 tale
1227 2188 1384 2248 opus
1409 2186 1536 2228 non
1560 2186 1696 2229 esse

103 2264 248 2323 ullo
275 2262 474 2323 modo
497 2262 980 2324 involuntarium
1003 2264 1134 2325 Deo
1155 2280 1299 2323 cum
1319 2264 1696 2341 proprietate

103 2356 468 2434 loquendO,
499 2356 610 2417 sed
637 2356 842 2417 solum
871 2356 1221 2417 secundum
1265 2356 1700 2434 metaphoram

107 2456 172 2509 et
198 2449 572 2528 analogiam
596 2449 677 2509 ad
695 2456 941 2510 nostras
959 2450 1358 2531 operationes
1379 2448 1477 2511 vel
1497 2452 1693 2509 actae.

109 2542 306 2613 Quia,
351 2549 424 2603 ut
469 2561 630 2621 opus
681 2542 925 2603 dicatur
971 2542 1458 2603 involuntarium
1511 2541 1700 2602 etiam

111 2636 481 2697 secundum
503 2635 678 2715 quid,
703 2653 832 2697 non
857 2636 1006 2697 satis
1037 2642 1132 2697 est
1155 2635 1419 2715 simplex
1443 2634 1699 2696 affectus

111 2730 472 2791 voluntatis
529 2729 610 2789 ad
661 2729 978 2809 objectum
1025 2730 1404 2809 oppositum,
1437 2728 1548 2789 sed
1589 2746 1702 2791 ne-

113 2830 304 2883 cesse
364 2828 460 2883 est
529 2827 598 2883 ut
670 2822 1020 2884 intercedat
1079 2823 1288 2902 aliqua
1353 2822 1700 2884 extrinseca

111 2916 212 2975 vis
265 2932 412 2991 quai
459 2914 762 2993 impellat,
799 2915 902 2977 vel
943 2915 1218 2994 aliquam
1261 2916 1700 2977 necessitatem

113 3008 358 3069 inferat
401 3006 484 3067 ad
519 3008 788 3087 aliquem
823 3027 900 3070 ex
929 3009 1046 3070 illis
1077 3009 1428 3083 affectibus,
1458 3009 1565 3088 qui
1603 3009 1700 3070 in-

115 3107 218 3163 ter
243 3120 314 3162 se
339 3120 626 3181 pugnare
653 3100 980 3175 videntum
1017 3108 1078 3164 et
1109 3121 1185 3164 cx
1211 3109 1388 3189 parte
1419 3104 1698 3164 volunta-

119 3197 202 3255 tis
265 3195 624 3256 intercedat
663 3195 1030 3274 impotentia
1079 3196 1348 3258 evitandi
1397 3215 1512 3258 seu
1559 3215 1698 3258 eva-

116 3289 316 3348 dendi
348 3289 472 3348 alio
491 3288 680 3350 modo
707 3290 835 3350 vim
867 3290 1076 3363 illam;
1110 3295 1178 3350 ut
1206 3295 1449 3351 constat
1476 3309 1552 3351 ex
1581 3292 1698 3350 hu-

107 3381 406 3459 jusmodi
425 3380 796 3456 voluntario,
818 3383 1062 3461 quoties
1085 3384 1150 3443 in
1170 3384 1352 3444 nohis
1369 3383 1689 3464 contingit.

115 3478 303 3548 Item,
354 3476 504 3554 quia
555 3477 714 3536 sicut
745 3477 1168 3538 voluntarium
1215 3495 1353 3538 esse
1398 3477 1588 3538 debet
1615 3478 1695 3539 ab

115 3570 492 3644 intrinsece,
524 3571 607 3630 ita
654 3571 1144 3632 involuntarium
1181 3571 1454 3650 postulat
1503 3578 1570 3633 ut
1615 3572 1694 3633 sit

115 3663 334 3741 aliquo
367 3663 556 3724 modo
585 3664 666 3724 ab
694 3665 1063 3726 extrinseco.
1094 3665 1162 3724 In
1195 3667 1326 3725 Deo
1358 3670 1568 3726 autem
1589 3665 1694 3726 illa

115 3758 248 3818 duo
278 3757 491 3818 loeum
517 3776 647 3818 non
671 3759 942 3831 habent;
967 3759 1114 3836 quia
1139 3777 1345 3837 neque
1367 3757 1448 3818 ab
1469 3759 1694 3819 extrin-

119 3869 268 3912 seco
293 3851 394 3910 vis
433 3849 490 3910 ei
539 3851 754 3912 inferri
801 3856 1027 3931 potest,
1061 3851 1312 3930 proprie
1350 3851 1691 3929 loquenda,

117 3963 238 4004 nec
289 3962 370 4004 ex
411 3944 780 4023 impotentia
813 3943 1102 4023 provenit
1135 3942 1304 4020 quod
1333 3943 1692 4022 hujusmodi

116 4037 478 4100 voluntates
529 4038 782 4110 haheat,
815 4037 927 4098 sed
977 4055 1055 4098 ex
1103 4055 1193 4109 se,
1245 4043 1308 4097 et
1356 4038 1692 4100 intrinseca

117 4129 508 4208 perfectione
535 4136 874 4208 utrumque
903 4130 1096 4191 habet
1123 4130 1439 4203 affectum,
1465 4137 1526 4192 et
1545 4131 1690 4193 ideo

115 4224 240 4284 dici
269 4243 404 4284 non
433 4224 622 4286 debet
649 4224 896 4302 operari
927 4224 1362 4296 involuntarie,
1389 4227 1576 4286 etiam
1597 4245 1692 4286 se·

115 4318 400 4378 cundum
427 4317 599 4396 quid.
633 4317 972 4397 Loquimur
997 4323 1210 4379 autem
1238 4337 1490 4397 semper
1512 4336 1690 4380 more

115 4416 338 4472 nostro
370 4411 448 4472 de
477 4411 596 4472 illis
621 4411 861 4472 actibus
884 4429 956 4472 ac
978 4411 1030 4472 si
1053 4416 1264 4472 essent
1285 4411 1518 4490 plures,
1543 4412 1690 4491 quia

115 4503 472 4564 secundum
511 4505 819 4567 rationem
861 4511 1142 4566 nostram
1168 4504 1322 4566 -illos
1364 4504 1690 4584 distingui-

113 4615 282 4668 muS,
313 4603 384 4657 ut
423 4615 532 4658 eos
561 4599 870 4678 explicare
906 4597 1222 4678 possimus
1241 4643 1256 4672 ,
1298 4615 1442 4659 eum
1473 4601 1688 4658 tamen

113 4697 294 4752 actus
337 4690 562 4752 divinae
597 4691 934 4753 voluntatis
980 4698 1234 4772 propter
1280 4693 1688 4754 eminentiam

113 4802 300 4844 snam
329 4787 662 4864 utramque
693 4786 1001 4848 rationem
1027 4786 1236 4846 uniter
1265 4792 1326 4847 et
1368 4785 1688 4865 simplicis-

112 4878 271 4938 sime
305 4879 776 4958 complectatur.

109 5077 486 5159 Opermm
528 5081 696 5144 Deus
739 5081 1062 5144 seeundum
1109 5079 1430 5143 consilium
1473 5080 1686 5143 volim-

189 5175 526 5332 xxa-12⁸5?
565 5175 749 5238 etiam
794 5173 864 5236 in
915 5174 1190 5257 operibus
1228 5173 1404 5237 liberi
1441 5173 1686 5239 arbitrii

195 5442 296 5501 ss.
344 5437 703 5522 Eoepzioaeio
745 5441 973 5523 prima.
1005 5472 1088 5488 -
1112 5439 1444 5520 Raejioitur.
1477 5469 1560 5486 ··-
1586 5437 1683 5501 Ad

113 5533 382 5595 alteram
411 5533 864 5610 difficultatem,
893 5534 1264 5614 responderi
1287 5539 1500 5613 posset
1526 5532 1684 5594 Pau-

1772 480 1906 545 lum
1932 482 2109 563 loqui
2148 484 2227 545 de
2257 486 2331 547 iis
2360 504 2501 566 quae
2540 507 2660 568 per
2696 490 2974 569 seipsum
3017 498 3337 570 operatur,

1773 592 1904 635 non
1931 594 2081 637 vero
2100 578 2177 639 de
2211 578 2287 639 iis
2316 581 2525 654 etiam,
2551 600 2689 660 quae
2712 586 3007 661 operatur
3022 601 3135 662 per
3156 585 3335 659 alios,

1775 670 2123 747 praesertim
2148 690 2263 751 per
2290 673 2675 737 voluntatem
2702 676 3063 737 humanam.
3100 678 3340 740 Posset-

1776 778 1898 839 que
1940 762 2059 826 hoc
2102 764 2459 827 confirmari
2492 786 2569 829 ex
2619 769 2825 829 verbis
2860 770 3245 849 Hieronymi,
3274 772 3338 833 in

1776 855 2123 918 Comment.
2164 856 2328 917 illius
2356 856 2498 932 loci,
2532 860 2828 923 dicentis:
2857 862 3002 926 Nou
3028 866 3189 945 quod
3214 882 3340 928 om-

1775 948 1906 1021 nia,
1937 966 2071 1029 quoe
2092 951 2160 1011 in
2182 953 2403 1015 mundo
2426 954 2613 1030 fiunt,
2638 956 2754 1018 Dei
2778 956 3084 1021 voluntate
3108 964 3169 1021 et
3202 976 3343 1022 con-

1775 1040 1920 1102 silio
1952 1048 2361 1122 peragantur,
2410 1046 2683 1127 alioquin
2711 1053 2769 1113 et
2805 1050 2974 1112 mala
3011 1052 3135 1113 Deo
3178 1057 3341 1130 pote-

1777 1137 1925 1195 runt
1959 1132 2294 1215 imputari,·
2322 1140 2430 1203 sed
2463 1141 2623 1221 quod
2664 1142 2951 1206 uniter-sa
2989 1162 3121 1225 quoe
3158 1148 3338 1223 facit,

1779 1228 2034 1289 comitio
2080 1229 2275 1309 faciat
2323 1238 2381 1293 et
2434 1234 2757 1299 toluntate.
2808 1237 2933 1299 Sed
2986 1258 3103 1299 nec
3148 1240 3342 1302 verba

1783 1320 1860 1381 Pa
1871 1319 1979 1393 uli,
2000 1340 2119 1383 nec
2135 1324 2502 1385 universalis
2528 1327 2860 1391 efficacitas
2880 1331 3100 1392 divinoe
3122 1333 3346 1393 volun-

1780 1414 1924 1475 tatis
1969 1414 2137 1475 illam
2182 1418 2611 1481 limitationem
2640 1422 2939 1496 admittit;
2978 1425 3141 1486 Deus
3176 1427 3344 1489 enim

1779 1526 1926 1569 vere
1958 1528 2031 1569 ac
2069 1512 2318 1589 proprie
2361 1520 2677 1591 operatur,
2709 1534 2835 1577 non
2866 1518 3067 1579 solum
3099 1538 3173 1580 ea
3202 1539 3343 1599 quae

1779 1619 1892 1679 per
1925 1602 2198 1681 seipsum
2228 1604 2395 1676 facit,
2430 1607 2540 1669 sed
2591 1609 2777 1670 etiam
2826 1628 2901 1671 ea
2942 1614 3153 1673 omnia
3200 1633 3342 1694 quae

1778 1701 2121 1773 operantur
2166 1704 2467 1761 creaturoe
2508 1706 2569 1761 et
2630 1702 2922 1764 humanae
2966 1708 3343 1783 voluntatem

1778 1795 2091 1866 quatenus
2128 1808 2273 1851 vera
2320 1798 2382 1853 et
2427 1792 2618 1855 realia
2651 1813 2844 1874 opera
2880 1806 3045 1872 sunt,
3096 1802 3241 1879 quia
3279 1802 3345 1862 in

1779 1899 1852 1941 ea
1910 1882 2120 1943 verius
2176 1901 2247 1943 ac
2302 1884 2639 1963 perfectius
2701 1890 2901 1951 influit
2951 1909 3139 1970 quam
3194 1895 3343 1973 ipsae

1779 1994 1985 2035 causae
2034 1976 2345 2050 secuudae,
2380 1985 2441 2039 et
2470 1980 2611 2042 ideo
2654 1981 2732 2042 de
2762 1982 2867 2043 illo
2912 1983 3171 2045 dicitur:
3210 1985 3346 2049 Om-

1778 2069 1886 2131 nia
1907 2086 2089 2151 opera
2115 2078 2327 2133 nostra
2360 2079 2643 2153 operatus
2671 2092 2732 2138 es
2756 2076 2824 2137 in
2862 2078 3051 2152 nobis,
3094 2079 3347 2142 Domine

1783 2161 1967 2237 (Psal.
1995 2163 2159 2239 128),
2191 2166 2253 2223 et
2280 2164 2467 2227 illud:
2506 2166 2626 2241 Qui
2650 2168 2935 2250 producit
2958 2171 3024 2232 in
3047 2174 3347 2237 montibus

1776 2259 2017 2334 scenam,
2054 2262 2115 2317 et
2146 2257 2388 2319 similia.
2423 2260 2575 2321 Cum
2612 2262 2801 2341 igitur
2825 2265 3017 2326 verba
3048 2267 3219 2327 Pauli
3242 2286 3348 2347 ge·

1779 2348 2017 2409 neralia
2061 2348 2204 2420 sint,
2254 2352 2443 2411 etiam
2492 2353 2625 2413 haec
2675 2373 2865 2434 opera
2910 2358 3019 2419 Dei
3066 2377 3351 2439 compre—

1782 2442 2094 2516 hendunt;
2134 2450 2191 2505 et
2212 2446 2370 2505 ratio
2394 2452 2488 2507 est
2518 2448 2797 2521 evidens»,
2830 2452 2977 2528 quia
3001 2452 3133 2513 haec
3156 2454 3347 2514 etiam
3384 2476 3390 2479 ·

1782 2552 1974 2613 opera
2014 2554 2141 2597 non
2169 2537 2329 2599 fiunt
2356 2540 2471 2600 nisi
2503 2539 2632 2601 Deo
2659 2543 2931 2617 volente,
2972 2564 3181 2624 neque
3212 2548 3345 2626 ipse

1781 2629 1985 2691 influit
2024 2631 2091 2691 in
2133 2631 2235 2691 illa
2282 2634 2401 2693 nisi
2440 2634 2811 2696 voluntarie.
2844 2638 2919 2698 Et
2946 2638 3026 2698 ad
3055 2640 3223 2701 hunc
3255 2641 3348 2719 ip-

1785 2741 1922 2783 sum
1952 2724 2369 2785 voluntarium
2420 2726 2725 2789 influxum
2778 2748 2905 2791 non
2954 2732 3073 2792 nisi
3098 2752 3345 2795 summa

1783 2818 2087 2897 sapientia
2106 2824 2170 2880 et
2185 2820 2441 2881 consilio
2463 2820 2934 2885 determinatur.
2958 2824 3134 2897 Quod
3158 2825 3345 2889 etiam

1782 2930 1999 2971 verum
2035 2919 2128 2973 est
2154 2912 2231 2974 de
2263 2914 2557 2992 operibus
2581 2922 3002 2994 peccatorum,
3036 2926 3345 2998 quatenus

1781 3022 1818 3065 a
1840 3006 1969 3067 Deo
1994 3004 2173 3078 fiunt,
2202 3007 2301 3067 vel
2320 3007 2387 3067 in
2415 3026 2489 3069 ea
2512 3010 2679 3069 Deus
2696 3009 2930 3083 influit3
2962 3030 3109 3073 nam
3132 3017 3347 3091 quate·

1779 3119 1898 3160 nus
1930 3104 2023 3162 est
2059 3100 2427 3162 universalis
2474 3102 2779 3182 provisor,
2828 3104 3144 3184 sapienter
3176 3108 3347 3187 judi-

1779 3199 1879 3254 cat
1909 3193 2201 3272 expedire
2236 3195 2395 3256 tales
2434 3201 2609 3256 actus
2648 3197 3032 3275 permittere,
3061 3205 3123 3260 et
3156 3202 3239 3262 ad
3268 3200 3344 3261 il·-

1779 3284 1873 3344 los
1910 3303 2304 3361 concurrere,
2342 3293 2405 3349 et
2432 3288 2775 3365 justissime
2807 3291 2927 3351 hoc
2954 3291 3159 3370 ipsum
3186 3294 3339 3361 vult.

1778 3377 2037 3455 Oportet
2062 3385 2275 3440 tamen
2320 3380 2387 3440 in
2432 3380 2753 3459 peccando
2803 3383 3187 3464 distinguere
3230 3388 3344 3448 ali-

1777 3470 1926 3548 quid
1951 3471 2121 3550 quod
2147 3491 2183 3532 a
2214 3474 2339 3534 Deo
2366 3473 2459 3547 fit,
2488 3480 2551 3535 et
2586 3475 2824 3553 aliquid
2859 3478 3027 3555 quod
3074 3479 3155 3538 ab
3200 3480 3339 3558 ipso

1775 3583 1904 3626 non
1938 3565 2043 3637 fit;
2098 3571 2393 3645 operatur
2436 3567 2605 3630 enim
2632 3569 2797 3630 Deus
2828 3577 3033 3630 actum
3078 3573 3341 3650 peccati,

1775 3677 1903 3718 non
1930 3659 2235 3720 malitiam
2276 3661 2448 3739 ejus;
2492 3667 2556 3722 et
2599 3662 2717 3722 hoc
2768 3669 2863 3724 est
2915 3664 3083 3742 quod
3130 3665 3343 3727 docuit

1776 3754 2219 3832 HieronymuS,
2254 3761 2316 3815 et
2362 3755 2503 3816 ideo
2538 3774 2667 3816 non
2697 3755 2887 3819 dixit:
2922 3759 3168 3838 Aliquid
3194 3759 3343 3822 facit

1775 3847 1941 3908 Deus
1971 3847 2034 3907 in
2062 3847 2325 3922 mund0,
2356 3855 2419 3910 et
2452 3867 2579 3909 non
2609 3851 2956 3911 secundum
2982 3870 3167 3912 suum
3195 3873 3341 3915 con·

1777 3940 1985 4000 silium
2046 3947 2109 4002 et
2164 3941 2584 4014 voluntatem3
2638 3942 2749 4003 sed
2790 3961 2807 4005 ε
2859 3944 3107 4024 Aliquid
3148 3945 3218 4007 fit
3272 3947 3338 4008 in

1772 4034 2032 4107 mundo,
2064 4035 2233 4112 quod
2278 4041 2489 4096 tamen
2519 4035 2683 4096 Deus
2720 4055 2849 4097 non
2896 4035 3063 4112 facit,
3108 4039 3340 4100 scilicet

1771 4133 2131 4207 peccatum,
2182 4128 2235 4188 si
2276 4133 2491 4190 tamen
2544 4134 2871 4208 peccatum
2924 4130 3156 4209 aliquid
3196 4150 3335 4193 esse

1772 4221 2109 4283 dicendum
2144 4227 2257 4296 est,
2290 4240 2432 4282 cum
2461 4225 2667 4301 potius
2696 4223 2773 4284 sit
2802 4223 2979 4296 nihil,
3013 4230 3168 4285 teste
3212 4227 3336 4288 Au-

1771 4315 2061 4394 gustin0;
2113 4318 2370 4376 vocatur
2414 4320 2630 4376 tamen
2675 4315 2909 4395 aliquid
2958 4316 3040 4378 ad
3076 4318 3335 4378 modum

1769 4408 2155 4488 privationiS,
2186 4413 2373 4486 prout
2400 4408 2589 4470 etiam
2623 4408 2848 4470 dicitur
2874 4408 3013 4471 fieri
3060 4415 3123 4472 et
3166 4429 3329 4472 esse.

1769 4504 1846 4566 Et
1875 4509 2090 4562 tamen
2118 4503 2308 4563 etiam
2344 4503 2461 4563 suh
2506 4520 2581 4564 ea
2623 4503 2890 4574 ratione,
2930 4503 3079 4566 licet
3114 4523 3335 4584 pecca-

1768 4601 1904 4655 tum
1934 4613 2061 4656 non
2091 4594 2201 4656 fiat
2230 4613 2305 4657 ex
2340 4596 2599 4658 consilio
2628 4603 2689 4657 et
2714 4597 3031 4661 voluntate
3046 4599 3183 4672 Dei,
3206 4617 3336 4660 non

1768 4692 1981 4748 tamen
2004 4687 2075 4750 fit
2112 4689 2247 4750 sine
2280 4689 2418 4768 ejus
2446 4689 2705 4750 consilio
2747 4695 2806 4751 et
2844 4690 3165 4753 voluntate
3193 4710 3340 4771 per-

1767 4782 2049 4844 mittente
2067 4788 2137 4844 ut
2150 4782 2271 4844 hoc
2290 4783 2529 4843 malum
2544 4782 2675 4846 fiat.
2696 4783 2821 4846 Sed
2834 4783 2915 4844 de
2941 4785 3059 4846 hac
3072 4804 3165 4860 re,
3194 4787 3337 4848 etin

1769 4875 2129 4938 universum
2156 4875 2235 4938 de
2258 4875 2515 4936 consilio
2538 4882 2601 4937 et
2618 4876 2935 4938 voluntate
2966 4877 3337 4957 disponente

1767 4973 1828 5028 et
1858 4974 2161 5046 operante
2209 4969 2273 5028 in
2314 4969 2625 5029 humanas
2666 4969 3021 5032 voluntates
3059 4977 3123 5032 et
3162 4975 3337 5031 actus

1763 5059 1999 5122 liberos
2018 5079 2261 5135 earum,
2278 5061 2479 5123 multa
2494 5061 2767 5123 difficilia
2782 5063 3035 5124 tractari
3056 5068 3335 5142 possent.

1766 5154 1846 5214 ad
1872 5173 2012 5236 quaa
2038 5173 2209 5216 nunc
2230 5154 2475 5234 digredi
2504 5171 2633 5216 non
2660 5160 2756 5217 est
2777 5173 3058 5217 necesse.

1921 5358 2111 5421 Deum
2150 5355 2305 5420 velle
2344 5355 2546 5421 omnia
2570 5361 2751 5420 emim
2773 5374 2837 5420 se
2859 5361 2930 5421 ut
2955 5357 3172 5420 media.

1847 5533 1943 5591 15.
1996 5529 2227 5602 Quarto
2248 5573 2263 5604 ,
2296 5528 2721 5610 principaliter
2758 5527 3023 5590 infertur
3064 5546 3139 5589 ex
3169 5544 3337 5610 prae·
