<?xml version="1.0" encoding="UTF-8"?>
<!DOCTYPE html PUBLIC "-//W3C//DTD XHTML 1.0 Transitional//EN"
    "http://www.w3.org/TR/xhtml1/DTD/xhtml1-transitional.dtd">
<html xmlns="http://www.w3.org/1999/xhtml" xml:lang="en" lang="en">
 <head>
  <title>
</title>
<meta http-equiv="Content-Type" content="text/html;charset=utf-8" />
  <meta name='ocr-system' content='tesseract 3.04.00' />
  <meta name='ocr-capabilities' content='ocr_page ocr_carea ocr_par ocr_line ocrx_word'/>
</head>
<body>
  <div class='ocr_page' id='page_1' title='image "./rpfranciscisuar01duvagoog_0394.png"; bbox 0 0 3850 6225; ppageno 0'>
   <div class='ocr_carea' id='block_1_1' title="bbox 479 384 3139 448">
    <p class='ocr_par' dir='ltr' id='par_1_1' title="bbox 479 384 3139 448">
     <span class='ocr_line' id='line_1_1' title="bbox 479 384 3139 448; baseline -0.001 -1"><span class='ocrx_word' id='word_1_1' title='bbox 479 384 598 447; x_wconf 84' lang='grc'><strong>380</strong></span> <span class='ocrx_word' id='word_1_2' title='bbox 1029 388 1241 445; x_wconf 82' lang='lat' dir='ltr'><strong>OPUSC.</strong></span> <span class='ocrx_word' id='word_1_3' title='bbox 1277 392 1362 445; x_wconf 85' lang='lat'><strong>111.</strong></span> <span class='ocrx_word' id='word_1_4' title='bbox 1397 388 1618 445; x_wconf 77' lang='lat' dir='ltr'><strong>BREVlS</strong></span> <span class='ocrx_word' id='word_1_5' title='bbox 1649 390 1997 445; x_wconf 64' lang='lat' dir='ltr'><strong>mesomno</strong></span> <span class='ocrx_word' id='word_1_6' title='bbox 2028 390 2515 448; x_wconf 70' lang='lat' dir='ltr'><strong>comnovznsm</strong></span> <span class='ocrx_word' id='word_1_7' title='bbox 2544 394 2627 447; x_wconf 78' lang='lat' dir='ltr'><strong>DE</strong></span> <span class='ocrx_word' id='word_1_8' title='bbox 2658 390 2913 445; x_wconf 61' lang='lat' dir='ltr'><strong>auximo</strong></span> <span class='ocrx_word' id='word_1_9' title='bbox 2946 388 3139 445; x_wconf 70' lang='lat' dir='ltr'><strong>mic.</strong></span> 
     </span>
    </p>
   </div>
   <div class='ocr_carea' id='block_1_2' title="bbox 459 492 2041 5428">
    <p class='ocr_par' dir='ltr' id='par_1_2' title="bbox 459 492 2041 5428">
     <span class='ocr_line' id='line_1_2' title="bbox 558 492 2040 573; baseline 0.001 -20"><span class='ocrx_word' id='word_1_10' title='bbox 558 494 658 554; x_wconf 70' lang='lat'><strong>24.</strong></span> <span class='ocrx_word' id='word_1_11' title='bbox 703 494 846 555; x_wconf 84' lang='lat' dir='ltr'><strong>Jam</strong></span> <span class='ocrx_word' id='word_1_12' title='bbox 873 510 1022 555; x_wconf 81' lang='lat' dir='ltr'><strong>vero</strong></span> <span class='ocrx_word' id='word_1_13' title='bbox 1065 494 1182 554; x_wconf 87' lang='grc'><strong>1166</strong></span> <span class='ocrx_word' id='word_1_14' title='bbox 1225 492 1584 555; x_wconf 84' lang='lat' dir='ltr'><strong>difficultate</strong></span> <span class='ocrx_word' id='word_1_15' title='bbox 1629 494 1929 573; x_wconf 88' lang='lat' dir='ltr'><strong>superati,</strong></span> <span class='ocrx_word' id='word_1_16' title='bbox 1972 492 2040 555; x_wconf 91' lang='lat' dir='ltr'><strong>il·</strong></span> 
     </span>
     <span class='ocr_line' id='line_1_3' title="bbox 476 584 2039 673; baseline 0.002 -27"><span class='ocrx_word' id='word_1_17' title='bbox 476 584 598 648; x_wconf 88' lang='lat' dir='ltr'><strong>lius</strong></span> <span class='ocrx_word' id='word_1_18' title='bbox 623 585 946 648; x_wconf 78' lang='lat' dir='ltr'><strong>sententiaa</strong></span> <span class='ocrx_word' id='word_1_19' title='bbox 973 594 1260 648; x_wconf 80' lang='lat' dir='ltr'><strong>auctores</strong></span> <span class='ocrx_word' id='word_1_20' title='bbox 1291 594 1597 673; x_wconf 80' lang='lat' dir='ltr'><strong>conantur</strong></span> <span class='ocrx_word' id='word_1_21' title='bbox 1619 588 1829 667; x_wconf 86' lang='lat' dir='ltr'><strong>aliquo</strong></span> <span class='ocrx_word' id='word_1_22' title='bbox 1849 587 2039 649; x_wconf 87' lang='lat' dir='ltr'><strong>modo</strong></span> 
     </span>
     <span class='ocr_line' id='line_1_4' title="bbox 478 678 2037 759; baseline 0.003 -20"><span class='ocrx_word' id='word_1_23' title='bbox 478 678 819 741; x_wconf 81' lang='lat' dir='ltr'><strong>defendere</strong></span> <span class='ocrx_word' id='word_1_24' title='bbox 849 698 984 741; x_wconf 91' lang='lat' dir='ltr'><strong>esse</strong></span> <span class='ocrx_word' id='word_1_25' title='bbox 1025 678 1090 741; x_wconf 89' lang='lat' dir='ltr'><strong>in</strong></span> <span class='ocrx_word' id='word_1_26' title='bbox 1133 686 1439 759; x_wconf 79' lang='lat' dir='ltr'><strong>potestate</strong></span> <span class='ocrx_word' id='word_1_27' title='bbox 1486 682 1756 743; x_wconf 88' lang='lat' dir='ltr'><strong>hominis</strong></span> <span class='ocrx_word' id='word_1_28' title='bbox 1802 682 2037 743; x_wconf 89' lang='lat' dir='ltr'><strong>habere</strong></span> 
     </span>
     <span class='ocr_line' id='line_1_5' title="bbox 477 771 2037 855; baseline 0.002 -23"><span class='ocrx_word' id='word_1_29' title='bbox 477 771 778 833; x_wconf 84' lang='lat' dir='ltr'><strong>auxilium</strong></span> <span class='ocrx_word' id='word_1_30' title='bbox 807 774 1048 847; x_wconf 83' lang='lat' dir='ltr'><strong>efficax,</strong></span> <span class='ocrx_word' id='word_1_31' title='bbox 1081 775 1342 855; x_wconf 84' lang='lat' dir='ltr'><strong>ejusque</strong></span> <span class='ocrx_word' id='word_1_32' title='bbox 1373 776 1674 837; x_wconf 80' lang='lat' dir='ltr'><strong>voluntati</strong></span> <span class='ocrx_word' id='word_1_33' title='bbox 1699 776 2037 837; x_wconf 84' lang='lat' dir='ltr'><strong>attribuen-</strong></span> 
     </span>
     <span class='ocr_line' id='line_1_6' title="bbox 479 863 2039 950; baseline 0.001 -23"><span class='ocrx_word' id='word_1_34' title='bbox 479 863 632 927; x_wconf 91' lang='lat' dir='ltr'><strong>dum</strong></span> <span class='ocrx_word' id='word_1_35' title='bbox 659 884 798 928; x_wconf 86' lang='lat' dir='ltr'><strong>esse</strong></span> <span class='ocrx_word' id='word_1_36' title='bbox 833 868 1005 947; x_wconf 90' lang='lat' dir='ltr'><strong>quod</strong></span> <span class='ocrx_word' id='word_1_37' title='bbox 1034 886 1164 930; x_wconf 91' lang='lat' dir='ltr'><strong>non</strong></span> <span class='ocrx_word' id='word_1_38' title='bbox 1201 868 1455 942; x_wconf 88' lang='lat' dir='ltr'><strong>habeat,</strong></span> <span class='ocrx_word' id='word_1_39' title='bbox 1487 868 1636 950; x_wconf 88' lang='lat' dir='ltr'><strong>quia</strong></span> <span class='ocrx_word' id='word_1_40' title='bbox 1677 867 1910 949; x_wconf 83' lang='lat' dir='ltr'>alioqui</span> <span class='ocrx_word' id='word_1_41' title='bbox 1951 868 2039 930; x_wconf 86' lang='lat' dir='ltr'><strong>vi-</strong></span> 
     </span>
     <span class='ocr_line' id='line_1_7' title="bbox 477 958 2037 1046; baseline 0.001 -25"><span class='ocrx_word' id='word_1_42' title='bbox 477 958 631 1021; x_wconf 90' lang='lat' dir='ltr'><strong>dent</strong></span> <span class='ocrx_word' id='word_1_43' title='bbox 655 974 786 1021; x_wconf 91' lang='lat' dir='ltr'><strong>non</strong></span> <span class='ocrx_word' id='word_1_44' title='bbox 823 978 1009 1040; x_wconf 89' lang='lat' dir='ltr'><strong>posse</strong></span> <span class='ocrx_word' id='word_1_45' title='bbox 1047 960 1218 1041; x_wconf 86' lang='lat' dir='ltr'><strong>juste</strong></span> <span class='ocrx_word' id='word_1_46' title='bbox 1267 962 1403 1043; x_wconf 88' lang='lat' dir='ltr'><strong>ejus</strong></span> <span class='ocrx_word' id='word_1_47' title='bbox 1441 962 1745 1023; x_wconf 88' lang='lat' dir='ltr'><strong>voluntati</strong></span> <span class='ocrx_word' id='word_1_48' title='bbox 1779 962 2037 1046; x_wconf 55' lang='lat' dir='ltr'><strong>⁴attribui</strong></span> 
     </span>
     <span class='ocr_line' id='line_1_8' title="bbox 475 1050 2037 1133; baseline 0.003 -23"><span class='ocrx_word' id='word_1_49' title='bbox 475 1050 644 1131; x_wconf 83' lang='lat' dir='ltr'><strong>quod</strong></span> <span class='ocrx_word' id='word_1_50' title='bbox 677 1070 808 1113; x_wconf 90' lang='lat' dir='ltr'><strong>non</strong></span> <span class='ocrx_word' id='word_1_51' title='bbox 841 1061 1154 1133; x_wconf 79' lang='lat' dir='ltr'><strong>operetur.</strong></span> <span class='ocrx_word' id='word_1_52' title='bbox 1186 1055 1510 1127; x_wconf 87' lang='lat' dir='ltr'>Quomodo</span> <span class='ocrx_word' id='word_1_53' title='bbox 1537 1054 1842 1117; x_wconf 88' lang='lat' dir='ltr'><strong>autemid</strong></span> <span class='ocrx_word' id='word_1_54' title='bbox 1865 1055 1943 1116; x_wconf 91' lang='lat' dir='ltr'><strong>sit</strong></span> <span class='ocrx_word' id='word_1_55' title='bbox 1972 1055 2037 1116; x_wconf 89' lang='lat' dir='ltr'><strong>in</strong></span> 
     </span>
     <span class='ocr_line' id='line_1_9' title="bbox 475 1144 2041 1229; baseline 0.005 -26"><span class='ocrx_word' id='word_1_56' title='bbox 475 1144 748 1205; x_wconf 88' lang='lat' dir='ltr'><strong>hominis</strong></span> <span class='ocrx_word' id='word_1_57' title='bbox 770 1152 1102 1225; x_wconf 84' lang='lat' dir='ltr'><strong>potestate,</strong></span> <span class='ocrx_word' id='word_1_58' title='bbox 1133 1166 1251 1210; x_wconf 85' lang='lat' dir='ltr'><strong>nee</strong></span> <span class='ocrx_word' id='word_1_59' title='bbox 1278 1149 1624 1223; x_wconf 87' lang='lat' dir='ltr'><strong>declarant,</strong></span> <span class='ocrx_word' id='word_1_60' title='bbox 1655 1168 1772 1211; x_wconf 90' lang='lat' dir='ltr'><strong>nec</strong></span> <span class='ocrx_word' id='word_1_61' title='bbox 1805 1168 2041 1229; x_wconf 88' lang='lat' dir='ltr'><strong>suppo-</strong></span> 
     </span>
     <span class='ocr_line' id='line_1_10' title="bbox 475 1236 2038 1323; baseline 0.003 -26"><span class='ocrx_word' id='word_1_62' title='bbox 475 1236 593 1297; x_wconf 90' lang='lat' dir='ltr'><strong>sita</strong></span> <span class='ocrx_word' id='word_1_63' title='bbox 619 1236 901 1299; x_wconf 88' lang='lat' dir='ltr'><strong>doctrina</strong></span> <span class='ocrx_word' id='word_1_64' title='bbox 941 1239 1020 1303; x_wconf 90' lang='lat' dir='ltr'><strong>de</strong></span> <span class='ocrx_word' id='word_1_65' title='bbox 1051 1241 1280 1303; x_wconf 80' lang='lat' dir='ltr'><strong>auxilio</strong></span> <span class='ocrx_word' id='word_1_66' title='bbox 1311 1242 1570 1323; x_wconf 84' lang='lat' dir='ltr'><strong>physice</strong></span> <span class='ocrx_word' id='word_1_67' title='bbox 1612 1242 2038 1322; x_wconf 63' lang='lat' dir='ltr'><strong>praedetermi-</strong></span> 
     </span>
     <span class='ocr_line' id='line_1_11' title="bbox 477 1329 2038 1413; baseline 0.004 -25"><span class='ocrx_word' id='word_1_68' title='bbox 477 1334 689 1405; x_wconf 90' lang='lat' dir='ltr'><strong>nante,</strong></span> <span class='ocrx_word' id='word_1_69' title='bbox 732 1329 1036 1395; x_wconf 89' lang='lat' dir='ltr'><strong>declarari</strong></span> <span class='ocrx_word' id='word_1_70' title='bbox 1059 1340 1282 1413; x_wconf 89' lang='lat' dir='ltr'><strong>potest.</strong></span> <span class='ocrx_word' id='word_1_71' title='bbox 1314 1335 1495 1408; x_wconf 87' lang='lat' dir='ltr'><strong>Quod</strong></span> <span class='ocrx_word' id='word_1_72' title='bbox 1529 1336 1801 1397; x_wconf 81' lang='lat' dir='ltr'><strong>breviter</strong></span> <span class='ocrx_word' id='word_1_73' title='bbox 1827 1335 1910 1397; x_wconf 90' lang='lat' dir='ltr'><strong>ita</strong></span> <span class='ocrx_word' id='word_1_74' title='bbox 1934 1352 2038 1395; x_wconf 93' lang='lat' dir='ltr'><strong>os-</strong></span> 
     </span>
     <span class='ocr_line' id='line_1_12' title="bbox 475 1420 2037 1509; baseline 0.005 -28"><span class='ocrx_word' id='word_1_75' title='bbox 475 1420 699 1483; x_wconf 90' lang='lat' dir='ltr'><strong>tendo:</strong></span> <span class='ocrx_word' id='word_1_76' title='bbox 741 1442 886 1484; x_wconf 90' lang='lat' dir='ltr'><strong>nam</strong></span> <span class='ocrx_word' id='word_1_77' title='bbox 917 1426 967 1486; x_wconf 91' lang='lat' dir='ltr'><strong>si</strong></span> <span class='ocrx_word' id='word_1_78' title='bbox 999 1432 1093 1488; x_wconf 89' lang='lat' dir='ltr'><strong>est</strong></span> <span class='ocrx_word' id='word_1_79' title='bbox 1125 1428 1190 1488; x_wconf 91' lang='lat' dir='ltr'><strong>in</strong></span> <span class='ocrx_word' id='word_1_80' title='bbox 1217 1428 1487 1491; x_wconf 89' lang='lat' dir='ltr'><strong>hominis</strong></span> <span class='ocrx_word' id='word_1_81' title='bbox 1509 1434 1818 1509; x_wconf 83' lang='lat' dir='ltr'><strong>potestate</strong></span> <span class='ocrx_word' id='word_1_82' title='bbox 1844 1428 2037 1489; x_wconf 87' lang='lat' dir='ltr'><strong>habe·</strong></span> 
     </span>
     <span class='ocr_line' id='line_1_13' title="bbox 475 1515 2037 1603; baseline 0.006 -29"><span class='ocrx_word' id='word_1_83' title='bbox 475 1532 544 1576; x_wconf 92' lang='lat' dir='ltr'><strong>re</strong></span> <span class='ocrx_word' id='word_1_84' title='bbox 592 1515 711 1576; x_wconf 91' lang='lat' dir='ltr'><strong>hoc</strong></span> <span class='ocrx_word' id='word_1_85' title='bbox 735 1517 1033 1579; x_wconf 83' lang='lat' dir='ltr'><strong>auxilium</strong></span> <span class='ocrx_word' id='word_1_86' title='bbox 1074 1520 1320 1598; x_wconf 84' lang='lat' dir='ltr'><strong>efficax,</strong></span> <span class='ocrx_word' id='word_1_87' title='bbox 1352 1524 1466 1585; x_wconf 90' lang='lat' dir='ltr'><strong>erit</strong></span> <span class='ocrx_word' id='word_1_88' title='bbox 1495 1542 1646 1603; x_wconf 82' lang='lat' dir='ltr'><strong>ergo</strong></span> <span class='ocrx_word' id='word_1_89' title='bbox 1677 1523 1812 1601; x_wconf 84' lang='lat' dir='ltr'><strong>ejus</strong></span> <span class='ocrx_word' id='word_1_90' title='bbox 1838 1522 2037 1601; x_wconf 83' lang='lat' dir='ltr'><strong>culpae</strong></span> 
     </span>
     <span class='ocr_line' id='line_1_14' title="bbox 477 1606 2039 1696; baseline 0.004 -27"><span class='ocrx_word' id='word_1_91' title='bbox 477 1606 879 1671; x_wconf 84' lang='lat' dir='ltr'><strong>tribuendum</strong></span> <span class='ocrx_word' id='word_1_92' title='bbox 928 1612 1098 1691; x_wconf 86' lang='lat' dir='ltr'><strong>quod</strong></span> <span class='ocrx_word' id='word_1_93' title='bbox 1136 1614 1287 1676; x_wconf 88' lang='lat' dir='ltr'><strong>illud</strong></span> <span class='ocrx_word' id='word_1_94' title='bbox 1327 1634 1458 1677; x_wconf 91' lang='lat' dir='ltr'><strong>non</strong></span> <span class='ocrx_word' id='word_1_95' title='bbox 1488 1616 1744 1689; x_wconf 87' lang='lat' dir='ltr'><strong>habeat,</strong></span> <span class='ocrx_word' id='word_1_96' title='bbox 1785 1615 2039 1696; x_wconf 88' lang='lat' dir='ltr'><strong>quando</strong></span> 
     </span>
     <span class='ocr_line' id='line_1_15' title="bbox 476 1704 2039 1790; baseline 0.004 -28"><span class='ocrx_word' id='word_1_97' title='bbox 476 1704 900 1766; x_wconf 89' lang='lat' dir='ltr'><strong>necessarium</strong></span> <span class='ocrx_word' id='word_1_98' title='bbox 923 1712 1016 1769; x_wconf 88' lang='lat' dir='ltr'><strong>est</strong></span> <span class='ocrx_word' id='word_1_99' title='bbox 1036 1708 1316 1781; x_wconf 89' lang='lat' dir='ltr'><strong>credere,</strong></span> <span class='ocrx_word' id='word_1_100' title='bbox 1340 1710 1438 1771; x_wconf 87' lang='lat' dir='ltr'><strong>vel</strong></span> <span class='ocrx_word' id='word_1_101' title='bbox 1453 1711 1759 1790; x_wconf 87' lang='lat' dir='ltr'><strong>poenitere</strong></span> <span class='ocrx_word' id='word_1_102' title='bbox 1788 1728 1864 1771; x_wconf 90' lang='lat' dir='ltr'><strong>ex</strong></span> <span class='ocrx_word' id='word_1_103' title='bbox 1881 1727 2039 1789; x_wconf 83' lang='lat' dir='ltr'><strong>prae-</strong></span> 
     </span>
     <span class='ocr_line' id='line_1_16' title="bbox 476 1798 2038 1881; baseline 0.005 -24"><span class='ocrx_word' id='word_1_104' title='bbox 476 1801 692 1876; x_wconf 88' lang='lat' dir='ltr'><strong>cepto;</strong></span> <span class='ocrx_word' id='word_1_105' title='bbox 719 1815 848 1858; x_wconf 89' lang='lat' dir='ltr'><strong>non</strong></span> <span class='ocrx_word' id='word_1_106' title='bbox 879 1798 1049 1861; x_wconf 88' lang='lat' dir='ltr'><strong>enim</strong></span> <span class='ocrx_word' id='word_1_107' title='bbox 1073 1806 1278 1880; x_wconf 87' lang='lat' dir='ltr'><strong>potest</strong></span> <span class='ocrx_word' id='word_1_108' title='bbox 1306 1802 1428 1864; x_wconf 89' lang='lat' dir='ltr'><strong>alia</strong></span> <span class='ocrx_word' id='word_1_109' title='bbox 1447 1804 1688 1865; x_wconf 87' lang='lat' dir='ltr'><strong>ratione</strong></span> <span class='ocrx_word' id='word_1_110' title='bbox 1719 1822 1857 1865; x_wconf 88' lang='lat' dir='ltr'><strong>esse</strong></span> <span class='ocrx_word' id='word_1_111' title='bbox 1889 1820 2038 1881; x_wconf 86' lang='lat' dir='ltr'><strong>pec·</strong></span> 
     </span>
     <span class='ocr_line' id='line_1_17' title="bbox 475 1892 2037 1977; baseline 0.003 -27"><span class='ocrx_word' id='word_1_112' title='bbox 475 1894 683 1951; x_wconf 84' lang='lat' dir='ltr'><strong>catum</strong></span> <span class='ocrx_word' id='word_1_113' title='bbox 703 1908 827 1951; x_wconf 89' lang='lat' dir='ltr'><strong>non</strong></span> <span class='ocrx_word' id='word_1_114' title='bbox 859 1892 1142 1967; x_wconf 89' lang='lat' dir='ltr'><strong>credere,</strong></span> <span class='ocrx_word' id='word_1_115' title='bbox 1177 1901 1438 1957; x_wconf 90' lang='lat' dir='ltr'><strong>autnon</strong></span> <span class='ocrx_word' id='word_1_116' title='bbox 1466 1897 1791 1977; x_wconf 87' lang='lat' dir='ltr'><strong>poenitere,</strong></span> <span class='ocrx_word' id='word_1_117' title='bbox 1820 1896 1939 1956; x_wconf 88' lang='lat' dir='ltr'><strong>nisi</strong></span> <span class='ocrx_word' id='word_1_118' title='bbox 1971 1896 2037 1958; x_wconf 92' lang='lat' dir='ltr'><strong>in</strong></span> 
     </span>
     <span class='ocr_line' id='line_1_18' title="bbox 473 1988 2034 2068; baseline 0.007 -26"><span class='ocrx_word' id='word_1_119' title='bbox 473 1989 777 2061; x_wconf 87' lang='lat' dir='ltr'><strong>quantum</strong></span> <span class='ocrx_word' id='word_1_120' title='bbox 798 2004 874 2046; x_wconf 85' lang='lat' dir='ltr'><strong>ex</strong></span> <span class='ocrx_word' id='word_1_121' title='bbox 889 2005 1002 2047; x_wconf 90' lang='lat' dir='ltr'><strong>sua</strong></span> <span class='ocrx_word' id='word_1_122' title='bbox 1031 1988 1214 2067; x_wconf 90' lang='lat' dir='ltr'><strong>culpa</strong></span> <span class='ocrx_word' id='word_1_123' title='bbox 1239 1990 1530 2068; x_wconf 83' lang='lat' dir='ltr'><strong>provenit</strong></span> <span class='ocrx_word' id='word_1_124' title='bbox 1558 2008 1770 2051; x_wconf 89' lang='lat' dir='ltr'><strong>carere</strong></span> <span class='ocrx_word' id='word_1_125' title='bbox 1801 1990 2034 2053; x_wconf 83' lang='lat' dir='ltr'><strong>auxilio</strong></span> 
     </span>
     <span class='ocr_line' id='line_1_19' title="bbox 475 2075 2037 2163; baseline 0.004 -27"><span class='ocrx_word' id='word_1_126' title='bbox 475 2075 580 2138; x_wconf 91' lang='lat' dir='ltr'><strong>illo</strong></span> <span class='ocrx_word' id='word_1_127' title='bbox 603 2076 836 2145; x_wconf 81' lang='lat' dir='ltr'><strong>efficaci</strong></span> <span class='ocrx_word' id='word_1_128' title='bbox 857 2078 938 2139; x_wconf 88' lang='lat' dir='ltr'><strong>ad</strong></span> <span class='ocrx_word' id='word_1_129' title='bbox 967 2098 1074 2142; x_wconf 91' lang='lat' dir='ltr'><strong>eos</strong></span> <span class='ocrx_word' id='word_1_130' title='bbox 1098 2089 1304 2155; x_wconf 89' lang='lat' dir='ltr'><strong>actus;</strong></span> <span class='ocrx_word' id='word_1_131' title='bbox 1329 2082 1646 2163; x_wconf 84' lang='lat' dir='ltr'><strong>interrogo</strong></span> <span class='ocrx_word' id='word_1_132' title='bbox 1662 2084 1851 2163; x_wconf 82' lang='lat' dir='ltr'><strong>igitur</strong></span> <span class='ocrx_word' id='word_1_133' title='bbox 1869 2101 2037 2162; x_wconf 82' lang='lat' dir='ltr'><strong>quae-</strong></span> 
     </span>
     <span class='ocr_line' id='line_1_20' title="bbox 470 2170 2035 2256; baseline 0.006 -29"><span class='ocrx_word' id='word_1_134' title='bbox 470 2186 620 2229; x_wconf 92' lang='lat' dir='ltr'><strong>nam</strong></span> <span class='ocrx_word' id='word_1_135' title='bbox 642 2170 744 2231; x_wconf 90' lang='lat' dir='ltr'><strong>illa</strong></span> <span class='ocrx_word' id='word_1_136' title='bbox 766 2172 948 2251; x_wconf 88' lang='lat' dir='ltr'><strong>culpa</strong></span> <span class='ocrx_word' id='word_1_137' title='bbox 975 2174 1084 2235; x_wconf 90' lang='lat' dir='ltr'><strong>sit:</strong></span> <span class='ocrx_word' id='word_1_138' title='bbox 1111 2180 1218 2235; x_wconf 87' lang='lat' dir='ltr'><strong>aut</strong></span> <span class='ocrx_word' id='word_1_139' title='bbox 1241 2175 1408 2235; x_wconf 90' lang='lat' dir='ltr'><strong>enim</strong></span> <span class='ocrx_word' id='word_1_140' title='bbox 1428 2183 1522 2236; x_wconf 89' lang='lat' dir='ltr'><strong>est</strong></span> <span class='ocrx_word' id='word_1_141' title='bbox 1543 2176 1800 2255; x_wconf 76' lang='lat' dir='ltr'>aliquod</span> <span class='ocrx_word' id='word_1_142' title='bbox 1814 2196 2035 2256; x_wconf 86' lang='lat' dir='ltr'><strong>pecca-</strong></span> 
     </span>
     <span class='ocr_line' id='line_1_21' title="bbox 474 2266 2033 2331; baseline 0.006 -9"><span class='ocrx_word' id='word_1_143' title='bbox 474 2269 606 2323; x_wconf 89' lang='lat' dir='ltr'><strong>tum</strong></span> <span class='ocrx_word' id='word_1_144' title='bbox 633 2266 1082 2327; x_wconf 84' lang='lat' dir='ltr'>commissionis</span> <span class='ocrx_word' id='word_1_145' title='bbox 1100 2266 1198 2327; x_wconf 86' lang='lat' dir='ltr'><strong>vel</strong></span> <span class='ocrx_word' id='word_1_146' title='bbox 1223 2269 1594 2330; x_wconf 62' lang='lat' dir='ltr'><strong>omissionis</strong></span> <span class='ocrx_word' id='word_1_147' title='bbox 1623 2270 1896 2331; x_wconf 90' lang='lat' dir='ltr'><strong>Primum</strong></span> <span class='ocrx_word' id='word_1_148' title='bbox 1913 2268 2033 2331; x_wconf 85' lang='grc'><strong>(1161</strong></span> 
     </span>
     <span class='ocr_line' id='line_1_22' title="bbox 474 2360 2035 2443; baseline 0.005 -28"><span class='ocrx_word' id='word_1_149' title='bbox 474 2374 605 2416; x_wconf 89' lang='lat' dir='ltr'><strong>non</strong></span> <span class='ocrx_word' id='word_1_150' title='bbox 633 2362 858 2436; x_wconf 86' lang='lat' dir='ltr'><strong>potest,</strong></span> <span class='ocrx_word' id='word_1_151' title='bbox 887 2360 1034 2439; x_wconf 89' lang='lat' dir='ltr'><strong>quia</strong></span> <span class='ocrx_word' id='word_1_152' title='bbox 1073 2379 1334 2422; x_wconf 89' lang='lat' dir='ltr'><strong>necesse</strong></span> <span class='ocrx_word' id='word_1_153' title='bbox 1367 2381 1498 2423; x_wconf 92' lang='lat' dir='ltr'><strong>non</strong></span> <span class='ocrx_word' id='word_1_154' title='bbox 1539 2372 1634 2425; x_wconf 87' lang='lat' dir='ltr'><strong>est</strong></span> <span class='ocrx_word' id='word_1_155' title='bbox 1665 2368 1754 2437; x_wconf 91' lang='lat' dir='ltr'><strong>ut,</strong></span> <span class='ocrx_word' id='word_1_156' title='bbox 1789 2364 2035 2443; x_wconf 87' lang='lat' dir='ltr'><strong>quoties</strong></span> 
     </span>
     <span class='ocr_line' id='line_1_23' title="bbox 472 2449 2038 2536; baseline 0.006 -28"><span class='ocrx_word' id='word_1_157' title='bbox 472 2449 614 2528; x_wconf 82' lang='lat' dir='ltr'><strong>quis</strong></span> <span class='ocrx_word' id='word_1_158' title='bbox 641 2458 863 2529; x_wconf 87' lang='lat' dir='ltr'><strong>peccat</strong></span> <span class='ocrx_word' id='word_1_159' title='bbox 883 2471 1010 2513; x_wconf 91' lang='lat' dir='ltr'><strong>non</strong></span> <span class='ocrx_word' id='word_1_160' title='bbox 1049 2454 1385 2529; x_wconf 91' lang='lat' dir='ltr'><strong>credendo,</strong></span> <span class='ocrx_word' id='word_1_161' title='bbox 1411 2462 1521 2519; x_wconf 85' lang='lat' dir='ltr'><strong>aut</strong></span> <span class='ocrx_word' id='word_1_162' title='bbox 1553 2475 1682 2517; x_wconf 89' lang='lat' dir='ltr'><strong>non</strong></span> <span class='ocrx_word' id='word_1_163' title='bbox 1721 2458 2038 2536; x_wconf 70' lang='grc'><strong>1166611611-</strong></span> 
     </span>
     <span class='ocr_line' id='line_1_24' title="bbox 473 2542 2038 2629; baseline 0.007 -28"><span class='ocrx_word' id='word_1_164' title='bbox 473 2542 578 2615; x_wconf 90' lang='grc'><strong>(16,</strong></span> <span class='ocrx_word' id='word_1_165' title='bbox 611 2563 842 2605; x_wconf 83' lang='lat' dir='ltr'><strong>novum</strong></span> <span class='ocrx_word' id='word_1_166' title='bbox 872 2546 1042 2608; x_wconf 90' lang='lat' dir='ltr'><strong>aliud</strong></span> <span class='ocrx_word' id='word_1_167' title='bbox 1072 2554 1396 2629; x_wconf 88' lang='lat' dir='ltr'><strong>peccatum</strong></span> <span class='ocrx_word' id='word_1_168' title='bbox 1423 2549 1876 2611; x_wconf 86' lang='lat' dir='ltr'>commissionis</span> <span class='ocrx_word' id='word_1_169' title='bbox 1904 2550 2038 2611; x_wconf 86' lang='lat' dir='ltr'><strong>effi-</strong></span> 
     </span>
     <span class='ocr_line' id='line_1_25' title="bbox 473 2636 2037 2723; baseline 0.004 -26"><span class='ocrx_word' id='word_1_170' title='bbox 473 2636 628 2709; x_wconf 83' lang='lat' dir='ltr'><strong>ciat;</strong></span> <span class='ocrx_word' id='word_1_171' title='bbox 673 2637 818 2715; x_wconf 89' lang='lat' dir='ltr'><strong>quia</strong></span> <span class='ocrx_word' id='word_1_172' title='bbox 861 2658 986 2700; x_wconf 93' lang='lat' dir='ltr'><strong>non</strong></span> <span class='ocrx_word' id='word_1_173' title='bbox 1035 2660 1284 2722; x_wconf 86' lang='lat' dir='ltr'><strong>semper</strong></span> <span class='ocrx_word' id='word_1_174' title='bbox 1331 2644 1600 2704; x_wconf 87' lang='lat' dir='ltr'><strong>occurrit</strong></span> <span class='ocrx_word' id='word_1_175' title='bbox 1651 2644 1822 2704; x_wconf 86' lang='lat' dir='ltr'><strong>aliud</strong></span> <span class='ocrx_word' id='word_1_176' title='bbox 1877 2663 2037 2723; x_wconf 82' lang='lat' dir='ltr'><strong>prae-</strong></span> 
     </span>
     <span class='ocr_line' id='line_1_26' title="bbox 472 2735 2029 2817; baseline 0.004 -26"><span class='ocrx_word' id='word_1_177' title='bbox 472 2737 724 2810; x_wconf 88' lang='lat' dir='ltr'><strong>ceptum</strong></span> <span class='ocrx_word' id='word_1_178' title='bbox 777 2735 1138 2813; x_wconf 81' lang='lat' dir='ltr'><strong>negativum</strong></span> <span class='ocrx_word' id='word_1_179' title='bbox 1195 2742 1412 2797; x_wconf 87' lang='lat' dir='ltr'><strong>contra</strong></span> <span class='ocrx_word' id='word_1_180' title='bbox 1478 2737 1651 2815; x_wconf 89' lang='lat' dir='ltr'><strong>quod</strong></span> <span class='ocrx_word' id='word_1_181' title='bbox 1711 2744 2029 2817; x_wconf 84' lang='lat' dir='ltr'><strong>operetur.</strong></span> 
     </span>
     <span class='ocr_line' id='line_1_27' title="bbox 471 2824 2035 2911; baseline 0.003 -24"><span class='ocrx_word' id='word_1_182' title='bbox 471 2824 673 2901; x_wconf 87' lang='lat' dir='ltr'><strong>Unde,</strong></span> <span class='ocrx_word' id='word_1_183' title='bbox 708 2844 915 2904; x_wconf 87' lang='lat' dir='ltr'><strong>neque</strong></span> <span class='ocrx_word' id='word_1_184' title='bbox 955 2828 1100 2889; x_wconf 90' lang='lat' dir='ltr'><strong>dicti</strong></span> <span class='ocrx_word' id='word_1_185' title='bbox 1145 2836 1434 2891; x_wconf 83' lang='lat' dir='ltr'><strong>auctores</strong></span> <span class='ocrx_word' id='word_1_186' title='bbox 1463 2831 1585 2891; x_wconf 89' lang='lat' dir='ltr'><strong>hoc</strong></span> <span class='ocrx_word' id='word_1_187' title='bbox 1620 2830 1858 2905; x_wconf 90' lang='lat' dir='ltr'><strong>dicunt,</strong></span> <span class='ocrx_word' id='word_1_188' title='bbox 1885 2832 2035 2911; x_wconf 88' lang='lat' dir='ltr'><strong>quia</strong></span> 
     </span>
     <span class='ocr_line' id='line_1_28' title="bbox 471 2921 2033 3002; baseline 0.006 -25"><span class='ocrx_word' id='word_1_189' title='bbox 471 2934 690 2979; x_wconf 88' lang='lat' dir='ltr'><strong>revera</strong></span> <span class='ocrx_word' id='word_1_190' title='bbox 734 2926 900 2981; x_wconf 89' lang='lat' dir='ltr'><strong>esset</strong></span> <span class='ocrx_word' id='word_1_191' title='bbox 939 2939 1188 2983; x_wconf 88' lang='lat' dir='ltr'><strong>merum</strong></span> <span class='ocrx_word' id='word_1_192' title='bbox 1240 2921 1638 3002; x_wconf 86' lang='lat' dir='ltr'><strong>figmentum,</strong></span> <span class='ocrx_word' id='word_1_193' title='bbox 1695 2931 1758 2986; x_wconf 87' lang='lat' dir='ltr'><strong>et</strong></span> <span class='ocrx_word' id='word_1_194' title='bbox 1791 2944 1829 2985; x_wconf 86' lang='lat' dir='ltr'><strong>a</strong></span> <span class='ocrx_word' id='word_1_195' title='bbox 1877 2944 2033 2987; x_wconf 80' lang='lat' dir='ltr'><strong>sana</strong></span> 
     </span>
     <span class='ocr_line' id='line_1_29' title="bbox 469 3010 2033 3095; baseline 0.006 -25"><span class='ocrx_word' id='word_1_196' title='bbox 469 3010 748 3073; x_wconf 89' lang='lat' dir='ltr'><strong>doctrina</strong></span> <span class='ocrx_word' id='word_1_197' title='bbox 779 3014 1076 3087; x_wconf 89' lang='lat' dir='ltr'><strong>alienum,</strong></span> <span class='ocrx_word' id='word_1_198' title='bbox 1105 3014 1336 3088; x_wconf 88' lang='lat' dir='ltr'><strong>dicere,</strong></span> <span class='ocrx_word' id='word_1_199' title='bbox 1371 3018 2033 3095; x_wconf 84' lang='lat' dir='ltr'><strong>nunquamhominem</strong></span> 
     </span>
     <span class='ocr_line' id='line_1_30' title="bbox 469 3107 2033 3191; baseline 0.006 -26"><span class='ocrx_word' id='word_1_200' title='bbox 469 3123 731 3184; x_wconf 84' lang='lat' dir='ltr'><strong>peccare</strong></span> <span class='ocrx_word' id='word_1_201' title='bbox 754 3107 1092 3170; x_wconf 89' lang='lat' dir='ltr'><strong>omittendo</strong></span> <span class='ocrx_word' id='word_1_202' title='bbox 1113 3108 1364 3190; x_wconf 82' lang='lat' dir='ltr'><strong>aliquod</strong></span> <span class='ocrx_word' id='word_1_203' title='bbox 1384 3113 1857 3190; x_wconf 88' lang='lat' dir='ltr'><strong>supernaturale</strong></span> <span class='ocrx_word' id='word_1_204' title='bbox 1875 3132 2033 3191; x_wconf 80' lang='lat' dir='ltr'><strong>prae-</strong></span> 
     </span>
     <span class='ocr_line' id='line_1_31' title="bbox 471 3201 2031 3282; baseline 0.005 -24"><span class='ocrx_word' id='word_1_205' title='bbox 471 3204 763 3278; x_wconf 88' lang='lat' dir='ltr'><strong>ceptum‚</strong></span> <span class='ocrx_word' id='word_1_206' title='bbox 804 3201 952 3280; x_wconf 87' lang='lat' dir='ltr'><strong>quin</strong></span> <span class='ocrx_word' id='word_1_207' title='bbox 999 3201 1168 3263; x_wconf 92' lang='lat' dir='ltr'><strong>aliud</strong></span> <span class='ocrx_word' id='word_1_208' title='bbox 1209 3207 1535 3282; x_wconf 87' lang='lat' dir='ltr'><strong>peccatum</strong></span> <span class='ocrx_word' id='word_1_209' title='bbox 1574 3205 2031 3266; x_wconf 87' lang='lat' dir='ltr'><strong>commissionis</strong></span> 
     </span>
     <span class='ocr_line' id='line_1_32' title="bbox 467 3291 2029 3376; baseline 0.006 -24"><span class='ocrx_word' id='word_1_210' title='bbox 467 3291 654 3354; x_wconf 85' lang='lat' dir='ltr'><strong>faciat</strong></span> <span class='ocrx_word' id='word_1_211' title='bbox 677 3300 890 3356; x_wconf 88' lang='lat' dir='ltr'><strong>contra</strong></span> <span class='ocrx_word' id='word_1_212' title='bbox 919 3294 1087 3356; x_wconf 88' lang='lat' dir='ltr'><strong>aliud</strong></span> <span class='ocrx_word' id='word_1_213' title='bbox 1119 3303 1494 3376; x_wconf 68' lang='lat' dir='ltr'><strong>praeceptum</strong></span> <span class='ocrx_word' id='word_1_214' title='bbox 1525 3299 1908 3376; x_wconf 83' lang='lat' dir='ltr'><strong>negativum.</strong></span> <span class='ocrx_word' id='word_1_215' title='bbox 1941 3301 2029 3361; x_wconf 90' lang='lat' dir='ltr'><strong>De</strong></span> 
     </span>
     <span class='ocr_line' id='line_1_33' title="bbox 469 3388 2033 3470; baseline 0.003 -22"><span class='ocrx_word' id='word_1_216' title='bbox 469 3393 728 3467; x_wconf 91' lang='lat' dir='ltr'><strong>peccato</strong></span> <span class='ocrx_word' id='word_1_217' title='bbox 757 3389 910 3450; x_wconf 88' lang='lat' dir='ltr'><strong>item</strong></span> <span class='ocrx_word' id='word_1_218' title='bbox 949 3388 1302 3450; x_wconf 85' lang='lat' dir='ltr'><strong>omissionis</strong></span> <span class='ocrx_word' id='word_1_219' title='bbox 1329 3391 1632 3469; x_wconf 88' lang='lat' dir='ltr'><strong>probatur</strong></span> <span class='ocrx_word' id='word_1_220' title='bbox 1659 3391 1848 3466; x_wconf 91' lang='lat' dir='ltr'><strong>idem,</strong></span> <span class='ocrx_word' id='word_1_221' title='bbox 1883 3393 2033 3470; x_wconf 89' lang='lat' dir='ltr'><strong>quia</strong></span> 
     </span>
     <span class='ocr_line' id='line_1_34' title="bbox 466 3479 2027 3563; baseline 0.003 -23"><span class='ocrx_word' id='word_1_222' title='bbox 466 3479 571 3541; x_wconf 82' lang='lat' dir='ltr'><strong>vel</strong></span> <span class='ocrx_word' id='word_1_223' title='bbox 594 3481 720 3542; x_wconf 91' lang='lat' dir='ltr'><strong>tale</strong></span> <span class='ocrx_word' id='word_1_224' title='bbox 749 3487 1074 3560; x_wconf 87' lang='lat' dir='ltr'><strong>peccatum</strong></span> <span class='ocrx_word' id='word_1_225' title='bbox 1104 3487 1198 3542; x_wconf 91' lang='lat' dir='ltr'><strong>est</strong></span> <span class='ocrx_word' id='word_1_226' title='bbox 1236 3481 1372 3542; x_wconf 81' lang='lat' dir='ltr'><strong>hoec</strong></span> <span class='ocrx_word' id='word_1_227' title='bbox 1401 3483 1536 3563; x_wconf 90' lang='lat' dir='ltr'><strong>ipsa</strong></span> <span class='ocrx_word' id='word_1_228' title='bbox 1575 3484 1826 3546; x_wconf 87' lang='lat' dir='ltr'><strong>omissio</strong></span> <span class='ocrx_word' id='word_1_229' title='bbox 1855 3485 2027 3559; x_wconf 89' lang='lat' dir='ltr'><strong>fidei,</strong></span> 
     </span>
     <span class='ocr_line' id='line_1_35' title="bbox 467 3573 2031 3658; baseline 0.004 -24"><span class='ocrx_word' id='word_1_230' title='bbox 467 3573 567 3635; x_wconf 85' lang='lat' dir='ltr'><strong>vel</strong></span> <span class='ocrx_word' id='word_1_231' title='bbox 582 3575 963 3653; x_wconf 68' lang='lat' dir='ltr'><strong>poenitentiae</strong></span> <span class='ocrx_word' id='word_1_232' title='bbox 985 3595 1001 3648; x_wconf 89' lang='lat'>;</span> <span class='ocrx_word' id='word_1_233' title='bbox 1022 3579 1082 3636; x_wconf 86' lang='lat' dir='ltr'><strong>et</strong></span> <span class='ocrx_word' id='word_1_234' title='bbox 1103 3575 1220 3634; x_wconf 91' lang='lat' dir='ltr'><strong>hoc</strong></span> <span class='ocrx_word' id='word_1_235' title='bbox 1233 3592 1386 3648; x_wconf 88' lang='lat' dir='ltr'><strong>non,</strong></span> <span class='ocrx_word' id='word_1_236' title='bbox 1405 3578 1552 3656; x_wconf 85' lang='lat' dir='ltr'><strong>quia</strong></span> <span class='ocrx_word' id='word_1_237' title='bbox 1563 3577 1832 3658; x_wconf 88' lang='lat' dir='ltr'><strong>ipsamet</strong></span> <span class='ocrx_word' id='word_1_238' title='bbox 1847 3580 2031 3641; x_wconf 88' lang='lat' dir='ltr'><strong>omis-</strong></span> 
     </span>
     <span class='ocr_line' id='line_1_36' title="bbox 469 3666 2026 3748; baseline 0.004 -21"><span class='ocrx_word' id='word_1_239' title='bbox 469 3666 562 3728; x_wconf 88' lang='lat' dir='ltr'><strong>sio</strong></span> <span class='ocrx_word' id='word_1_240' title='bbox 597 3667 744 3729; x_wconf 90' lang='lat' dir='ltr'><strong>fidei</strong></span> <span class='ocrx_word' id='word_1_241' title='bbox 792 3673 898 3730; x_wconf 90' lang='lat' dir='ltr'><strong>aut</strong></span> <span class='ocrx_word' id='word_1_242' title='bbox 939 3667 1322 3748; x_wconf 81' lang='lat' dir='ltr'><strong>poenitentioe</strong></span> <span class='ocrx_word' id='word_1_243' title='bbox 1366 3688 1494 3732; x_wconf 90' lang='lat' dir='ltr'><strong>non</strong></span> <span class='ocrx_word' id='word_1_244' title='bbox 1535 3678 1630 3734; x_wconf 88' lang='lat' dir='ltr'><strong>est</strong></span> <span class='ocrx_word' id='word_1_245' title='bbox 1651 3672 2026 3746; x_wconf 77' lang='lat' dir='ltr'><strong>voluntaria,</strong></span> 
     </span>
     <span class='ocr_line' id='line_1_37' title="bbox 467 3761 2028 3846; baseline 0.004 -24"><span class='ocrx_word' id='word_1_246' title='bbox 467 3762 586 3824; x_wconf 91' lang='lat' dir='ltr'><strong>nisi</strong></span> <span class='ocrx_word' id='word_1_247' title='bbox 633 3763 697 3823; x_wconf 90' lang='lat' dir='ltr'><strong>in</strong></span> <span class='ocrx_word' id='word_1_248' title='bbox 745 3763 866 3824; x_wconf 83' lang='lat' dir='ltr'><strong>alio</strong></span> <span class='ocrx_word' id='word_1_249' title='bbox 913 3763 1103 3844; x_wconf 84' lang='lat' dir='ltr'><strong>priori</strong></span> <span class='ocrx_word' id='word_1_250' title='bbox 1131 3761 1581 3840; x_wconf 88' lang='lat' dir='ltr'><strong>impedimento</strong></span> <span class='ocrx_word' id='word_1_251' title='bbox 1625 3767 1796 3846; x_wconf 89' lang='lat' dir='ltr'><strong>quod</strong></span> <span class='ocrx_word' id='word_1_252' title='bbox 1835 3768 2028 3830; x_wconf 90' lang='lat' dir='ltr'><strong>homo</strong></span> 
     </span>
     <span class='ocr_line' id='line_1_38' title="bbox 465 3856 2031 3940; baseline 0.003 -23"><span class='ocrx_word' id='word_1_253' title='bbox 465 3856 664 3936; x_wconf 88' lang='lat' dir='ltr'><strong>ponit,</strong></span> <span class='ocrx_word' id='word_1_254' title='bbox 683 3875 764 3918; x_wconf 90' lang='lat' dir='ltr'><strong>ne</strong></span> <span class='ocrx_word' id='word_1_255' title='bbox 791 3857 905 3918; x_wconf 92' lang='lat' dir='ltr'><strong>sibi</strong></span> <span class='ocrx_word' id='word_1_256' title='bbox 922 3857 1106 3921; x_wconf 86' lang='lat' dir='ltr'><strong>detur</strong></span> <span class='ocrx_word' id='word_1_257' title='bbox 1122 3864 1420 3926; x_wconf 83' lang='lat' dir='ltr'><strong>auxilium</strong></span> <span class='ocrx_word' id='word_1_258' title='bbox 1449 3859 1694 3935; x_wconf 83' lang='lat' dir='ltr'><strong>efficax,</strong></span> <span class='ocrx_word' id='word_1_259' title='bbox 1721 3861 1890 3940; x_wconf 87' lang='lat' dir='ltr'><strong>quod</strong></span> <span class='ocrx_word' id='word_1_260' title='bbox 1915 3862 2031 3922; x_wconf 89' lang='lat' dir='ltr'><strong>im-</strong></span> 
     </span>
     <span class='ocr_line' id='line_1_39' title="bbox 465 3949 2028 4034; baseline 0.003 -24"><span class='ocrx_word' id='word_1_261' title='bbox 465 3949 896 4029; x_wconf 88' lang='lat' dir='ltr'><strong>pedimentum</strong></span> <span class='ocrx_word' id='word_1_262' title='bbox 945 3953 1269 4020; x_wconf 81' lang='lat' dir='ltr'><strong>dicebatur</strong></span> <span class='ocrx_word' id='word_1_263' title='bbox 1309 3973 1447 4018; x_wconf 92' lang='lat' dir='ltr'><strong>esse</strong></span> <span class='ocrx_word' id='word_1_264' title='bbox 1481 3954 1602 4016; x_wconf 88' lang='lat' dir='ltr'><strong>alia</strong></span> <span class='ocrx_word' id='word_1_265' title='bbox 1643 3956 1812 4034; x_wconf 87' lang='lat' dir='ltr'><strong>prior</strong></span> <span class='ocrx_word' id='word_1_266' title='bbox 1839 3955 2028 4015; x_wconf 90' lang='lat' dir='ltr'><strong>omis·</strong></span> 
     </span>
     <span class='ocr_line' id='line_1_40' title="bbox 467 4035 2027 4130; baseline 0.003 -26"><span class='ocrx_word' id='word_1_267' title='bbox 467 4045 581 4119; x_wconf 90' lang='lat' dir='ltr'><strong>sio,</strong></span> <span class='ocrx_word' id='word_1_268' title='bbox 621 4043 702 4106; x_wconf 94' lang='grc'><strong>(16</strong></span> <span class='ocrx_word' id='word_1_269' title='bbox 731 4063 856 4125; x_wconf 89' lang='lat' dir='ltr'><strong>qua</strong></span> <span class='ocrx_word' id='word_1_270' title='bbox 886 4050 1228 4126; x_wconf 83' lang='lat' dir='ltr'><strong>quaerimus</strong></span> <span class='ocrx_word' id='word_1_271' title='bbox 1273 4035 1562 4130; x_wconf 81' lang='lat' dir='ltr'><strong>quaenam</strong></span> <span class='ocrx_word' id='word_1_272' title='bbox 1595 4049 1691 4110; x_wconf 90' lang='lat' dir='ltr'><strong>sit.</strong></span> <span class='ocrx_word' id='word_1_273' title='bbox 1721 4049 1849 4109; x_wconf 85' lang='lat' dir='ltr'><strong>Erit</strong></span> <span class='ocrx_word' id='word_1_274' title='bbox 1875 4067 2027 4128; x_wconf 83' lang='lat' dir='ltr'><strong>ergo</strong></span> 
     </span>
     <span class='ocr_line' id='line_1_41' title="bbox 464 4139 2029 4218; baseline 0.003 -21"><span class='ocrx_word' id='word_1_275' title='bbox 464 4139 820 4200; x_wconf 86' lang='lat' dir='ltr'><strong>necessario</strong></span> <span class='ocrx_word' id='word_1_276' title='bbox 867 4139 1226 4218; x_wconf 89' lang='lat' dir='ltr'><strong>dicendum,</strong></span> <span class='ocrx_word' id='word_1_277' title='bbox 1271 4160 1408 4206; x_wconf 88' lang='lat' dir='ltr'><strong>esse</strong></span> <span class='ocrx_word' id='word_1_278' title='bbox 1447 4141 1850 4202; x_wconf 87' lang='lat' dir='ltr'><strong>omissionem</strong></span> <span class='ocrx_word' id='word_1_279' title='bbox 1880 4141 2029 4202; x_wconf 90' lang='grc'><strong>6116-</strong></span> 
     </span>
     <span class='ocr_line' id='line_1_42' title="bbox 463 4228 2029 4315; baseline 0.004 -26"><span class='ocrx_word' id='word_1_280' title='bbox 463 4228 595 4290; x_wconf 76' lang='lat' dir='ltr'><strong>rius</strong></span> <span class='ocrx_word' id='word_1_281' title='bbox 625 4237 802 4292; x_wconf 90' lang='lat' dir='ltr'><strong>actus</strong></span> <span class='ocrx_word' id='word_1_282' title='bbox 827 4233 1072 4312; x_wconf 80' lang='lat' dir='ltr'><strong>prioris,</strong></span> <span class='ocrx_word' id='word_1_283' title='bbox 1105 4254 1298 4315; x_wconf 83' lang='lat' dir='ltr'><strong>quem</strong></span> <span class='ocrx_word' id='word_1_284' title='bbox 1337 4235 1388 4296; x_wconf 89' lang='lat' dir='ltr'><strong>si</strong></span> <span class='ocrx_word' id='word_1_285' title='bbox 1417 4235 1604 4294; x_wconf 87' lang='lat' dir='ltr'><strong>homo</strong></span> <span class='ocrx_word' id='word_1_286' title='bbox 1631 4232 1901 4306; x_wconf 83' lang='lat' dir='ltr'><strong>fecisset,</strong></span> <span class='ocrx_word' id='word_1_287' title='bbox 1934 4252 2029 4295; x_wconf 89' lang='lat' dir='ltr'><strong>re·</strong></span> 
     </span>
     <span class='ocr_line' id='line_1_43' title="bbox 465 4323 2023 4414; baseline 0.004 -31"><span class='ocrx_word' id='word_1_288' title='bbox 465 4323 731 4402; x_wconf 87' lang='lat' dir='ltr'><strong>cepisset</strong></span> <span class='ocrx_word' id='word_1_289' title='bbox 757 4325 1058 4389; x_wconf 81' lang='lat' dir='ltr'><strong>auxilium</strong></span> <span class='ocrx_word' id='word_1_290' title='bbox 1081 4329 1302 4390; x_wconf 81' lang='lat' dir='ltr'><strong>efficax</strong></span> <span class='ocrx_word' id='word_1_291' title='bbox 1319 4328 1400 4390; x_wconf 86' lang='lat' dir='ltr'><strong>ad</strong></span> <span class='ocrx_word' id='word_1_292' title='bbox 1419 4327 1630 4388; x_wconf 85' lang='lat' dir='ltr'><strong>fidem.</strong></span> <span class='ocrx_word' id='word_1_293' title='bbox 1661 4327 1784 4390; x_wconf 90' lang='lat' dir='ltr'><strong>Sed</strong></span> <span class='ocrx_word' id='word_1_294' title='bbox 1807 4333 2023 4414; x_wconf 78' lang='lat' dir='ltr'><strong>cpntra</strong></span> 
     </span>
     <span class='ocr_line' id='line_1_44' title="bbox 463 4416 2025 4500; baseline 0.004 -24"><span class='ocrx_word' id='word_1_295' title='bbox 463 4417 584 4478; x_wconf 91' lang='lat' dir='ltr'><strong>hoc</strong></span> <span class='ocrx_word' id='word_1_296' title='bbox 639 4416 823 4491; x_wconf 88' lang='lat' dir='ltr'><strong>insto,</strong></span> <span class='ocrx_word' id='word_1_297' title='bbox 870 4419 1316 4500; x_wconf 87' lang='lat' dir='ltr'><strong>interrogando</strong></span> <span class='ocrx_word' id='word_1_298' title='bbox 1369 4440 1450 4482; x_wconf 90' lang='lat' dir='ltr'><strong>an</strong></span> <span class='ocrx_word' id='word_1_299' title='bbox 1479 4421 1582 4482; x_wconf 90' lang='lat' dir='ltr'><strong>ille</strong></span> <span class='ocrx_word' id='word_1_300' title='bbox 1639 4422 1809 4500; x_wconf 90' lang='lat' dir='ltr'><strong>prior</strong></span> <span class='ocrx_word' id='word_1_301' title='bbox 1846 4427 2025 4484; x_wconf 86' lang='lat' dir='ltr'><strong>actus</strong></span> 
     </span>
     <span class='ocr_line' id='line_1_45' title="bbox 465 4509 2027 4596; baseline 0.003 -28"><span class='ocrx_word' id='word_1_302' title='bbox 465 4509 753 4582; x_wconf 89' lang='lat' dir='ltr'><strong>omissus,</strong></span> <span class='ocrx_word' id='word_1_303' title='bbox 783 4511 859 4572; x_wconf 88' lang='lat' dir='ltr'><strong>sit</strong></span> <span class='ocrx_word' id='word_1_304' title='bbox 887 4513 1186 4574; x_wconf 87' lang='lat' dir='ltr'><strong>naturalis</strong></span> <span class='ocrx_word' id='word_1_305' title='bbox 1224 4513 1325 4575; x_wconf 86' lang='lat' dir='ltr'><strong>vel</strong></span> <span class='ocrx_word' id='word_1_306' title='bbox 1351 4513 1862 4594; x_wconf 88' lang='lat' dir='ltr'><strong>supernaturalis.</strong></span> <span class='ocrx_word' id='word_1_307' title='bbox 1881 4515 2027 4596; x_wconf 37' lang='lat' dir='ltr'><strong>¹„Na-</strong></span> 
     </span>
     <span class='ocr_line' id='line_1_46' title="bbox 461 4601 2025 4686; baseline 0.003 -24"><span class='ocrx_word' id='word_1_308' title='bbox 461 4601 680 4662; x_wconf 84' lang='lat' dir='ltr'><strong>turalis</strong></span> <span class='ocrx_word' id='word_1_309' title='bbox 715 4621 852 4664; x_wconf 90' lang='lat' dir='ltr'><strong>esse</strong></span> <span class='ocrx_word' id='word_1_310' title='bbox 883 4622 1010 4666; x_wconf 91' lang='lat' dir='ltr'><strong>non</strong></span> <span class='ocrx_word' id='word_1_311' title='bbox 1041 4609 1266 4684; x_wconf 84' lang='lat' dir='ltr'><strong>potest,</strong></span> <span class='ocrx_word' id='word_1_312' title='bbox 1321 4607 1469 4686; x_wconf 88' lang='lat' dir='ltr'><strong>quia</strong></span> <span class='ocrx_word' id='word_1_313' title='bbox 1514 4613 1688 4668; x_wconf 87' lang='lat' dir='ltr'><strong>actus</strong></span> <span class='ocrx_word' id='word_1_314' title='bbox 1719 4605 2025 4668; x_wconf 84' lang='lat' dir='ltr'><strong>naturalis</strong></span> 
     </span>
     <span class='ocr_line' id='line_1_47' title="bbox 461 4695 2029 4777; baseline 0.004 -23"><span class='ocrx_word' id='word_1_315' title='bbox 461 4713 591 4755; x_wconf 92' lang='lat' dir='ltr'><strong>non</strong></span> <span class='ocrx_word' id='word_1_316' title='bbox 611 4699 706 4756; x_wconf 84' lang='lat' dir='ltr'><strong>est</strong></span> <span class='ocrx_word' id='word_1_317' title='bbox 733 4695 1052 4777; x_wconf 88' lang='lat' dir='ltr'><strong>dispositio</strong></span> <span class='ocrx_word' id='word_1_318' title='bbox 1069 4701 1424 4760; x_wconf 82' lang='lat' dir='ltr'><strong>necessaria</strong></span> <span class='ocrx_word' id='word_1_319' title='bbox 1453 4698 1534 4760; x_wconf 87' lang='lat' dir='ltr'><strong>ad</strong></span> <span class='ocrx_word' id='word_1_320' title='bbox 1561 4699 1862 4760; x_wconf 83' lang='lat' dir='ltr'><strong>auxilium</strong></span> <span class='ocrx_word' id='word_1_321' title='bbox 1893 4700 2029 4760; x_wconf 84' lang='lat' dir='ltr'><strong>effi-</strong></span> 
     </span>
     <span class='ocr_line' id='line_1_48' title="bbox 463 4790 2025 4868; baseline 0.003 -20"><span class='ocrx_word' id='word_1_322' title='bbox 463 4805 579 4848; x_wconf 83' lang='lat' dir='ltr'><strong>cax</strong></span> <span class='ocrx_word' id='word_1_323' title='bbox 607 4794 670 4849; x_wconf 90' lang='lat' dir='ltr'><strong>et</strong></span> <span class='ocrx_word' id='word_1_324' title='bbox 698 4790 1205 4868; x_wconf 76' lang='lat' dir='ltr'><strong>supernaturale3</strong></span> <span class='ocrx_word' id='word_1_325' title='bbox 1257 4790 1412 4852; x_wconf 85' lang='lat' dir='ltr'><strong>alias</strong></span> <span class='ocrx_word' id='word_1_326' title='bbox 1443 4809 1518 4852; x_wconf 78' lang='lat' dir='ltr'><strong>ex</strong></span> <span class='ocrx_word' id='word_1_327' title='bbox 1548 4791 1678 4853; x_wconf 87' lang='lat' dir='ltr'><strong>solo</strong></span> <span class='ocrx_word' id='word_1_328' title='bbox 1707 4790 2025 4852; x_wconf 83' lang='lat' dir='ltr'><strong>bono.usu</strong></span> 
     </span>
     <span class='ocr_line' id='line_1_49' title="bbox 461 4879 2025 4963; baseline 0.004 -24"><span class='ocrx_word' id='word_1_329' title='bbox 461 4879 730 4940; x_wconf 90' lang='lat' dir='ltr'><strong>naturali</strong></span> <span class='ocrx_word' id='word_1_330' title='bbox 773 4880 952 4942; x_wconf 89' lang='lat' dir='ltr'><strong>liberi</strong></span> <span class='ocrx_word' id='word_1_331' title='bbox 1008 4882 1243 4944; x_wconf 88' lang='lat' dir='ltr'><strong>arbitrii</strong></span> <span class='ocrx_word' id='word_1_332' title='bbox 1298 4891 1790 4963; x_wconf 76' lang='lat' dir='ltr'><strong>consequeretur</strong></span> <span class='ocrx_word' id='word_1_333' title='bbox 1833 4885 2025 4946; x_wconf 90' lang='lat' dir='ltr'><strong>homo</strong></span> 
     </span>
     <span class='ocr_line' id='line_1_50' title="bbox 462 4973 2023 5059; baseline 0.002 -24"><span class='ocrx_word' id='word_1_334' title='bbox 462 4973 588 5035; x_wconf 88' lang='lat' dir='ltr'><strong>tale</strong></span> <span class='ocrx_word' id='word_1_335' title='bbox 620 4973 942 5048; x_wconf 87' lang='lat' dir='ltr'><strong>auxilium,</strong></span> <span class='ocrx_word' id='word_1_336' title='bbox 988 4975 1160 5054; x_wconf 85' lang='lat' dir='ltr'><strong>quod</strong></span> <span class='ocrx_word' id='word_1_337' title='bbox 1189 4980 1282 5038; x_wconf 88' lang='lat' dir='ltr'><strong>est</strong></span> <span class='ocrx_word' id='word_1_338' title='bbox 1332 4976 1756 5058; x_wconf 80' lang='lat' dir='ltr'><strong>pelagianum.</strong></span> <span class='ocrx_word' id='word_1_339' title='bbox 1797 4978 1875 5059; x_wconf 84' lang='lat' dir='ltr'><strong>Si</strong></span> <span class='ocrx_word' id='word_1_340' title='bbox 1909 4997 2023 5038; x_wconf 91' lang='lat' dir='ltr'><strong>au-</strong></span> 
     </span>
     <span class='ocr_line' id='line_1_51' title="bbox 461 5069 2023 5150; baseline 0.003 -22"><span class='ocrx_word' id='word_1_341' title='bbox 461 5073 592 5128; x_wconf 89' lang='lat' dir='ltr'><strong>tem</strong></span> <span class='ocrx_word' id='word_1_342' title='bbox 622 5073 715 5128; x_wconf 89' lang='lat' dir='ltr'><strong>est</strong></span> <span class='ocrx_word' id='word_1_343' title='bbox 745 5069 1259 5147; x_wconf 80' lang='lat' dir='ltr'><strong>supernaturaliS‚</strong></span> <span class='ocrx_word' id='word_1_344' title='bbox 1289 5071 1602 5150; x_wconf 81' lang='lat' dir='ltr'><strong>interrogo</strong></span> <span class='ocrx_word' id='word_1_345' title='bbox 1627 5090 1710 5132; x_wconf 88' lang='lat' dir='ltr'><strong>an</strong></span> <span class='ocrx_word' id='word_1_346' title='bbox 1735 5071 1820 5133; x_wconf 82' lang='lat' dir='ltr'><strong>ad</strong></span> <span class='ocrx_word' id='word_1_347' title='bbox 1847 5071 2023 5132; x_wconf 91' lang='lat' dir='ltr'><strong>illum</strong></span> 
     </span>
     <span class='ocr_line' id='line_1_52' title="bbox 461 5161 2027 5243; baseline 0.002 -22"><span class='ocrx_word' id='word_1_348' title='bbox 461 5161 540 5222; x_wconf 89' lang='lat' dir='ltr'><strong>sit</strong></span> <span class='ocrx_word' id='word_1_349' title='bbox 599 5162 1021 5223; x_wconf 87' lang='lat' dir='ltr'><strong>necessarium</strong></span> <span class='ocrx_word' id='word_1_350' title='bbox 1067 5162 1367 5224; x_wconf 88' lang='lat' dir='ltr'><strong>auxilium</strong></span> <span class='ocrx_word' id='word_1_351' title='bbox 1415 5164 1634 5224; x_wconf 80' lang='lat' dir='ltr'><strong>efficax</strong></span> <span class='ocrx_word' id='word_1_352' title='bbox 1683 5165 2027 5243; x_wconf 65' lang='lat' dir='ltr'><strong>praedeter-</strong></span> 
     </span>
     <span class='ocr_line' id='line_1_53' title="bbox 459 5257 2023 5333; baseline 0.001 -17"><span class='ocrx_word' id='word_1_353' title='bbox 459 5257 732 5328; x_wconf 88' lang='lat' dir='ltr'><strong>minans,</strong></span> <span class='ocrx_word' id='word_1_354' title='bbox 763 5273 999 5333; x_wconf 90' lang='lat' dir='ltr'><strong>necne;</strong></span> <span class='ocrx_word' id='word_1_355' title='bbox 1027 5275 1199 5328; x_wconf 85' lang='lat' dir='ltr'><strong>nam,</strong></span> <span class='ocrx_word' id='word_1_356' title='bbox 1224 5257 1274 5318; x_wconf 91' lang='lat' dir='ltr'><strong>si</strong></span> <span class='ocrx_word' id='word_1_357' title='bbox 1293 5257 1714 5318; x_wconf 85' lang='lat' dir='ltr'><strong>necessarium</strong></span> <span class='ocrx_word' id='word_1_358' title='bbox 1747 5265 1864 5329; x_wconf 89' lang='lat' dir='ltr'><strong>est,</strong></span> <span class='ocrx_word' id='word_1_359' title='bbox 1894 5277 2023 5318; x_wconf 92' lang='lat' dir='ltr'><strong>non</strong></span> 
     </span>
     <span class='ocr_line' id='line_1_54' title="bbox 461 5347 2019 5428; baseline 0.003 -19"><span class='ocrx_word' id='word_1_360' title='bbox 461 5347 866 5428; x_wconf 84' lang='lat' dir='ltr'><strong>imputabitur</strong></span> <span class='ocrx_word' id='word_1_361' title='bbox 919 5349 1154 5410; x_wconf 89' lang='lat' dir='ltr'><strong>homini</strong></span> <span class='ocrx_word' id='word_1_362' title='bbox 1203 5349 1374 5428; x_wconf 89' lang='lat' dir='ltr'><strong>quod</strong></span> <span class='ocrx_word' id='word_1_363' title='bbox 1415 5350 1570 5410; x_wconf 87' lang='lat' dir='ltr'><strong>illud</strong></span> <span class='ocrx_word' id='word_1_364' title='bbox 1603 5369 1731 5412; x_wconf 88' lang='lat' dir='ltr'><strong>uon</strong></span> <span class='ocrx_word' id='word_1_365' title='bbox 1765 5351 2019 5426; x_wconf 87' lang='lat' dir='ltr'><strong>habeat,</strong></span> 
     </span>
    </p>
   </div>
   <div class='ocr_carea' id='block_1_3' title="bbox 379 5441 2023 5523">
    <p class='ocr_par' dir='ltr' id='par_1_3' title="bbox 379 5441 2023 5523">
     <span class='ocr_line' id='line_1_55' title="bbox 379 5441 2023 5523; baseline 0.001 -19"><span class='ocrx_word' id='word_1_366' title='bbox 379 5495 388 5504; x_wconf 94' lang='lat'><strong>.</strong></span> <span class='ocrx_word' id='word_1_367' title='bbox 458 5441 558 5503; x_wconf 84' lang='lat' dir='ltr'><strong>vel</strong></span> <span class='ocrx_word' id='word_1_368' title='bbox 601 5441 684 5502; x_wconf 92' lang='lat' dir='ltr'><strong>ad</strong></span> <span class='ocrx_word' id='word_1_369' title='bbox 736 5443 994 5504; x_wconf 82' lang='lat' dir='ltr'><strong>alteram</strong></span> <span class='ocrx_word' id='word_1_370' title='bbox 1039 5442 1512 5523; x_wconf 81' lang='lat' dir='ltr'><strong>dispositionem</strong></span> <span class='ocrx_word' id='word_1_371' title='bbox 1551 5443 2023 5522; x_wconf 84' lang='lat' dir='ltr'><strong>procedendum</strong></span> 
     </span>
    </p>
   </div>
   <div class='ocr_carea' id='block_1_4' title="bbox 463 5535 2022 5618">
    <p class='ocr_par' dir='ltr' id='par_1_4' title="bbox 463 5535 2022 5618">
     <span class='ocr_line' id='line_1_56' title="bbox 463 5535 2022 5618; baseline 0.003 -24"><span class='ocrx_word' id='word_1_372' title='bbox 463 5535 602 5609; x_wconf 87' lang='lat' dir='ltr'><strong>erit,</strong></span> <span class='ocrx_word' id='word_1_373' title='bbox 627 5535 690 5595; x_wconf 90' lang='lat' dir='ltr'><strong>in</strong></span> <span class='ocrx_word' id='word_1_374' title='bbox 721 5553 846 5615; x_wconf 86' lang='lat' dir='ltr'><strong>qua</strong></span> <span class='ocrx_word' id='word_1_375' title='bbox 869 5535 1037 5597; x_wconf 90' lang='lat' dir='ltr'><strong>idem</strong></span> <span class='ocrx_word' id='word_1_376' title='bbox 1063 5537 1170 5598; x_wconf 87' lang='lat' dir='ltr'><strong>fiet</strong></span> <span class='ocrx_word' id='word_1_377' title='bbox 1195 5543 1664 5618; x_wconf 82' lang='lat' dir='ltr'><strong>argumentum,</strong></span> <span class='ocrx_word' id='word_1_378' title='bbox 1697 5538 1840 5599; x_wconf 90' lang='lat' dir='ltr'><strong>etin</strong></span> <span class='ocrx_word' id='word_1_379' title='bbox 1869 5557 2022 5617; x_wconf 83' lang='lat' dir='ltr'><strong>qua·</strong></span> 
     </span>
    </p>
   </div>
   <div class='ocr_carea' id='block_1_5' title="bbox 2102 492 3699 5619">
    <p class='ocr_par' dir='ltr' id='par_1_5' title="bbox 2116 492 3699 1771">
     <span class='ocr_line' id='line_1_57' title="bbox 2118 492 3697 572; baseline -0.003 -17"><span class='ocrx_word' id='word_1_380' title='bbox 2118 494 2269 555; x_wconf 89' lang='lat' dir='ltr'><strong>libet</strong></span> <span class='ocrx_word' id='word_1_381' title='bbox 2296 494 2507 569; x_wconf 89' lang='lat' dir='ltr'><strong>simili,</strong></span> <span class='ocrx_word' id='word_1_382' title='bbox 2535 493 2779 555; x_wconf 87' lang='lat' dir='ltr'><strong>etiamsi</strong></span> <span class='ocrx_word' id='word_1_383' title='bbox 2828 493 2897 553; x_wconf 87' lang='lat' dir='ltr'><strong>in</strong></span> <span class='ocrx_word' id='word_1_384' title='bbox 2928 492 3243 554; x_wconf 84' lang='lat' dir='ltr'><strong>infinitum</strong></span> <span class='ocrx_word' id='word_1_385' title='bbox 3270 492 3657 572; x_wconf 80' lang='lat' dir='ltr'><strong>procedatur</strong></span> <span class='ocrx_word' id='word_1_386' title='bbox 3680 510 3697 563; x_wconf 84' lang='lat'>;</span> 
     </span>
     <span class='ocr_line' id='line_1_58' title="bbox 2120 585 3699 649; baseline -0.003 0"><span class='ocrx_word' id='word_1_387' title='bbox 2120 587 2171 649; x_wconf 89' lang='lat' dir='ltr'><strong>si</strong></span> <span class='ocrx_word' id='word_1_388' title='bbox 2213 605 2361 648; x_wconf 81' lang='lat' dir='ltr'><strong>vero</strong></span> <span class='ocrx_word' id='word_1_389' title='bbox 2390 587 2471 649; x_wconf 87' lang='lat' dir='ltr'><strong>ad</strong></span> <span class='ocrx_word' id='word_1_390' title='bbox 2500 588 2673 647; x_wconf 89' lang='lat' dir='ltr'><strong>illum</strong></span> <span class='ocrx_word' id='word_1_391' title='bbox 2714 592 2925 649; x_wconf 86' lang='lat' dir='ltr'><strong>actum</strong></span> <span class='ocrx_word' id='word_1_392' title='bbox 2952 605 3082 647; x_wconf 90' lang='lat' dir='ltr'><strong>non</strong></span> <span class='ocrx_word' id='word_1_393' title='bbox 3128 594 3227 647; x_wconf 89' lang='lat' dir='ltr'><strong>est</strong></span> <span class='ocrx_word' id='word_1_394' title='bbox 3256 585 3699 647; x_wconf 84' lang='lat' dir='ltr'><strong>necessarium</strong></span> 
     </span>
     <span class='ocr_line' id='line_1_59' title="bbox 2118 680 3695 761; baseline -0.003 -18"><span class='ocrx_word' id='word_1_395' title='bbox 2118 681 2243 743; x_wconf 87' lang='lat' dir='ltr'><strong>tale</strong></span> <span class='ocrx_word' id='word_1_396' title='bbox 2268 682 2569 743; x_wconf 83' lang='lat' dir='ltr'><strong>auxilium</strong></span> <span class='ocrx_word' id='word_1_397' title='bbox 2586 682 2805 743; x_wconf 86' lang='lat' dir='ltr'><strong>efficax</strong></span> <span class='ocrx_word' id='word_1_398' title='bbox 2820 682 3079 761; x_wconf 80' lang='lat' dir='ltr'><strong>physice</strong></span> <span class='ocrx_word' id='word_1_399' title='bbox 3096 680 3695 761; x_wconf 78' lang='lat' dir='ltr'><strong>praedeterminans,</strong></span> 
     </span>
     <span class='ocr_line' id='line_1_60' title="bbox 2120 773 3699 855; baseline -0.002 -20"><span class='ocrx_word' id='word_1_400' title='bbox 2120 775 2427 837; x_wconf 88' lang='lat' dir='ltr'><strong>habemus</strong></span> <span class='ocrx_word' id='word_1_401' title='bbox 2460 775 2630 855; x_wconf 87' lang='lat' dir='ltr'><strong>quod</strong></span> <span class='ocrx_word' id='word_1_402' title='bbox 2654 774 3067 847; x_wconf 87' lang='lat' dir='ltr'><strong>intendimus;</strong></span> <span class='ocrx_word' id='word_1_403' title='bbox 3100 792 3251 835; x_wconf 88' lang='lat' dir='ltr'><strong>nam</strong></span> <span class='ocrx_word' id='word_1_404' title='bbox 3282 773 3453 833; x_wconf 90' lang='lat' dir='ltr'><strong>idem</strong></span> <span class='ocrx_word' id='word_1_405' title='bbox 3478 773 3699 833; x_wconf 88' lang='lat' dir='ltr'><strong>dicen-</strong></span> 
     </span>
     <span class='ocr_line' id='line_1_61' title="bbox 2120 865 3699 947; baseline -0.003 -18"><span class='ocrx_word' id='word_1_406' title='bbox 2120 868 2273 931; x_wconf 89' lang='lat' dir='ltr'><strong>dum</strong></span> <span class='ocrx_word' id='word_1_407' title='bbox 2301 869 2417 930; x_wconf 89' lang='lat' dir='ltr'><strong>erit</strong></span> <span class='ocrx_word' id='word_1_408' title='bbox 2436 868 2515 930; x_wconf 91' lang='lat' dir='ltr'><strong>de</strong></span> <span class='ocrx_word' id='word_1_409' title='bbox 2532 868 2809 947; x_wconf 86' lang='lat' dir='ltr'><strong>quolibet</strong></span> <span class='ocrx_word' id='word_1_410' title='bbox 2838 868 2959 929; x_wconf 86' lang='lat' dir='ltr'><strong>alio</strong></span> <span class='ocrx_word' id='word_1_411' title='bbox 2988 875 3155 941; x_wconf 89' lang='lat' dir='ltr'><strong>actu,</strong></span> <span class='ocrx_word' id='word_1_412' title='bbox 3187 884 3335 929; x_wconf 89' lang='lat' dir='ltr'><strong>cum</strong></span> <span class='ocrx_word' id='word_1_413' title='bbox 3364 865 3446 927; x_wconf 86' lang='lat' dir='ltr'><strong>sit</strong></span> <span class='ocrx_word' id='word_1_414' title='bbox 3462 865 3699 927; x_wconf 87' lang='lat' dir='ltr'><strong>eadem</strong></span> 
     </span>
     <span class='ocr_line' id='line_1_62' title="bbox 2118 960 3697 1041; baseline -0.003 -18"><span class='ocrx_word' id='word_1_415' title='bbox 2118 979 2378 1041; x_wconf 87' lang='lat' dir='ltr'><strong>prorsus</strong></span> <span class='ocrx_word' id='word_1_416' title='bbox 2430 961 2608 1023; x_wconf 87' lang='lat' dir='ltr'><strong>ratio.</strong></span> <span class='ocrx_word' id='word_1_417' title='bbox 2666 961 2978 1023; x_wconf 88' lang='lat' dir='ltr'><strong>Ponamus</strong></span> <span class='ocrx_word' id='word_1_418' title='bbox 3034 979 3187 1041; x_wconf 85' lang='lat' dir='ltr'><strong>ergo</strong></span> <span class='ocrx_word' id='word_1_419' title='bbox 3242 960 3421 1021; x_wconf 90' lang='lat' dir='ltr'><strong>illum</strong></span> <span class='ocrx_word' id='word_1_420' title='bbox 3476 964 3697 1019; x_wconf 83' lang='lat' dir='ltr'><strong>actum</strong></span> 
     </span>
     <span class='ocr_line' id='line_1_63' title="bbox 2118 1052 3693 1135; baseline -0.003 -20"><span class='ocrx_word' id='word_1_421' title='bbox 2118 1054 2393 1135; x_wconf 88' lang='lat' dir='ltr'><strong>priorem</strong></span> <span class='ocrx_word' id='word_1_422' title='bbox 2422 1073 2561 1117; x_wconf 89' lang='lat' dir='ltr'><strong>esse</strong></span> <span class='ocrx_word' id='word_1_423' title='bbox 2586 1060 2796 1117; x_wconf 90' lang='lat' dir='ltr'><strong>actum</strong></span> <span class='ocrx_word' id='word_1_424' title='bbox 2832 1054 3165 1115; x_wconf 88' lang='lat' dir='ltr'><strong>orationis:</strong></span> <span class='ocrx_word' id='word_1_425' title='bbox 3206 1054 3257 1113; x_wconf 89' lang='lat' dir='ltr'><strong>si</strong></span> <span class='ocrx_word' id='word_1_426' title='bbox 3292 1070 3445 1133; x_wconf 86' lang='lat' dir='ltr'><strong>ergo</strong></span> <span class='ocrx_word' id='word_1_427' title='bbox 3466 1052 3693 1123; x_wconf 88' lang='lat' dir='ltr'><strong>homo,</strong></span> 
     </span>
     <span class='ocr_line' id='line_1_64' title="bbox 2119 1143 3697 1229; baseline -0.005 -19"><span class='ocrx_word' id='word_1_428' title='bbox 2119 1154 2451 1229; x_wconf 85' lang='lat' dir='ltr'><strong>postquam</strong></span> <span class='ocrx_word' id='word_1_429' title='bbox 2478 1166 2517 1209; x_wconf 90' lang='lat' dir='ltr'><strong>a</strong></span> <span class='ocrx_word' id='word_1_430' title='bbox 2558 1148 2689 1209; x_wconf 92' lang='lat' dir='ltr'><strong>Deo</strong></span> <span class='ocrx_word' id='word_1_431' title='bbox 2742 1155 2836 1209; x_wconf 88' lang='lat' dir='ltr'><strong>est</strong></span> <span class='ocrx_word' id='word_1_432' title='bbox 2884 1153 3143 1209; x_wconf 81' lang='lat' dir='ltr'><strong>vocatus</strong></span> <span class='ocrx_word' id='word_1_433' title='bbox 3179 1154 3245 1207; x_wconf 90' lang='lat' dir='ltr'><strong>et</strong></span> <span class='ocrx_word' id='word_1_434' title='bbox 3272 1144 3589 1207; x_wconf 83' lang='lat' dir='ltr'><strong>excitatus</strong></span> <span class='ocrx_word' id='word_1_435' title='bbox 3616 1143 3697 1203; x_wconf 86' lang='lat' dir='ltr'><strong>ad</strong></span> 
     </span>
     <span class='ocr_line' id='line_1_65' title="bbox 2118 1237 3699 1321; baseline -0.004 -18"><span class='ocrx_word' id='word_1_436' title='bbox 2118 1240 2451 1315; x_wconf 88' lang='lat' dir='ltr'><strong>orandum,</strong></span> <span class='ocrx_word' id='word_1_437' title='bbox 2482 1242 2655 1303; x_wconf 82' lang='lat' dir='ltr'><strong>verbi</strong></span> <span class='ocrx_word' id='word_1_438' title='bbox 2674 1242 2897 1321; x_wconf 80' lang='lat' dir='ltr'><strong>gratia,</strong></span> <span class='ocrx_word' id='word_1_439' title='bbox 2922 1246 3129 1320; x_wconf 90' lang='lat' dir='ltr'><strong>potest</strong></span> <span class='ocrx_word' id='word_1_440' title='bbox 3154 1239 3292 1300; x_wconf 90' lang='lat' dir='ltr'><strong>sine</strong></span> <span class='ocrx_word' id='word_1_441' title='bbox 3316 1238 3425 1299; x_wconf 84' lang='lat' dir='ltr'><strong>tali</strong></span> <span class='ocrx_word' id='word_1_442' title='bbox 3446 1237 3699 1316; x_wconf 76' lang='lat' dir='ltr'><strong>praede-</strong></span> 
     </span>
     <span class='ocr_line' id='line_1_66' title="bbox 2116 1331 3695 1412; baseline -0.004 -15"><span class='ocrx_word' id='word_1_443' title='bbox 2116 1334 2553 1397; x_wconf 85' lang='lat' dir='ltr'><strong>terminatione</strong></span> <span class='ocrx_word' id='word_1_444' title='bbox 2602 1353 2806 1409; x_wconf 88' lang='lat' dir='ltr'><strong>orare,</strong></span> <span class='ocrx_word' id='word_1_445' title='bbox 2848 1341 2911 1397; x_wconf 89' lang='lat' dir='ltr'><strong>et</strong></span> <span class='ocrx_word' id='word_1_446' title='bbox 2957 1338 3417 1412; x_wconf 82' lang='lat' dir='ltr'><strong>consequenter</strong></span> <span class='ocrx_word' id='word_1_447' title='bbox 3454 1331 3695 1391; x_wconf 82' lang='lat' dir='ltr'><strong>habere</strong></span> 
     </span>
     <span class='ocr_line' id='line_1_67' title="bbox 2121 1424 3693 1508; baseline -0.004 -18"><span class='ocrx_word' id='word_1_448' title='bbox 2121 1428 2419 1490; x_wconf 76' lang='lat' dir='ltr'><strong>auxilium</strong></span> <span class='ocrx_word' id='word_1_449' title='bbox 2448 1428 2530 1490; x_wconf 91' lang='lat' dir='ltr'><strong>ad</strong></span> <span class='ocrx_word' id='word_1_450' title='bbox 2558 1427 2889 1497; x_wconf 86' lang='lat' dir='ltr'><strong>orandum,</strong></span> <span class='ocrx_word' id='word_1_451' title='bbox 2925 1427 3099 1508; x_wconf 89' lang='lat' dir='ltr'><strong>quod</strong></span> <span class='ocrx_word' id='word_1_452' title='bbox 3134 1445 3265 1487; x_wconf 88' lang='grc'><strong>1166</strong></span> <span class='ocrx_word' id='word_1_453' title='bbox 3292 1424 3601 1485; x_wconf 81' lang='lat' dir='ltr'><strong>consistat</strong></span> <span class='ocrx_word' id='word_1_454' title='bbox 3628 1424 3693 1483; x_wconf 88' lang='lat' dir='ltr'><strong>in</strong></span> 
     </span>
     <span class='ocr_line' id='line_1_68' title="bbox 2119 1517 3697 1602; baseline -0.004 -19"><span class='ocrx_word' id='word_1_455' title='bbox 2119 1523 2223 1584; x_wconf 87' lang='lat' dir='ltr'><strong>illa</strong></span> <span class='ocrx_word' id='word_1_456' title='bbox 2269 1523 2527 1602; x_wconf 77' lang='lat' dir='ltr'><strong>physica</strong></span> <span class='ocrx_word' id='word_1_457' title='bbox 2566 1522 3243 1601; x_wconf 73' lang='lat' dir='ltr'><strong>praedeterminatione,</strong></span> <span class='ocrx_word' id='word_1_458' title='bbox 3292 1538 3409 1579; x_wconf 85' lang='lat' dir='ltr'><strong>cur</strong></span> <span class='ocrx_word' id='word_1_459' title='bbox 3440 1536 3573 1579; x_wconf 89' lang='lat' dir='ltr'><strong>non</strong></span> <span class='ocrx_word' id='word_1_460' title='bbox 3604 1517 3697 1577; x_wconf 92' lang='lat' dir='ltr'><strong>di-</strong></span> 
     </span>
     <span class='ocr_line' id='line_1_69' title="bbox 2120 1611 3695 1689; baseline -0.006 -10"><span class='ocrx_word' id='word_1_461' title='bbox 2120 1622 2298 1679; x_wconf 89' lang='lat' dir='ltr'><strong>cetur</strong></span> <span class='ocrx_word' id='word_1_462' title='bbox 2340 1615 2507 1677; x_wconf 88' lang='lat' dir='ltr'><strong>idem</strong></span> <span class='ocrx_word' id='word_1_463' title='bbox 2538 1616 2617 1677; x_wconf 90' lang='lat' dir='ltr'><strong>de</strong></span> <span class='ocrx_word' id='word_1_464' title='bbox 2640 1620 2783 1677; x_wconf 88' lang='lat' dir='ltr'><strong>actu</strong></span> <span class='ocrx_word' id='word_1_465' title='bbox 2834 1615 3153 1689; x_wconf 72' lang='lat' dir='ltr'><strong>credendi,</strong></span> <span class='ocrx_word' id='word_1_466' title='bbox 3184 1612 3468 1685; x_wconf 85' lang='lat' dir='ltr'><strong>amandi,</strong></span> <span class='ocrx_word' id='word_1_467' title='bbox 3510 1616 3583 1672; x_wconf 84' lang='lat' dir='ltr'><strong>et</strong></span> <span class='ocrx_word' id='word_1_468' title='bbox 3612 1611 3695 1671; x_wconf 88' lang='lat' dir='ltr'><strong>si-</strong></span> 
     </span>
     <span class='ocr_line' id='line_1_70' title="bbox 2120 1710 2391 1771; baseline -0.007 0"><span class='ocrx_word' id='word_1_469' title='bbox 2120 1710 2391 1771; x_wconf 91' lang='lat' dir='ltr'><strong>milibus.</strong></span> 
     </span>
    </p>

    <p class='ocr_par' dir='ltr' id='par_1_6' title="bbox 2104 1800 3692 5062">
     <span class='ocr_line' id='line_1_71' title="bbox 2196 1800 3690 1883; baseline -0.004 -18"><span class='ocrx_word' id='word_1_470' title='bbox 2196 1806 2297 1866; x_wconf 63' lang='grc'><strong>95.</strong></span> <span class='ocrx_word' id='word_1_471' title='bbox 2344 1804 2537 1867; x_wconf 82' lang='lat' dir='ltr'><strong>Aliter</strong></span> <span class='ocrx_word' id='word_1_472' title='bbox 2550 1809 2755 1883; x_wconf 83' lang='lat' dir='ltr'><strong>potest</strong></span> <span class='ocrx_word' id='word_1_473' title='bbox 2782 1802 3035 1865; x_wconf 84' lang='lat' dir='ltr'><strong>brevius</strong></span> <span class='ocrx_word' id='word_1_474' title='bbox 3062 1802 3289 1865; x_wconf 85' lang='lat' dir='ltr'><strong>confici</strong></span> <span class='ocrx_word' id='word_1_475' title='bbox 3321 1803 3427 1863; x_wconf 86' lang='grc'><strong>1116</strong></span> <span class='ocrx_word' id='word_1_476' title='bbox 3452 1800 3690 1863; x_wconf 87' lang='lat' dir='ltr'><strong>discur-</strong></span> 
     </span>
     <span class='ocr_line' id='line_1_72' title="bbox 2116 1894 3692 1978; baseline -0.004 -19"><span class='ocrx_word' id='word_1_477' title='bbox 2116 1916 2245 1973; x_wconf 89' lang='lat' dir='ltr'><strong>sus,</strong></span> <span class='ocrx_word' id='word_1_478' title='bbox 2278 1917 2425 1960; x_wconf 89' lang='lat' dir='ltr'><strong>nam</strong></span> <span class='ocrx_word' id='word_1_479' title='bbox 2457 1898 2615 1959; x_wconf 92' lang='lat' dir='ltr'><strong>illud</strong></span> <span class='ocrx_word' id='word_1_480' title='bbox 2642 1898 2941 1959; x_wconf 85' lang='lat' dir='ltr'><strong>auxilium</strong></span> <span class='ocrx_word' id='word_1_481' title='bbox 2964 1898 3225 1978; x_wconf 81' lang='lat' dir='ltr'><strong>physice</strong></span> <span class='ocrx_word' id='word_1_482' title='bbox 3254 1894 3692 1976; x_wconf 75' lang='lat' dir='ltr'><strong>praedetermi-</strong></span> 
     </span>
     <span class='ocr_line' id='line_1_73' title="bbox 2114 1990 3687 2065; baseline -0.004 -11"><span class='ocrx_word' id='word_1_483' title='bbox 2114 2010 2277 2054; x_wconf 90' lang='lat' dir='ltr'><strong>nans</strong></span> <span class='ocrx_word' id='word_1_484' title='bbox 2306 1991 2531 2055; x_wconf 81' lang='lat' dir='ltr'><strong>dicitur</strong></span> <span class='ocrx_word' id='word_1_485' title='bbox 2560 1991 2697 2053; x_wconf 85' lang='lat' dir='ltr'><strong>fieri</strong></span> <span class='ocrx_word' id='word_1_486' title='bbox 2724 1992 2789 2053; x_wconf 91' lang='lat' dir='ltr'><strong>in</strong></span> <span class='ocrx_word' id='word_1_487' title='bbox 2816 1992 3071 2053; x_wconf 89' lang='lat' dir='ltr'><strong>homine</strong></span> <span class='ocrx_word' id='word_1_488' title='bbox 3096 2008 3135 2051; x_wconf 89' lang='lat' dir='ltr'><strong>a</strong></span> <span class='ocrx_word' id='word_1_489' title='bbox 3159 1990 3293 2051; x_wconf 86' lang='lat' dir='ltr'><strong>solo</strong></span> <span class='ocrx_word' id='word_1_490' title='bbox 3322 1991 3495 2059; x_wconf 88' lang='lat' dir='ltr'><strong>Deo;</strong></span> <span class='ocrx_word' id='word_1_491' title='bbox 3534 2004 3687 2065; x_wconf 87' lang='lat' dir='ltr'><strong>ergo</strong></span> 
     </span>
     <span class='ocr_line' id='line_1_74' title="bbox 2116 2080 3689 2165; baseline -0.005 -18"><span class='ocrx_word' id='word_1_492' title='bbox 2116 2104 2243 2147; x_wconf 91' lang='lat' dir='ltr'><strong>non</strong></span> <span class='ocrx_word' id='word_1_493' title='bbox 2278 2092 2483 2165; x_wconf 89' lang='lat' dir='ltr'><strong>potest</strong></span> <span class='ocrx_word' id='word_1_494' title='bbox 2514 2103 2653 2147; x_wconf 88' lang='lat' dir='ltr'><strong>esse</strong></span> <span class='ocrx_word' id='word_1_495' title='bbox 2680 2084 3039 2146; x_wconf 87' lang='lat' dir='ltr'><strong>immediate</strong></span> <span class='ocrx_word' id='word_1_496' title='bbox 3070 2085 3133 2145; x_wconf 89' lang='lat' dir='ltr'><strong>iu</strong></span> <span class='ocrx_word' id='word_1_497' title='bbox 3160 2086 3476 2163; x_wconf 87' lang='lat' dir='ltr'><strong>potestate</strong></span> <span class='ocrx_word' id='word_1_498' title='bbox 3492 2080 3689 2141; x_wconf 85' lang='lat' dir='ltr'><strong>libera</strong></span> 
     </span>
     <span class='ocr_line' id='line_1_75' title="bbox 2116 2176 3685 2258; baseline -0.004 -18"><span class='ocrx_word' id='word_1_499' title='bbox 2116 2180 2409 2254; x_wconf 77' lang='lat' dir='ltr'><strong>hominiS,</strong></span> <span class='ocrx_word' id='word_1_500' title='bbox 2464 2179 2611 2258; x_wconf 83' lang='lat' dir='ltr'><strong>quia</strong></span> <span class='ocrx_word' id='word_1_501' title='bbox 2656 2178 2725 2239; x_wconf 91' lang='lat' dir='ltr'><strong>in</strong></span> <span class='ocrx_word' id='word_1_502' title='bbox 2770 2177 3131 2257; x_wconf 89' lang='lat' dir='ltr'><strong>recipiendo</strong></span> <span class='ocrx_word' id='word_1_503' title='bbox 3183 2194 3319 2237; x_wconf 88' lang='lat' dir='ltr'><strong>non</strong></span> <span class='ocrx_word' id='word_1_504' title='bbox 3352 2181 3449 2237; x_wconf 88' lang='lat' dir='ltr'><strong>est</strong></span> <span class='ocrx_word' id='word_1_505' title='bbox 3498 2176 3685 2235; x_wconf 89' lang='lat' dir='ltr'><strong>homo</strong></span> 
     </span>
     <span class='ocr_line' id='line_1_76' title="bbox 2116 2268 3684 2350; baseline -0.004 -17"><span class='ocrx_word' id='word_1_506' title='bbox 2116 2272 2475 2333; x_wconf 89' lang='lat' dir='ltr'><strong>immediate</strong></span> <span class='ocrx_word' id='word_1_507' title='bbox 2496 2272 2679 2346; x_wconf 91' lang='lat' dir='ltr'><strong>liber,</strong></span> <span class='ocrx_word' id='word_1_508' title='bbox 2710 2272 2821 2333; x_wconf 89' lang='lat' dir='ltr'><strong>sed</strong></span> <span class='ocrx_word' id='word_1_509' title='bbox 2848 2272 2917 2331; x_wconf 90' lang='lat' dir='ltr'><strong>iu</strong></span> <span class='ocrx_word' id='word_1_510' title='bbox 2945 2270 3219 2350; x_wconf 81' lang='lat' dir='ltr'><strong>agendo,</strong></span> <span class='ocrx_word' id='word_1_511' title='bbox 3250 2275 3323 2329; x_wconf 88' lang='lat' dir='ltr'><strong>ut</strong></span> <span class='ocrx_word' id='word_1_512' title='bbox 3350 2287 3431 2329; x_wconf 82' lang='lat' dir='ltr'><strong>ex</strong></span> <span class='ocrx_word' id='word_1_513' title='bbox 3464 2268 3684 2329; x_wconf 85' lang='lat' dir='ltr'><strong>Conci-</strong></span> 
     </span>
     <span class='ocr_line' id='line_1_77' title="bbox 2116 2362 3689 2443; baseline -0.004 -17"><span class='ocrx_word' id='word_1_514' title='bbox 2116 2365 2199 2427; x_wconf 92' lang='lat' dir='ltr'><strong>lio</strong></span> <span class='ocrx_word' id='word_1_515' title='bbox 2244 2364 2605 2427; x_wconf 85' lang='lat' dir='ltr'><strong>Tridentino</strong></span> <span class='ocrx_word' id='word_1_516' title='bbox 2648 2370 2912 2427; x_wconf 88' lang='lat' dir='ltr'><strong>constat.</strong></span> <span class='ocrx_word' id='word_1_517' title='bbox 2948 2364 3161 2427; x_wconf 88' lang='lat' dir='ltr'><strong>Solum</strong></span> <span class='ocrx_word' id='word_1_518' title='bbox 3198 2381 3355 2443; x_wconf 84' lang='lat' dir='ltr'><strong>ergo</strong></span> <span class='ocrx_word' id='word_1_519' title='bbox 3406 2362 3527 2423; x_wconf 87' lang='lat' dir='ltr'><strong>dici</strong></span> <span class='ocrx_word' id='word_1_520' title='bbox 3582 2380 3689 2440; x_wconf 83' lang='lat' dir='ltr'><strong>po·</strong></span> 
     </span>
     <span class='ocr_line' id='line_1_78' title="bbox 2116 2455 3688 2538; baseline -0.004 -18"><span class='ocrx_word' id='word_1_521' title='bbox 2116 2464 2239 2521; x_wconf 86' lang='lat' dir='ltr'><strong>test</strong></span> <span class='ocrx_word' id='word_1_522' title='bbox 2276 2476 2415 2519; x_wconf 89' lang='lat' dir='ltr'><strong>esse</strong></span> <span class='ocrx_word' id='word_1_523' title='bbox 2448 2458 2514 2519; x_wconf 88' lang='lat' dir='ltr'><strong>in</strong></span> <span class='ocrx_word' id='word_1_524' title='bbox 2542 2464 2851 2538; x_wconf 86' lang='lat' dir='ltr'><strong>potestate</strong></span> <span class='ocrx_word' id='word_1_525' title='bbox 2894 2458 3169 2519; x_wconf 83' lang='lat' dir='ltr'><strong>hominis</strong></span> <span class='ocrx_word' id='word_1_526' title='bbox 3208 2455 3531 2517; x_wconf 80' lang='lat' dir='ltr'><strong>mediante</strong></span> <span class='ocrx_word' id='word_1_527' title='bbox 3576 2455 3688 2515; x_wconf 90' lang='lat' dir='ltr'><strong>ali-</strong></span> 
     </span>
     <span class='ocr_line' id='line_1_79' title="bbox 2116 2549 3689 2631; baseline -0.002 -20"><span class='ocrx_word' id='word_1_528' title='bbox 2116 2570 2243 2631; x_wconf 89' lang='lat' dir='ltr'><strong>qua</strong></span> <span class='ocrx_word' id='word_1_529' title='bbox 2284 2550 2714 2631; x_wconf 88' lang='lat' dir='ltr'><strong>dispositione,</strong></span> <span class='ocrx_word' id='word_1_530' title='bbox 2756 2550 2917 2611; x_wconf 89' lang='lat' dir='ltr'><strong>sicut</strong></span> <span class='ocrx_word' id='word_1_531' title='bbox 2946 2550 3225 2630; x_wconf 88' lang='lat' dir='ltr'><strong>recipere</strong></span> <span class='ocrx_word' id='word_1_532' title='bbox 3258 2549 3531 2626; x_wconf 82' lang='lat' dir='ltr'><strong>gratiam</strong></span> <span class='ocrx_word' id='word_1_533' title='bbox 3576 2549 3689 2608; x_wconf 84' lang='lat' dir='ltr'><strong>ha·</strong></span> 
     </span>
     <span class='ocr_line' id='line_1_80' title="bbox 2115 2641 3689 2723; baseline -0.003 -18"><span class='ocrx_word' id='word_1_534' title='bbox 2115 2644 2415 2705; x_wconf 91' lang='lat' dir='ltr'><strong>bitualcm</strong></span> <span class='ocrx_word' id='word_1_535' title='bbox 2466 2650 2561 2707; x_wconf 89' lang='lat' dir='ltr'><strong>est</strong></span> <span class='ocrx_word' id='word_1_536' title='bbox 2604 2645 2667 2705; x_wconf 90' lang='grc'><strong>16</strong></span> <span class='ocrx_word' id='word_1_537' title='bbox 2696 2649 3005 2723; x_wconf 90' lang='lat' dir='ltr'><strong>potestate</strong></span> <span class='ocrx_word' id='word_1_538' title='bbox 3045 2643 3347 2715; x_wconf 76' lang='lat' dir='ltr'><strong>hominiS,</strong></span> <span class='ocrx_word' id='word_1_539' title='bbox 3380 2641 3531 2721; x_wconf 87' lang='lat' dir='ltr'><strong>quia</strong></span> <span class='ocrx_word' id='word_1_540' title='bbox 3578 2660 3689 2720; x_wconf 87' lang='lat' dir='ltr'><strong>po-</strong></span> 
     </span>
     <span class='ocr_line' id='line_1_81' title="bbox 2116 2734 3689 2817; baseline -0.004 -18"><span class='ocrx_word' id='word_1_541' title='bbox 2116 2744 2239 2799; x_wconf 89' lang='lat' dir='ltr'><strong>test</strong></span> <span class='ocrx_word' id='word_1_542' title='bbox 2274 2738 2520 2798; x_wconf 84' lang='lat' dir='ltr'><strong>efficere</strong></span> <span class='ocrx_word' id='word_1_543' title='bbox 2556 2737 3027 2817; x_wconf 87' lang='lat' dir='ltr'><strong>dispositionem</strong></span> <span class='ocrx_word' id='word_1_544' title='bbox 3057 2735 3141 2797; x_wconf 84' lang='lat' dir='ltr'><strong>ad</strong></span> <span class='ocrx_word' id='word_1_545' title='bbox 3178 2754 3373 2815; x_wconf 85' lang='lat' dir='ltr'><strong>quam</strong></span> <span class='ocrx_word' id='word_1_546' title='bbox 3404 2734 3689 2797; x_wconf 82' lang='lat' dir='ltr'><strong>infallibi-</strong></span> 
     </span>
     <span class='ocr_line' id='line_1_82' title="bbox 2114 2828 3687 2911; baseline -0.002 -19"><span class='ocrx_word' id='word_1_547' title='bbox 2114 2832 2255 2895; x_wconf 89' lang='lat' dir='ltr'><strong>liter</strong></span> <span class='ocrx_word' id='word_1_548' title='bbox 2296 2830 2581 2911; x_wconf 88' lang='lat' dir='ltr'><strong>sequitur</strong></span> <span class='ocrx_word' id='word_1_549' title='bbox 2610 2833 2832 2911; x_wconf 82' lang='lat' dir='ltr'><strong>gratia.</strong></span> <span class='ocrx_word' id='word_1_550' title='bbox 2866 2832 2931 2895; x_wconf 91' lang='lat' dir='ltr'><strong>Si</strong></span> <span class='ocrx_word' id='word_1_551' title='bbox 2972 2848 3123 2911; x_wconf 85' lang='lat' dir='ltr'><strong>ergo</strong></span> <span class='ocrx_word' id='word_1_552' title='bbox 3168 2832 3289 2891; x_wconf 90' lang='grc'><strong>1166</strong></span> <span class='ocrx_word' id='word_1_553' title='bbox 3328 2830 3578 2891; x_wconf 85' lang='lat' dir='ltr'><strong>dicatur</strong></span> <span class='ocrx_word' id='word_1_554' title='bbox 3608 2828 3687 2889; x_wconf 89' lang='lat' dir='ltr'><strong>de</strong></span> 
     </span>
     <span class='ocr_line' id='line_1_83' title="bbox 2114 2924 3687 3004; baseline -0.003 -17"><span class='ocrx_word' id='word_1_555' title='bbox 2114 2926 2221 2987; x_wconf 92' lang='lat' dir='ltr'><strong>illo</strong></span> <span class='ocrx_word' id='word_1_556' title='bbox 2258 2925 2485 2987; x_wconf 87' lang='lat' dir='ltr'><strong>auxilio</strong></span> <span class='ocrx_word' id='word_1_557' title='bbox 2537 2926 2799 3002; x_wconf 86' lang='lat' dir='ltr'><strong>efficaci,</strong></span> <span class='ocrx_word' id='word_1_558' title='bbox 2830 2925 3075 3004; x_wconf 87' lang='lat' dir='ltr'><strong>inquiro</strong></span> <span class='ocrx_word' id='word_1_559' title='bbox 3118 2942 3415 3003; x_wconf 75' lang='lat' dir='ltr'><strong>quaenam</strong></span> <span class='ocrx_word' id='word_1_560' title='bbox 3458 2924 3537 2985; x_wconf 88' lang='lat' dir='ltr'><strong>sit</strong></span> <span class='ocrx_word' id='word_1_561' title='bbox 3586 2924 3687 2983; x_wconf 91' lang='lat' dir='ltr'><strong>illa</strong></span> 
     </span>
     <span class='ocr_line' id='line_1_84' title="bbox 2115 3019 3687 3100; baseline -0.001 -19"><span class='ocrx_word' id='word_1_562' title='bbox 2115 3020 2457 3100; x_wconf 88' lang='lat' dir='ltr'><strong>dispositio.</strong></span> <span class='ocrx_word' id='word_1_563' title='bbox 2494 3020 2803 3079; x_wconf 84' lang='lat' dir='ltr'><strong>Naturalis</strong></span> <span class='ocrx_word' id='word_1_564' title='bbox 2830 3019 2997 3079; x_wconf 90' lang='lat' dir='ltr'><strong>enim</strong></span> <span class='ocrx_word' id='word_1_565' title='bbox 3030 3036 3169 3079; x_wconf 85' lang='lat' dir='ltr'><strong>esse</strong></span> <span class='ocrx_word' id='word_1_566' title='bbox 3198 3036 3329 3079; x_wconf 89' lang='lat' dir='ltr'><strong>uon</strong></span> <span class='ocrx_word' id='word_1_567' title='bbox 3360 3023 3587 3096; x_wconf 88' lang='lat' dir='ltr'><strong>potest,</strong></span> <span class='ocrx_word' id='word_1_568' title='bbox 3620 3024 3687 3079; x_wconf 88' lang='lat' dir='ltr'><strong>ut</strong></span> 
     </span>
     <span class='ocr_line' id='line_1_85' title="bbox 2112 3110 3681 3194; baseline -0.004 -18"><span class='ocrx_word' id='word_1_569' title='bbox 2112 3115 2444 3194; x_wconf 88' lang='lat' dir='ltr'><strong>probatum</strong></span> <span class='ocrx_word' id='word_1_570' title='bbox 2496 3119 2591 3176; x_wconf 88' lang='lat' dir='ltr'><strong>est</strong></span> <span class='ocrx_word' id='word_1_571' title='bbox 2624 3131 2703 3174; x_wconf 83' lang='lat' dir='ltr'><strong>ex</strong></span> <span class='ocrx_word' id='word_1_572' title='bbox 2730 3113 3049 3193; x_wconf 83' lang='lat' dir='ltr'><strong>principiis</strong></span> <span class='ocrx_word' id='word_1_573' title='bbox 3092 3110 3262 3174; x_wconf 85' lang='lat' dir='ltr'><strong>fidei.</strong></span> <span class='ocrx_word' id='word_1_574' title='bbox 3306 3111 3371 3174; x_wconf 90' lang='lat' dir='ltr'><strong>Si</strong></span> <span class='ocrx_word' id='word_1_575' title='bbox 3402 3129 3553 3172; x_wconf 76' lang='lat' dir='ltr'><strong>vero</strong></span> <span class='ocrx_word' id='word_1_576' title='bbox 3604 3110 3681 3172; x_wconf 80' lang='lat' dir='ltr'><strong>sit</strong></span> 
     </span>
     <span class='ocr_line' id='line_1_86' title="bbox 2113 3204 3683 3287; baseline -0.003 -19"><span class='ocrx_word' id='word_1_577' title='bbox 2113 3205 2627 3287; x_wconf 80' lang='lat' dir='ltr'><strong>supernaturalis,</strong></span> <span class='ocrx_word' id='word_1_578' title='bbox 2658 3205 2741 3266; x_wconf 86' lang='lat' dir='ltr'><strong>ad</strong></span> <span class='ocrx_word' id='word_1_579' title='bbox 2768 3204 2939 3266; x_wconf 88' lang='lat' dir='ltr'><strong>illam</strong></span> <span class='ocrx_word' id='word_1_580' title='bbox 2968 3205 3085 3268; x_wconf 88' lang='lat' dir='ltr'><strong>erit</strong></span> <span class='ocrx_word' id='word_1_581' title='bbox 3111 3207 3545 3268; x_wconf 88' lang='lat' dir='ltr'><strong>necessarium</strong></span> <span class='ocrx_word' id='word_1_582' title='bbox 3576 3223 3683 3264; x_wconf 86' lang='lat' dir='ltr'><strong>au-</strong></span> 
     </span>
     <span class='ocr_line' id='line_1_87' title="bbox 2112 3300 3677 3382; baseline 0 -20"><span class='ocrx_word' id='word_1_583' title='bbox 2112 3302 2327 3362; x_wconf 84' lang='lat' dir='ltr'><strong>xilium</strong></span> <span class='ocrx_word' id='word_1_584' title='bbox 2362 3301 2603 3362; x_wconf 85' lang='lat' dir='ltr'><strong>efficax.</strong></span> <span class='ocrx_word' id='word_1_585' title='bbox 2650 3301 2761 3362; x_wconf 84' lang='lat' dir='ltr'><strong>Vel</strong></span> <span class='ocrx_word' id='word_1_586' title='bbox 2820 3319 2971 3382; x_wconf 84' lang='lat' dir='ltr'><strong>ergo</strong></span> <span class='ocrx_word' id='word_1_587' title='bbox 3015 3301 3205 3362; x_wconf 86' lang='lat' dir='ltr'><strong>homo</strong></span> <span class='ocrx_word' id='word_1_588' title='bbox 3244 3300 3443 3362; x_wconf 89' lang='lat' dir='ltr'><strong>habet</strong></span> <span class='ocrx_word' id='word_1_589' title='bbox 3486 3301 3639 3362; x_wconf 87' lang='lat' dir='ltr'><strong>illud</strong></span> <span class='ocrx_word' id='word_1_590' title='bbox 3660 3345 3677 3373; x_wconf 95' lang='lat'><strong>,</strong></span> 
     </span>
     <span class='ocr_line' id='line_1_88' title="bbox 2110 3393 3683 3473; baseline 0 -19"><span class='ocrx_word' id='word_1_591' title='bbox 2110 3394 2211 3456; x_wconf 72' lang='lat' dir='ltr'><strong>vel</strong></span> <span class='ocrx_word' id='word_1_592' title='bbox 2263 3413 2392 3454; x_wconf 91' lang='lat' dir='ltr'><strong>non</strong></span> <span class='ocrx_word' id='word_1_593' title='bbox 2428 3395 2641 3458; x_wconf 84' lang='lat' dir='ltr'><strong>habet.</strong></span> <span class='ocrx_word' id='word_1_594' title='bbox 2694 3394 2756 3456; x_wconf 92' lang='lat' dir='ltr'><strong>Si</strong></span> <span class='ocrx_word' id='word_1_595' title='bbox 2797 3393 3013 3467; x_wconf 89' lang='lat' dir='ltr'><strong>hahet,</strong></span> <span class='ocrx_word' id='word_1_596' title='bbox 3062 3412 3215 3473; x_wconf 84' lang='lat' dir='ltr'><strong>ergo</strong></span> <span class='ocrx_word' id='word_1_597' title='bbox 3256 3395 3455 3455; x_wconf 87' lang='lat' dir='ltr'><strong>etiam</strong></span> <span class='ocrx_word' id='word_1_598' title='bbox 3484 3396 3683 3454; x_wconf 83' lang='lat' dir='ltr'><strong>-efficit</strong></span> 
     </span>
     <span class='ocr_line' id='line_1_89' title="bbox 2110 3487 3681 3567; baseline -0.001 -19"><span class='ocrx_word' id='word_1_599' title='bbox 2110 3487 2281 3548; x_wconf 88' lang='lat' dir='ltr'><strong>illam</strong></span> <span class='ocrx_word' id='word_1_600' title='bbox 2313 3487 2806 3567; x_wconf 85' lang='lat' dir='ltr'><strong>dispositionem,</strong></span> <span class='ocrx_word' id='word_1_601' title='bbox 2842 3487 2991 3566; x_wconf 86' lang='lat' dir='ltr'><strong>quia</strong></span> <span class='ocrx_word' id='word_1_602' title='bbox 3028 3505 3215 3548; x_wconf 92' lang='lat' dir='ltr'><strong>omne</strong></span> <span class='ocrx_word' id='word_1_603' title='bbox 3246 3487 3553 3548; x_wconf 81' lang='lat' dir='ltr'><strong>auxilium</strong></span> <span class='ocrx_word' id='word_1_604' title='bbox 3594 3487 3681 3548; x_wconf 85' lang='lat' dir='ltr'><strong>ef-</strong></span> 
     </span>
     <span class='ocr_line' id='line_1_90' title="bbox 2112 3581 3683 3660; baseline -0.001 -16"><span class='ocrx_word' id='word_1_605' title='bbox 2112 3581 2275 3644; x_wconf 86' lang='lat' dir='ltr'><strong>ficax</strong></span> <span class='ocrx_word' id='word_1_606' title='bbox 2302 3583 2492 3646; x_wconf 88' lang='lat' dir='ltr'><strong>habet</strong></span> <span class='ocrx_word' id='word_1_607' title='bbox 2544 3583 2949 3644; x_wconf 78' lang='lat' dir='ltr'><strong>infallibiliter</strong></span> <span class='ocrx_word' id='word_1_608' title='bbox 2974 3588 3208 3655; x_wconf 86' lang='lat' dir='ltr'><strong>actum,</strong></span> <span class='ocrx_word' id='word_1_609' title='bbox 3242 3581 3325 3642; x_wconf 89' lang='lat' dir='ltr'><strong>ad</strong></span> <span class='ocrx_word' id='word_1_610' title='bbox 3360 3599 3553 3660; x_wconf 87' lang='lat' dir='ltr'><strong>quem</strong></span> <span class='ocrx_word' id='word_1_611' title='bbox 3590 3587 3683 3644; x_wconf 87' lang='lat' dir='ltr'><strong>est</strong></span> 
     </span>
     <span class='ocr_line' id='line_1_91' title="bbox 2114 3675 3679 3748; baseline -0.001 -11"><span class='ocrx_word' id='word_1_612' title='bbox 2114 3677 2375 3748; x_wconf 75' lang='lat' dir='ltr'><strong>efficax3</strong></span> <span class='ocrx_word' id='word_1_613' title='bbox 2412 3677 2529 3737; x_wconf 90' lang='lat' dir='ltr'><strong>hac</strong></span> <span class='ocrx_word' id='word_1_614' title='bbox 2564 3676 2733 3738; x_wconf 89' lang='lat' dir='ltr'><strong>enim</strong></span> <span class='ocrx_word' id='word_1_615' title='bbox 2764 3675 3006 3738; x_wconf 87' lang='lat' dir='ltr'><strong>ratione</strong></span> <span class='ocrx_word' id='word_1_616' title='bbox 3050 3677 3273 3738; x_wconf 83' lang='lat' dir='ltr'><strong>efficax</strong></span> <span class='ocrx_word' id='word_1_617' title='bbox 3316 3676 3567 3736; x_wconf 83' lang='lat' dir='ltr'><strong>dicitur.</strong></span> <span class='ocrx_word' id='word_1_618' title='bbox 3618 3676 3679 3738; x_wconf 91' lang='lat' dir='ltr'><strong>Si</strong></span> 
     </span>
     <span class='ocr_line' id='line_1_92' title="bbox 2110 3766 3675 3848; baseline 0 -20"><span class='ocrx_word' id='word_1_619' title='bbox 2110 3775 2323 3830; x_wconf 86' lang='lat' dir='ltr'><strong>autem</strong></span> <span class='ocrx_word' id='word_1_620' title='bbox 2354 3766 2825 3847; x_wconf 88' lang='lat' dir='ltr'><strong>dispositionem</strong></span> <span class='ocrx_word' id='word_1_621' title='bbox 2850 3768 3022 3830; x_wconf 87' lang='lat' dir='ltr'><strong>illam</strong></span> <span class='ocrx_word' id='word_1_622' title='bbox 3050 3768 3267 3842; x_wconf 85' lang='lat' dir='ltr'><strong>habet,</strong></span> <span class='ocrx_word' id='word_1_623' title='bbox 3300 3787 3455 3848; x_wconf 86' lang='lat' dir='ltr'><strong>ergo</strong></span> <span class='ocrx_word' id='word_1_624' title='bbox 3490 3769 3675 3832; x_wconf 87' lang='lat' dir='ltr'><strong>etiam</strong></span> 
     </span>
     <span class='ocr_line' id='line_1_93' title="bbox 2108 3863 3675 3943; baseline -0.001 -19"><span class='ocrx_word' id='word_1_625' title='bbox 2108 3863 2327 3943; x_wconf 89' lang='lat' dir='ltr'><strong>recipit</strong></span> <span class='ocrx_word' id='word_1_626' title='bbox 2370 3864 2539 3924; x_wconf 89' lang='lat' dir='ltr'><strong>aliud</strong></span> <span class='ocrx_word' id='word_1_627' title='bbox 2578 3864 2877 3925; x_wconf 87' lang='lat' dir='ltr'><strong>auxilium</strong></span> <span class='ocrx_word' id='word_1_628' title='bbox 2930 3864 3149 3925; x_wconf 74' lang='lat' dir='ltr'><strong>efficax</strong></span> <span class='ocrx_word' id='word_1_629' title='bbox 3194 3864 3279 3925; x_wconf 87' lang='lat' dir='ltr'><strong>ad</strong></span> <span class='ocrx_word' id='word_1_630' title='bbox 3314 3863 3675 3924; x_wconf 84' lang='lat' dir='ltr'><strong>ulteriorem</strong></span> 
     </span>
     <span class='ocr_line' id='line_1_94' title="bbox 2109 3956 3675 4036; baseline -0.001 -18"><span class='ocrx_word' id='word_1_631' title='bbox 2109 3961 2353 4028; x_wconf 85' lang='lat' dir='ltr'><strong>actum;</strong></span> <span class='ocrx_word' id='word_1_632' title='bbox 2384 3957 2795 4036; x_wconf 88' lang='lat' dir='ltr'><strong>supponimus</strong></span> <span class='ocrx_word' id='word_1_633' title='bbox 2818 3962 3029 4018; x_wconf 87' lang='lat' dir='ltr'><strong>autem</strong></span> <span class='ocrx_word' id='word_1_634' title='bbox 3060 3976 3179 4018; x_wconf 90' lang='lat' dir='ltr'><strong>nec</strong></span> <span class='ocrx_word' id='word_1_635' title='bbox 3206 3975 3273 4018; x_wconf 89' lang='lat' dir='ltr'><strong>se</strong></span> <span class='ocrx_word' id='word_1_636' title='bbox 3296 3956 3675 4036; x_wconf 88' lang='lat' dir='ltr'><strong>disposuisse</strong></span> 
     </span>
     <span class='ocr_line' id='line_1_95' title="bbox 2110 4049 3673 4130; baseline -0.001 -18"><span class='ocrx_word' id='word_1_637' title='bbox 2110 4050 2191 4112; x_wconf 87' lang='lat' dir='ltr'><strong>ad</strong></span> <span class='ocrx_word' id='word_1_638' title='bbox 2220 4051 2343 4112; x_wconf 85' lang='lat' dir='ltr'><strong>tale</strong></span> <span class='ocrx_word' id='word_1_639' title='bbox 2386 4049 2711 4126; x_wconf 83' lang='lat' dir='ltr'><strong>auxilium,</strong></span> <span class='ocrx_word' id='word_1_640' title='bbox 2742 4071 2861 4114; x_wconf 89' lang='lat' dir='ltr'><strong>uec</strong></span> <span class='ocrx_word' id='word_1_641' title='bbox 2912 4051 3067 4112; x_wconf 92' lang='lat' dir='ltr'><strong>illud</strong></span> <span class='ocrx_word' id='word_1_642' title='bbox 3098 4051 3419 4130; x_wconf 89' lang='lat' dir='ltr'><strong>recepisse</strong></span> <span class='ocrx_word' id='word_1_643' title='bbox 3456 4069 3473 4122; x_wconf 78' lang='grc' dir='ltr'>ς</span> <span class='ocrx_word' id='word_1_644' title='bbox 3530 4069 3673 4130; x_wconf 87' lang='lat' dir='ltr'><strong>ergo</strong></span> 
     </span>
     <span class='ocr_line' id='line_1_96' title="bbox 2110 4143 3675 4224; baseline 0 -20"><span class='ocrx_word' id='word_1_645' title='bbox 2110 4163 2229 4205; x_wconf 90' lang='lat' dir='ltr'><strong>nec</strong></span> <span class='ocrx_word' id='word_1_646' title='bbox 2256 4143 2340 4206; x_wconf 86' lang='lat' dir='ltr'><strong>ad</strong></span> <span class='ocrx_word' id='word_1_647' title='bbox 2366 4143 2567 4222; x_wconf 89' lang='lat' dir='ltr'><strong>ipsam</strong></span> <span class='ocrx_word' id='word_1_648' title='bbox 2598 4143 3073 4224; x_wconf 89' lang='lat' dir='ltr'><strong>dispositionem</strong></span> <span class='ocrx_word' id='word_1_649' title='bbox 3099 4145 3339 4224; x_wconf 89' lang='lat' dir='ltr'><strong>recepit</strong></span> <span class='ocrx_word' id='word_1_650' title='bbox 3364 4145 3543 4223; x_wconf 83' lang='lat' dir='ltr'><strong>prius</strong></span> <span class='ocrx_word' id='word_1_651' title='bbox 3568 4163 3675 4203; x_wconf 85' lang='lat' dir='ltr'><strong>au-</strong></span> 
     </span>
     <span class='ocr_line' id='line_1_97' title="bbox 2109 4237 3671 4316; baseline 0 -18"><span class='ocrx_word' id='word_1_652' title='bbox 2109 4237 2325 4298; x_wconf 81' lang='lat' dir='ltr'><strong>xilium</strong></span> <span class='ocrx_word' id='word_1_653' title='bbox 2362 4237 2621 4308; x_wconf 82' lang='lat' dir='ltr'><strong>efficax;</strong></span> <span class='ocrx_word' id='word_1_654' title='bbox 2670 4237 2899 4298; x_wconf 89' lang='lat' dir='ltr'><strong>redibit</strong></span> <span class='ocrx_word' id='word_1_655' title='bbox 2944 4254 3095 4316; x_wconf 81' lang='lat' dir='ltr'><strong>ergo</strong></span> <span class='ocrx_word' id='word_1_656' title='bbox 3126 4243 3575 4315; x_wconf 77' lang='lat' dir='ltr'><strong>argumentum</strong></span> <span class='ocrx_word' id='word_1_657' title='bbox 3598 4237 3671 4298; x_wconf 89' lang='lat' dir='ltr'><strong>dc</strong></span> 
     </span>
     <span class='ocr_line' id='line_1_98' title="bbox 2105 4329 3669 4410; baseline -0.001 -18"><span class='ocrx_word' id='word_1_658' title='bbox 2105 4331 2209 4392; x_wconf 90' lang='lat' dir='ltr'><strong>illo</strong></span> <span class='ocrx_word' id='word_1_659' title='bbox 2238 4329 2469 4392; x_wconf 83' lang='lat' dir='ltr'><strong>auxilio</strong></span> <span class='ocrx_word' id='word_1_660' title='bbox 2506 4331 2766 4405; x_wconf 86' lang='lat' dir='ltr'><strong>efficaci,</strong></span> <span class='ocrx_word' id='word_1_661' title='bbox 2812 4338 2876 4393; x_wconf 89' lang='lat' dir='ltr'><strong>et</strong></span> <span class='ocrx_word' id='word_1_662' title='bbox 2908 4331 2995 4392; x_wconf 90' lang='lat' dir='ltr'><strong>sic</strong></span> <span class='ocrx_word' id='word_1_663' title='bbox 3025 4330 3405 4410; x_wconf 87' lang='lat' dir='ltr'><strong>procedetur</strong></span> <span class='ocrx_word' id='word_1_664' title='bbox 3440 4331 3505 4390; x_wconf 89' lang='lat' dir='ltr'><strong>in</strong></span> <span class='ocrx_word' id='word_1_665' title='bbox 3537 4331 3669 4390; x_wconf 87' lang='lat' dir='ltr'><strong>infi-</strong></span> 
     </span>
     <span class='ocr_line' id='line_1_99' title="bbox 2106 4423 3669 4502; baseline -0.001 -18"><span class='ocrx_word' id='word_1_666' title='bbox 2106 4424 2329 4496; x_wconf 90' lang='lat' dir='ltr'><strong>nitum,</strong></span> <span class='ocrx_word' id='word_1_667' title='bbox 2362 4423 2563 4485; x_wconf 85' lang='lat' dir='ltr'><strong>donee</strong></span> <span class='ocrx_word' id='word_1_668' title='bbox 2594 4423 2887 4486; x_wconf 85' lang='lat' dir='ltr'><strong>sistamus</strong></span> <span class='ocrx_word' id='word_1_669' title='bbox 2916 4423 2979 4483; x_wconf 91' lang='lat' dir='ltr'><strong>in</strong></span> <span class='ocrx_word' id='word_1_670' title='bbox 3020 4423 3232 4502; x_wconf 91' lang='lat' dir='ltr'><strong>aliquo</strong></span> <span class='ocrx_word' id='word_1_671' title='bbox 3262 4423 3495 4485; x_wconf 82' lang='lat' dir='ltr'><strong>auxilio</strong></span> <span class='ocrx_word' id='word_1_672' title='bbox 3522 4441 3669 4502; x_wconf 68' lang='grc'><strong>11116-</strong></span> 
     </span>
     <span class='ocr_line' id='line_1_100' title="bbox 2108 4515 3671 4596; baseline 0 -20"><span class='ocrx_word' id='word_1_673' title='bbox 2108 4515 2591 4590; x_wconf 87' lang='lat' dir='ltr'><strong>determinante,</strong></span> <span class='ocrx_word' id='word_1_674' title='bbox 2618 4516 2789 4596; x_wconf 87' lang='lat' dir='ltr'><strong>quod</strong></span> <span class='ocrx_word' id='word_1_675' title='bbox 2823 4535 2951 4578; x_wconf 87' lang='lat' dir='ltr'><strong>nou</strong></span> <span class='ocrx_word' id='word_1_676' title='bbox 2968 4515 3045 4578; x_wconf 89' lang='lat' dir='ltr'><strong>sit</strong></span> <span class='ocrx_word' id='word_1_677' title='bbox 3072 4516 3137 4577; x_wconf 90' lang='lat' dir='ltr'><strong>in</strong></span> <span class='ocrx_word' id='word_1_678' title='bbox 3168 4516 3445 4578; x_wconf 87' lang='lat' dir='ltr'><strong>hominis</strong></span> <span class='ocrx_word' id='word_1_679' title='bbox 3470 4523 3671 4596; x_wconf 88' lang='lat' dir='ltr'><strong>potes-</strong></span> 
     </span>
     <span class='ocr_line' id='line_1_101' title="bbox 2108 4609 3669 4689; baseline -0.001 -18"><span class='ocrx_word' id='word_1_680' title='bbox 2108 4615 2257 4671; x_wconf 84' lang='lat' dir='ltr'><strong>tate.</strong></span> <span class='ocrx_word' id='word_1_681' title='bbox 2304 4609 2723 4680; x_wconf 86' lang='lat' dir='ltr'><strong>Quamobrem</strong></span> <span class='ocrx_word' id='word_1_682' title='bbox 2756 4627 3005 4689; x_wconf 85' lang='lat' dir='ltr'><strong>semper</strong></span> <span class='ocrx_word' id='word_1_683' title='bbox 3046 4609 3180 4670; x_wconf 78' lang='lat' dir='ltr'><strong>hoec</strong></span> <span class='ocrx_word' id='word_1_684' title='bbox 3226 4610 3381 4670; x_wconf 87' lang='lat' dir='ltr'><strong>mihi</strong></span> <span class='ocrx_word' id='word_1_685' title='bbox 3418 4610 3552 4670; x_wconf 75' lang='lat' dir='ltr'><strong>visa</strong></span> <span class='ocrx_word' id='word_1_686' title='bbox 3582 4615 3669 4670; x_wconf 88' lang='lat' dir='ltr'><strong>est</strong></span> 
     </span>
     <span class='ocr_line' id='line_1_102' title="bbox 2108 4702 3663 4772; baseline -0.001 -8"><span class='ocrx_word' id='word_1_687' title='bbox 2108 4702 2330 4764; x_wconf 80' lang='lat' dir='ltr'><strong>efficax</strong></span> <span class='ocrx_word' id='word_1_688' title='bbox 2354 4703 2535 4772; x_wconf 85' lang='lat' dir='ltr'><strong>ratio.</strong></span> <span class='ocrx_word' id='word_1_689' title='bbox 2568 4721 2645 4764; x_wconf 85' lang='lat' dir='ltr'><strong>ex</strong></span> <span class='ocrx_word' id='word_1_690' title='bbox 2674 4705 2795 4764; x_wconf 88' lang='lat' dir='ltr'><strong>hoc</strong></span> <span class='ocrx_word' id='word_1_691' title='bbox 2822 4703 3057 4765; x_wconf 81' lang='lat' dir='ltr'><strong>scilicet</strong></span> <span class='ocrx_word' id='word_1_692' title='bbox 3090 4703 3281 4764; x_wconf 90' lang='lat' dir='ltr'><strong>modo</strong></span> <span class='ocrx_word' id='word_1_693' title='bbox 3310 4703 3663 4766; x_wconf 79' lang='lat' dir='ltr'><strong>declarandi</strong></span> 
     </span>
     <span class='ocr_line' id='line_1_103' title="bbox 2108 4796 3662 4876; baseline 0 -20"><span class='ocrx_word' id='word_1_694' title='bbox 2108 4796 2407 4856; x_wconf 84' lang='lat' dir='ltr'><strong>auxilium</strong></span> <span class='ocrx_word' id='word_1_695' title='bbox 2442 4796 2682 4868; x_wconf 83' lang='lat' dir='ltr'><strong>efficax,</strong></span> <span class='ocrx_word' id='word_1_696' title='bbox 2710 4797 3065 4858; x_wconf 83' lang='lat' dir='ltr'><strong>necessario</strong></span> <span class='ocrx_word' id='word_1_697' title='bbox 3104 4799 3285 4876; x_wconf 85' lang='lat' dir='ltr'><strong>sequi</strong></span> <span class='ocrx_word' id='word_1_698' title='bbox 3318 4816 3535 4860; x_wconf 79' lang='lat' dir='ltr'><strong>carere</strong></span> <span class='ocrx_word' id='word_1_699' title='bbox 3558 4817 3662 4858; x_wconf 83' lang='lat' dir='ltr'><strong>au-</strong></span> 
     </span>
     <span class='ocr_line' id='line_1_104' title="bbox 2104 4889 3661 4969; baseline 0.002 -21"><span class='ocrx_word' id='word_1_700' title='bbox 2104 4889 2253 4950; x_wconf 79' lang='lat' dir='ltr'><strong>xilio</strong></span> <span class='ocrx_word' id='word_1_701' title='bbox 2300 4889 2643 4950; x_wconf 82' lang='lat' dir='ltr'><strong>sufficiente</strong></span> <span class='ocrx_word' id='word_1_702' title='bbox 2687 4907 2907 4950; x_wconf 89' lang='lat' dir='ltr'><strong>omnes</strong></span> <span class='ocrx_word' id='word_1_703' title='bbox 2944 4890 3053 4969; x_wconf 88' lang='lat' dir='ltr'><strong>qui</strong></span> <span class='ocrx_word' id='word_1_704' title='bbox 3124 4891 3345 4952; x_wconf 81' lang='lat' dir='ltr'><strong>efficax</strong></span> <span class='ocrx_word' id='word_1_705' title='bbox 3396 4909 3519 4952; x_wconf 85' lang='lat' dir='ltr'><strong>non</strong></span> <span class='ocrx_word' id='word_1_706' title='bbox 3570 4910 3661 4951; x_wconf 87' lang='lat' dir='ltr'><strong>re-</strong></span> 
     </span>
     <span class='ocr_line' id='line_1_105' title="bbox 2106 4983 2365 5062; baseline -0.008 -18"><span class='ocrx_word' id='word_1_707' title='bbox 2106 4983 2365 5062; x_wconf 86' lang='lat' dir='ltr'><strong>cipiunt.</strong></span> 
     </span>
    </p>

    <p class='ocr_par' dir='ltr' id='par_1_7' title="bbox 2102 5074 3659 5619">
     <span class='ocr_line' id='line_1_106' title="bbox 2185 5074 3659 5148; baseline 0 -12"><span class='ocrx_word' id='word_1_708' title='bbox 2185 5077 2285 5138; x_wconf 70' lang='grc'><strong>26.</strong></span> <span class='ocrx_word' id='word_1_709' title='bbox 2340 5075 2623 5140; x_wconf 70' lang='lat' dir='ltr'><strong>Secunda</strong></span> <span class='ocrx_word' id='word_1_710' title='bbox 2644 5075 2805 5148; x_wconf 75' lang='lat' dir='ltr'><strong>ratio</strong></span> <span class='ocrx_word' id='word_1_711' title='bbox 2830 5094 2905 5140; x_wconf 70' lang='lat' dir='ltr'><strong>ex</strong></span> <span class='ocrx_word' id='word_1_712' title='bbox 2926 5074 3201 5140; x_wconf 75' lang='lat' dir='ltr'><strong>libertate</strong></span> <span class='ocrx_word' id='word_1_713' title='bbox 3226 5077 3659 5142; x_wconf 71' lang='lat' dir='ltr'><strong>voluntatis.—</strong></span> 
     </span>
     <span class='ocr_line' id='line_1_107' title="bbox 2106 5168 3655 5248; baseline -0.002 -18"><span class='ocrx_word' id='word_1_714' title='bbox 2106 5168 2397 5230; x_wconf 89' lang='lat' dir='ltr'><strong>Secundo</strong></span> <span class='ocrx_word' id='word_1_715' title='bbox 2418 5173 2955 5248; x_wconf 81' lang='lat' dir='ltr'><strong>argumentamur,</strong></span> <span class='ocrx_word' id='word_1_716' title='bbox 2974 5168 3273 5230; x_wconf 83' lang='lat' dir='ltr'><strong>auxilium</strong></span> <span class='ocrx_word' id='word_1_717' title='bbox 3292 5170 3357 5229; x_wconf 90' lang='lat' dir='ltr'><strong>in</strong></span> <span class='ocrx_word' id='word_1_718' title='bbox 3382 5188 3459 5230; x_wconf 89' lang='grc'><strong>66</strong></span> <span class='ocrx_word' id='word_1_719' title='bbox 3476 5189 3655 5230; x_wconf 87' lang='lat' dir='ltr'><strong>sensu</strong></span> 
     </span>
     <span class='ocr_line' id='line_1_108' title="bbox 2104 5261 3651 5341; baseline 0.001 -20"><span class='ocrx_word' id='word_1_720' title='bbox 2104 5261 2351 5335; x_wconf 83' lang='lat' dir='ltr'><strong>efficax,</strong></span> <span class='ocrx_word' id='word_1_721' title='bbox 2380 5280 2731 5341; x_wconf 83' lang='lat' dir='ltr'><strong>repugnare</strong></span> <span class='ocrx_word' id='word_1_722' title='bbox 2762 5261 3055 5323; x_wconf 88' lang='lat' dir='ltr'><strong>libertati.</strong></span> <span class='ocrx_word' id='word_1_723' title='bbox 3084 5262 3323 5324; x_wconf 85' lang='lat' dir='ltr'><strong>Dicitur</strong></span> <span class='ocrx_word' id='word_1_724' title='bbox 3344 5263 3507 5324; x_wconf 88' lang='lat' dir='ltr'><strong>enim</strong></span> <span class='ocrx_word' id='word_1_725' title='bbox 3540 5261 3651 5322; x_wconf 84' lang='lat' dir='ltr'><strong>tale</strong></span> 
     </span>
     <span class='ocr_line' id='line_1_109' title="bbox 2104 5354 3649 5433; baseline -0.001 -18"><span class='ocrx_word' id='word_1_726' title='bbox 2104 5355 2403 5416; x_wconf 84' lang='lat' dir='ltr'><strong>auxilium</strong></span> <span class='ocrx_word' id='word_1_727' title='bbox 2432 5375 2471 5416; x_wconf 87' lang='lat' dir='ltr'><strong>a</strong></span> <span class='ocrx_word' id='word_1_728' title='bbox 2510 5354 2643 5416; x_wconf 91' lang='lat' dir='ltr'><strong>solo</strong></span> <span class='ocrx_word' id='word_1_729' title='bbox 2688 5355 2815 5414; x_wconf 86' lang='lat' dir='ltr'><strong>Deo</strong></span> <span class='ocrx_word' id='word_1_730' title='bbox 2853 5354 3119 5428; x_wconf 81' lang='lat' dir='ltr'><strong>infundi,</strong></span> <span class='ocrx_word' id='word_1_731' title='bbox 3154 5355 3649 5433; x_wconf 85' lang='lat' dir='ltr'><strong>voluntatemque</strong></span> 
     </span>
     <span class='ocr_line' id='line_1_110' title="bbox 2102 5447 3650 5526; baseline -0.001 -18"><span class='ocrx_word' id='word_1_732' title='bbox 2102 5453 2379 5510; x_wconf 86' lang='lat' dir='ltr'><strong>nostram</strong></span> <span class='ocrx_word' id='word_1_733' title='bbox 2398 5447 2601 5509; x_wconf 88' lang='lat' dir='ltr'><strong>solum</strong></span> <span class='ocrx_word' id='word_1_734' title='bbox 2628 5447 2871 5526; x_wconf 81' lang='lat' dir='ltr'><strong>passive</strong></span> <span class='ocrx_word' id='word_1_735' title='bbox 2892 5465 3267 5510; x_wconf 81' lang='lat' dir='ltr'><strong>concurrere</strong></span> <span class='ocrx_word' id='word_1_736' title='bbox 3288 5449 3369 5512; x_wconf 86' lang='lat' dir='ltr'><strong>ad</strong></span> <span class='ocrx_word' id='word_1_737' title='bbox 3396 5447 3543 5510; x_wconf 82' lang='lat' dir='ltr'><strong>illu&#39;d</strong></span> <span class='ocrx_word' id='word_1_738' title='bbox 3562 5467 3650 5506; x_wconf 82' lang='lat' dir='ltr'><strong>re-</strong></span> 
     </span>
     <span class='ocr_line' id='line_1_111' title="bbox 2104 5540 3643 5619; baseline -0.001 -17"><span class='ocrx_word' id='word_1_739' title='bbox 2104 5541 2489 5619; x_wconf 89' lang='lat' dir='ltr'><strong>cipiendum,</strong></span> <span class='ocrx_word' id='word_1_740' title='bbox 2523 5545 2585 5602; x_wconf 89' lang='lat' dir='ltr'><strong>et</strong></span> <span class='ocrx_word' id='word_1_741' title='bbox 2608 5540 2689 5601; x_wconf 87' lang='lat' dir='ltr'><strong>ab</strong></span> <span class='ocrx_word' id='word_1_742' title='bbox 2716 5540 2897 5602; x_wconf 86' lang='lat' dir='ltr'><strong>coita</strong></span> <span class='ocrx_word' id='word_1_743' title='bbox 2922 5541 3329 5604; x_wconf 83' lang='lat' dir='ltr'><strong>determinari</strong></span> <span class='ocrx_word' id='word_1_744' title='bbox 3351 5542 3437 5604; x_wconf 87' lang='lat' dir='ltr'><strong>ad</strong></span> <span class='ocrx_word' id='word_1_745' title='bbox 3466 5558 3643 5604; x_wconf 86' lang='grc'><strong>11111161</strong></span> 
     </span>
    </p>
   </div>
  </div>
 </body>
</html>
