3850 6225
782 366 915 418 CAP.
950 366 1035 418 xi.
1070 365 1437 418 sotvunwn
1468 363 1815 418 NONNULLAE
1846 362 2246 416 ORJECTIONES
2276 361 2540 424 CONTRA,
2565 347 2710 414 'E'rc

746 615 995 678 CAPUT
1029 615 1131 677 XI.

145 827 483 872 sotvtmrun
518 825 843 872 Nonum
883 825 1261 874 omcnoNEs
1288 827 1513 874 CONTRA
1562 827 1707 874 Doc-

404 919 637 965 ‘rmum
667 920 1136 966 PRAEGEDBNTIUM
1159 920 1435 966 GAPITUH.

217 1117 277 1174 1.
332 1114 661 1190 Quamvis,
728 1123 1008 1178 nostram
1060 1117 1435 1178 sententiam
1492 1114 1717 1176 confir-

137 1207 397 1280 mando,
418 1209 734 1270 nonnullis
748 1209 1211 1270 difficultatibus
1228 1207 1713 1270 satisfecerimus

139 1319 289 1380 quae
336 1320 455 1381 per
497 1302 890 1362 occasionem
944 1303 1271 1382 insurgere
1312 1301 1709 1374 videbantur,

138 1396 251 1454 hoc
290 1395 431 1456 loco
457 1395 793 1455 nonnullas
819 1395 973 1456 alias
1002 1395 1389 1474 objectiones
1417 1393 1711 1473 expedire

136 1492 414 1566 oportet,
442 1507 569 1548 non
583 1491 713 1548 tam
744 1493 999 1566 propter
1019 1506 1238 1548 earum
1256 1487 1706 1560 difficultatem,

136 1597 337 1657 quam
398 1587 471 1640 ut
512 1580 826 1654 011111111113,
876 1585 1183 1658 quantum
1232 1579 1299 1640 in
1350 1579 1533 1641 nobis
1588 1583 1705 1654 est,

137 1671 623 1732 satisfaciamus.

218 1765 583 1848 Scriptura
612 1783 807 1828 sacroe
834 1763 1497 1828 testimonia-Solent
1522 1765 1711 1845 igitur

137 1859 451 1938 imprimis
494 1863 711 1918 contra
748 1857 1135 1935 superiorem
1162 1856 1509 1917 doctrinam
1552 1875 1711 1918 non-

136 1953 315 2012 nulla
358 1949 694 2030 Scripturae
741 1968 935 2012 sacrae
968 1949 1323 2010 testimonia
1369 1948 1586 2027 objici,
1640 1948 1709 2008 in

136 2045 369 2125 quibus
390 2043 615 2104 dicitur
651 2044 817 2103 Deus
842 2047 1089 2102 nostras
1116 2041 1471 2103 voluntates
1500 2058 1709 2100 move-

134 2158 227 2213 re,
264 2142 537 2209 mutare,
562 2139 671 2196 aut
691 2135 899 2196 facere
924 2140 995 2195 ut
1020 2133 1234 2206 velint,
1269 2135 1411 2196 Job.
1441 2135 1554 2194 12:
1593 2133 1710 2207 Qui

132 2235 337 2294 mutat
358 2229 867 2310 cor-principium·
892 2227 1184 2289 Proverb.
1217 2229 1289 2288 21
1316 2244 1329 2286 ε
1374 2225 1487 2290 Cor
1520 2226 1709 2309 Reyis

134 2325 201 2387 in
246 2341 439 2387 mann
470 2323 589 2386 Dei
620 2327 731 2394 esi,
756 2326 816 2384 ei
841 2338 1199 2401 qnocwmque
1228 2320 1506 2392 voluerii,
1532 2319 1709 2382 incli-

134 2417 309 2479 nabit
325 2415 527 2488 illud;
555 2415 789 2476 Jerem.
824 2415 935 2474 1οε
963 2413 1113 2478 Non
1136 2419 1227 2476 ost
1254 2413 1321 2474 in
1354 2414 1586 2475 nomine
1611 2413 1713 2475 via

137 2510 295 2588 ejus,
316 2513 379 2570 et
406 2526 448 2569 a
469 2504 726 2568 Domino
752 2523 999 2588 messus
1036 2505 1295 2568 nominis
1334 2506 1709 2586 dirimentur.

138 2604 209 2662 Et
228 2601 460 2662 similia
490 2605 638 2660 sunt
664 2601 883 2673 multa,
918 2618 1057 2678 quae
1082 2599 1161 2660 de
1190 2599 1370 2658 malis
1399 2600 1586 2659 etiam
1616 2617 1717 2658 ac-

138 2695 305 2754 tibus
341 2693 668 2754 interdum
690 2693 1053 2771 loquuntur,
1098 2697 1169 2752 ut
1206 2691 1562 2752 notabimus
1600 2692 1707 2752 lib.

142 2790 205 2860 Ξ,
228 2794 291 2849 et
316 2787 712 2866 frequentius
736 2785 815 2846 de
842 2785 1139 2864 operibus
1166 2785 1401 2864 gratiae,
1424 2785 1577 2843 utin
1599 2784 1707 2845 lib.

144 2885 183 2942 3
206 2881 395 2942 latius
414 2879 786 2940 referemus„
816 2879 937 2940 Ubi
962 2879 1151 2938 etiam
1177 2879 1435 2938 afferam
1459 2879 1711 2938 Patrum

150 2973 513 3046 sententiaS,
558 2990 716 3050 quas
766 2971 869 3031 hic
918 2970 1067 3031 duxi
1122 2970 1517 3042 omittendas,
1566 2971 1709 3048 quia

153 3067 225 3129 de
262 3066 559 3147 operibus
599 3063 843 3145 pietatis
875 3064 1195 3143 potissime
1240 3063 1605 3142 loquuntur3
1649 3068 1713 3125 et

150 3160 287 3239 quia
315 3159 491 3237 quod
532 3158 612 3219 de
644 3158 960 3236 Scriptura
1002 3156 1365 3231 dixerimus,
1422 3156 1603 3217 facile
1630 3156 1713 3217 ad

142 3252 305 3313 dicta
348 3252 606 3312 Patrum
640 3250 935 3329 applicari
974 3249 1225 3329 poterit.

222 3347 302 3407 D.
338 3344 585 3409 momoe
623 3344 1069 3407 auctoritas.-
1083 3342 1369 3405 Secundo
1413 3341 1717 3422 objiciun-

140 3448 246 3501 tur
290 3440 449 3500 varii
486 3438 785 3517 loquendi
822 3438 997 3499 modi
1045 3440 1119 3499 D.
1162 3438 1439 3513 Thomae,
1476 3438 1543 3499 in
1585 3439 1717 3517 qui-

140 3534 263 3595 bus
324 3533 701 3594 sententiam
750 3550 940 3610 quam
990 3532 1434 3611 impugnamus
1479 3529 1716 3610 signifi-

139 3637 265 3689 cat.
306 3626 472 3689 Dicit
503 3626 692 3699 enim,
728 3629 759 3686 1
802 3632 993 3703 part„
1026 3630 1250 3704 quaest.
1285 3626 1425 3697 105,
1474 3631 1591 3685 art.
1648 3628 1709 3699 1,

138 3720 224 3783 ad
252 3722 315 3793 3,
348 3725 413 3780 et
444 3724 561 3779 art.
588 3720 629 3779 4
657 3723 719 3779 et
760 3720 821 3791 ὅ,
851 3718 1122 3797 primam
1169 3735 1428 3779 causam
1455 3734 1711 3777 movere

137 3830 369 3875 causas
409 3810 719 3873 secundas
758 3810 839 3871 ad
868 3809 1283 3889 operandum,
1329 3815 1391 3871 et
1430 3809 1615 3869 solut.
1648 3813 1709 3881 3,

136 3912 259 3967 art.
288 3908 353 3979 5,
376 3905 467 3965 ait
490 3902 806 3983 applicare
836 3902 975 3964 illas
1000 3903 1084 3965 ad
1110 3902 1523 3981 operandum.
1557 3900 1711 3961 Dicit

139 3999 333 4059 etiam
362 4014 619 4059 causam
648 3994 989 4057 secundam
1016 4013 1144 4055 non
1173 4013 1383 4075 agere,
1417 3994 1536 4055 nisi
1580 3994 1743 4055 vir--

138 4098 271 4154 tute
300 4090 547 4171 primoe,
574 4094 637 4151 et
664 4094 731 4150 ut
750 4090 1231 4151 instrumentum
1249 4090 1405 4168 ejuS,
1430 4094 1711 4167 utsupra

138 4184 349 4246 retuli.
397 4184 578 4271 Saepe
628 4183 820 4243 etiam
858 4182 1087 4261 repetit
1140 4182 1419 4244 secunda
1458 4181 1709 4259 agentia

139 4297 269 4339 non
300 4294 496 4355 agere
528 4276 647 4335 nisi
672 4281 867 4348 mota,
915 4274 1363 4353 propriumque
1398 4292 1537 4335 esse
1588 4272 1709 4353 pri·

138 4371 227 4431 mi
270 4369 517 4449 agentis
556 4386 743 4449 agere
784 4367 1134 4442 immotum,
1164 4386 1305 4447 quae
1328 4368 1539 4430 omnia
1563 4386 1714 4447 sup-

138 4468 389 4543 ponunt
416 4479 671 4523 causam
695 4461 961 4540 primam
1014 4460 1251 4540 aliquid
1276 4479 1467 4540 agere
1498 4460 1563 4519 in
1610 4478 1713 4521 se-

138 4555 437 4628 cundam,
482 4572 609 4632 qno
636 4553 807 4613 illam
834 4552 1104 4633 applicet
1133 4557 1195 4614 et
1226 4551 1599 4613 determinet
1626 4553 1709 4614 ad

139 4668 327 4728 opuS.
368 4646 674 4726 Denique,
728 4650 946 4727 quoest.
979 4648 1017 4707 3
1044 4645 1123 4707 de
1154 4646 1458 4720 Potentia,
1492 4652 1608 4707 art.
1644 4649 1705 4720 7,

140 4742 221 4801 ad
261 4742 327 4811 7,
378 4757 673 4817 expresse
723 4738 1002 4801 declarat
1050 4739 1191 4812 hoc,
1242 4738 1413 4818 quod
1461 4738 1710 4801 additur

141 4851 349 4894 causae
379 4832 672 4893 secundae
703 4849 782 4892 ex
809 4830 1045 4893 influxu
1077 4832 1315 4911 primae,
1346 4850 1487 4895 esse
1522 4833 1711 4895 virtu-

138 4934 267 4987 tem
297 4931 637 5005 quamdam
670 4925 1169 4999 intentionalem,
1210 4944 1353 5004 quae
1376 4931 1474 4986 est
1512 4924 1706 4986 veluti

137 5018 637 5081 instrumentalis
683 5018 901 5091 virtus,
933 5034 1075 5097 quae
1104 5018 1284 5079 illam
1328 5019 1605 5097 complet
1626 5017 1711 5080 ad

137 5111 497 5192 agendum;
556 5114 619 5173 et
670 5111 755 5174 ita
784 5112 930 5171 citat
954 5110 1164 5171 locum
1206 5110 1522 5189 Capreol.‚
1547 5111 1612 5171 in
1642 5114 1705 5185 2,

136 5204 415 5265 distinct.
447 5208 509 5277 1,
532 5208 755 5283 quaest.
784 5204 843 5274 2,
870 5208 933 5263 et
953 5204 1239 5281 quamvis
1258 5221 1403 5265 eum
1426 5222 1555 5265 non
1578 5222 1711 5265 am·-

136 5297 305 5376 plins
332 5296 613 5357 declaret
639 5302 751 5357 aut
777 5294 1127 5369 confirmet,
1178 5302 1390 5357 tamen
1420 5294 1710 5374 simplici-

134 5396 235 5451 ter
258 5388 617 5468 approbare
644 5387 915 5462 videtur,
962 5388 1135 5467 quod
1180 5389 1535 5470 expressius
1562 5387 1711 5449 fecit

130 5482 413 5557 Fen-ar„
446 5483 487 5542 3
506 5480 891 5557 cont.Gent.,
918 5500 1057 5561 cap.
1088 5484 1189 5544 70.

1864 467 1976 528 En·
2007 462 2418 546 propositione
2463 463 2610 526 libri
2661 464 2729 526 de
2773 460 3116 526 03133.-
3144 461 3352 521 Tertio

1786 557 2076 636 objicitur
2107 575 2184 618 ex
2223 557 2382 616 libro
2422 555 2500 616 de
2531 555 2746 616 Causis
2771 553 3068 633 proposit.
3107 555 3197 625 16,
3229 571 3354 632 qua

1788 650 2014 712 dicitur
2035 652 2323 716 virtutem
2345 647 2612 712 divinam
2639 665 2764 710 osse
2782 645 3067 710 virtutem
3089 650 3356 710 omnium

1788 761 2136 816 causarum,
2167 743 2314 822 quia
2360 743 2657 803 nimirum
2688 740 2878 802 virtus
2906 740 3114 800 divina
3151 739 3355 819 appli-

1790 841 1889 897 cat
1912 855 2132 896 omnes
2153 839 2410 898 virtutes
2437 835 2520 896 ad
2541 836 2940 914 operationes
2967 852 3134 908 suas,
3161 839 3230 894 ut
3251 852 3356 894 ex-

1786 929 1996 1008 posuit
2021 929 2330 1010 Δ1131111113,
2362 929 2647 1001 Quodlib.
2681 930 2742 1000 5,
2785 932 3001 1006 quoest.
3033 931 3092 988 1.

1869 1023 1979 1086 En
2026 1018 2376 1086 Aristotele.
2417 1055 2500 1068 -
2544 1021 2772 1092 Quarto
2793 1065 2810 1094 ,
2869 1037 2946 1081 ex
2997 1018 3344 1093 Aristotele,

1793 1116 1833 1176 8
1860 1115 2136 1193 physic„
2173 1135 2312 1195 cap.
2345 1116 2386 1176 5
2419 1120 2482 1176 et
2506 1113 2935 1192 sequentibuS,
2967 1112 3074 1172 ubi
3130 1111 3356 1191 probat

1794 1226 1992 1268 unum
2021 1227 2158 1270 esse
2189 1213 2432 1268 tantum
2459 1207 2734 1286 primum
2777 1211 3084 1266 motorem
3128 1204 3356 1264 immo-

1790 1301 2006 1376 bilem,
2037 1300 2159 1361 alia
2177 1319 2328 1362 vero
2359 1300 2570 1360 omnia
2593 1316 2846 1360 movere
2879 1303 2948 1357 ut
2965 1301 3134 1356 mota
3159 1315 3176 1368 ;
3211 1298 3278 1356 at
3302 1293 3356 1354 si

1792 1410 2000 1454 causae
2047 1393 2338 1454 secundae
2359 1411 2490 1454 non
2531 1397 2936 1452 moverentur
2961 1388 3289 1450 actualiter
3317 1406 3356 1448 a

1790 1487 2016 1563 prima,
2075 1504 2295 1548 omnes
2340 1491 2549 1548 essent
2587 1489 2914 1546 moventes
2961 1482 3260 1554 immotae,
3294 1487 3358 1542 et

1786 1577 1874 1638 ita
1922 1597 2050 1640 non
2101 1585 2315 1658 posset
2369 1579 2684 1658 perveniri
2725 1577 2807 1640 ad
2841 1593 3037 1638 unum
3083 1575 3358 1654 primum

1796 1676 2104 1732 motorem
2137 1672 2544 1733 immobilem.

1870 1767 1932 1826 2.
1975 1763 2066 1827 Ab
2094 1764 2654 1828 inconvenientibus.
2679 1796 2759 1810 —
2787 1761 3037 1835 Quint0,
3069 1760 3309 1822 ratione
3335 1776 3351 1831 ;

1790 1859 1936 1937 quia
1985 1858 2136 1918 alias
2191 1876 2322 1918 non
2368 1863 2532 1918 esset
2583 1857 2737 1918 ordo
2789 1854 3141 1918 essentialis
3192 1853 3358 1913 inter

1790 1969 2042 2012 causam
2073 1951 2340 2030 primam
2364 1957 2424 2011 et
2451 1950 2820 2026 secundam,
2853 1949 2967 2010 sed
2993 1953 3238 2012 tantum
3261 1963 3358 2005 or-

1791 2043 1871 2104 do
1898 2043 2321 2123 perfectioniS,
2363 2044 2470 2122 qui
2515 2043 2597 2104 ad
2639 2041 3042 2106 essentialem
3069 2037 3358 2100 subordi-

1790 2137 2110 2198 nationem
2149 2154 2278 2197 non
2323 2136 2570 2210 sufficit,
2609 2140 2679 2197 ut
2717 2154 2832 2216 per
2871 2153 2940 2196 se
2983 2139 3204 2196 uotum
3233 2137 3349 2194 est.

1788 2232 1916 2291 Nec
1947 2230 2134 2290 etiam
2182 2233 2349 2290 esset
2377 2230 2530 2291 ordo
2561 2247 2676 2309 per
2721 2247 2814 2302 33,
2841 2229 2954 2290 sed
2975 2227 3164 2288 veluti
3207 2243 3360 2286 casu

1794 2328 1857 2384 et
1888 2323 2141 2384 fortuito
2181 2341 2368 2384 causa
2399 2323 2602 2402 prima
2639 2329 2704 2384 et
2727 2322 3006 2385 secunda
3041 2320 3124 2381 ad
3167 2337 3358 2380 unam

1796 2416 2106 2478 actionem
2137 2417 2690 2494 conjungerentur.

1874 2508 2134 2572 Ratione
2173 2509 2320 2572 alia.
2350 2541 2432 2556 -
2457 2509 2668 2585 Sexto,
2709 2508 2856 2587 quia
2887 2507 3028 2567 haec
3069 2506 3343 2586 applica·

1794 2601 1879 2664 tio
1916 2620 2121 2662 causat
2152 2602 2447 2664 secundae
2487 2602 2568 2662 ad
2596 2620 2754 2681 opus
2791 2607 2890 2662 est
2917 2599 3153 2679 aliquid
3185 2617 3358 2660 crea-

1792 2703 1925 2758 tum
1941 2696 2302 2758 distinctum
2331 2714 2370 2755 a
2393 2697 2615 2756 virtute
2633 2695 2952 2774 operativa
2966 2694 3108 2754 talis
3125 2712 3352 2768 causae,

1792 2796 1856 2851 et
1883 2789 2244 2850 distinctum
2277 2789 2466 2849 etiam
2487 2806 2524 2848 a
2549 2789 2710 2860 Deo;
2749 2805 2904 2868 ergo
2933 2785 3289 2850 estfactum
3318 2804 3358 2846 a

1788 2884 1939 2944 Deo.
1971 2883 2102 2944 Imo
2157 2899 2415 2942 necesse
2451 2881 2800 2942 estfactum
2825 2898 2964 2940 esse
2994 2898 3034 2940 a
3061 2879 3193 2940 solo
3225 2878 3356 2938 Deo

1792 2978 1925 3037 sine
1953 2977 2090 3055 ipsa
2118 2993 2308 3036 causa
2339 2974 2638 3048 secunda,
2685 2992 2832 3034 cum
2864 2973 2970 3037 1113
3023 2971 3357 3052 applicatio

1795 3069 2124 3133 antecedat
2149 3068 2464 3130 actionem
2482 3067 2622 3129 talis
2642 3084 2872 3129 causae.

1871 3164 2118 3227 Rwrm
2147 3162 2295 3227 alia.
2323 3193 2406 3207 —
2437 3160 2739 3241 Septimo,
2779 3161 2948 3221 Deus
2992 3160 3088 3219 est
3129 3176 3356 3237 supre-

1792 3274 1934 3317 mus
1985 3255 2277 3317 dominus
2320 3272 2652 3315 causarum
2695 3253 3154 3325 secundarum3
3203 3268 3354 3331 ergo

1796 3347 1989 3408 utitur
2009 3346 2098 3407 eis
2121 3352 2308 3426 prout
2333 3347 2488 3421 vult,
2531 3346 2906 3426 applicando
2930 3345 3070 3407 illas
3096 3344 3178 3405 ad
3207 3360 3355 3405 suas

1796 3438 2224 3519 operationes;
2284 3446 2460 3501 actus
2499 3439 2668 3499 enim
2716 3437 2974 3501 dominii
3035 3444 3133 3499 est
3179 3455 3354 3512 usus,

1794 3550 1940 3592 cum
1975 3531 2324 3592 dominium
2354 3531 2434 3591 sit
2457 3530 2720 3593 facultas
2749 3530 2986 3606 utendi,
3022 3530 3207 3593 ethic
3227 3546 3356 3589 11011
3409 3580 3414 3587 .

1792 3629 1998 3703 potest
2031 3623 2294 3705 intelligi
2311 3624 2472 3685 alius
2499 3643 2652 3687 usus
2684 3642 2913 3700 causoe,
2940 3625 3064 3685 nisi
3085 3622 3357 3702 applica·

1792 3717 1877 3778 tio
1904 3717 2064 3795 ejus.
2097 3717 2388 3793 Maxime,
2421 3717 2568 3797 quia
2591 3718 2804 3779 omnia
2831 3718 3225 3796 applicantur
3271 3712 3357 3775 ad

1792 3810 2111 3890 agendum
2137 3811 2317 3891 juxta
2343 3810 2537 3873 finem
2563 3829 2602 3873 a
2625 3812 2758 3873 Deo
2789 3811 3131 3883 intentum3
3185 3807 3356 3868 unde

1790 3920 2052 3963 necesse
2093 3910 2188 3967 est
2218 3910 2290 3967 ut
2319 3906 2488 3967 Deus
2525 3904 2604 3965 sit
2629 3908 2844 3967 auctor
2875 3903 3041 3965 illius
3081 3901 3359 3983 applica-

1790 3994 2002 4071 tionis,
2033 3996 2180 4074 quia
2209 3996 2362 4057 ordo
2399 3996 2723 4076 agentium
2755 4002 2850 4060 est
2862 3997 3042 4076 juxta
3071 3995 3356 4057 ordinem

1791 4087 2013 4149 finium
2027 4106 2054 4161 ς.
2082 4088 2249 4149 unde
2275 4089 2492 4162 virtus,
2523 4107 2665 4169 quae
2703 4089 2956 4168 respicit
2981 4088 3176 4149 finem
3213 4085 3356 4147 ulti-

1790 4198 1968 4240 mum
1997 4184 2059 4241 et
2087 4180 2526 4253 universalem,
2555 4181 2830 4262 applicat
2856 4186 3115 4242 caeteras
3135 4197 3355 4240 omnes

1793 4272 1877 4335 ad
1904 4272 2296 4351 operandum
2314 4280 2569 4355 propter
2603 4292 2752 4335 eum
2777 4274 2994 4335 finem.

1878 4364 2310 4448 Coum-scentia.
2332 4398 2413 4415 —
2439 4369 2692 4442 Octavo,
2723 4368 2874 4447 quia
2917 4368 3050 4429 Deo
3076 4367 3359 4431 tribuen-

1791 4459 1944 4521 dum
1993 4465 2088 4521 est
2139 4459 2446 4539 quidquid
2497 4466 2594 4525 est
2644 4460 3202 4540 perfectissimum3
3245 4459 3359 4523 sed

1790 4552 1996 4631 major
2044 4552 2341 4631 perfectio
2387 4560 2501 4629 est,
2557 4560 2626 4617 ut
2681 4571 2942 4615 causam
3011 4554 3356 4617 secundam

1790 4664 1921 4706 non
1950 4645 2156 4707 solum
2197 4646 2477 4726 adjuvet,
2506 4647 2619 4709 sed
2655 4648 2846 4709 etiam
2871 4630 3124 4709 mov'eat
3145 4653 3210 4709 et
3243 4666 3358 4727 ap-

1790 4739 1978 4819 plicet
2003 4738 2088 4799 ad
2113 4740 2462 4819 agendum3
2495 4741 2584 4803 sic
2608 4742 2779 4806 enim
2797 4736 3104 4822 majorem
3125 4742 3360 4821 depen-

1790 4830 2072 4893 dentiam
2097 4832 2422 4895 habebunt
2445 4834 2656 4897 omnia
2689 4834 2772 4896 ab
2797 4834 2960 4915 ipSO,
2991 4840 3055 4899 et
3075 4835 3250 4917 prius
3277 4834 3359 4897 ab

1787 4926 1925 5007 ipso
1955 4944 2147 5004 quam
2169 4927 2254 4987 ab
2293 4926 2450 4989 aliis.
2481 4928 2724 4991 Deinde
2759 4948 2890 4991 non
2917 4932 3122 4993 solum
3164 4948 3359 4992 causa

1790 5020 2070 5081 secunda
2113 5026 2178 5081 et
2203 5019 2364 5081 actio
2393 5020 2554 5099 ejus,
2583 5022 2698 5083 sed
2721 5022 2912 5085 etiam
2937 5024 3060 5085 hoc
3085 5022 3358 5103 comple-

1790 5131 1964 5185 xum,
2011 5112 2267 5187 scilicet,
2301 5131 2560 5175 causam
2589 5116 2936 5177 secundam
2974 5134 3191 5196 agere,
3239 5114 3358 5178 erit

1789 5204 1873 5265 ab
1900 5204 2038 5283 ipso
2057 5208 2211 5267 Deo.
2237 5209 2322 5269 Ac
2343 5206 2614 5285 denique
2635 5208 2757 5269 hoc
2787 5209 2976 5273 modo
2999 5228 3128 5275 non
3153 5209 3358 5272 solum

1788 5298 1958 5359 Deus
1983 5298 2170 5361 faciet
2191 5317 2336 5361 cum
2364 5304 2674 5376 creatura,
2713 5301 2828 5363 sed
2855 5302 3046 5364 etiam
3075 5301 3264 5363 faciet
3288 5305 3360 5361 ut

1788 5391 1926 5471 ipsa
1960 5390 2171 5465 faciat,
2206 5392 2374 5471 quod
2405 5392 2595 5455 etiam
2623 5392 2705 5455 ad
2749 5392 3200 5474 perfectionem
3229 5392 3357 5470 pri-

1788 5501 1909 5545 mae
1949 5494 2156 5545 causae
2199 5491 2458 5563 spectat.
2507 5487 2650 5549 Haec
2693 5492 2908 5549 autem
2957 5484 3168 5547 omnia
3219 5483 3360 5545 sine
