3850 6225
676 450 845 503 SECT.
884 448 964 502 ut.
1001 450 1085 502 AN
1120 450 1353 504 meniu
1386 443 1803 507 nolim-'teau
1838 449 1921 505 An
1957 440 2294 508 Pms'tlxmt
2328 449 2593 516 STATum,
2633 454 2766 507 ETC.

70 546 191 601 tur
230 562 318 605 ex
348 544 652 625 dignitate
698 566 983 629 personae
1028 548 1307 623 offensae,
1362 552 1494 612 haec
1540 536 1689 613 ver'o

70 650 163 693 ex
220 638 595 701 conditione
650 657 935 721 personae
991 643 1427 707 satisfacientis
1474 664 1487 705 :
1553 658 1691 725 qum

68 728 239 791 duae
272 752 563 813 personoe
582 736 645 795 in
670 736 791 797 hoc
818 737 1071 815 negotio
1100 756 1229 798 non
1254 746 1510 801 servant
1528 740 1691 800 inter

68 840 149 882 se
222 828 726 906 proportionem.
776 829 1089 905 Secundo,
1138 848 1266 893 non
1306 832 1489 895 video
1530 850 1688 912 quo-

70 918 299 979 modo
338 938 487 981 vere
532 922 725 1001 possit
754 922 995 1001 justitia
1032 925 1167 985 haec
1195 924 1443 987 fundari
1490 927 1555 987 in
1599 925 1687 986 di-

74 1013 347 1089 gnitate
380 1014 571 1094 ipsius
610 1020 785 1077 actus
830 1018 1255 1079 contritionis:
1294 1038 1441 1079 nam
1472 1020 1687 1100 impri-

76 1106 215 1165 mis
242 1106 573 1188 interrogo
600 1127 680 1169 an
710 1111 845 1171 hoec
871 1111 1111 1190 justitia
1138 1112 1439 1174 fundetur
1481 1116 1547 1173 in
1576 1112 1684 1174 tali

76 1207 243 1260 actu
278 1206 585 1281 tanquam
611 1204 675 1262 in
706 1222 893 1265 cansa
916 1206 1167 1284 propria
1190 1212 1251 1267 et
1272 1224 1385 1285 per
1410 1225 1477 1268 se
1494 1207 1679 1281 illius,

76 1294 189 1353 vel
270 1295 481 1355 solum
520 1300 823 1375 tanquam
869 1298 933 1357 in
964 1314 1155 1359 causa
1202 1316 1319 1379 per
1364 1300 1680 1373 accidens,

76 1388 311 1466 qualis
356 1395 454 1450 est
488 1403 821 1451 removens
849 1391 1209 1469 prohibens
1246 1393 1521 1454 Primum
1562 1394 1684 1454 dici

78 1501 227 1541 non
276 1485 507 1561 potest,
539 1482 685 1561 quia
728 1484 1013 1544 contritio
1046 1498 1173 1547 non
1204 1486 1479 1547 continet
1520 1488 1583 1547 in
1614 1504 1682 1549 se

76 1574 427 1647 meritum,
482 1592 689 1653 neque
738 1580 834 1637 est
874 1576 1125 1656 propria
1162 1578 1323 1639 ratio
1366 1578 1689 1641 obtinendi

76 1668 464 1747 praemium,
498 1664 669 1745 quod
696 1668 1011 1748 prioribus
1053 1670 1293 1731 meritis
1320 1672 1683 1750 respondet,

80 1768 155 1822 ιιι
188 1778 317 1841 per
346 1778 417 1821 se
443 1768 664 1822 notum
694 1764 823 1835 est;
854 1763 920 1823 in
942 1764 1228 1841 praesenti
1254 1771 1464 1825 autem
1490 1782 1690 1845 nego-

80 1855 173 1914 tio
224 1855 492 1934 propria
536 1856 695 1915 ratio
750 1862 813 1917 et
852 1873 1041 1917 causa
1086 1875 1201 1936 per
1238 1876 1305 1919 se
1344 1865 1439 1917 est
1478 1856 1687 1938 ipsum

80 1950 428 2009 meritum.
462 1948 823 2010 Secundum
869 1956 1079 2011 autem
1112 1950 1425 2013 diceretur
1460 1952 1688 2031 proba-

80 2042 332 2117 biliter,
366 2042 487 2103 nisi
516 2042 967 2123 adjungeretur
1000 2044 1167 2106 hanc
1194 2046 1395 2125 ipsam
1424 2046 1687 2107 causali-

84 2144 291 2197 tatem
340 2156 459 2217 per
500 2136 789 2199 accidens
830 2156 944 2199 seu
987 2139 1399 2201 remotionem
1430 2140 1687 2219 impedi-

80 2230 294 2289 menti
342 2230 485 2291 fieri
514 2230 693 2291 titulo
722 2236 784 2291 et
831 2233 1019 2293 modo
1042 2232 1330 2311 justitian
1366 2232 1485 2293 hoc
1520 2233 1687 2293 enim

84 2324 496 2403 impossihile
518 2330 634 2385 est.
669 2324 825 2397 Quia
854 2326 935 2387 ibi
958 2344 1087 2386 non
1112 2329 1207 2386 est
1228 2325 1399 2387 aliud
1430 2326 1689 2405 impedi-

84 2422 393 2477 mentum
420 2417 539 2477 nisi
563 2424 891 2497 peccatum
914 2418 1316 2479 commissum
1336 2440 1353 2493 ;
1380 2436 1531 2499 ergo
1554 2421 1689 2479 haec

86 2511 443 2571 causalitas
460 2530 573 2590 per
589 2510 879 2572 accidens
900 2511 1053 2572 nihil
1076 2512 1243 2573 aliud
1264 2518 1357 2572 est
1380 2530 1566 2590 quam
1586 2530 1693 2573 ex-

94 2605 349 2683 pellere
390 2612 751 2683 peccatum;
782 2606 894 2666 sed
923 2605 1043 2665 dici
1073 2624 1200 2666 non
1230 2612 1435 2684 potest
1461 2606 1693 2667 contri-

92 2700 347 2758 tionem
388 2698 703 2777 expellere
742 2703 1067 2777 peccatum
1106 2700 1185 2759 de
1228 2700 1489 2778 justitia,
1536 2699 1691 2761 alias

94 2793 309 2871 gratia
357 2792 544 2853 etiam
582 2792 661 2853 de
706 2792 943 2872 justitia
983 2793 1163 2853 nobis
1212 2792 1685 2865 infunderetur,

92 2886 308 2963 posita
348 2886 739 2961 contritione,
772 2891 990 2947 contra
1020 2886 1359 2947 Concilium
1382 2886 1690 2947 Tridenti-

92 2996 282 3053 num,
322 2996 479 3040 sess.
510 2981 573 3053 6,
601 2998 739 3059 cap.
774 2981 811 3039 *1
839 2984 900 3041 et
944 2980 1003 3041 8.
1036 2978 1213 3043 Unde
1246 2978 1680 3055 confirmatum

88 3090 248 3134 nam
276 3074 615 3136 causalitas
652 3074 1031 3149 necessaria,
1076 3080 1147 3136 ut
1173 3074 1395 3136 merita
1426 3074 1681 3136 revivis—

90 3174 265 3243 cant,
298 3171 401 3228 est
448 3167 551 3228 illa
577 3185 691 3246 per
736 3183 925 3246 quam
954 3167 1251 3246 impletur
1291 3167 1509 3229 ultima
1536 3187 1679 3229 con-

90 3258 253 3319 ditio
284 3279 323 3318 a
378 3259 647 3320 Concilio
685 3259 910 3338 posita,
946 3259 1222 3320 scilicet:
1270 3259 1349 3323 Si
1375 3261 1441 3322 in
1468 3261 1680 3340 qratia

88 3353 443 3424 decesserit,
475 3369 614 3432 quoe
638 3351 889 3431 impleri
930 3369 1055 3412 non
1093 3355 1297 3430 potest
1326 3351 1443 3412 nisi
1474 3354 1673 3432 gratia

90 3446 500 3517 restituatur3
540 3444 649 3506 sed
678 3450 853 3505 actus
882 3445 1265 3524 poenitentiae
1295 3445 1379 3505 ob
1412 3444 1681 3524 dignita-

90 3544 225 3598 tem
272 3552 460 3598 snam
488 3555 616 3599 non
664 3543 870 3617 potest
922 3555 998 3598 ex
1032 3537 1273 3618 justitia
1316 3537 1565 3598 efficere
1611 3544 1682 3599 ut

92 3627 300 3710 gratia
334 3631 728 3704 restituatur3
758 3647 883 3690 non
924 3649 1077 3711 ergo
1106 3637 1315 3710 potest
1340 3649 1417 3692 ex
1436 3631 1677 3710 justitia

94 3725 353 3785 efficere
396 3729 467 3784 nt
508 3725 731 3785 merita
777 3723 1061 3786 redeant.
1119 3723 1297 3796 Quod
1324 3725 1583 3786 tandem
1610 3723 1678 3785 in

92 3817 267 3878 hunc
310 3815 572 3879 modum
596 3817 983 3890 declaratum
1010 3836 1185 3893 nam,
1228 3818 1331 3880 vel
1362 3818 1679 3897 loquimur

94 3911 173 3971 de
206 3915 357 3972 actu
400 3909 785 3972 contritionis
810 3917 879 3972 ut
908 3911 1127 3972 ordine
1160 3918 1399 3973 naturae
1430 3917 1677 3972 antece·

94 4003 183 4064 dit
214 4003 601 4065 infusionem
640 4005 876 4083 gratias,
920 4004 1021 4064 vel
1062 4009 1132 4066 ut
1180 4003 1515 4066 informato
1561 4021 1678 4083 per

92 4095 310 4169 illam3
350 4097 543 4176 priori
580 4095 1103 4172 consideratione,
1152 4113 1279 4158 non
1332 4097 1524 4159 habet
1570 4097 1675 4158 ille

92 4195 275 4250 actus
306 4189 794 4270 condignitatem
822 4191 903 4251 ad
926 4189 1313 4252 fundandam
1338 4207 1555 4253 veram
1578 4210 1677 4252 ra-

92 4285 337 4344 tionem
374 4284 650 4362 justitiae,
680 4303 823 4345 eum
854 4303 977 4346 non
1010 4287 1150 4346 sita
1175 4301 1443 4365 persona
1469 4291 1670 4367 grata3

94 4377 142 4437 si
201 4395 355 4437 vero
410 4378 741 4456 posteriori
790 4379 981 4440 modo
1037 4379 1488 4454 consideretur,
1540 4381 1675 4459 jam

94 4476 540 4550 supponuntur
580 4473 785 4550 priora
846 4473 1069 4534 merita
1120 4471 1467 4547 vivificata3
1525 4488 1677 4534 nam

94 4578 209 4642 per
228 4564 436 4642 ipsam
460 4565 675 4645 gratiae
702 4565 1082 4626 infusionem
1109 4567 1504 4640 reviviscunt,
1529 4567 1675 4646 quia

92 4675 209 4735 per
250 4657 429 4716 illam
482 4658 831 4738 completur
853 4659 1071 4720 ultima
1118 4659 1391 4721 conditio
1441 4659 1671 4734 meriti,

96 4765 235 4827 quae
268 4767 307 4808 a
332 4749 605 4811 Concilio
633 4751 997 4812 Tridentino
1020 4751 1393 4832 postulatur.

172 4845 233 4904 5.
282 4842 564 4906 Etiamsi
579 4861 786 4907 cmm
812 4849 967 4908 osset
987 4847 1450 4926 fundamentum
1474 4845 1675 4928 impu-

92 4941 369 5019 gnatum,
405 4936 668 5001 collectio
691 4939 867 5003 nulla
903 4943 1078 5003 osset.
1110 4969 1193 4985 —-
1222 4939 1487 5000 Accedit·
1513 4955 1674 5018 proe-

92 5035 291 5104 terea,
324 5030 496 5108 quod
522 5031 714 5093 etiam
752 5051 831 5094 ex
859 5033 963 5095 illo
1008 5033 1167 5094 falso
1206 5032 1511 5114 principio
1540 5049 1669 5094 non

92 5131 263 5184 recte
312 5123 547 5204 colligit
589 5125 882 5204 praedicta
923 5127 1270 5201 sententia3
1316 5143 1488 5201 nam,
1528 5125 1671 5187 licet

96 5221 391 5294 peccator
416 5229 532 5296 per
550 5218 983 5296 poenitentiam
1014 5219 1323 5298 condigne
1350 5218 1670 5280 satisface-

94 5316 187 5369 ret
212 5311 347 5372 Deo
374 5321 493 5390 pro
518 5311 727 5390 culpa,
745 5329 871 5374 non
896 5318 1107 5374 tamen
1137 5311 1281 5373 inde
1300 5311 1369 5373 fit
1396 5318 1464 5373 ut
1480 5311 1669 5372 etiam

97 5403 433 5466 satisfaciat
476 5423 592 5484 pro
620 5407 793 5466 omni
820 5423 1032 5486 poena,
1080 5408 1167 5467 ita
1218 5412 1286 5467 ut
1316 5423 1391 5468 ex
1428 5405 1669 5485 justitia

98 5497 527 5558 remissionem
570 5499 761 5560 totius
818 5513 1023 5577 poenae
1079 5505 1397 5560 mereatur
1430 5517 1446 5572 3
1486 5515 1662 5578 ergo,

101 5589 282 5651 etiam
312 5590 514 5669 posita
542 5591 653 5652 illa
674 5591 1115 5666 satisfactione,
1142 5597 1355 5670 posset
1376 5593 1667 5671 peccator

3212 454 3328 513 451

1770 550 1834 611 in
1860 559 2116 630 poenam
2141 551 2502 611 offensionis
2541 552 2889 612 commissa!
2912 552 3079 631 juste
3107 552 3342 633 privari

1772 642 2066 705 omnibus
2097 642 2336 705 meritis
2372 644 2546 724 prius
2581 644 2786 716 factis,
2825 651 2884 705 et
2911 646 3165 724 proemio
3195 646 3339 706 illo-

1768 746 1935 808 rum,
1977 754 2092 797 seu
2130 737 2274 817 jure
2315 736 2396 798 ad
2439 736 2614 797 illud.
2646 736 3101 815 Consequentia
3143 744 3340 819 patet,

1770 829 1915 908 quia
1965 830 2094 891 hoec
2147 834 2242 891 est
2283 846 2471 909 poena
2513 830 3018 911 proportionata3
3067 838 3128 893 et
3165 832 3342 893 nulla

1769 922 2059 1003 specialis
2101 923 2259 985 ratio
2302 924 2732 1003 repugnantiae
2756 931 2959 1003 potest
2987 926 3053 985 in
3083 937 3156 985 ea
3187 927 3344 989 assi-

1768 1016 1946 1096 gnari
1977 1016 2180 1096 magis
2208 1031 2397 1096 quam
2417 1017 2481 1077 in
2513 1018 2668 1079 aliis.
2705 1018 3101 1079 Antecedens
3128 1025 3342 1083 autem

1766 1108 2014 1171 videtur
2038 1118 2276 1172 certum
2295 1130 2368 1172 ex
2389 1112 2694 1191 principio
2715 1112 2886 1187 fidei,
2907 1112 3099 1193 quod,
3125 1114 3344 1176 remis·

1765 1222 1837 1263 sa
1868 1204 2076 1283 culpa,
2117 1198 2324 1265 adhuc
2357 1211 2570 1266 manet
2599 1210 2811 1267 reatus
2859 1215 3058 1285 poenae
3097 1213 3342 1286 tempo-

1764 1297 1932 1371 ralis„
1971 1297 2217 1357 etiamsi
2258 1297 2443 1377 culpa
2483 1314 2599 1377 per
2641 1312 2854 1359 veram
2905 1298 3340 1362 contritionem

1762 1391 2036 1451 tollatur.
2062 1392 2216 1451 Nam
2250 1391 2326 1465 si,
2351 1391 2624 1453 exhibita
2650 1392 2754 1453 illa
2775 1389 3194 1455 satisfactione
3223 1406 3338 1475 pro

1768 1490 2030 1563 peccato
2073 1474 2190 1563 per
2235 1482 2692 1559 contritionem,
2745 1468 2874 1547 no‘t‘i
2912 1487 3119 1547 solum
3169 1504 3344 1549 com-

1768 1585 2143 1657 pensaretur
2173 1577 2256 1639 ad
2287 1578 2704 1658 aequalitatem
2728 1580 2990 1654 offensa,
3019 1580 3341 1644 sedetiam

1768 1684 1960 1748 poena
1981 1671 2190 1732 debita
2211 1687 2325 1751 pro
2343 1672 2605 1740 offensa,
2628 1674 2868 1733 nullum
2891 1672 3169 1735 debitam
3189 1679 3343 1736 tem-

1769 1764 1984 1844 porale
2007 1780 2266 1825 manere
2287 1770 2520 1843 posset.

1850 1858 1911 1917 6.
1947 1854 2208 1935 objectio
2229 1857 2590 1920 solvitur.-—
2607 1856 2780 1918 Dicet
2797 1858 3062 1921 fortasse
3091 1861 3335 1940 aliquis,

1768 1949 2164 2028 compensari
2207 1966 2282 2010 ac
2311 1949 2668 2010 necessario
2713 1950 2846 2011 tolli
2871 1968 3128 2032 poenam
3169 1960 3346 2016 aeter·

1766 2060 1941 2115 nam,
1995 2058 2124 2103 non
2171 2048 2380 2103 tamen
2428 2042 2873 2121 temporalem:
2926 2047 3090 2109 hanc
3131 2052 3343 2109 autem

1767 2137 2180 2216 privationem
2207 2136 2576 2198 meritorum
2604 2132 3116 2217 praecedentium,
3149 2141 3200 2202 si
3229 2142 3344 2203 da-

1767 2234 1962 2301 retur,
1997 2228 2129 2289 fore
2171 2246 2421 2308 poenam
2461 2236 2785 2292 aeternam.
2819 2232 3254 2317 Pte-spondetur
3275 2234 3342 2295 ln

1768 2321 1986 2403 primis
2015 2338 2266 2402 poenam
2293 2329 2592 2385 aeternam
2613 2340 2740 2385 non
2769 2344 2916 2389 vere
2949 2325 3342 2407 compensari

1770 2413 1851 2474 ad
1894 2415 2314 2493 aequalitatem
2347 2434 2460 2495 per
2490 2418 2947 2493 contritionem,
2979 2420 3092 2480 sed
3123 2435 3344 2481 conse-

1772 2514 2042 2587 quenter
2081 2507 2212 2567 tolli
2261 2526 2378 2588 per
2423 2509 2802 2573 infusionem
2835 2513 3048 2591 gratim
3089 2500 3344 2592 propt’er

1770 2600 2254 2679 repugnantiam
2303 2620 2492 2681 quam
2537 2604 2726 2665 habet
2779 2620 2921 2665 eum
2963 2605 3090 2674 illa,
3152 2624 3344 2685 quam

1772 2694 2254 2773 repugnantiam
2285 2696 2370 2755 ita
2403 2696 2802 2758 intrinsecam
2843 2714 2970 2759 non
3002 2698 3191 2760 habet
3216 2700 3343 2779 pri-

1770 2788 2090 2849 vatio·seu
2117 2790 2396 2849 carentia
2433 2790 2918 2868 praecedentium
2949 2792 3338 2867 meritorum,

1768 2880 1867 2940 vel
1890 2881 2127 2959 praemii
2158 2880 2278 2941 illis
2317 2883 2895 2961 correspondentis3
2929 2902 3076 2944 nam
3105 2902 3180 2945 ea
3214 2902 3341 2946 non

1767 2972 2054 3035 obstante
2098 2978 2304 3052 potest
2341 2974 2529 3035 homo
2565 2976 2774 3055 justus
2801 2974 2923 3038 frui
2967 2976 3122 3051 Dec,
3167 2978 3340 3057 quod

1764 3066 1969 3129 solum
1997 3072 2308 3148 repugnat
2347 3085 2490 3129 cum
2529 3086 2719 3148 poena
2749 3076 3001 3132 aeterna.
3032 3070 3210 3134 Unde
3245 3071 3338 3132 di-

1758 3159 1920 3220 citur
1949 3159 2211 3220 ulterius
2251 3160 2444 3239 quod,
2473 3160 2622 3222 licet
2661 3162 2766 3222 illa
2803 3179 3016 3241 poena,
3049 3181 3188 3243 quoe
3221 3165 3340 3226 sub

1760 3254 1877 3314 hac
1917 3253 2196 3328 ratione,
2235 3254 2302 3314 id
2349 3259 2474 3328 est,
2515 3273 2640 3335 qua
2693 3255 2975 3330 afflictio,
3032 3263 3338 3337 perpetuo

1760 3345 2060 3407 duratura
2085 3351 2200 3420 est,
2223 3349 2580 3418 necessario
2607 3346 2887 3424 tollatur,
2918 3350 3180 3410 remissa
3205 3350 3339 3411 cul-

1762 3457 1845 3517 pa
1867 3483 1885 3515 ,
1922 3447 2136 3500 tamen
2173 3454 2364 3520 poena
2401 3440 2676 3502 inferens
2710 3442 2963 3521 aliquod
2991 3461 3338 3504 nocumen-

1762 3541 1895 3594 tum
1920 3539 2228 3614 perpetuo
2257 3533 2627 3596 duraturum
2657 3535 2792 3597 sine
2813 3536 2940 3598 ulla
2967 3537 3204 3598 tristitia
3237 3537 3340 3600 vel

1762 3625 2001 3701 dolore,
2033 3644 2164 3688 non
2193 3629 2554 3689 necessario
2575 3635 2638 3690 et
2667 3629 3000 3691 intrinsece
3029 3629 3336 3708 aufertur,

1760 3725 2066 3796 quantum
2097 3719 2177 3781 ad
2203 3720 2358 3780 illud
2399 3728 2872 3799 nocumentum,
2903 3725 3164 3784 remissa
3211 3724 3340 3786 cul·

1758 3831 1861 3892 pa,
1910 3813 2058 3892 quia
2114 3831 2242 3874 non
2296 3821 2610 3896 repugnat
2656 3834 2802 3877 cum
2861 3825 3166 3897 perpetua
3221 3819 3336 3881 Dei

1758 3905 2030 3968 amicitia
2061 3913 2124 3968 et
2172 3905 2432 3982 visione,
2466 3913 2535 3969 ut
2564 3926 2678 3987 per
2707 3927 2774 3970 se
2804 3917 3080 3984 constat3
3115 3911 3335 3993 hujus-

1756 3999 1925 4061 modi
1959 4006 2172 4061 autem
2201 4007 2366 4062 esset
2401 4001 2504 4061 illa
2533 4010 2840 4082 perpetua
2863 4005 3141 4065 carentia
3169 4005 3334 4068 fruc-

1756 4099 1858 4154 tus
1880 4094 2246 4155 meritorum
2273 4093 2782 4173 praesedentium.
2809 4097 3004 4178 Igitur
3023 4100 3332 4177 potuisset

1757 4187 1923 4248 Deus
1956 4187 2090 4248 sine
2127 4189 2545 4268 repugnantia
2594 4195 2656 4250 et
2691 4189 2826 4250 sine
2869 4189 3168 4270 injustitia
3209 4199 3329 4254 sta-

1756 4285 1936 4342 tuere
1964 4286 2033 4343 ιιι
2065 4299 2332 4360 peccans
2359 4281 2704 4343 mortaliter
2734 4282 2871 4362 ipso
2883 4282 3064 4346 ,facto
3095 4285 3329 4348 irrecu-

1758 4373 2122 4453 perabiliter
2145 4375 2457 4436 amitteret
2484 4375 2693 4455 priora
2713 4376 2956 4450 merita,
2991 4383 3329 4455 quantum-

1756 4468 1848 4528 vis
1876 4472 2096 4546 postea
2122 4474 2500 4547 resurgeret,
2531 4474 2596 4529 et
2621 4485 2736 4547 pro
2767 4469 2995 4549 injuria
3017 4469 3330 4534 satisface-

1756 4565 1884 4633 ιρις
1941 4577 2112 4633 nam,
2151 4565 2220 4621 ut
2267 4560 2542 4622 rationes
2569 4560 2750 4623 factae
2805 4562 3204 4637 convincunt,
3237 4570 3328 4626 to·

1756 4659 1887 4715 tum
1913 4654 2034 4714 hoc
2057 4652 2225 4733 juste
2257 4653 2511 4714 caderet
2529 4653 2648 4716 sub
2669 4653 3041 4717 demeritum
3061 4657 3324 4736 peccati,

1756 4747 1806 4807 si
1847 4748 2016 4807 Deus
2042 4751 2172 4807 toto
2201 4746 2408 4826 rigore
2439 4745 2736 4808 voluisset
2759 4765 3014 4826 poenam
3045 4750 3183 4829 ejus
3199 4755 3332 4812 sta-

1752 4845 1954 4900 tuere.
1989 4839 2158 4900 Sicut
2191 4837 2366 4917 leges
2403 4839 2694 4900 humanae
2725 4838 3070 4902 decernunt
3099 4848 3168 4903 ιιι
3195 4843 3327 4903 hae-

1752 4933 1986 4995 reticus
2010 4933 2148 5011 ipso
2173 4930 2338 4993 facto
2365 4932 2442 4994 sit
2459 4933 2738 5012 privatus
2753 4933 2939 4996 bonis
2955 4935 3107 5010 suis,
3133 4953 3324 5014 quam

1750 5045 2006 5106 poenam
2053 5043 2184 5085 non
2235 5026 2496 5105 effugiet
2517 5071 2532 5099 ,
2582 5028 2984 5106 quantumvis
3035 5029 3325 5092 Ecclesia

1751 5125 1972 5202 postea
2003 5119 2358 5181 satisfaciat.
2390 5121 2468 5181 Et
2494 5121 2600 5199 qui
2642 5120 2886 5184 furatus
2923 5129 3018 5184 est
3044 5131 3321 5200 centum,

1750 5214 1894 5276 licet
1924 5219 2142 5293 postea
2187 5211 2292 5272 illa
2323 5214 2630 5288 restituat,
2676 5232 2804 5275 non
2821 5222 3154 5296 propterea
3187 5235 3324 5298 11oe-

1751 5327 1899 5371 nam
1931 5309 2090 5389 legis
2116 5307 2364 5368 evadet.
2391 5309 2466 5370 Et
2493 5307 2556 5367 in
2581 5308 2866 5389 exemplo
2896 5311 3185 5389 superius
3209 5329 3325 5390 po·-

1750 5405 1890 5476 sito,
1918 5403 1997 5463 de
2023 5401 2132 5462 illo
2161 5402 2269 5480 qui
2309 5401 2600 5481 injuriam
2649 5403 2800 5480 Regi
2829 5401 3056 5474 intulit,
3088 5408 3150 5464 et
3175 5421 3324 5481 pos-

1747 5503 1847 5558 tea
1874 5495 1957 5557 ad
1997 5495 2419 5576 aequalitatem
2466 5493 2783 5568 satisfacit,
2817 5493 2867 5554 si
2921 5511 2998 5556 ex
3026 5496 3086 5556 vi
3115 5495 3324 5558 delicti

1746 5589 2128 5662 merebatur,
2159 5587 2338 5668 juxta
2367 5591 2626 5648 statutas
2655 5585 2851 5668 leges,
2882 5588 3111 5668 privari
3141 5589 3324 5654 bonis
