3850 6225
713 361 847 413 mr.
882 358 1011 415 xlv.
1046 358 1339 422 Quouono
1373 359 1623 412 cunm
1652 360 1980 415 EFFmActA
2015 362 2488 425 iNTELLIGENDA,
2525 366 2658 417 ETC.
3175 365 3295 429 225

104 481 203 525 sua
246 460 579 541 sapientia.
626 460 975 540 praevidens
1034 459 1185 541 quid
1244 478 1638 541 unaquaeque
1722 462 2109 536 AmbrosiuS,
2152 463 2252 525 vel
2289 464 2398 544 qui
2437 466 2556 525 sub
2583 466 2838 527 nomine
2870 467 3008 547 ejus
3038 472 3294 548 exponit

102 573 273 617 causa
310 572 421 615 seu
468 553 751 615 voluntas
779 554 843 615 in
874 554 1043 615 omni
1073 558 1303 617 eventu
1345 560 1407 616 et
1458 572 1642 616 occa·
1721 556 1915 616 verba
1939 556 2044 617 illa
2089 556 2173 619 ad
2213 559 2394 619 Rom.
2428 560 2467 619 8
2499 576 2516 619 ε
2548 560 2646 622 Iis
2674 559 2778 641 qui
2805 561 3128 623 secundum
3147 581 3296 643 pro·

102 652 259 713 sione
300 656 631 729 operatura
681 650 802 722 sit,
851 650 903 711 si
947 649 1013 709 in
1061 667 1137 711 ea
1190 650 1633 723 constituatur,
1709 647 1984 728 positum
2027 650 2227 714 vocati
2277 654 2426 713 sunt
2461 650 2686 717 Sancti
2725 679 2748 713 .·
2790 652 3006 714 dicens
3039 674 3053 715 :
3087 654 3186 718 Hi
3207 673 3295 719 so-

104 746 269 805 etiam
312 740 627 823 cognoscit
670 742 927 821 quando
964 747 1027 804 et
1074 742 1173 803 cui
1210 744 1521 805 vocationi
1560 744 1641 804 sit
1719 742 1981 804 cundum
2023 742 2406 825 propos-itm
2431 750 2726 809 vocantvr
2743 790 2759 819 ,
2805 764 2951 828 quos
2993 749 3294 813 credentes

100 854 473 917 unaquaeque
506 835 793 897 voluntas
819 852 1150 898 assensum
1180 836 1543 915 praebitura,
1586 836 1639 897 si
1716 836 2034 913 prce-scivit
2075 838 2241 899 Deus
2275 840 2528 915 futuros
2567 839 2684 901 sibi
2719 841 2960 903 idoneos
2979 886 2995 913 ‚
3031 846 3103 905 ut
3129 846 3293 905 anto-

102 932 151 993 ei
172 930 365 991 detur.
393 928 571 993 Unde
590 974 609 1003 ,
649 927 907 1007 quando
943 929 1077 989 vult
1119 929 1445 991 hominem
1494 947 1639 991 con·
1722 944 1905 1007 quam
1947 931 2251 993 crederent
2285 931 2610 994 scirentur.
2635 933 2708 992 In
2735 932 2854 993 hoc
2889 934 3078 995 etiam
3103 952 3294 996 sensu

100 1030 339 1095 vertere,
364 1022 501 1083 vult
526 1022 716 1083 etiam
742 1022 920 1083 illum
943 1040 1169 1083 vocare
1196 1022 1301 1082 illo
1324 1025 1635 1103 tempore,
1721 1019 2016 1081 videntur
2043 1022 2350 1083 sumenda
2378 1024 2570 1085 verba
2597 1024 2881 1103 origenis
2910 1026 2992 1087 ad
3015 1028 3196 1089 Rom.
3227 1030 3290 1101 9,

100 1121 154 1178 et
174 1115 351 1177 modo
378 1132 505 1194 quo
532 1114 705 1176 novit
732 1115 909 1176 illum
935 1132 1413 1187 consensurum,
1456 1120 1519 1177 et
1543 1122 1638 1177 ta-
1720 1112 1984 1175 dicentis
2018 1134 2032 1174 ε
2081 1114 2320 1179 Certum
2359 1120 2450 1180 est
2498 1118 2692 1180 Deum
2729 1136 2850 1179 non
2902 1119 3100 1181 solum
3137 1123 3294 1185 scire

98 1210 163 1273 lis
187 1210 416 1269 vocatio
444 1208 797 1288 appellatur
825 1208 1071 1283 efficax,
1092 1208 1265 1287 quia,
1296 1210 1443 1271 licet
1464 1227 1542 1270 ex
1570 1228 1637 1271 se
1715 1206 2196 1291 uniuscujusque
2213 1212 2620 1291 propositum,
2649 1214 2758 1275 sed
2778 1214 2964 1276 etiam
2977 1216 3291 1295 praescire,

98 1320 209 1363 non
244 1302 470 1363 habeat
514 1301 901 1363 infallibilem
944 1301 1261 1373 effectum,
1290 1308 1527 1376 tamen,
1566 1309 1638 1364 ut
1716 1302 1917 1364 sciens
1956 1306 2014 1365 et
2056 1308 2240 1367 antea
2263 1304 2616 1383 proesciem,
2649 1310 2934 1383 tanquam
2958 1307 3141 1371 bonus
3170 1309 3292 1371 dis·

98 1396 287 1457 subest
328 1394 435 1457 tali
478 1395 757 1459 scientiae
788 1396 1035 1469 divinoe,
1089 1396 1495 1457 infallibiliter
1540 1402 1638 1457 est
1710 1400 2006 1471 pensator
2049 1399 2108 1457 et
2143 1396 2364 1475 justus
2403 1396 2882 1479 uniuscujusque
2932 1399 3188 1465 molibus
3235 1409 3292 1467 et

98 1490 249 1549 illum
268 1488 581 1561 habitura,
613 1486 783 1567 quod
832 1488 1150 1549 interdum
1197 1488 1425 1570 poterit
1478 1489 1635 1550 acci·
1706 1488 2024 1567 proposito
2071 1490 2273 1552 utitur
2299 1490 2383 1553 ad
2422 1508 2494 1552 ea
2513 1490 2894 1570 perficienda
2923 1511 3056 1573 φησι»
3079 1495 3291 1557 miur-

98 1584 223 1644 dere
268 1601 407 1643 cum
468 1583 727 1663 speciali
784 1584 1173 1663 congruitate
1234 1588 1297 1643 et
1356 1582 1633 1643 efficacia
1715 1578 2007 1662 cujusque
2034 1581 2298 1654 animus,
2329 1587 2387 1644 et
2407 1583 2689 1646 voluntas
2721 1584 2922 1665 elegit.

98 1677 289 1737 morali
334 1677 477 1737 talis
540 1676 921 1749 vocationis;
965 1676 1283 1738 interdum
1335 1676 1469 1737 sine
1500 1676 1628 1749 illa,
1801 1675 1898 1732 Η.
1949 1674 2211 1737 Ratione
2237 1675 2596 1739 ostenditur.
2616 1708 2700 1725 -
2724 1677 3008 1756 Denique
3045 1680 3287 1743 ratione

100 1775 441 1849 cooperante
484 1770 688 1831 libero
734 1770 989 1831 arbitrio
1042 1787 1187 1829 cum
1237 1769 1513 1849 generali
1546 1770 1635 1829 in·
1716 1773 1927 1846 potest
1949 1768 2069 1828 hoc
2093 1768 2480 1847 persuaderi,
2514 1770 2662 1849 quia
2703 1770 2876 1832 nullo
2904 1772 3029 1834 alio
3064 1792 3288 1836 conve-

100 1865 245 1923 ssuxu
274 1864 487 1942 gratiae
514 1864 653 1937 Dei,
686 1870 751 1926 et
774 1868 1041 1943 utroque
1070 1861 1257 1923 modo
1290 1862 1488 1942 gratia
1520 1863 1637 1923 erit
1714 1859 1927 1921 niente
1981 1861 2172 1922 modo
2223 1867 2430 1941 potest
2483 1863 2760 1925 efficacia
2807 1864 3019 1927 auxilii
3069 1868 3286 1946 gratiae

102 1957 309 2029 efficax,
347 1958 641 2037 quamvis
679 1976 810 2017 una
862 1958 941 2018 sit
992 1955 1303 2037 copiosior
1341 1961 1403 2017 et
1432 1956 1635 2035 major
1716 1951 2043 2029 declarari,
2087 1959 2147 2014 et
2181 1954 2282 2037 hic
2321 1954 2548 2015 modus
2595 1962 2692 2017 est
2727 1957 3288 2021 sufficientissimus

102 2069 260 2129 quam
280 2050 421 2111 alia.
446 2050 633 2113 Unde
666 2049 737 2111 fit
764 2050 929 2113 hanc
954 2048 1299 2110 efficaciam
1334 2066 1464 2109 non
1496 2066 1633 2109 esse
1718 2051 1781 2106 et
1810 2046 2192 2125 aptissimae,
2237 2054 2367 2109 tum
2415 2048 2498 2109 ad
2540 2050 2991 2113 conciliandam
3035 2052 3288 2116 liberta-

102 2143 411 2221 physicam‚
438 2144 555 2205 sed
584 2142 917 2217 moralem,
940 2160 1149 2221 neque
1180 2158 1318 2203 esse
1350 2148 1638 2222 spectan-
1719 2144 1845 2201 tem
1897 2157 2042 2200 cum
2092 2140 2316 2218 gratia,
2347 2146 2480 2202 tum
2507 2142 2588 2202 ad
2631 2143 3081 2206 declarandum
3133 2164 3286 2227 quo-

111 2236 227 2297 dam
260 2238 318 2297 in
353 2238 489 2317 ipsa
536 2236 869 2299 vocatione
907 2235 1254 2296 secundum
1286 2252 1377 2307 se,
1424 2233 1489 2294 id
1518 2240 1635 2309 est,
1720 2232 1908 2294 modo
1963 2233 2240 2295 efficacia
2284 2236 2538 2312 gratim,
2571 2254 2712 2316 quae
2758 2241 3164 2319 consequitur
3199 2240 3286 2303 ef-

107 2330 413 2391 secundum
478 2329 657 2391 illam
724 2328 1051 2391 entitatem
1124 2326 1226 2388 vel
1294 2326 1637 2387 motionem
1720 2325 1976 2399 fectum,
2017 2345 2144 2387 non
2181 2328 2472 2389 excludat
2500 2330 2934 2393 sufficientiam
2977 2334 3114 2413 ejus
3147 2352 3286 2413 quae

108 2444 265 2503 quam
291 2424 463 2505 ponit
508 2426 577 2485 in
622 2424 923 2497 bomine;
958 2423 1071 2485 sed
1098 2426 1285 2501 prout
1313 2418 1638 2500 progredi-
1720 2420 2014 2480 effectum
2055 2438 2184 2479 non
2228 2421 2663 2501 consequitur3
2697 2429 2831 2484 tum
2885 2425 3156 2506 denique
3201 2428 3286 2489 ad

108 2524 187 2577 tur
220 2536 253 2577 a
286 2520 435 2592 Deo,
484 2524 549 2581 et
590 2525 689 2580 est
730 2518 849 2579 sub
873 2516 1219 2579 intentione
1260 2532 1335 2575 ac
1376 2513 1637 2575 scientia
1718 2512 2108 2574 concilianda
2146 2514 2319 2575 varia
2365 2514 2530 2575 dicta
2569 2516 2939 2579 Sanctorum
2965 2518 3044 2581 de
3072 2521 3284 2583 divina

108 2630 199 2671 seu
223 2611 553 2675 directione
590 2612 753 2690 ejus.
787 2611 861 2671 Et
881 2611 1061 2690 juxta
1104 2609 1273 2670 hunc
1302 2606 1636 2668 efficacita-
1716 2606 2214 2686 praedefinitione
2241 2626 2356 2669 seu
2393 2609 2940 2688 praedestinatione
2969 2614 3132 2677 circa
3173 2615 3282 2678 ho-

108 2704 167 2763 lis
189 2705 429 2765 modum
464 2704 883 2783 intelligenda
936 2709 1033 2765 est
1080 2701 1363 2765 doctrina
1392 2702 1635 2781 Augus·
1716 2700 1973 2760 minem.
2009 2700 2264 2761 Declaro
2313 2700 2578 2781 singula,
2633 2720 2782 2763 nam
2828 2704 3134 2785 imprimis
3179 2727 3282 2771 ex-

106 2798 213 2860 tini.
232 2800 357 2860 Nou
385 2800 557 2860 enim
608 2796 1029 2859 consideravit
1064 2800 1305 2858 tantum
1348 2791 1633 2873 congrui·
1716 2792 2014 2853 clusimus
2042 2794 2198 2855 alios
2233 2792 2456 2855 modos
2492 2794 2598 2873 qui
2628 2798 2968 2877 excogitari
2991 2809 3275 2879 possunt.

108 2896 287 2965 tatem,
312 2910 501 2971 quam
527 2890 777 2953 vocatio
808 2890 1155 2952 secundum
1178 2907 1246 2949 se
1270 2886 1459 2948 habet
1489 2904 1632 2948 cum
1713 2886 1887 2947 Unus
1937 2892 2074 2947 erat
2117 2904 2233 2966 per
2265 2886 2466 2949 solam
2494 2888 2796 2949 moralem
2827 2890 3170 2955 efficaciam
3218 2901 3282 2957 et

106 2984 315 3063 ingenio
342 2986 437 3047 vel
464 2992 699 3047 natura
724 2984 1017 3057 hominiS,
1037 3000 1180 3064 quae
1210 2989 1305 3043 est
1339 2980 1631 3061 congrui-
1712 2978 2164 3040 abundantiam
2195 2978 2406 3041 auxilii
2442 2980 2676 3059 gratiae,
2709 2988 2772 3043 et
2806 2982 2972 3045 hunc
3002 2986 3279 3049 ostendi-

106 3082 179 3138 las
200 3080 360 3158 quasi
386 3080 448 3142 in
478 3087 632 3142 actu
660 3078 887 3160 primo,
918 3078 1031 3140 sed
1062 3078 1274 3151 etiam,
1302 3094 1375 3137 ac
1412 3073 1626 3157 praeci-
1710 3090 1851 3133 mus
1890 3090 2008 3134 nec
2053 3090 2236 3152 posse
2271 3090 2409 3134 esse
2450 3074 2834 3154 generalem,
2867 3094 2985 3140 nec
3027 3078 3092 3140 in
3138 3079 3272 3156 his,

104 3189 218 3247 pue,
246 3175 710 3252 proportionem
762 3173 931 3233 illam
976 3169 1437 3244 consideravit,
1485 3187 1623 3248 quae
1708 3167 1935 3246 quibus
1983 3168 2512 3240 communicatur,
2552 3187 2690 3230 esse
2745 3171 3159 3234 sufficientem
3192 3174 3276 3235 ad

104 3261 151 3320 in
162 3264 261 3324 hoc
283 3267 577 3340 consistit,
606 3265 779 3346 quod
801 3265 1039 3327 vocatio
1060 3271 1209 3326 tunc
1224 3262 1411 3324 datur
1428 3279 1625 3340 quan·
1707 3262 2051 3322 efficaciam
2080 3281 2194 3322 seu
2229 3261 2728 3324 infallibilitatem
2767 3267 3026 3328 effectus
3055 3268 3274 3331 divinoe

106 3355 167 3414 do
186 3365 491 3437 operatura
518 3366 643 3435 est,
671 3378 813 3438 quae
834 3358 1083 3438 proprie
1126 3354 1405 3418 consistit
1432 3355 1497 3414 in
1521 3373 1627 3416 ac-
1704 3354 2061 3416 voluntatis.
2112 3355 2286 3417 Alius
2329 3361 2464 3417 erat
2507 3375 2622 3434 per
2657 3357 2985 3436 physicam
3037 3361 3276 3438 praede-

106 3455 155 3506 tu
178 3453 449 3525 secundo,
484 3459 551 3516 et
598 3452 873 3513 maxime
922 3469 1199 3530 congrua
1229 3449 1349 3511 dici
1379 3454 1619 3529 potest,
1703 3447 2235 3521 terminationem,
2278 3453 2343 3509 et
2387 3449 2554 3510 hunc
2603 3452 3014 3525 ostendimus,
3067 3459 3130 3514 et
3177 3473 3273 3516 re-

104 3543 219 3618 quia
244 3547 497 3608 maxime
526 3545 823 3625 congruit
848 3545 1111 3620 homini,
1140 3544 1239 3605 cui
1268 3543 1493 3604 melius
1528 3548 1623 3602 est
1702 3558 1988 3621 pugnare
2046 3542 2319 3603 libertati
2347 3587 2364 3616 ,
2435 3548 2496 3603 et
2549 3543 2768 3604 tollere
2835 3545 3270 3610 sufficientiam

104 3637 291 3711 vocari,
328 3640 575 3718 quando
630 3657 1049 3718 responsurus
1088 3644 1206 3710 est,
1252 3635 1495 3696 etiamsi
1521 3653 1621 3696 re—
1702 3634 1917 3714 gratiae
1953 3635 2034 3695 ab
2061 3634 2180 3708 hie,
2225 3635 2452 3714 quibus
2479 3636 2612 3697 haec
2640 3637 2898 3716 physica
2933 3639 3272 3718 praedeter-

104 3727 253 3790 misse
300 3737 587 3806 vocetur,
644 3750 835 3811 quam
889 3731 1131 3792 fortiter
1176 3728 1420 3802 vocari,
1476 3745 1621 3788 cum
1702 3729 1962 3788 minatio
1996 3745 2126 3788 non
2153 3727 2377 3802 datur;
2417 3735 2480 3790 et
2506 3735 2808 3807 praeterea
2853 3735 2946 3792 est
2981 3732 3150 3794 aliud
3175 3732 3274 3795 in-

107 3837 473 3904 consensurus
500 3843 639 3886 non
666 3831 783 3886 est.
1700 3819 2083 3882 conveniens
2107 3821 2171 3880 in
2199 3839 2276 3882 ea
2319 3821 2652 3896 sententia,
2695 3823 2866 3901 quia,
2899 3825 3058 3886 sicut
3085 3826 3268 3888 redu-

166 3917 247 3976 10.
290 3917 433 3980 Hinc
469 3918 861 3999 Augustinus
902 3917 1244 3979 efficaciam
1286 3916 1475 3994 hujus
1514 3933 1618 3974 vo-
1700 3913 1783 3974 cit
1808 3931 2003 3994 opera
2024 3915 2240 3994 gratiae
2265 3915 2331 3974 in
2357 3915 2522 3976 hanc
2545 3914 2864 3978 efficacem
2895 3919 3263 3995 motionem,

104 4008 315 4070 calionis
354 4029 479 4072 nou
518 4010 703 4092 ponit
743 4011 805 4072 in
842 4011 1214 4072 necessitate
1235 4056 1250 4082 ‚
1282 4008 1395 4070 sed
1426 4007 1493 4068 in
1520 4006 1617 4066 in-
1694 4006 1783 4067 ita
1824 4025 2020 4086 opera
2067 4007 2354 4081 moralia,
2405 4007 2530 4068 imo
2573 4012 2634 4068 et
2685 4009 3069 4072 voluntarios
3115 4030 3266 4074 con-

104 4097 415 4164 fallibilitate
466 4110 529 4166 et
582 4103 998 4177 certitudine;
1049 4103 1391 4164 necessitas
1446 4100 1613 4160 enim
1696 4118 1921 4162 sensus
1960 4119 2186 4180 pravos
2230 4100 2533 4162 reducere
2585 4101 2774 4164 dehet
2823 4104 2886 4164 in
2921 4105 3264 4167 motionem

106 4189 169 4250 ad
188 4211 447 4271 eausam,
477 4197 788 4259 certitudo
840 4203 1053 4258 autem
1099 4201 1162 4256 et
1206 4191 1613 4254 infallibilitas
1692 4194 1805 4253 Dei
1831 4193 2150 4254 efficacem
2182 4193 2740 4273 proportionatam,
2769 4195 2940 4274 quod
2972 4214 3160 4275 quam
3185 4200 3264 4261 sit

106 4283 167 4342 ad
186 4289 611 4363 praescientiam
654 4295 963 4370 spectant,
996 4295 1065 4350 ut
1094 4287 1249 4348 alias
1274 4285 1612 4365 Capreolus
1694 4285 1945 4358 falsum,
1989 4289 2234 4348 constat
2283 4305 2358 4347 ex
2406 4289 2684 4348 tractatis
2723 4288 2787 4349 in
2837 4290 3261 4368 superioribus

106 4381 319 4454 notavit,
362 4383 557 4461 primo
580 4427 599 4458 ,
656 4383 1049 4444 distinctione
1092 4382 1173 4441 40
1195 4426 1211 4454 ,
1266 4379 1611 4459 quaestione
1692 4376 1889 4440 libris.
1919 4378 2175 4440 Accedit
2203 4378 2395 4458 quod,
2444 4380 2494 4440 si
2546 4381 2678 4442 haec
2721 4380 2995 4442 efficacia
3026 4385 3262 4446 consis-

106 4471 283 4547 prima‚
308 4476 561 4538 articulo
596 4477 803 4551 tertio,
832 4477 915 4539 ad
958 4478 987 4535 1
1034 4481 1201 4536 cont.
1246 4477 1287 4535 2
1326 4472 1605 4536 conclus.
1690 4477 1852 4532 teret
1884 4471 1952 4532 in
1980 4472 2086 4532 illa
2115 4471 2374 4552 physica
2413 4473 3091 4552 praedeterminatione,
3130 4496 3262 4540 non

106 4561 245 4625 [nde
290 4569 696 4649 Augustinus,
740 4569 821 4631 de
870 4571 1047 4629 Dono
1087 4585 1431 4649 persever„
1462 4584 1601 4645 cap.
1691 4570 2012 4645 oporteret
2029 4567 2231 4626 Deum
2266 4566 2602 4628 observare
2628 4573 2877 4648 tempus
2910 4577 2972 4631 et
2999 4571 3258 4633 modum

111 4655 166 4712 Μ
189 4701 203 4726 ,
242 4658 393 4720 hanc
442 4662 837 4724 vocationem
884 4661 973 4722 ait
1019 4660 1335 4740 pertinere
1390 4659 1471 4720 ad
1532 4677 1609 4720 ea
1690 4658 2002 4720 excitandi
2042 4663 2104 4720 et
2149 4659 2412 4734 vocandi
2453 4677 2601 4720 eum
2645 4678 2835 4740 quem
2885 4663 3073 4726 vellet
3112 4684 3258 4727 con-

108 4745 388 4830 beneficia,
431 4757 645 4836 quibus
696 4755 1031 4820 certissime
1090 4755 1431 4818 liberantur
1475 4753 1610 4836 qui-
1687 4756 1930 4812 vertere
1959 4770 1976 4824 ;
2010 4751 2156 4830 quia
2197 4750 2764 4830 praedetermmatio
2815 4754 2953 4818 haec
2997 4758 3258 4838 physica

111 4855 303 4923 eumq-ue
324 4846 670 4912 liberaum.
695 4849 1033 4928 Propterea
1062 4849 1251 4910 etiam
1282 4865 1607 4928 nunquam
1690 4860 1940 4921 semper
1996 4850 2059 4906 et
2116 4845 2473 4906 necessario
2527 4846 2786 4908 habebit
2838 4848 3155 4926 effectum,
3205 4854 3256 4913 si

112 4931 227 4996 dixit
257 4939 619 5003 voluntatem
646 4961 777 5004 non
814 4959 1003 5021 posse
1031 4942 1323 5003 resistere
1352 4941 1458 5003 tali
1500 4958 1606 5002 vo·
1688 4936 2081 4998 adhibeatur.
2113 4937 2291 5000 Unde
2326 4955 2558 5016 neque,
2588 4945 2657 5000 ut
2693 4941 2882 5002 homo
2915 4941 3256 5006 ferventius

112 5027 311 5106 cationi,
338 5031 445 5094 sed
468 5034 667 5096 solum
694 5052 1019 5114 nunquam
1049 5033 1109 5095 ei
1147 5035 1600 5107 restituturam,
1687 5036 2108 5107 convertatur,
2138 5031 2484 5111 quidquam
2511 5032 2744 5095 referet
2783 5034 2988 5114 maJ‘or
3010 5038 3253 5098 vocatio

111 5115 171 5176 de
199 5121 363 5184 Praed.
399 5127 625 5200 Sanct.‚
666 5147 721 5189 c.
763 5129 823 5205 8,
854 5127 1003 5206 quia
1030 5127 1429 5207 praescientia·
1475 5145 1606 5189 non
1685 5142 1802 5186 seu
1844 5125 2167 5199 excitatio;
2203 5125 2352 5206 quia
2395 5129 2562 5188 Deus
2587 5133 2794 5206 potest
2826 5128 3256 5206 praedetermi-

112 5209 271 5274 aufert
302 5221 654 5294 potestatem
700 5219 1062 5299 simpliciter
1098 5219 1367 5282 faciendi
1412 5237 1601 5300 oppo-
1684 5236 1837 5279 nare
1874 5217 2144 5280 liberum
2183 5219 2503 5281 arbitrium
2530 5227 2717 5300 prout
2754 5220 3044 5296 voluerit,
3075 5229 3138 5285 et
3161 5227 3253 5284 to-

114 5300 259 5366 situm
297 5309 419 5386 ejus
454 5311 621 5390 quod
654 5313 993 5394 praevisum
1034 5317 1149 5376 est.
1184 5312 1364 5374 Hunc
1411 5311 1601 5373 etiam
1681 5317 1814 5373 tum
1857 5313 2092 5392 pendet
2135 5331 2212 5374 ex
2268 5313 2386 5374 hac
2427 5313 3110 5392 praedeterminatione;
3145 5333 3252 5377 ne-

112 5395 321 5458 modum
353 5403 607 5466 efficacis
632 5407 977 5470 vocationis
1002 5404 1373 5486 significavit
1407 5405 1602 5483 Chry·
1681 5423 1805 5486 que
1856 5407 2047 5467 etiam
2088 5405 2171 5466 ad
2211 5404 2748 5486 perseverandum
2794 5408 2910 5469 erit
2958 5425 3252 5470 necessa-

114 5493 371 5554 sos-tomus
412 5496 605 5560 citatis
655 5498 805 5562 locis
825 5545 841 5574 ,
907 5506 971 5561 et
1018 5498 1313 5561 eumdem
1368 5497 1601 5559 indicat
1680 5497 1843 5559 rium
1874 5496 2043 5560 aliud
2071 5515 2271 5579 genus
2299 5499 2538 5578 gratim,
2576 5497 2676 5560 vel
2700 5497 2988 5578 specialis
3011 5500 3246 5578 auxilii,

376 5611 455 5657 xi.
2889 5605 2966 5664 15
