3850 6225
570 345 689 406 226

567 450 679 512 sed
724 450 931 511 solum
963 447 1136 528 quod
1175 449 1346 510 Deus
1385 447 1890 527 proedeterminet
1924 449 2143 509 volun-

571 549 764 604 tatem
795 543 856 602 in
882 542 1176 603 omnibus
1205 540 1793 621 opportunitatibus,
1817 539 1917 602 vel
1960 559 2142 602 occa·

571 636 851 696 sionibus
878 636 1066 714 longo
1111 641 1394 714 tempore
1453 635 1947 706 occurrentibus,
1980 635 2140 696 sicut

569 727 716 790 facit
746 730 810 790 in
841 747 965 790 uno
1005 729 1104 790 vel
1137 729 1334 790 altero
1363 731 1530 800 actu,
1563 728 1734 807 quod
1759 746 1981 789 revera
2010 747 2137 788 non

571 827 778 902 potest
821 823 1092 902 speciale
1138 822 1440 882 auxilium
1473 821 1777 899 appellari
1801 867 1816 894 ,
1859 820 2031 900 quod
2061 821 2141 881 sit

571 916 828 977 alterius
857 915 1116 976 rationis
1139 914 1220 975 ab
1251 914 1355 976 illo
1386 913 1558 993 quod
1591 915 1761 975 Deus
1791 914 2034 975 confert
2060 913 2141 975 ad

575 1009 854 1088 singulos
885 1014 1062 1068 actus
1085 1053 1100 1078 ‚
1135 1006 1386 1086 quando
1429 1006 1512 1067 ad
1537 1007 1677 1066 illos
1709 1006 2144 1084 'praedetermi-

573 1107 683 1162 nat
719 1101 1128 1172 voluntatem,
1157 1101 1336 1179 juxta
1371 1099 1541 1161 illam
1571 1099 1967 1160 sententiam.
1993 1101 2142 1160 Haec

577 1200 789 1256 autem
839 1195 1050 1256 omnia
1103 1199 1249 1254 sunt
1289 1193 1497 1255 aliena
1536 1211 1574 1254 a
1617 1192 1806 1253 modo
1843 1193 2143 1272 loquendi

573 1289 828 1350 Patrum
869 1295 934 1348 et
969 1287 1423 1358 Conciliorum;
1453 1304 1601 1347 nam
1649 1303 1899 1365 semper
1940 1285 2143 1346 decla-

575 1387 718 1442 rant
751 1381 866 1440 hos
893 1380 1149 1441 effectus
1178 1378 1392 1459 gratiae
1424 1397 1536 1458 per
1559 1379 1852 1458 specialia
1887 1379 2138 1452 auxilia,

575 1473 801 1553 quihus
825 1476 994 1533 Deus
1031 1473 1258 1533 excitat
1283 1478 1349 1532 et
1382 1479 1565 1534 vocat
1592 1473 1940 1544 hominem,
1966 1478 2029 1533 et
2053 1471 2146 1532 of-

577 1568 698 1629 fert
720 1568 806 1628 illi
831 1568 1190 1628 occasiones
1217 1566 1380 1627 hene
1407 1565 1730 1646 operandi,
1767 1572 1827 1627 et
1853 1566 2145 1628 observat

575 1668 827 1740 tempus
855 1665 918 1720 et
955 1658 1213 1720 modum
1239 1659 1786 1720 accommodatum
1829 1659 1914 1719 illi
1952 1677 2143 1738 quem

577 1755 710 1815 vult
739 1754 980 1814 salvare
1023 1758 1087 1814 et
1115 1759 1498 1814 convertere.
1546 1755 1635 1815 Ac
1669 1753 1941 1832 denique
1982 1771 2145 1813 nun-

577 1865 768 1928 quam
795 1847 982 1926 hujus
1010 1847 1284 1926 physicae
1313 1844 1987 1926 praedeterminationis
2014 1864 2143 1907 me·

576 1941 914 2014 minerunt,
949 1945 1022 2000 ut
1057 1941 1123 2000 in
1161 1957 1301 2000 eam
1332 1945 1697 2000 revocarent
1723 1939 2141 2001 differentiam

577 2035 740 2095 inter
763 2051 903 2094 eam
930 2033 1196 2112 gratiam
1224 2050 1365 2112 quas
1396 2032 1799 2112 consequitur
1826 2033 2141 2106 effectum,

581 2133 645 2188 et
673 2127 841 2188 illam
883 2145 1020 2205 quas
1075 2132 1246 2187 caret
1288 2127 1536 2186 effectu.
1577 2128 1656 2187 At
1682 2143 1832 2188 vero
1857 2171 1873 2198 ,
1921 2131 2146 2205 praeter

578 2219 695 2280 hos
729 2219 888 2279 duos
929 2218 1150 2280 modos
1195 2217 1406 2279 nullus
1447 2217 1606 2278 alius
1645 2219 1981 2298 excogitari
2032 2236 2147 2298 po-

577 2319 721 2386 test,
764 2313 883 2374 nisi
923 2312 1026 2374 ille
1057 2312 1122 2371 in
1171 2328 1296 2390 quo
1331 2312 1575 2372 vocatio
1618 2312 1812 2373 habet
1855 2311 2145 2372 infallibi-

579 2407 705 2468 lem
755 2406 1048 2467 effectum
1089 2421 1166 2466 ex
1214 2404 1508 2484 adjuncta
1553 2405 1943 2484 praescientia
1998 2405 2111 2466 Dei
2124 2420 2144 2482 ;

581 2500 730 2578 quia
755 2499 1108 2578 conjunctio
1150 2497 1294 2558 talis
1343 2499 1602 2558 effectus
1631 2516 1777 2559 cum
1815 2498 1926 2558 tali
1958 2517 2147 2558 causa

583 2592 784 2653 solum
809 2593 1018 2670 potest
1042 2607 1182 2650 esse
1211 2590 1570 2662 ineffabilis,
1603 2596 1712 2651 aut
1739 2609 1818 2651 ex
1849 2591 1906 2652 vi
1938 2608 2144 2651 causae.

579 2685 799 2766 primae
824 2729 840 2753 ,
891 2689 1002 2745 aut
1047 2701 1124 2744 ex
1165 2683 1227 2743 vi
1269 2701 1474 2744 causas
1523 2683 1820 2763 proximas
1849 2729 1866 2757 ,
1919 2691 2027 2745 aut
2068 2702 2147 2746 ex

579 2777 1010 2858 praescientia3
1069 2775 1180 2837 sed
1234 2775 1358 2836 duo
1407 2777 1646 2855 priores
1687 2777 1854 2838 modi
1911 2776 2145 2840 exclusi

583 2878 762 2942 sunt;
799 2888 948 2950 ergo
979 2870 1182 2930 solum
1216 2875 1501 2948 superest
1531 2870 1772 2931 tertius.

665 2967 768 3026 12.
817 2967 1073 3037 RursuS,
1115 2963 1286 3042 quod
1337 2964 1440 3025 hie
1486 2964 1712 3024 modus
1749 2963 2017 3025 sufficiat
2068 2962 2150 3024 ad

583 3057 1026 3121 declarandam
1070 3056 1416 3118 efficaciam
1464 3057 1842 3130 vocationis,
1877 3057 2025 3118 satis
2054 3074 2151 3118 os-

583 3152 851 3214 tendunt
879 3168 954 3211 ea
997 3168 1137 3229 quae
1176 3168 1254 3211 ex
1293 3151 1642 3229 Augustino
1671 3150 1943 3211 adducta
1980 3154 2145 3211 sunt.

582 3247 660 3307 Et
698 3243 846 3306 addi
891 3248 1096 3323 potest
1122 3243 1286 3303 hanc
1337 3242 1682 3304 efficaciam
1728 3244 1961 3305 debere
2012 3262 2149 3305 esse

585 3338 1121 3419 proportionatam
1177 3336 1524 3399 causalitati
1579 3338 1959 3411 vocationis3
2015 3339 2151 3399 haec

591 3434 804 3493 autem
841 3430 1175 3491 causalitas
1213 3430 1556 3492 vocationis
1600 3430 1860 3493 moralis
1899 3438 2034 3505 est,
2082 3437 2154 3493 ut

591 3527 658 3585 in
687 3543 824 3604 cap.
859 3526 898 3585 5
928 3523 1404 3595 declaravimus,
1430 3532 1491 3586 et
1519 3530 1764 3585 constat
1792 3544 1869 3586 ex
1907 3528 2155 3605 Augus-

589 3619 745 3690 tino,
783 3616 1164 3695 ubicumque
1213 3616 1292 3677 de
1342 3616 1446 3677 illa
1497 3617 1794 3695 loquitur,
1849 3636 2001 3679 nam
2042 3636 2156 3698 per

591 3710 852 3771 modum
891 3710 1198 3771 suasionis
1228 3716 1290 3771 et
1327 3712 1582 3773 moralis
1609 3711 2007 3785 inductioniS,
2038 3713 2158 3774 hoc

596 3804 896 3878 declarat,
929 3811 1264 3883 quatenus,
1292 3805 1612 3877 nimirum,
1647 3808 1836 3879 Deus,
1873 3825 1984 3887 per
2006 3808 2161 3871 nano

595 3898 888 3981 qratiam,
928 3898 1021 3960 vel
1049 3898 1250 3978 aperit
1272 3899 1430 3979 quod
1447 3900 1694 3975 latebat,
1733 3900 1828 3963 vel
1853 3918 2036 3963 suave
2062 3909 2159 3980 fa-

595 3993 680 4056 cit
705 3993 866 4075 quod
911 4008 1032 4053 non
1073 3992 1399 4055 delectabat
1414 4018 1440 4066 ,·
1481 4010 1633 4072 ergo
1685 3994 1824 4055 haec
1881 3993 2157 4057 efficacia

593 4085 913 4147 moraliter
943 4084 1132 4145 etiam
1161 4084 1568 4164 intelligenda
1597 4092 1714 4148 est.
1747 4086 2023 4149 Pertinet
2048 4106 2161 4149 au-

593 4183 725 4239 tem
751 4177 1022 4239 maxime
1049 4176 1134 4239 ad
1171 4177 1476 4241 moralem
1505 4180 1981 4258 persuasionem
2012 4198 2162 4260 pru-

597 4270 810 4333 dentia
847 4276 909 4332 et
949 4269 1338 4350 praescientia
1375 4272 1836 4351 persuadentis,
1883 4290 2009 4353 qua
2054 4292 2162 4336 no-

598 4363 706 4425 vit‘
736 4380 988 4424 servare
1025 4362 1284 4424 modum
1332 4369 1395 4425 et
1422 4370 1672 4445 tempus
1709 4372 1932 4446 aptum
1958 4367 2041 4428 ad
2068 4368 2163 4428 in-

601 4454 960 4516 clinandam
1019 4455 1406 4518 voluntatem
1451 4458 1737 4531 alterius;
1783 4478 1935 4540 ergo
1958 4505 1975 4531 ,
2020 4478 2160 4521 cum

601 4550 770 4610 Deus
797 4548 993 4628 possit
1037 4548 1156 4609 hoc
1202 4566 1436 4628 genere
1465 4549 1756 4613 efficaciae
1799 4553 1886 4614 uti
1925 4552 2167 4633 perfec-

603 4641 842 4703 tissimo
903 4640 1091 4702 modo
1129 4687 1144 4716 ,
1199 4640 1583 4705 sufficienter
1631 4662 1705 4706 ac
1760 4646 1993 4724 optime
2054 4665 2167 4727 per

603 4736 774 4795 hunc
811 4733 1070 4795 modum
1119 4735 1484 4815 intelligitur
1533 4736 1807 4800 efficacia
1857 4738 2165 4819 impulsus

607 4833 672 4890 et
693 4828 1034 4889 vocationis
1060 4828 1218 4907 ejus.
1239 4829 1440 4907 Atque
1462 4829 1548 4891 ita
1567 4828 1744 4894 facile
1773 4848 2165 4912 consequun-

605 4928 710 4982 tur
767 4920 1062 4981 utilitates
1131 4938 1322 5001 supra
1391 4928 1793 4985 enumeratae.
1849 4925 2165 4989 Facillime

609 5013 776 5075 enim
822 5012 1186 5091 intelligitur
1211 5014 1528 5091 quomodo
1573 5034 1716 5077 cum
1745 5018 1864 5080 hac
1893 5018 2172 5081 efficacia
2252 5020 2419 5082 enim
2466 5024 2613 5081 sunt
2658 5020 2795 5081 aliae
2828 5021 3222 5083 difficultates
3254 5021 3319 5082 in
3348 5020 3465 5081 hoc
3491 5016 3647 5079 modo
3670 5030 3739 5072 ex-

609 5111 732 5168 stet
768 5105 1074 5167 libertatis
1106 5124 1278 5179 usus,
1309 5108 1456 5185 quia
1483 5126 1604 5171 nec
1638 5111 1892 5172 moralis
1917 5130 2173 5191 persua-

611 5197 704 5259 sio
744 5204 809 5259 et
833 5197 1108 5259 inductio
1157 5196 1246 5259 illi
1285 5206 1626 5279 repugnat,
1673 5207 1744 5263 ut
1769 5222 1885 5283 per
1932 5223 1999 5267 se
2030 5224 2175 5268 con-

613 5296 767 5365 stat;
818 5309 1026 5369 neque
1079 5291 1270 5353 etiam
1315 5292 1716 5356 infallibilitas
1741 5340 1756 5369 ,
1802 5314 1942 5376 quse
1984 5300 2179 5361 oritur
2258 5304 2427 5361 recte
2472 5300 2859 5375 ostendatur,
2900 5302 2963 5363 in
2992 5302 3091 5363 his
3112 5318 3273 5381 quos
3294 5314 3558 5379 congrue
3596 5293 3739 5351 vocal-

611 5402 691 5445 ex
723 5381 1151 5465 praescientia,
1206 5384 1356 5463 quia
1403 5386 1508 5446 illa
1548 5392 1620 5448 ut
1665 5389 1754 5449 sic
1801 5407 1932 5451 non
1977 5398 2073 5453 est
2104 5410 2182 5455 ex
2260 5398 2474 5457 tamen
2500 5393 2743 5457 videtur
2770 5396 2851 5456 ab
2876 5396 3012 5475 ejus
3038 5394 3315 5456 bonitate
3336 5392 3613 5459 alienum,
3636 5381 3742 5443 utin

613 5494 827 5555 causa,
871 5494 986 5539 seu
1026 5494 1104 5537 ex
1145 5478 1572 5557 suppositione
1597 5481 2035 5557 antecedente,
2070 5486 2183 5547 sed
2264 5486 2523 5567 reliquis
2550 5488 2866 5562 omnibus,
2914 5495 3101 5569 atque
3134 5487 3295 5550 adeo
3338 5488 3403 5547 in
3444 5480 3638 5563 majori
3668 5476 3743 5535 ho·

1411 345 1622 400 OPUSC.
1658 347 1699 408 1,
1729 345 1847 399 Lm.
1883 345 1971 399 m.
2008 347 2089 400 ΒΕ
2120 343 2397 398 Auxluls
2430 341 2659 396 mmm
2688 341 2954 394 elimaz.

2224 467 2303 510 ex
2352 442 2779 526 suppositione
2814 441 3007 521 ipsius
3044 442 3139 503 rei
3182 441 3400 505 futuris
3428 445 3484 504 in
3518 448 3691 512 ratione

2222 540 2451 622 objecti
2491 536 2620 599 veri
2660 542 2723 598 et
2760 535 3217 614 cognoscibilis.
3240 538 3317 598 Et
3370 537 3505 598 hinc
3540 558 3697 604 conse-

2223 642 2491 715 quenter
2524 631 2705 692 facile
2732 629 3095 707 intelligitur
3121 631 3451 708 quomodo,
3480 633 3589 693 sine
3616 637 3693 698 hac

2221 729 2499 791 efficacia
2528 725 2767 805 gratiae,
2812 725 3006 803 possit
3040 741 3179 784 esse
3220 725 3417 803 gratia
3460 727 3696 790 sufficiens

2220 823 2287 883 in
2324 821 2423 882 his
2452 820 2559 900 qui
2602 834 2731 878 non
2778 821 3256 888 conver-tuntum
3303 818 3447 897 quia
3470 825 3635 896 potest
3656 825 3695 884 id

2222 915 2553 996 provenire
2586 929 2663 972 ex
2710 909 2844 970 sola
2871 909 3189 971 voluntate
3219 927 3457 986 eorum,
3488 930 3599 990 quoe
3628 933 3698 993 pa

2224 1013 2346 1071 test
2394 1024 2525 1068 non
2580 1002 2955 1076 consentire,
2996 1001 3239 1064 etiamsi
3284 1004 3477 1082 gratia
3519 1005 3571 1064 in
3602 1015 3698 1069 actu

2225 1103 2425 1182 primo
2454 1099 2686 1160 habeat
2714 1113 2967 1158 omnem
2994 1095 3452 1168 sufficientiam,
3478 1099 3619 1160 etita
3640 1103 3700 1164 lo-

2224 1196 2434 1274 quitur
2471 1192 2787 1271 Scriptura
2846 1208 2861 1248 2
2922 1190 3165 1264 Quoties
3210 1190 3375 1252 volui
3426 1209 3701 1276 confi-cyme

2223 1289 2388 1364 filios
2422 1291 2573 1361 tuos,
2596 1289 2651 1348 et
2676 1281 2930 1346 noluisti
2953 1283 3122 1360 (Luc.
3154 1283 3302 1360 23st
3326 1289 3389 1344 et
3414 1302 3559 1363 soepe
3577 1289 3699 1350 alias.

2222 1379 2505 1440 Tandem
2531 1379 2675 1438 hinc
2692 1376 2875 1436 facile
2898 1376 3309 1437 conciliantur
3325 1376 3481 1438 dicta
3500 1379 3701 1458 Petrum,
3769 1397 3771 1402 ·

2224 1491 2373 1533 nam
2402 1471 2659 1551 quidam
2690 1469 2867 1530 aiunt
2908 1470 3112 1530 Deum
3152 1468 3409 1549 eligere,
3448 1477 3546 1531 aut
3565 1476 3705 1550 praefi·

2224 1566 2361 1626 nire
2406 1583 2521 1626 seu
2558 1562 3005 1644 praedestinare
3035 1561 3379 1634 hominem,
3424 1569 3525 1624 aut
3552 1583 3705 1644 super-

2223 1657 2542 1720 naturales
2590 1663 2767 1718 actus
2816 1656 2953 1735 ejus
2996 1655 3175 1734 juxta
3228 1673 3408 1715 suam
3456 1661 3707 1735 praescien-

2224 1753 2398 1827 tiam,
2446 1753 2551 1812 alii
2601 1769 2751 1813 vero
2807 1756 3046 1830 negant
3090 1752 3293 1812 Deum
3346 1751 3705 1830 pradestinare

2226 1849 2337 1906 aut
2394 1845 2625 1925 eligere
2677 1843 3001 1904 hominem
3050 1861 3129 1904 ex
3180 1844 3421 1904 meritis
3470 1848 3703 1923 praevisis

2226 1940 2359 2000 haee
2391 1944 2605 1999 autem
2634 1937 3045 1999 conciliantur
3072 1936 3335 2015 optime,
3382 1937 3431 1996 si
3463 1939 3634 2016 priora
3652 1939 3709 2000 in·

2224 2032 2587 2111 telligantur
2632 2030 2711 2092 de
2762 2029 3153 2108 pra-‚scientia
3200 2029 3616 2104 conditionata,
3649 2053 3707 2093 se

2228 2126 2503 2212 cundum
2532 2141 2725 2203 quam
2754 2125 2921 2184 Deus
2958 2121 3133 2202 eligit
3170 2139 3323 2184 eum
3352 2141 3529 2201 quem
3554 2143 3708 2186 vocare

2228 2219 2507 2281 decrevit
2542 2235 2619 2279 eo
2664 2224 2948 2296 tempore
2998 2221 3061 2278 et
3096 2217 3287 2278 modo
3328 2234 3453 2294 quo
3482 2221 3709 2296 praescixit

2226 2329 2717 2384 consensurum;
2774 2309 3119 2390 posteriora
3174 2329 3327 2371 vero
3372 2310 3709 2391 intelligantur

2228 2405 2309 2469 de
2332 2405 2572 2468 meritis
2598 2405 2879 2485 praevisis
2920 2421 3035 2482 per
3072 2403 3427 2466 absolutam
3458 2407 3712 2483 praescien-

2230 2500 2413 2572 tiam;
2469 2517 2596 2560 non
2656 2497 2823 2558 enim
2870 2501 3205 2576 propterea
3254 2498 3423 2559 Deus
3474 2497 3550 2558 sic
3592 2507 3713 2558 vocat

2232 2593 2569 2655 efficaciter
2608 2591 2909 2669 aliquem,
2960 2589 3111 2668 quia
3146 2591 3461 2671 praescivit
3484 2591 3625 2650 illum
3648 2592 3715 2650 be-
3772 2657 3774 2674 ε

2228 2704 2309 2746 ne
2340 2691 2772 2765 operaturum,
2802 2682 2917 2744 sed
2945 2681 3123 2744 illum
3172 2682 3261 2744 ita
3296 2689 3489 2756 vocat,
3526 2691 3586 2743 ut
3608 2685 3715 2744 hene
3772 2681 3775 2760 1

2230 2785 2549 2858 operetur,
2570 2777 2751 2856 juxta
2792 2775 2946 2836 illud
2980 2793 2996 2836 z
3040 2776 3186 2850 Qua
3214 2779 3585 2858 preparavit
3606 2779 3717 2838 Dm
3772 2767 3774 2772 ’

2228 2879 2302 2936 ut
2326 2873 2396 2934 in
2420 2873 2509 2934 eis
2526 2869 2897 2934 ambulemus
2922 2869 3175 2948 (Ephes.
3198 2871 3288 2949 2).
3318 2871 3409 2930 De
3434 2869 3624 2948 quihus
3644 2871 3717 2928 Pa-

2232 2974 2397 3028 trum
2438 2961 2763 3032 sententiis
2803 2961 3109 3024 nonnulla
3140 2962 3538 3042 attingemus,
3560 2982 3603 3024 c.
3632 2965 3695 3022 16.

2314 3061 2410 3121 13.
2460 3055 2741 3135 objectio.
2768 3087 2853 3102 -·
2888 3055 3013 3119 Sed
3042 3055 3207 3119 dicet
3244 3056 3473 3136 aliquis
3506 3057 3716 3117 eamdem

2228 3155 2363 3217 fere
2394 3152 2821 3215 difficultatem
2846 3151 3116 3231 relinqui
3152 3152 3219 3213 in
3258 3152 3385 3211 hac
3426 3156 3609 3213 nostra
3630 3170 3719 3211 sen-

2232 3246 2450 3319 tentia,
2499 3244 2843 3325 praesertim
2886 3244 3049 3305 circa
3082 3245 3515 3307 sufficientiam
3548 3245 3715 3324 gratie,

2232 3339 2521 3401 eamdem
2550 3337 2859 3417 (inquam)
2888 3356 3029 3417 quai
3046 3338 3111 3399 in
3140 3339 3265 3399 alia
3290 3338 3581 3399 sententia
3602 3338 3719 3397 faita

2234 3433 2417 3497 nobis
2454 3432 2797 3512 proposita.
2830 3436 2955 3493 Aut
2978 3432 3147 3493 enim
3174 3432 3445 3505 vocatio,
3474 3432 3579 3493 hoc
3594 3430 3721 3491 modo

2236 3528 2479 3598 efficax,
2524 3530 2621 3586 est
2660 3526 3015 3587 necessaria
3042 3524 3125 3587 ad
3169 3524 3451 3604 singulos
3488 3528 3633 3585 actus
3662 3542 3723 3581 su·

2238 3617 2697 3700 pernaturales,
2714 3617 2813 3679 vel
2834 3636 2984 3679 non.
3014 3620 3146 3680 Hoc
3173 3618 3485 3697 posterius
3504 3624 3585 3678 est
3606 3634 3724 3695 aper-

2236 3718 2299 3773 te
2334 3716 2553 3774 contra
2595 3710 3037 3791 Augustinum,
3088 3712 3292 3773 citatis
3330 3709 3498 3785 locis,
3538 3717 3591 3770 et
3618 3724 3726 3787 pre-

2240 3804 2453 3866 sertim
2504 3802 2583 3864 de
2628 3804 2807 3864 Dono
2854 3804 3365 3883 perseverantias,
3418 3820 3544 3881 cap.
3590 3802 3664 3870 14,
3691 3804 3729 3858 et

2238 3898 2379 3957 libr.
2425 3900 2452 3957 1
2494 3896 2575 3957 ad
2608 3896 2912 3975 simplic„
2958 3904 3177 3975 quaest.
3208 3898 3273 3973 2,
3318 3896 3425 3958 nbi
3452 3914 3567 3957 non
3588 3894 3729 3954 solum

2241 3989 2329 4050 ait
2350 4034 2367 4063 ,
2418 3989 2551 4050 sine
2616 3988 2738 4050 hac
2797 3990 3126 4051 vocatione
3182 3992 3502 4051 neminem
3544 3986 3729 4049 credere

2242 4089 2349 4144 aut
2392 4082 2643 4156 salvari,
2696 4082 2809 4143 sed
2850 4082 3042 4143 etiam
3088 4100 3414 4145 neminem
3450 4098 3609 4161 posse
3643 4096 3732 4140 cre-

2242 4177 2391 4239 dere
2422 4182 2531 4237 aut
2558 4176 2807 4237 salvari.
2842 4177 2903 4239 Si
2930 4193 3081 4238 vero
3110 4176 3359 4239 dicatur
3382 4177 3563 4256 prius,
3592 4173 3733 4251 sequi·

2243 4277 2345 4333 tur
2366 4270 2501 4331 sine
2544 4270 2662 4331 hac
2695 4270 3023 4332 vocatione
3050 4271 3373 4333 neminem
3412 4270 3619 4331 hahere
3640 4284 3733 4347 gra-

2244 4365 2395 4425 tiam
2448 4362 2861 4427 sufficientem
2910 4364 2991 4425 ad
3038 4364 3425 4426 credendum
3460 4364 3550 4423 vel
3584 4378 3733 4422 aman·

2246 4458 2420 4532 dum,
2466 4458 2613 4538 quia
2650 4468 2821 4519 earet
2856 4476 2927 4519 re
2956 4458 3314 4521 necessaria
3356 4458 3439 4519 ad
3476 4456 3636 4518 talem
3668 4471 3737 4514 ac-

2248 4556 2399 4626 t'um,
2442 4558 2507 4613 et
2550 4569 2679 4612 non
2722 4558 2817 4612 est
2850 4550 2917 4611 in
2942 4558 3251 4631 potestate
3308 4553 3447 4632 ejus
3482 4551 3675 4612 habere
3692 4548 3735 4605 il·

2245 4646 2408 4717 lam3
2459 4644 2611 4724 qnid
2660 4644 2829 4707 enim
2872 4644 3060 4706 faciet
3096 4646 3285 4707 homo
3336 4652 3405 4708 ut
3444 4646 3592 4707 Deus
3615 4643 3734 4703 illum

2244 4744 2425 4800 vocet
2450 4745 2733 4818 tempore
2763 4744 3139 4817 opportuno,
3166 4759 3293 4821 quo
3322 4736 3735 4822 praenovitillum

2244 4836 2743 4895 consensurum?

2330 4925 2490 4989 Alioe
2526 4928 2943 5007 diffiotdtataes.
2970 4960 3053 4975 --
3072 4928 3607 4993 Prima—Praeter
3628 4923 3738 4981 hanc

2252 5111 2524 5193 plicandi
2558 5114 2822 5193 gratiam
2866 5115 3209 5177 efficacem.
3256 5114 3459 5177 Prima
3484 5116 3587 5179 est,
3619 5106 3737 5184 quia,

2256 5207 2401 5269 licet
2446 5207 2566 5268 hoc
2610 5208 2797 5268 modo
2838 5206 3088 5270 bonitas
3132 5213 3198 5269 et
3234 5202 3629 5269 misericordia
3664 5195 3737 5257 Dei
