3850 6225
514 395 635 456 124

514 507 713 565 autem
730 498 1089 579 sapientiam
1118 503 1177 562 et
1188 500 1510 580 jmtitiam
1538 501 1652 565 Dei
1678 502 1860 566 etiam
1890 501 2080 565 malo·

512 611 653 656 rum
680 593 979 674 operibus,
1024 611 1159 674 quoe
1196 612 1271 657 σω
1296 595 1570 674 ipsorum
1602 597 1935 676 procedunt
1971 614 2082 676 ap-

506 687 729 767 petitu,
752 687 837 749 ad
850 687 1154 766 implenda
1174 686 1427 751 consilia
1452 689 1759 768 etjudicia
1786 705 1925 764 sua,
1944 687 2080 750 mcl-

512 779 613 842 lus
638 780 734 843 vel
755 780 1015 843 tmm'ter
1031 781 1351 842 secundum
1364 779 1651 862 pietatem
1678 782 1887 844 doctus
1912 781 2080 861 iquo-

513 877 639 949 rat,
673 872 778 954 qui
802 873 961 934 videt
986 873 1103 935 Dei
1140 873 1363 936 Patris
1394 874 1687 952 optimam
1712 875 2082 938 voluntatem

513 983 635 1028 non
671 965 979 1046 parcentis
1004 964 1167 1028 Filio
1190 985 1321 1040 suo,
1351 969 1459 1030 sed
1474 985 1589 1050 pro
1614 965 2080 1033 nobisomnibus

518 1061 817 1124 tradentis
874 1078 1027 1132 eum,
1078 1061 1351 1140 pessima
1394 1061 1764 1124 traditomm
1803 1061 1986 1123 Judoe
2021 1065 2082 1123 et

512 1154 865 1217 Judoem-um
882 1153 1189 1216 voluntate
1218 1153 1522 1236 compleri,
1558 1159 1677 1214 etc.
1704 1154 1779 1214 Et
1798 1153 1917 1214 hoc
1945 1170 2079 1214 am-

514 1247 677 1326 plius
700 1245 1159 1308 declarabimus
1184 1248 1249 1307 in
1274 1247 1583 1308 solutione
1614 1251 1849 1325 quartae
1870 1247 2080 1326 objec-

514 1341 722 1402 tionis.

593 1438 654 1494 4.
702 1432 806 1496 Ad
832 1436 1152 1498 secundam
1180 1434 1557 1516 objectionem
1583 1451 1657 1497 σευ
1699 1433 2069 1516 Auyustino.

512 1559 595 1574 --
622 1526 718 1587 Ad
748 1527 1089 1588 secundam
1120 1528 1536 1606 respondetur
1558 1573 1575 1602 ,
1620 1529 1883 1588 verbum
1922 1527 2075 1587 illud

516 1619 849 1698 Augustini
876 1620 979 1700 pie
1009 1639 1147 1682 esse
1190 1621 1670 1701 exponendum;
1718 1639 1867 1682 nam
1892 1639 2076 1681 mens

516 1713 869 1792 Augustini,
908 1719 1037 1774 tam
1066 1733 1144 1776 ex
1172 1715 1277 1774 illo
1304 1715 1466 1788 loco,
1520 1733 1710 1794 quam
1738 1733 1815 1774 ex
1864 1714 2074 1774 multis

514 1806 673 1878 aliis,
709 1812 803 1868 est
820 1806 1189 1881 clarissima3
1216 1808 1410 1868 verba
1440 1813 1651 1868 autem
1672 1813 1815 1868 sunt
1830 1807 2075 1868 durius-

515 1899 655 1960 cula
686 1907 747 1961 et
772 1902 980 1961 minus
1010 1901 1281 1980 propria.
1322 1902 1493 1962 Deus
1540 1919 1691 1980 ergo
1720 1900 2074 1980 praevidens

514 1993 790 2054 futuram
822 1993 1125 2055 malitiam
1153 1995 1188 2056 J
1194 1994 1357 2067 udae,
1388 1995 1437 2055 si
1473 1994 1647 2054 illum
1686 1994 2074 2073 permitteret

514 2103 629 2148 suo
660 2086 914 2147 arbitrio
956 2089 1017 2148 et
1046 2087 1365 2148 voluntate
1393 2087 1505 2160 uti,
1540 2093 1775 2148 aeterno
1814 2087 2070 2148 consilio

514 2179 797 2240 decrevit
824 2180 887 2240 id
918 2180 1303 2259 permittere,
1342 2187 1405 2241 et
1432 2181 1597 2240 mala
1624 2180 1727 2240 illa
1752 2179 2072 2240 voluntate

515 2271 597 2333 ad
646 2272 882 2333 bonum
928 2273 1017 2334 uti
1056 2292 1072 2347 ς
1122 2279 1183 2334 et
1237 2272 1624 2334 voluntatem
1672 2272 2070 2352 permittendi

514 2373 841 2446 peccatum
870 2368 905 2430 J
914 2367 1075 2442 udae,
1101 2373 1164 2429 et
1188 2367 1517 2428 ordinandi
1540 2367 1696 2427 illud
1720 2367 1785 2426 in
1815 2366 1939 2427 tale
1959 2365 2074 2426 bo-

514 2478 669 2520 num
697 2461 939 2521 vocavit
967 2461 1375 2540 AugustinUS,
1401 2459 1737 2524 electionem
1762 2461 1845 2522 ad
1876 2462 2074 2536 emcn—

516 2555 769 2616 dcndwm
794 2555 1172 2636 sanquinem,
1206 2573 1335 2615 non
1363 2555 1511 2633 quia
1536 2555 1704 2614 Deus
1733 2571 1847 2632 per
1882 2571 1950 2614 se
1979 2553 2076 2612 in-

514 2647 801 2708 tenderet
836 2647 1209 2709 maleficium
1234 2647 1438 2721 Judae,
1468 2647 1584 2708 sed
1609 2647 1757 2726 quia
1794 2646 2078 2707 intende-

514 2741 623 2802 bat
662 2741 897 2804 bonum
946 2743 1260 2816 effectum,
1305 2742 1389 2802 ad
1416 2759 1605 2821 quem
1634 2741 1718 2802 ita
1765 2741 2076 2802 serviebat

388 2869 395 2877 ·
516 2834 621 2894 illa
650 2835 1001 2915 permissio,
1024 2854 1099 2897 ac
1127 2837 1181 2896 si
1210 2839 1377 2896 esset
1400 2833 1809 2914 praedefinitio
1825 2853 1899 2894 ac
1916 2833 2076 2894 elec-

514 2928 621 2989 tio.
669 2929 1040 3008 Hujusmodi
1078 2935 1291 2990 autem
1312 2927 1663 2990 locutiones
1694 2944 1821 2987 non
1856 2933 2004 2988 sunt
2037 2947 2074 2988 a

514 3021 696 3082 nobis
722 3021 1126 3100 usurpandoe,
1148 3022 1385 3082 nedum
1412 3018 1845 3094 extendendae,
1868 3038 1950 3081 ne
1977 3039 2076 3082 oc·-

516 3116 835 3177 casionem
890 3116 1119 3177 erroris
1162 3116 1261 3177 vel
1318 3114 1597 3177 scandali
1663 3114 1799 3176 aliis
1842 3114 2078 3175 tribua·-

514 3227 677 3269 mus·

596 3304 657 3364 5.
705 3301 929 3367 Tertiae
951 3302 1295 3383 objectionis
1322 3302 1563 3367 dilucio.
1592 3334 1675 3347 —
1702 3302 1797 3363 Ad
1823 3300 2076 3362 tertium

514 3397 950 3475 respondetur,
984 3397 1035 3457 si
1080 3402 1521 3477 argumentum
1560 3402 1727 3457 esset
1770 3395 2068 3469 validum,

514 3506 643 3549 non
678 3488 882 3550 solum
918 3490 1185 3570 probare
1224 3490 1426 3551 Deum
1458 3487 1847 3567 praedefinire
1879 3492 2076 3547 mate-

514 3579 738 3641 rialem
786 3586 993 3642 actum
1034 3582 1317 3662 peccati,
1364 3581 1477 3645 sed
1519 3582 1708 3643 etiam
1744 3580 2074 3641 formalem

514 3673 819 3735 malitiam
862 3675 1020 3754 ejuS,
1058 3676 1227 3755 quod
1250 3676 1341 3736 sic
1366 3675 1617 3737 declaro
1662 3680 1725 3735 et
1766 3673 2068 3745 ostendo;

514 3786 665 3829 nam
700 3770 865 3829 Deus
889 3768 1209 3831 neminem
1235 3769 1431 3831 voluit
1456 3768 1789 3831 excludere
1820 3786 1857 3827 a
1876 3784 2074 3847 regno

516 3880 653 3937 suc,
688 3867 799 3923 aut
834 3864 899 3923 in
944 3862 1259 3924 infernum
1311 3863 1645 3925 detrudere
1674 3882 1750 3923 ex
1790 3861 2074 3922 absoluta

514 3956 793 4036 potentia
823 3962 886 4018 et
908 3956 1205 4030 dominic,
1238 3956 1354 4018 sed
1384 3975 1457 4017 ex
1472 3956 1735 4037 justitia,
1762 3954 1849 4015 ita
1876 3960 1970 4029 ut,
2001 3953 2078 4013 li-

514 4054 615 4110 cet
646 4049 753 4109 illa
796 4050 955 4110 ratio
997 4049 1253 4129 justitiae
1306 4068 1433 4110 non
1471 4049 1661 4111 fuerit
1698 4047 2076 4127 principium

514 4142 679 4203 illius
718 4142 1077 4219 voluntatiS,
1102 4144 1281 4223 juxta
1308 4142 1483 4203 illam
1517 4142 1911 4215 sententiam,
1945 4140 2078 4201 fue-

512 4236 593 4297 rit
624 4241 835 4297 tamen
868 4235 931 4296 in
970 4236 1070 4316 obj
1078 4241 1215 4297 ecto
1258 4235 1421 4297 illius
1446 4236 1782 4297 voluntatis
1820 4240 2080 4295 conten-

514 4334 598 4389 ta.
620 4329 789 4391 Sicut
834 4330 1146 4404 voluntas,
1192 4348 1317 4409 qua
1356 4332 1523 4391 Deus
1574 4329 1763 4408 elegit
1812 4328 2080 4407 praedes-

512 4422 765 4496 tinatos,
798 4441 925 4483 non
952 4423 1068 4483 fuit
1104 4430 1241 4485 orta
1290 4441 1369 4484 ex
1405 4423 1685 4503 justitia3
1738 4422 1803 4482 in
1833 4422 2078 4503 objecto

516 4520 731 4577 tamen
774 4516 993 4579 habuit
1036 4521 1098 4577 et
1144 4516 1416 4595 respexit
1452 4516 1755 4577 rationem
1799 4516 2074 4595 justitiae,

514 4608 733 4670 volens
764 4609 883 4669 illis
912 4610 1177 4690 gloriam
1192 4616 1255 4671 et
1280 4626 1577 4671 coronam
1589 4609 1869 4688 justitiae,
1888 4625 2080 4688 quam

515 4702 645 4763 suis
668 4703 905 4763 meritis
926 4708 1431 4781 assequerentur.
1478 4702 1649 4764 Sicut
1678 4720 1829 4782 ergo
1862 4702 1927 4763 in
1960 4702 2080 4762 hac

512 4796 830 4857 voluntate
860 4797 1023 4859 circa
1052 4796 1527 4877 praedestinatos
1551 4797 1778 4858 virtute
1798 4794 2080 4875 praedefi-

512 4891 775 4950 niuntur
810 4889 1043 4963 media,
1074 4889 1161 4949 ita
1188 4890 1255 4949 in
1280 4888 1389 4949 illa
1417 4889 1737 4951 voluntate
1764 4888 1930 4949 circa
1977 4905 2080 4949 re·

512 4981 769 5061 probos,
798 4982 1023 5043 virtute
1060 4980 1567 5061 praedefinientur
1616 4982 1919 5043 demerita
1949 5000 1966 5054 ς
2015 4986 2080 5043 at

514 5092 665 5135 vero
704 5074 1081 5147 demeritum
1118 5092 1250 5135 non
1280 5078 1375 5135 est
1418 5075 1485 5136 in
1510 5080 1791 5153 peccato,
1823 5074 1940 5135 nisi
1979 5092 2080 5135 ra-

513 5168 685 5229 tione
714 5166 809 5228 sui
836 5158 1139 5253 formalis,
1164 5186 1201 5227 a
1231 5185 1357 5247 quo
1394 5168 1585 5229 habet
1615 5167 1921 5228 rationem
1947 5166 2080 5228 cul-

514 5278 635 5341 pae,
668 5266 731 5322 et
752 5259 1047 5344 meritum
1086 5278 1329 5340 poenae:
1358 5278 1511 5340 ergo
1534 5260 1613 5321 de
1644 5262 1845 5339 primo
1874 5261 1958 5321 ad
1985 5260 2078 5320 ul-

512 5356 739 5415 timum
767 5354 1133 5435 praefinitur,
1154 5355 1377 5416 saltem
1395 5354 1761 5429 virtualiter,
1786 5354 1850 5415 in
1870 5373 1946 5416 ea
1965 5372 2077 5415 vo·-

514 5448 778 5524 luntate,
810 5448 1017 5527 culpa,
1049 5453 1119 5509 ut
1144 5448 1350 5528 culpa.
1370 5450 1678 5529 Respectu
1702 5454 1913 5509 autem
1937 5448 2074 5521 Dei,

516 5548 586 5603 ut
611 5540 763 5617 dixi,
792 5542 1053 5619 perinde
1082 5546 1179 5603 est
1202 5542 1429 5606 virtute
1462 5560 1539 5603 ac
1550 5540 1894 5603 formaliter
1922 5558 2080 5621 proe-

1072 397 1282 453 OPUSC.
1318 401 1359 464 1,
1394 399 1510 454 Lm.
1546 402 1608 454 11.
1644 401 1725 455 DE
1758 399 2076 454 commisi]
2107 401 2212 454 DEI
2243 402 2326 454 AD
2359 400 2558 454 Acws
2589 401 2836 456 03⁰1le
2868 403 3155 458 NATURAE.

2157 501 2382 576 finire;
2427 504 2576 584 quia
2611 505 2780 565 Deus
2831 505 3294 568 distinctissime
3339 509 3558 570 omnia
3613 509 3736 569 sibi
3823 583 3825 605 1

2157 596 2473 675 proponit,
2497 601 2560 658 et
2585 597 2719 658 vult
2741 597 2938 659 finem
2966 601 3308 678 permedia
3333 605 3504 662 certa
3533 609 3600 663 et
3629 602 3738 663 de·

2157 688 2356 750 finita.
2387 689 2824 767 Confirmatur,
2865 693 3012 772 quia
3039 693 3092 752 si
3119 694 3290 755 Deus
3307 695 3530 756 habuit
3559 695 3738 755 illam

2159 783 2545 844 voluntatem
2581 784 2746 846 circa
2793 786 3118 864 reprobos,
3165 786 3230 847 id
3256 787 3374 848 fuit
3401 787 3485 848 ad
3514 794 3740 848 osten-
3824 787 3825 842 ζ

2161 874 2404 936 sionem
2451 877 2704 956 justitiae
2757 895 2887 938 suae
2915 924 2932 952 ,
2989 880 3244 954 scilicet,
3289 880 3730 950 vindicativae;
3824 863 3825 904 ³

2161 986 2311 1047 ergo
2349 987 2428 1030 ea
2477 971 2798 1032 voluntate
2833 971 2897 1033 id
2935 973 3262 1053 praefinivit
3294 1019 3311 1046 ,
3347 974 3512 1035 circa
3559 975 3736 1053 quod
3824 1021 3825 1028 κ

2159 1061 2504 1124 formaliter
2527 1064 2899 1126 vindicativa
2923 1067 3164 1146 justitia
3214 1073 3548 1139 versatum
3593 1069 3736 1145 jus

2159 1154 2294 1216 titia
2347 1162 2560 1218 autem
2611 1157 2986 1220 vindicativa
3025 1177 3158 1219 non
3187 1163 3480 1220 versatur
3519 1161 3734 1220 solum
3824 1205 3825 1210 1

2159 1252 2326 1312 circa
2379 1250 2702 1312 materiale
2756 1253 3023 1330 peccati,
3070 1253 3184 1313 sed
3227 1253 3503 1314 maxime
3561 1255 3732 1314 circa

2155 1343 2420 1404 formale
2444 1362 2460 1416 ς
2485 1344 2612 1404 imo
2641 1362 2769 1405 non
2785 1344 2966 1423 punit
2989 1345 3316 1406 materiale
3331 1345 3456 1406 nisi
3481 1345 3734 1406 ratione
3824 1419 3825 1426 ἶ

2156 1438 2436 1500 formalis
2466 1457 2480 1497 ε
2529 1456 2703 1517 ergo.

2233 1531 2335 1595 Ad
2365 1532 2595 1596 malum
2623 1549 2744 1594 uon
2767 1531 3171 1612 proedestinat
3198 1533 3366 1596 Deus
3393 1533 3620 1596 alliun.
3651 1565 3726 1580 -

2159 1624 2438 1699 Qualiter
2471 1627 2554 1687 ad
2579 1625 2810 1688 malm
2839 1642 3035 1705 poenoe
3065 1626 3514 1704 praedestinare
3565 1624 3730 1688 dica-

2153 1715 2730 1782 tum—ommim
2757 1718 3432 1797 objectioni—Deinde
3461 1736 3732 1796 respon-

2112 1879 2121 1884 ,
2154 1810 2274 1872 deo
2301 1811 2592 1890 negando
2615 1815 3028 1889 assumptum,
3056 1829 3206 1871 nam
3233 1829 3458 1872 revera
3479 1811 3730 1870 videtur

2155 1904 2506 1968 coincidere
2545 1922 2690 1966 cum
2735 1903 2982 1964 illorum
3033 1905 3368 1976 sententia,
3399 1905 3512 1984 qui
3555 1904 3727 1964 dixe-

2153 2003 2300 2058 runt
2319 1997 2790 2076 praedestinasse
2813 1997 3014 2057 Deum
3028 1997 3334 2076 quosdam
3355 1998 3438 2058 ad
3457 1997 3722 2068 malum,

2155 2091 2314 2151 sicut
2339 2089 2496 2152 alios
2525 2090 2606 2153 ad
2628 2085 2897 2165 honum3
2931 2091 3102 2170 quod
3133 2109 3429 2170 expresse
3459 2091 3728 2151 damna-

2153 2189 2288 2246 tum
2317 2184 2502 2244 estin
2543 2182 2840 2262 praedicto
2881 2201 3122 2244 canone
3169 2184 3424 2246 Concilii
3471 2184 3728 2245 Arausi-
3824 2173 3825 2238 ἰ

2153 2277 2292 2338 cani
2323 2284 2386 2338 et
2431 2277 2771 2349 Valentini;
2805 2283 2868 2338 et
2903 2295 2983 2338 ex
3023 2277 3304 2356 professo
3335 2297 3374 2337 a
3413 2279 3724 2356 Prospero
3824 2287 3825 2298 ¹

2153 2378 2217 2432 et
2243 2371 2591 2450 Fulgentio,
2621 2370 2822 2432 citatis
2857 2370 3031 2432 lociS.
3063 2371 3266 2432 Verba
3305 2371 3726 2432 conciliorum

2154 2470 2302 2528 sunt
2333 2482 2347 2524 :
2395 2463 2648 2545 Aliquos
2693 2465 2777 2526 ad
2817 2464 3046 2526 malum
3083 2465 3552 2546 proedestimtos
3603 2483 3728 2526 esse

2152 2576 2274 2620 m
2299 2557 2497 2620 solum
2518 2575 2638 2620 non
2661 2558 2980 2632 credimus,
3005 2559 3114 2622 sed
3129 2557 3332 2632 etiam,
3359 2559 3421 2620 si
3445 2564 3596 2620 sunt
3624 2559 3730 2638 qui

2155 2655 2394 2716 tantum
2423 2651 2653 2712 malum
2681 2651 2915 2713 credero
2935 2651 3148 2723 velint,
3177 2669 3313 2714 cum
3345 2651 3510 2713 omni
3535 2653 3728 2713 detes-

2157 2745 2381 2808 tatione
2405 2745 2475 2806 in
2495 2743 2639 2806 illos
2659 2743 2980 2806 anathema
2997 2744 3275 2807 dicimus.
3299 2747 3541 2824 Repeto
3569 2763 3726 2823 ergo

2155 2844 2598 2918 argumentum
2634 2837 2937 2917 superiori
2975 2839 3177 2917 capite
3205 2839 3461 2901 factum.
3499 2843 3628 2898 Aut
3665 2839 3722 2897 in

2154 2933 2273 2992 hac
2301 2930 2664 2992 definitione
2695 2936 2790 2992 est
2815 2947 3024 2991 sermo
3053 2931 3131 2992 de
3155 2933 3324 2992 malo
3351 2949 3587 3011 poenae‚
3619 2937 3724 2990 aut

2157 3025 2236 3086 de
2277 3025 2444 3085 malo
2473 3024 2690 3102 culpoe.
2721 3023 2784 3086 Si
2813 3024 2892 3084 de
2929 3023 3095 3084 malo
3127 3041 3354 3105 poenae„
3387 3043 3541 3104 ergo
3581 3043 3726 3085 cum

2155 3124 2390 3179 fleterna
2417 3117 2737 3179 damnatio
2779 3118 2859 3178 sit
2885 3136 3130 3178 summa
3161 3136 3374 3197 poena,
3407 3119 3730 3179 neminem

2157 3210 2325 3275 Deus
2363 3210 2446 3272 ad
2481 3211 2634 3271 illud
2678 3210 2916 3271 malum
2965 3212 3434 3291 praedestinavit
3471 3230 3552 3271 ex
3597 3212 3728 3271 sola

2158 3324 2272 3367 sua
2313 3306 2630 3365 voluntate
2671 3304 2958 3367 absoluta
3001 3310 3064 3365 et
3107 3306 3720 3384 praedeterminante.

2155 3401 2218 3463 Si
2269 3418 2418 3461 vero
2467 3399 2872 3479 intelligenda
2909 3399 3150 3461 dicatur
3191 3400 3470 3461 definitio
3513 3398 3618 3458 illa
3649 3398 3724 3458 de

2153 3492 2321 3553 malo
2349 3491 2574 3570 culpae,
2605 3492 2899 3571 primum,
2929 3492 3073 3553 licet
3099 3492 3218 3553 hoc
3247 3508 3468 3552 verum
3497 3492 3600 3562 sit,
3631 3495 3724 3550 ta-

2155 3603 2303 3647 men
2329 3585 2498 3665 quod
2527 3584 2606 3646 de
2633 3584 2740 3645 illo
2779 3584 2912 3645 solo
2947 3585 3347 3665 intelligatur,
3381 3590 3476 3647 est
3505 3592 3720 3665 aperte

2155 3686 2372 3740 contra
2398 3683 2676 3739 mentem
2716 3678 3000 3751 Concilii;
3033 3696 3182 3739 nam
3217 3680 3322 3757 qui
3364 3679 3718 3758 oppositum

2154 3772 2468 3846 dicebant,
2519 3778 2580 3833 et
2625 3776 2842 3833 contra
2885 3789 3044 3850 quos
3089 3772 3432 3833 Concilium
3473 3773 3716 3841 definit,

2153 3884 2284 3926 non
2311 3866 2390 3927 de
2421 3866 2554 3926 solo
2581 3865 2748 3925 malo
2777 3864 2994 3944 eulpae,
3023 3864 3136 3925 sed
3165 3866 3246 3927 de
3273 3868 3441 3928 malo
3469 3873 3720 3929 aeternae

2155 3958 2574 4020 damnationis
2598 3958 3039 4038 loquebantur,
3073 3964 3142 4019 ut
3170 3966 3412 4022 constat
3437 3980 3516 4021 ex
3545 3962 3722 4022 Pros-

2156 4070 2310 4132 pero
2353 4059 2414 4113 et
2455 4052 2803 4132 Fulgentio.
2849 4053 3006 4113 Item
3033 4052 3180 4130 quia
3207 4053 3272 4113 in
3299 4054 3572 4116 Concilio
3599 4056 3722 4113 Va-

2156 4145 2392 4207 lentino
2437 4164 2730 4224 expresse
2759 4145 3140 4219 conceditur,
3172 4147 3330 4208 sieut
3357 4146 3543 4207 datur
3571 4165 3722 4225 prae-

2158 4237 2489 4298 destinatio
2519 4237 2600 4297 ad
2627 4238 2841 4311 vitam,
2874 4239 2958 4299 ita
2999 4239 3188 4299 etiam
3227 4240 3364 4299 dari
3403 4240 3722 4319 praedesti-
3824 4240 3825 4321 g

2159 4331 2480 4391 nationem
2525 4330 2606 4389 ad
2660 4338 2959 4403 mortem;
3019 4330 3132 4392 sed
3187 4331 3432 4393 diverso
3477 4332 3670 4393 modo
3702 4350 3716 4391 :
3824 4322 3825 4329 ἶ

2161 4441 2306 4483 nam
2371 4422 2434 4482 in
2485 4422 3030 4501 praedestinatione
3087 4425 3168 4485 ad
3223 4426 3445 4498 vitam,
3501 4426 3720 4486 electio

2160 4516 2454 4597 praecedit
2483 4518 2720 4577 bonum
2739 4518 3060 4591 meritum3
3085 4518 3150 4579 in
3177 4518 3720 4598 praedestinatione
3823 4524 3825 4581 ἐ

2161 4615 2370 4671 antem
2397 4609 2479 4670 ad
2497 4615 2784 4682 mortem,
2807 4611 3098 4673 meritum
3121 4611 3362 4691 malum
3385 4612 3720 4691 praevisum
3824 4656 3825 4671 ,

2159 4702 2452 4783 praecedit
2489 4702 3128 4782 praedestinationem;
3175 4723 3324 4784 ergo
3373 4712 3590 4784 aperte
3632 4708 3722 4764 est

2159 4814 2366 4859 sermo
2401 4795 2481 4857 de
2519 4794 3058 4875 praedestinatione
3100 4797 3180 4858 ad
3209 4798 3447 4858 malum
3489 4816 3715 4877 poense3

2158 4906 2306 4949 nam
2341 4888 2424 4949 ad
2448 4888 2686 4949 malum
2717 4888 2916 4968 culpae
2948 4892 3117 4951 Deus
3145 4908 3272 4951 non
3300 4890 3721 4969 praedetermi-

2157 4989 2286 5056 nat,
2317 5000 2438 5043 nec
2467 4988 2612 5043 ante
2639 5000 2758 5044 nec
2787 4990 2928 5061 post
2965 4984 3188 5045 merita
3231 4985 3504 5055 hominis
3531 4986 3715 5045 mala.

2155 5076 2396 5137 Deinde
2423 5093 2552 5136 non
2581 5082 2786 5155 potest
2811 5076 2980 5137 Deus
3009 5076 3462 5156 praedestinare
3491 5078 3574 5139 ad
3598 5096 3722 5157 poe-
3824 5086 3825 5137 3

2153 5187 2330 5243 nam,
2363 5169 2417 5229 si
2451 5170 2704 5249 proprie
2749 5174 2814 5230 et
2855 5169 3200 5231 formaliter
3239 5188 3449 5231 sermo
3497 5171 3610 5231 fiat
3646 5170 3718 5231 de
3824 5156 3825 5231 Ξ

2155 5280 2368 5342 poena,
2417 5262 2570 5340 quin
2629 5262 2816 5321 etiam
2865 5261 3266 5342 praedestinet
3319 5261 3402 5322 ad
3451 5264 3716 5342 culpam,
3824 5268 3825 5347 ζ

2157 5355 2274 5416 nisi
2321 5355 2492 5416 illam
2533 5362 2866 5434 supponat,
2903 5362 2972 5418 ut
3007 5356 3296 5435 superius
3326 5363 3720 5437 argumenta·
3824 5372 3825 5399 ¹

2157 5450 2309 5522 har;
2355 5466 2531 5527 ergo,
2565 5448 2616 5509 si
2643 5448 2809 5510 Deus
2855 5468 2984 5510 non
3031 5450 3436 5530 praedestinat
3480 5452 3566 5512 ad
3601 5450 3720 5513 cul·
3824 5404 3825 5467 ἒ

2159 5560 2331 5621 pam,
2355 5541 2541 5603 etiarn
2569 5560 2646 5603 ex
2673 5560 2742 5603 se
2766 5560 2892 5603 non
2920 5542 3314 5622 praedestinat
3339 5543 3420 5604 ad
3443 5562 3715 5624 poenam,
3823 5556 3825 5619 ἶ
