3850 6225
509 487 750 560 ponant
777 481 857 542 de
881 481 1156 543 motione
1185 482 1448 562 positiva
1467 483 1580 546 Dei
1606 483 1686 546 ad
1715 489 1924 546 actum
1946 502 2075 545 ma-

511 573 674 648 lum3
725 580 788 636 et
827 572 1036 636 dicant
1065 575 1184 636 hoc
1208 575 1398 638 modo
1441 579 1640 639 Deum
1669 577 1918 638 tradere
1966 578 2076 640 ho-

509 668 746 732 minem
767 670 832 729 in
851 669 1190 748 reprobum
1215 689 1492 744 sensum,
1538 677 1608 732 ut
1636 671 1862 734 dicitur
1887 673 2069 733 Rom.

514 767 575 836 3,
607 767 672 826 et
697 763 992 826 inducere
1033 763 1114 824 ad
1141 771 1352 826 actum
1379 766 1648 838 malum;
1691 767 1892 827 Deum
1919 767 2071 828 item

515 857 762 938 operari
779 856 842 916 in
857 857 1134 930 homine,
1149 877 1224 920 ea
1245 859 1588 920 intentione
1616 859 1854 922 directa
1873 863 2075 921 extor-

513 951 748 1031 quendi
769 950 850 1012 ab
871 951 976 1011 illo
995 969 1374 1014 consensum
1395 953 1458 1012 in
1480 959 1690 1014 actum
1705 953 1939 1014 malum
1960 971 2073 1032 pro

511 1045 840 1107 materiali.
867 1044 1060 1124 quue
1091 1045 1465 1107 confirmant
1485 1048 1706 1108 Ezech.
1733 1049 1801 1110 3:
1839 1047 2077 1128 Sijus-

512 1145 614 1203 tus
632 1140 844 1218 neeric
866 1137 1270 1220 iniquitatem,
1283 1157 1512 1222 ponam
1531 1141 1959 1220 offendiculum
1986 1159 2077 1204 co-

511 1253 648 1296 ram
673 1251 761 1306 eo,
796 1251 871 1294 ea
900 1233 1132 1294 scilicet
1168 1233 1510 1294 intentione
1547 1240 1620 1295 ut
1655 1233 1858 1296 cadat.
1920 1235 2075 1307 Quia

513 1327 666 1388 alias
689 1345 802 1405 per
817 1326 1196 1388 creationem
1218 1345 1430 1388 rerum
1452 1327 1766 1388 diceretur
1779 1329 1951 1389 Deus
1968 1345 2077 1407 po-

511 1438 662 1481 nere
681 1419 970 1481 omnibus
985 1419 1455 1494 offendiculum,
1469 1420 1616 1499 quia
1625 1421 1932 1498 praescivit
1940 1420 2077 1482 fore

511 1519 583 1574 ut
625 1520 928 1574 creaturae
983 1519 1194 1575 essent
1234 1513 1298 1573 in
1337 1512 1748 1593 muscipulam
1779 1513 2077 1593 insipien-

511 1606 688 1668 tium.
717 1607 912 1686 Igitur
936 1607 1056 1669 alio
1085 1607 1380 1688 peculiari
1411 1607 1600 1668 modo
1632 1606 1695 1666 id
1723 1606 1893 1674 facit,
1930 1625 2075 1668 cum

511 1698 735 1760 dicitur
801 1718 1038 1778 ponere
1105 1700 1551 1762 offendiculum
1613 1700 2066 1779 peccatoribus.

511 1793 820 1870 Denique,
846 1793 1016 1872 quod
1040 1795 1358 1872 Scriptura
1379 1793 1692 1856 interdum
1719 1795 1840 1856 ait:
1869 1795 2079 1856 Domi-

511 1905 628 1950 nus
650 1889 945 1970 praecepit
972 1887 1044 1954 ei,
1097 1891 1136 1948 Ξ
1165 1889 1404 1966 Regum
1435 1891 1546 1959 16;
1585 1890 1680 1952 Tu
1707 1891 1906 1968 fecisti
1943 1890 2078 1952 abs-

513 1978 765 2049 condite,
781 1997 881 2060 eqo
899 1979 1130 2056 faciam
1158 1981 1226 2042 in
1251 1981 1438 2044 medio
1457 1983 1628 2055 solis,
1649 1985 1947 2062 2Regum
1973 1983 2072 2053 12,

513 2079 574 2132 et
595 2072 840 2142 similia,
869 2072 1222 2152 intelligunt
1249 2074 1500 2154 proprie
1528 2074 1608 2136 de
1635 2082 1949 2154 praecepto
1978 2077 2077 2134 in-

511 2171 716 2236 terno,
750 2164 914 2227 etde
954 2165 1352 2228 inclinatione
1394 2168 1676 2246 positiva,
1739 2187 1862 2248 qua
1909 2171 2075 2229 Deus

516 2259 786 2338 applicat
833 2265 894 2320 et
948 2261 1458 2338 praedeterminat
1501 2261 1887 2322 voluntatem
1930 2280 2079 2322 nos-

512 2358 671 2412 tram
700 2351 1012 2430 adipsum
1046 2358 1278 2426 actum,
1305 2369 1489 2432 quem
1518 2355 1822 2415 eliciendo
1850 2353 2073 2428 libere,

512 2444 648 2506 ficri
667 2463 792 2504 non
820 2451 1026 2524 potest
1052 2447 1205 2523 quin
1221 2455 1462 2525 peccet.
1491 2447 1614 2510 Sed
1631 2453 1758 2508 tota
1779 2449 1908 2508 haec
1925 2448 2079 2508 doc-

511 2540 674 2600 trina
705 2545 798 2600 est
821 2540 1024 2600 aliena
1045 2559 1080 2600 a
1107 2559 1296 2601 sensu
1313 2542 1684 2603 Sanctorum
1704 2541 1978 2602 Patrum.
2004 2541 2081 2600 Et

512 2633 789 2696 haeretici
823 2633 1007 2711 hujus
1031 2635 1329 2712 temporis
1350 2654 1474 2694 non
1508 2635 1758 2696 aliunde
1803 2633 2081 2694 inferunt

511 2726 714 2788 Deum
741 2743 877 2786 esse
909 2733 1230 2788 auctorem
1263 2729 1526 2806 peccati,
1565 2728 1682 2788 nisi
1712 2727 1859 2804 quia
1887 2727 2076 2786 modo

513 2819 810 2898 praedicto
843 2825 1168 2899 extorquet
1194 2821 1276 2882 ab
1293 2821 1545 2881 homine
1575 2827 1782 2882 actum
1804 2821 2073 2892 malum;

515 2919 579 2973 et
623 2917 910 2973 auctores
951 2915 1244 2990 (Botion,
1285 2933 1376 2974 ar.
1425 2917 1484 2986 7,
1525 2920 1740 2975 contra
1784 2914 2076 2985 Luther.;

516 3006 886 3085 stapleton„
915 3012 1042 3067 toto
1069 3008 1108 3066 l.
1145 3012 1210 3068 ll
1251 3009 1328 3070 de
1358 3008 1560 3071 Justif.
1585 3027 1600 3080 ;
1627 3008 1949 3080 waldem,
1982 3008 2022 3067 l.
2047 3009 2076 3068 1

515 3100 722 3160 Doctr.
757 3099 928 3173 fidei,
962 3120 1099 3181 cap.
1135 3103 1198 3176 Ξ,
1240 3104 1309 3176 3;
1355 3104 1546 3182 Vega,
1581 3103 1623 3163 l.
1659 3105 1696 3165 Ξ
1737 3103 1798 3165 in
1823 3102 2084 3164 Triden-

515 3192 658 3265 tin.,
687 3210 741 3253 c.
771 3194 840 3266 93
869 3196 1156 3269 Torren.‚
1187 3196 1251 3255 in
1279 3196 1452 3257 Cous.
1493 3200 1680 3269 Aug„
1713 3214 1769 3257 c.
1800 3198 1912 3270 1ος
1946 3195 2087 3258 Bel-

514 3284 844 3360 larminus‚
877 3286 1024 3359 late,
1055 3294 1184 3349 toto
1213 3288 1255 3349 l.
1283 3290 1322 3351 2
1347 3288 1424 3351 de
1452 3290 1678 3351 Amiss.
1703 3296 1891 3369 grat„
1923 3308 1979 3351 c.
2006 3290 2081 3362 8;

517 3381 723 3451 Turn,
755 3378 796 3439 l.
830 3382 869 3441 4
899 3388 1097 3443 contr.
1125 3381 1562 3463 Magdeburg.,
1603 3402 1658 3444 c.
1691 3384 1778 3461 8),
1813 3383 1918 3463 qui
1938 3402 2091 3444 con-

519 3480 614 3533 tra
631 3490 740 3535 eos
769 3472 1070 3545 scribunt,
1099 3492 1227 3535 nou
1255 3474 1616 3549 illationem,
1653 3477 1765 3537 scd
1805 3494 2089 3556 assump-

519 3566 757 3627 tionem
781 3567 1104 3641 damnant,
1123 3567 1311 3649 idque
1337 3572 1584 3641 merito;
1618 3570 1756 3651 quis
1777 3572 1946 3633 enim
1976 3588 2088 3631 un·

522 3678 712 3741 quam
741 3661 988 3721 illorum
1013 3662 1132 3723 hoc
1171 3664 1346 3737 dixit,
1385 3672 1454 3726 ut
1489 3665 1638 3726 satis
1666 3672 1760 3727 est
1797 3666 1862 3726 in
1901 3684 2085 3745 supe-

519 3754 788 3816 rioribus
811 3754 1196 3816 declaratum
1216 3760 1240 3815 2
1259 3758 1392 3818 Non
1415 3776 1564 3837 ergo
1597 3760 1770 3836 ponit
1791 3760 1959 3821 Deus
1974 3758 2088 3819 ho-

519 3847 676 3907 mini
731 3848 1178 3911 offendiculum
1221 3854 1290 3911 ut
1334 3850 1533 3916 cadat.
1573 3851 1684 3913 sed
1711 3851 2089 3913 beneficium

521 3939 782 4014 confert,
815 3944 984 4020 quod
1007 3942 1307 4022 praevidet
1327 3944 1460 4005 fore
1487 3944 1574 4004 illi
1603 3945 2085 4021 offendiculum;

522 4039 582 4094 et
611 4052 737 4095 non
767 4041 1098 4115 propterea
1123 4037 1278 4097 illud
1301 4037 1525 4112 aufert,
1551 4038 1663 4099 sed
1681 4038 1926 4117 lapsum
1954 4056 2091 4118 per-

520 4128 725 4191 mittit.
761 4130 853 4190 Ita
885 4130 1092 4192 Sancti
1123 4130 1311 4204 citati,
1339 4132 1503 4191 etad
1537 4131 1744 4192 locum
1771 4133 1992 4193 Ezech.
2027 4134 2087 4207 3,

523 4222 752 4300 optime
797 4223 1118 4297 Vatablus,
1165 4224 1271 4293 ihi,
1317 4225 1678 4302 respondet.
1717 4225 2091 4305 Quanquam

518 4315 696 4393 juxta
725 4316 1177 4395 expositionem
1209 4316 1570 4397 Hieronymi
1592 4320 1750 4380 alius
1771 4320 1848 4380 sit
1868 4338 2091 4381 sensus

521 4408 770 4469 illorum
799 4410 1134 4469 verborum
1157 4411 1520 4485 EzechieliS,
1551 4413 1805 4486 scilicet,
1823 4420 1892 4474 ut
1907 4415 2093 4494 offen-

521 4502 788 4566 diculwm
827 4503 915 4563 ihi
956 4522 1084 4565 non
1113 4503 1420 4583 significet
1443 4508 1840 4569 occasionem
1868 4509 2087 4583 ruinae,

522 4596 634 4656 scd
669 4596 904 4675 aliquid
941 4596 1109 4677 quod
1139 4598 1440 4673 offendat,
1473 4618 1588 4661 seu
1621 4600 1808 4663 laedat
1840 4608 1904 4664 et
1932 4620 2093 4682 pun-

525 4695 652 4770 gat,
685 4690 738 4750 si
764 4689 924 4751 forte
944 4691 1174 4770 justuS,
1208 4692 1313 4770 qui
1349 4693 1680 4767 ceciderat,
1713 4712 1750 4755 a
1781 4695 1912 4755 Deo
1958 4714 2094 4773 per-

524 4802 742 4843 cussus
765 4784 1108 4863 resipiscat.
1136 4785 1314 4848 Unde
1343 4787 1731 4848 Theodotiou
1763 4788 2095 4865 infirmita-

524 4881 641 4939 tem
673 4876 874 4937 vortit.
915 4877 1064 4937 Aliae
1105 4896 1252 4939 vero
1280 4879 1626 4941 locut-iones
1652 4880 1720 4941 in
1757 4881 2095 4960 superiori-

521 4969 642 5029 bus
683 4968 834 5029 satis
866 4969 1182 5049 explicata}
1219 4978 1382 5032 sunt.

603 5064 663 5125 5.
707 5061 981 5127 Assertio
1013 5068 1258 5144 quarta.
1289 5096 1372 5113 —
1401 5066 1657 5140 Quarto,
1687 5086 1766 5129 ex
1800 5067 1898 5129 his
1926 5067 2094 5128 ulte-

521 5157 652 5218 rius
681 5161 922 5217 constat
955 5156 1338 5220 voluntatem
1367 5158 1640 5220 hominis
1679 5178 1806 5220 non
1845 5161 2093 5241 praede-

521 5248 846 5313 terminari
867 5249 1124 5328 physice
1143 5251 1223 5311 ad
1238 5257 1445 5313 actum
1463 5251 1698 5313 malum
1717 5271 1754 5313 a
1767 5252 2087 5315 voluntate

524 5344 633 5405 Dei
660 5344 920 5417 efficaci,
943 5344 1364 5423 praeveniente
1394 5346 1737 5420 hominem,
1767 5354 1832 5408 et
1847 5348 1950 5409 cui
1974 5349 2090 5409 ho-

523 5453 628 5496 mo
668 5454 796 5497 nou
833 5436 1029 5520 possit
1065 5438 1378 5501 resistere.
1423 5440 1580 5501 Nam
1610 5440 1732 5502 hoc
1770 5458 1808 5501 a
1849 5440 2087 5503 fortiori

525 5530 835 5610 colligitur
867 5548 946 5592 ex
975 5530 1176 5593 citatis
1217 5532 1549 5613 scripturae
1573 5533 1746 5609 locis,
1785 5540 1846 5596 et
1872 5535 2089 5595 Conci-

1067 380 1275 434 OPUSC.
1315 385 1352 442 1.
1390 383 1504 436 Lm.
1540 385 1600 436 11.
1639 384 1720 436 m:
1751 383 2073 436 coNcunsU
2105 383 2207 436 DE!
2240 384 2325 437 An
2358 383 2555 437 Actus
2588 382 2833 436 camnis
2864 383 3151 436 NATURAE.

2154 483 2381 546 tiorum
2400 483 2866 546 definitionibus
2888 501 2903 555 ;
2948 500 3099 544 nam
3122 483 3323 563 maj0r
3348 483 3445 542 vis
3470 481 3721 542 fortior-

2154 592 2277 656 que
2313 576 2589 638 inductio
2632 575 2717 638 ad
2754 574 3147 656 peccandum
3184 575 3365 636 fieret
3398 593 3519 654 per
3556 573 3719 633 ham·

2152 671 2892 750 praedeterminationem.
2926 671 3051 730 Nec
3080 669 3469 732 admittenda
3500 669 3599 728 hic
3632 675 3721 727 est

2155 764 2465 826 distinctio
2486 764 2565 826 de
2590 763 2897 825 materiali
2928 769 2991 824 et
3024 763 3269 824 formali
3296 763 3564 842 peccati,
3592 767 3723 820 tum
3818 759 3821 828 j

2155 859 2305 937 quia
2352 875 2553 918 unum
2594 875 2673 919 ex
2698 856 2820 918 alio
2850 857 2915 918 in
2952 856 3249 937 praeseuti
3294 855 3605 934 sequitur,
3660 863 3720 914 ut
3818 871 3821 888 ²

2154 951 2279 1013 late
2308 951 2649 1013 deductum
2688 957 2811 1025 est;
2848 957 2983 1012 tum
3028 951 3219 1012 etiam
3258 949 3409 1029 quia
3458 948 3721 1010 tentatio
3818 973 3821 1002 :

2154 1063 2283 1106 non
2310 1045 2381 1106 fit
2406 1045 2489 1106 ad
2510 1044 2796 1118 formale,
2834 1044 2950 1106 sed
2974 1043 3059 1106 ad
3080 1044 3441 1105 materiale:
3474 1044 3723 1105 Etenim
3817 1059 3821 1126 ξ

2152 1139 2561 1220 uuusquisqw
2614 1145 2888 1204 tentatur
2914 1183 2931 1212 ‚
2982 1157 3021 1202 a
3074 1135 3561 1222 concuspiscentia
3616 1155 3725 1196 sua
3817 1133 3821 1216 ξ

2157 1234 2499 1298 abstractus
2526 1239 2585 1298 et
2624 1232 2867 1298 illectus
2894 1231 3133 1310 (Jacob.
3172 1233 3267 1312 l);
3300 1235 3367 1291 at
3392 1229 3725 1307 concupis·

2156 1328 2363 1390 centia
2394 1346 2523 1390 non
2552 1328 2741 1388 trahit
2776 1327 2857 1388 ad
2884 1326 3147 1387 formale
3174 1324 3417 1404 peccati
3460 1321 3723 1392 directe,
3818 1325 3821 1380 ἔ

2160 1422 2273 1482 sed
2300 1422 2383 1484 ad
2410 1421 2765 1494 materiale;
2812 1425 3087 1482 tentaret
3123 1437 3275 1496 ergo
3324 1419 3497 1479 Deus
3526 1417 3727 1478 homi-
3818 1463 3821 1468 .

2156 1534 2329 1589 nem,
2360 1517 2462 1578 vel
2490 1522 2659 1578 certe
2688 1517 2831 1594 plus
2859 1533 3051 1594 quam
3078 1519 3371 1577 tentaret.
3402 1513 3459 1574 si
3488 1512 3575 1572 ad
3604 1529 3727 1570 ma·

2157 1611 2289 1672 lum
2336 1615 2545 1671 actum
2589 1611 2677 1671 ita
2712 1609 3158 1670 determinaret
3183 1606 3581 1668 voluntatem
3628 1607 3727 1665 ho·
3817 1597 3821 1650 ἒ

2158 1705 2367 1766 minis.
2390 1706 2469 1767 Ut
2488 1703 2767 1764 omittam
2790 1721 2917 1763 non
2945 1719 3129 1782 posse
3158 1701 3399 1762 homiui
3428 1700 3727 1779 imputari
3818 1699 3821 1740 :

2158 1799 2324 1878 quod
2351 1798 2609 1868 faceret,
2652 1799 2783 1857 Deo
2816 1797 2901 1856 ita
2934 1796 3197 1856 faciente
3230 1799 3299 1856 ut
3324 1794 3593 1866 faceret,
3622 1795 3725 1853 sed
3818 1831 3821 1834 <

2155 1897 2285 1954 tota
2308 1891 2581 1952 hominis
2612 1891 2791 1950 ruina
2834 1891 2895 1948 in
2918 1890 3118 1950 Deum
3138 1895 3304 1950 esset
3334 1887 3721 1949 reducenda.

2236 1987 2297 2048 6.
2350 1985 2578 2060 Quinta
2618 1984 2895 2047 assertio
2923 2013 3006 2030 —
3030 1982 3253 2054 Quinto
3282 1983 3495 2044 infero
3538 2001 3727 2060 gene-

2155 2080 2357 2142 ralem
2388 2095 2787 2148 concursum,
2818 2093 2945 2154 quo
2968 2075 3135 2136 Deus
3176 2074 3382 2136 influit
3410 2075 3483 2134 in
3520 2081 3725 2134 actum

2158 2173 2419 2253 pcccati,
2457 2190 2581 2231 non
2612 2170 2949 2230 consistere
2979 2169 3045 2228 in
3070 2166 3723 2246 praedeterminationv

2156 2265 2439 2348 physica,
2468 2283 2657 2344 quam
2680 2263 2849 2324 solus
2880 2265 3047 2324 Deus
3072 2262 3279 2334 faciat,
3302 2280 3427 2322 nec
3456 2261 3601 2322 dari
3624 2281 3727 2340 per

2154 2359 2543 2420 voluntatem
2596 2358 2706 2418 Dei
2760 2357 3103 2428 efficacem,
3160 2371 3286 2434 qua
3338 2355 3544 2424 Deus,
3590 2357 3725 2412 ante

2158 2452 2490 2530 praevisum
2520 2450 2793 2510 hominis
2836 2464 3237 2520 consensum,
3270 2447 3356 2508 ita
3388 2447 3727 2508 efficaciter

2160 2549 2221 2605 et
2252 2544 2535 2605 absolute
2564 2543 2695 2604 vult
2726 2561 2871 2604 eum
2916 2540 3269 2602 consentire
3306 2540 3375 2600 in
3398 2540 3609 2600 talem
3638 2559 3730 2598 ac-

2160 2644 2315 2710 tum,
2346 2644 2414 2699 ut
2442 2639 2627 2699 homo
2654 2655 2785 2698 non
2810 2637 3005 2716 possit
3029 2636 3319 2696 resistere
3348 2633 3463 2694 tali
3486 2636 3611 2694 Dei
3638 2653 3729 2692 vo·
3818 2635 3821 2638 ⁴

2158 2732 2401 2794 luntati.
2438 2734 2580 2794 Haec
2610 2731 2870 2792 assertio
2898 2730 3275 2808 sequiturex
3302 2727 3725 2809 praecedente.

2160 2825 2469 2888 Praeterea
2507 2826 2786 2887 rationes
2826 2823 3155 2904 generales
3188 2821 3289 2883 hic
3332 2821 3557 2882 afferri
3602 2839 3735 2900 pos-

2162 2925 2322 2992 sent,
2356 2921 2525 2998 quod
2568 2920 2709 2982 talis
2737 2921 2847 2980 Dei
2884 2919 3172 2980 voluntas
3198 2915 3449 2976 tolleret
3478 2915 3729 2975 liberta-

2164 3019 2315 3084 tem,
2360 3019 2491 3074 tum
2540 3014 2621 3074 ad
2660 3011 2945 3075 facienda
2992 3010 3115 3072 alia
3158 3025 3351 3086 opera
3394 3009 3625 3076 bona,
3662 3009 3733 3067 ad

2166 3126 2305 3191 quai
2322 3113 2471 3171 tunc
2490 3108 2657 3170 Deus
2675 3108 2997 3169 hominem
3022 3124 3149 3167 non
3168 3101 3591 3173 determinat,
3616 3111 3733 3163 tun:
3816 3160 3818 3199 ;

2168 3202 2251 3264 ad
2271 3221 2399 3264 non
2424 3202 2837 3282 peccandum,
2861 3220 2970 3262 seu
3002 3218 3131 3260 non
3166 3196 3545 3259 faciendum
3580 3197 3737 3257 illum

2169 3302 2379 3359 actum
2408 3296 2663 3358 malum.

2690 3479 2965 3545 Assertio
2991 3486 3187 3545 sema.

2250 3672 2308 3729 7.
2350 3664 2759 3749 Aaqustimu,
2804 3666 2877 3729 de
2906 3664 3089 3731 orat.
3126 3670 3182 3729 et
3207 3665 3313 3728 lib.
3346 3665 3517 3739 arb„
3572 3685 3629 3729 c.
3674 3668 3741 3725 ΞΟ

2170 3770 2229 3829 et
2254 3768 2321 3825 21
2350 3789 2377 3836 ‚·
2402 3763 2573 3845 Huq.
2622 3760 2801 3836 Vict„
2839 3761 2945 3825 lib.
2980 3765 3011 3821 1
3045 3762 3114 3824 do
3146 3760 3467 3833 Sacram„
3498 3780 3577 3838 p.
3610 3766 3665 3823 5.
3696 3778 3737 3821 c.

2170 3860 2271 3919 29.
2344 3856 2485 3923 Vide
2543 3854 2834 3934 Staplet„
2866 3854 2915 3917 l.
2951 3857 3050 3931 11,
3084 3873 3134 3917 c.
3180 3854 3297 3918 ult.
3322 3898 3340 3925 ,
3372 3854 3441 3915 in
3484 3856 3645 3930 fine.
3674 3887 3745 3899 —
3812 3924 3814 3927 Α

2170 3950 2438 4015 Ulterius
2466 3948 2612 4009 hinc
2650 3948 2981 4009 ferendum
3014 3954 3109 4009 est
3132 3946 3441 4027 judicium
3494 3948 3587 4008 de
3638 3950 3741 4009 hac

2170 4042 2616 4124 propositione,
2646 4058 2837 4119 quam
2862 4058 2989 4101 non
3020 4044 3314 4101 verentur
3340 4040 3623 4118 quidam
3646 4041 3745 4101 ad-

2172 4138 2415 4197 mittere
2448 4154 2460 4195 :
2493 4137 2656 4199 Deus
2684 4137 2889 4198 wtitwr
2908 4134 3125 4216 pratis
3151 4134 3614 4203 voluntatibus,
3654 4153 3743 4197 eas

2166 4229 2422 4310 positive
2446 4228 2805 4311 applicando
2838 4228 3126 4291 admalos
3156 4231 3350 4300 actus,
3372 4232 3437 4287 et
3462 4227 3743 4306 loquun-

2173 4329 2276 4383 tur
2314 4322 2391 4382 de
2433 4320 2846 4399 applicatione
2876 4321 3107 4399 praevia
3146 4320 3227 4381 ad
3262 4326 3502 4381 actum.
3550 4324 3635 4383 Et
3672 4322 3741 4381 ita
3811 4374 3812 4395 ἢ

2172 4415 2661 4493 interpretantur
2704 4414 2867 4475 hanc
2910 4414 3313 4484 locutionem,
3348 4432 3497 4492 quae
3542 4416 3613 4475 in
3656 4434 3743 4475 sa-

2175 4526 2278 4569 cra
2300 4507 2615 4586 Scriptura
2636 4508 3006 4579 insinuatur,
3032 4506 3209 4567 Isaiae
3231 4506 3479 4567 decimo
3508 4508 3665 4567 terti
3672 4530 3704 4567 υ
3724 4526 3735 4563 ;

2174 4602 2467 4665 Dominus
2522 4600 2792 4665 Sabaoth
2838 4600 3154 4663 mandavit
3201 4600 3371 4682 ponti
3406 4599 3737 4664 bellicosa.

2174 4700 2294 4756 etc.
2324 4696 2399 4754 Et
2430 4694 2657 4755 clarius
2681 4693 2944 4755 docetur
2968 4712 3007 4754 a
3038 4692 3281 4755 Sanctis
3308 4692 3641 4765 Patribus,
3668 4694 3743 4753 di·
3809 4726 3810 4765 l

2174 4788 2455 4849 centibus
2494 4788 2695 4848 Deum
2724 4786 2811 4847 uti
2860 4788 3069 4866 pravis
3110 4785 3483 4865 angelorum
3540 4792 3609 4847 ct
3642 4790 3745 4848 ho-

2174 4882 2415 4941 minum
2469 4880 2893 4941 voluntatibus
2944 4880 3029 4941 ad
3074 4879 3461 4959 puniendum
3518 4898 3743 4959 pravos

2174 4974 2463 5035 homines
2498 4981 2561 5037 et
2599 4975 2681 5035 ad
2725 4972 3147 5035 exercendum
3182 4973 3405 5035 bonos
3442 4974 3743 5052 Aug-usti-

2172 5085 2313 5139 nuS,
2338 5068 2375 5129 3
2404 5068 2483 5128 de
2512 5068 2754 5139 Trinit„
2790 5085 2844 5127 c.
2872 5068 2935 5139 4,
2966 5066 3033 5126 in
3062 5064 3341 5139 Euchir.,
3366 5083 3425 5126 c.
3458 5068 3485 5125 1
3514 5073 3571 5136 l,
3599 5074 3663 5127 et
3692 5086 3737 5125 c.

2170 5160 2253 5221 96
2301 5166 2364 5220 et
2418 5178 2549 5239 seq.
2577 5160 2928 5222 Dicendum
2980 5176 3129 5221 vero
3184 5164 3301 5232 est,
3344 5158 3477 5219 haec
3532 5162 3741 5219 omnia

2168 5252 2335 5314 male
2378 5254 2603 5332 exponi
2642 5253 2723 5316 de
2756 5273 2877 5314 usu
2909 5270 3027 5332 per
3066 5252 3553 5332 applicationem
3594 5272 3743 5331 prae-

2168 5346 2337 5407 viam
2368 5346 2694 5427 positivam
2733 5353 2798 5408 et
2840 5345 3501 5425 praedeterminantem
3560 5347 3743 5406 abso-

2166 5440 2297 5501 lute
2330 5446 2392 5501 et
2415 5440 2797 5519 simpliciter.
2833 5440 3159 5512 Probatur,
3192 5437 3337 5517 quia
3364 5438 3588 5499 Sancti
3620 5458 3739 5499 non

2166 5534 2254 5596 ita
2284 5540 2635 5613 exponunt,
2668 5540 2732 5595 et
2758 5534 3008 5606 merito,
3049 5532 3197 5611 quia
3218 5536 3547 5612 oporteret
3576 5532 3739 5594 illam
3804 5546 3806 5656 1
