3850 6225
815 439 950 494 cn.
987 441 1114 496 vm.
1149 441 1444 504 Quonono
1477 438 1836 495 COGNOSCAT
1869 437 2029 492 DEUS
2062 441 2199 491 HAEc
2231 441 2499 504 Fu’rth,
2536 441 2671 496 ETC.

149 561 260 624 per
285 546 482 604 totum
523 543 666 605 vitae
711 550 962 625 tempus
999 544 1292 607 habitura
1323 551 1485 619 erat;
1519 551 1582 606 et
1610 550 1705 606 ta-

147 655 292 698 men
341 637 466 700 hoc
519 655 649 699 non
699 638 954 700 abstulit
993 639 1053 699 ei
1093 638 1479 712 libertatem
1525 655 1700 718 ergo,

148 730 426 810 quamvis
445 731 510 790 in
524 731 866 794 aeternitate
894 731 1031 811 ipsa
1058 729 1480 810 intelligamus
1503 732 1704 791 neum

149 824 489 886 secundum
529 824 838 886 rationem
876 823 1170 905 praescire
1209 823 1360 903 quid
1402 823 1704 885 volitur-us

148 919 242 992 sit,
291 936 416 978 non
465 918 608 979 ideo
653 919 906 980 tolletur
953 917 1212 980 libertas
1246 917 1382 980 Dei.
1413 917 1589 990 Quod
1621 917 1706 978 ita

149 1012 418 1091 explico:
447 1011 763 1090 fingamus
791 1013 991 1073 Deum
1020 1011 1084 1072 in
1115 1017 1400 1091 tempore
1430 1011 1704 1090 incipere

146 1107 302 1168 velle
329 1105 590 1186 aliquid,
611 1111 766 1168 tunc
792 1106 974 1168 facile
1003 1105 1456 1186 intelligeretur
1475 1103 1704 1184 potuis-

147 1219 210 1262 se
233 1201 436 1261 Deum
461 1199 542 1260 ab
565 1205 802 1262 {eterno
830 1199 1120 1279 praescire
1158 1197 1308 1277 quid
1334 1198 1400 1258 in
1421 1203 1704 1276 tempore

145 1292 443 1355 voliturus
501 1295 703 1366 esset3
768 1298 830 1354 et
887 1298 1037 1352 tunc
1067 1292 1584 1372 intelligeremus
1643 1290 1708 1352 id

146 1387 300 1448 scire
341 1386 475 1447 sine
517 1384 884 1465 praejudieio
923 1384 1250 1459 libertatiS,
1283 1384 1444 1446 sient
1469 1384 1534 1445 in
1573 1384 1708 1445 ani-

143 1497 244 1540 ma
271 1479 498 1540 Christi
524 1477 772 1540 Domini
799 1478 865 1539 id
894 1477 1333 1559 intelligimn83
1366 1496 1516 1558 ergo
1537 1477 1708 1538 idem

145 1571 616 1652 intellig-endum
649 1577 766 1646 est,
793 1571 1036 1632 etiamsi
1061 1572 1272 1633 omnia
1300 1571 1422 1632 sint
1445 1574 1701 1633 aeterna.

143 1668 209 1728 In
237 1671 504 1746 utraque
547 1683 698 1746 ergo
729 1664 1114 1741 difficultate,
1141 1665 1478 1727 dicendum
1509 1669 1602 1725 est
1633 1663 1708 1724 il-

143 1760 264 1820 lam
289 1759 667 1820 sententiam
698 1777 826 1819 non
856 1757 1102 1820 auferre
1131 1759 1484 1820 libertatem
1519 1776 1704 1837 prop-

143 1859 234 1914 ter
248 1852 380 1914 duo
401 1853 707 1931 :primum
729 1857 846 1927 est,
865 1851 1034 1931 quia,
1057 1851 1201 1913 lieet
1225 1850 1512 1912 videatur
1529 1849 1708 1910 indu-

141 1947 192 2008 ci
222 1947 566 2008 necessitas
600 1945 891 2025 quaedam
915 1963 993 2006 ex
1015 1945 1465 2025 suppositione,
1487 1950 1705 2006 tamen

139 2041 408 2120 ipsamet
449 2039 729 2111 scientia,
757 2057 898 2118 quoe
946 2037 1307 2118 praecedere
1349 2038 1593 2110 dicitur,
1631 2055 1707 2098 ex

138 2138 318 2214 parte
365 2132 592 2212 obJeeti
635 2132 932 2212 supponit
969 2133 1295 2194 veritatem
1322 2131 1706 2210 pendentem

139 2245 214 2290 ex
244 2225 452 2287 libero
482 2243 604 2286 usu
629 2224 1006 2298 voluntatis;
1050 2243 1218 2300 nam,
1248 2231 1320 2287 ut
1359 2224 1489 2285 dixi
1527 2224 1595 2284 in
1625 2224 1708 2284 si-

137 2321 286 2396 mili,
323 2321 498 2381 Deus
523 2337 655 2380 non
685 2325 781 2380 est
807 2320 928 2380 hoc
965 2319 1270 2380 volitums
1301 2320 1448 2398 quia
1484 2318 1598 2379 seit
1638 2336 1706 2379 se

137 2415 252 2476 hoc
283 2414 649 2485 volitur-um,
679 2411 793 2472 sed
819 2412 1049 2492 potiu8‚
1078 2413 1224 2492 quia
1253 2413 1556 2474 voliturus
1587 2417 1700 2484 est,

137 2507 277 2569 ideo
325 2507 476 2584 scit3
513 2509 576 2567 et
615 2505 720 2566 illa
768 2505 1110 2584 suppositio
1150 2524 1278 2566 non
1323 2511 1418 2566 est
1449 2505 1704 2566 omnino

139 2600 551 2672 antecedenS‚
586 2604 657 2658 ut
704 2599 1058 2660 libertatem
1100 2599 1299 2661 tollat.
1343 2597 1705 2660 Secundum

141 2701 252 2768 est,
291 2693 449 2773 quia
475 2691 581 2752 illa
608 2691 868 2752 scientia
897 2709 1026 2752 non
1059 2691 1350 2771 proponit
1387 2691 1705 2772 objectum

139 2786 469 2860 voluntati,
537 2803 656 2846 nec
692 2789 904 2846 movet
942 2783 1112 2845 illam
1143 2785 1226 2846 ad
1249 2783 1591 2846 volendum
1607 2783 1709 2845 vel

137 2880 514 2951 nolendum,
551 2877 664 2938 sed
692 2882 789 2938 est
815 2877 997 2956 quasi
1023 2895 1200 2938 mera
1229 2877 1569 2957 speculatio
1619 2877 1711 2938 rei

136 2975 395 3047 futurae,
429 2977 499 3033 ut
537 2971 743 3033 dicere
773 2971 976 3032 solent
1012 2971 1314 3052 'theologi
1343 2971 1422 3032 de
1453 2971 1712 3033 seientia

137 3067 402 3130 visionis
427 3113 444 3141 ,
486 3070 549 3127 et
594 3064 737 3128 ideo
779 3083 910 3127 non
946 3063 1236 3127 immutat
1262 3066 1522 3127 modum
1563 3085 1711 3147 ope-

136 3162 324 3225 randi
380 3158 716 3223 voluntatis
743 3204 759 3233 ,
827 3158 942 3219 sed
995 3177 1169 3221 mere
1239 3160 1585 3221 extrinsece
1641 3178 1708 3221 se

134 3258 361 3330 hahet,
397 3255 558 3316 sicut
604 3252 862 3315 scientia
904 3252 1008 3315 vel
1053 3253 1297 3330 intuitio
1337 3272 1478 3333 quoe
1523 3254 1708 3317 estin

137 3351 285 3412 alio.

213 3444 324 3504 12.
373 3440 738 3505 Occuffltur
765 3440 1408 3521 objoetioni.-Dices
1445 3441 1567 3501 hac
1607 3459 1706 3500 ra·

135 3540 312 3601 tione
349 3535 499 3597 satis
527 3534 812 3614 intelligi,
839 3535 1162 3596 scientiam
1187 3532 1355 3594 illam
1376 3552 1504 3595 non
1525 3532 1708 3594 infer-

135 3651 204 3695 re
230 3628 546 3692 voluntati
579 3626 1020 3691 necessitatem
1059 3626 1270 3707 quoad
1299 3625 1661 3688 exercitium
1683 3641 1707 3703 3

3226 439 3345 500 375

1785 541 1987 603 videri
2009 545 2223 604 tamen
2250 543 2629 606 necessitare
2658 543 2831 604 illam
2870 544 3078 623 quoad
3105 547 3347 624 specifi-

1787 635 2123 711 cationem‚
2140 653 2221 696 ne
2242 636 2435 715 possit
2451 636 2833 698 contrarium
2853 641 3063 697 aetum
3082 637 3339 710 habere;

1787 730 1947 790 sicut
1983 727 2103 790 dici
2134 729 2295 790 solet
2322 728 2401 790 de
2429 729 2685 791 homine
2710 729 2984 790 habente
3019 730 3345 792 revelatio-

1784 841 1935 884 nem
1964 823 2315 884 absolutam
2340 841 2466 884 suae
2486 823 2925 896 damnationis,
2944 841 3073 884 non
3092 825 3345 903 quidem

1786 916 2149 978 necessitari
2185 916 2266 977 ad
2312 916 2809 996 desperandum,
2840 936 3095 998 prorsus
3134 923 3347 980 tamen

1786 1009 2072 1089 impediri
2125 1027 2239 1070 seu
2289 1010 2651 1072 necessitari
2692 1028 2775 1071 ne
2822 1011 3019 1090 possit
3068 1030 3343 1090 sperare.

1786 1100 2192 1179 Consequens
2220 1108 2433 1165 autem
2470 1109 2563 1164 est
2604 1104 2791 1183 plane
2826 1104 3191 1177 absurdum,
3226 1105 3350 1184 pri-

1787 1211 1916 1270 mo,
1949 1195 2095 1274 quia
2124 1195 2279 1257 alias
2323 1215 2650 1276 nunquam
2694 1203 2755 1258 et
2797 1203 3089 1278 respectu
3116 1198 3349 1259 nullius

1789 1288 2018 1367 objecti
2046 1290 2305 1352 haberet
2332 1291 2497 1357 Deus
2524 1290 2879 1353 libertatem
2908 1291 3119 1371 quoad
3156 1295 3349 1372 speci-

1786 1379 2167 1456 ficationem‚
2196 1383 2341 1463 quia
2370 1384 2533 1446 circa
2570 1385 2782 1447 omnia
2826 1385 3070 1465 objecta
3099 1391 3162 1447 et
3190 1405 3353 1448 sem-

1787 1493 1902 1554 per
1924 1475 2115 1538 habet
2138 1476 2301 1538 hanc
2333 1478 2678 1540 scientiam.

1868 1568 2181 1644 Secundo,
2206 1571 2375 1648 quia,
2402 1571 2453 1632 si
2470 1570 2677 1632 divina
2693 1571 2980 1636 voluntas
3005 1576 3351 1638 secundum

1789 1680 1856 1723 se
1899 1662 2165 1725 haberet
2196 1665 2358 1726 hanc
2398 1665 2753 1727 libertatem
2782 1668 2992 1745 quoad
3034 1669 3351 1749 specifica·

1785 1754 2046 1830 tionem,
2078 1760 2140 1817 et
2187 1757 2321 1818 haec
2368 1758 2628 1820 seientia
2675 1759 2846 1821 illam
2890 1762 3157 1837 tolleret,
3208 1763 3353 1825 des-

1788 1853 2027 1910 trueret
2046 1849 2365 1929 objectum
2383 1869 2570 1911 suum
2594 1859 2656 1912 et
2671 1853 2964 1932 seipsam,
2986 1856 3131 1934 quia
3156 1858 3353 1917 scien-

1787 1943 1868 2004 do
1920 1944 1999 2005 de
2047 1945 2177 2005 Deo
2226 1941 2415 2006 talem
2461 1945 2840 2017 libertatem,
2870 1949 3116 2011 tolleret
3155 1951 3347 2010 illam.

1785 2037 2225 2116 Respondetur
2266 2037 2559 2118 negando
2613 2039 2977 2120 simpliciter
3028 2044 3350 2122 sequelam

1785 2137 2042 2211 propter
2061 2130 2315 2192 easdem
2336 2133 2607 2194 rationes
2624 2151 2813 2214 supra
2844 2135 3145 2198 adductas
3164 2157 3179 2210 ;
3202 2157 3349 2200 nam

1787 2225 1948 2285 sicut
1979 2224 2113 2286 hoec
2148 2225 2516 2304 suppositiO‚
2550 2228 2699 2305 quia
2742 2229 2935 2291 habet
2962 2232 3353 2294 conditiones

1789 2336 1980 2398 supra
2007 2317 2377 2393 declarataS,
2405 2338 2533 2380 non
2564 2321 2719 2381 tollit
2747 2322 3103 2386 libertatem
3144 2326 3353 2406 quoad

1788 2411 2155 2474 exercitium
2175 2457 2191 2486 ,
2250 2412 2496 2474 etiamsi
2560 2418 2763 2476 stante
2818 2417 2922 2478 illa
2974 2437 3103 2480 non
3157 2422 3356 2501 possit

1786 2507 2075 2567 voluntas
2116 2524 2247 2567 non
2296 2525 2587 2568 exercere
2626 2515 2870 2583 actum,
2908 2512 3130 2574 eadem
3166 2516 3354 2576 ratio-

1789 2617 1890 2671 ne,
1923 2599 2232 2676 quamvis‚
2264 2598 2488 2661 eadem
2543 2600 2709 2661 faeta
2740 2604 3189 2682 suppositione,
3228 2626 3353 2668 non

1789 2691 1985 2772 possit
2038 2709 2331 2753 exercere
2378 2699 2589 2754 actum
2642 2697 3059 2772 contrarium,
3112 2719 3241 2761 non
3290 2701 3351 2762 id

1791 2785 2118 2866 proveniet
2158 2804 2235 2846 ex
2276 2787 2649 2848 necessitate
2696 2789 2908 2866 quoad
2951 2791 3356 2870 specificatio-

1791 2896 1972 2952 nem,
2009 2877 2121 2939 sed
2166 2897 2242 2939 ex
2300 2879 2916 2959 incompossibilitate
2967 2885 3215 2960 illarum
3258 2907 3355 2950 re-

1790 2989 1955 3044 rum,
1990 2989 2257 3051 quarum
2300 2972 2521 3047 altera,
2567 2973 2825 3036 scientia
2855 2977 3161 3054 videlicet,
3207 3000 3356 3061 sup-

1791 3064 1969 3143 ponit
1984 3063 2116 3144 jam
2140 3063 2420 3125 futurum
2444 3065 2766 3127 decretum
2788 3070 3041 3131 omnino
3064 3071 3350 3149 liberum,

1793 3164 1856 3218 et
1891 3158 2035 3218 ideo
2086 3158 2227 3219 talis
2274 3158 2532 3219 scientia
2577 3177 2705 3221 non
2742 3160 3005 3225 destruit
3056 3167 3348 3247 seipsam,

1789 3269 1997 3331 neque
2024 3250 2341 3331 obJectum
2370 3270 2575 3325 suum,
2609 3253 2757 3331 quia
2800 3262 3137 3337 utrumque
3167 3261 3352 3322 simul

1787 3364 1903 3426 per
1939 3344 2109 3406 illam
2140 3345 2353 3418 scitur,
2388 3351 2450 3406 et
2490 3345 2880 3409 voluntatem
2912 3350 3148 3413 seilicet
3178 3372 3257 3413 ex
3284 3372 3351 3415 se

1787 3438 2043 3501 omnino
2084 3438 2278 3499 libere
2324 3439 2445 3500 hoc
2477 3438 2809 3515 facturam,
2838 3448 2901 3503 et
2926 3444 3117 3523 quod,
3152 3452 3354 3507 stante

1787 3533 1908 3592 hae
1934 3529 2213 3604 scientia,
2239 3549 2369 3593 non
2406 3537 2613 3611 potest
2652 3550 2796 3594 cum
2828 3534 2937 3596 illa
2964 3538 3254 3618 componi
3287 3546 3359 3601 ut

1791 3623 1964 3686 aliud
1994 3622 2203 3685 faciat.

1427 3926 1585 3975 11le
1627 3924 1785 3974 unm
1827 3924 2095 3971 annuum.

1399 4500 2102 4771 Q
