3850 6225
570 457 829 539 aequalis
862 455 1181 520 dilectioni
1206 456 1460 530 actuali,
1484 456 1545 518 iu
1576 474 1702 537 qua
1732 456 2015 517 consistit
2043 473 2139 517 es·

568 552 847 615 sentialis
868 550 1191 613 beatitudo
1232 548 1579 612 secundum
1604 551 1811 630 ipsum
1852 550 2131 626 Scotum,

566 646 665 707 vel
694 646 915 707 saltem
952 644 1033 705 ad
1060 644 1233 704 illam
1264 643 1559 723 pertinet,
1608 648 1837 705 etcum
1878 642 1986 703 illa
2022 642 2136 703 ha·

566 741 674 803 bet
712 739 1388 801 commensurationem
1416 744 1479 799 et
1504 738 2008 817 proportionem3
2039 756 2136 799 er-

568 853 647 915 go
684 852 871 895 omne
910 838 1321 913 augmentum
1349 832 1521 911 quod
1548 832 1611 891 in
1638 832 1775 910 ipso
1814 834 1958 893 actu
1989 848 2134 891 con·

564 928 761 989 fertur
794 928 857 988 in
912 928 1135 1006 patria,
1180 926 1363 987 datur
1392 926 1581 986 etium
1609 925 1674 985 in
1706 924 1948 997 habitu,
1972 924 2131 1008 *quia

562 1038 821 1083 necesse
867 1026 959 1083 est
994 1019 1165 1098 quod
1210 1026 1459 1080 servent
1514 1018 2018 1097 proportionem,
2061 1023 2132 1079 ut

564 1120 739 1175 actus
760 1114 865 1175 ille
886 1114 1055 1174 omni
1086 1132 1163 1173 ex
1180 1118 1359 1191 parte
1390 1130 1427 1171 a
1454 1110 1759 1191 principio
1796 1111 2132 1171 intrinseco

563 1214 627 1269 et
672 1207 861 1268 modo
912 1205 1299 1267 connaturali
1335 1206 1465 1265 liat.
1496 1204 1711 1284 Igitur,
1742 1222 2133 1284 consequen-

560 1308 657 1363 ter
692 1300 1035 1381 loquendo,
1064 1317 1197 1359 non
1226 1298 1427 1378 potuit
1465 1298 1687 1359 Scotus
1714 1314 1950 1377 negare
1977 1297 2132 1375 quin

558 1400 689 1457 tota
740 1394 938 1473 gratia
967 1392 1279 1472 prioribus
1310 1391 1549 1453 meritis
1573 1390 1783 1452 debita
1814 1390 2036 1452 saltem
2065 1391 2128 1451 in

558 1488 683 1549 vita
728 1488 939 1549 futura
968 1486 1351 1547 restituatur.
1392 1484 1691 1563 Idemque
1736 1490 1829 1545 est
1878 1484 1960 1545 de
2003 1484 2128 1545 Du-

560 1581 779 1655 rando,
811 1580 1107 1652 Marsilio,
1144 1585 1205 1639 et
1246 1578 1405 1648 aliis,
1440 1579 1547 1655 qui
1594 1596 1735 1639 cum
1768 1596 1843 1639 eo
1872 1578 1934 1637 in
1961 1577 2126 1639 dicto

558 1674 862 1755 principio
911 1673 1309 1735 conveniunt.
1344 1672 1607 1744 Quando
1648 1677 1860 1733 autem
1904 1672 2126 1733 Scotus

558 1768 882 1847 distinguit
923 1767 1187 1847 gloriam
1225 1765 1717 1845 respondentem
1752 1765 1994 1826 meritis
2022 1764 2124 1825 vel

559 1864 797 1943 gratim,
829 1860 1105 1940 loquitur
1146 1878 1259 1940 pro
1288 1865 1571 1938 tempore
1599 1859 1737 1919 vitae
1768 1858 2118 1938 praesentis,

556 1957 618 2018 in
675 1974 801 2035 quo
844 1954 987 2015 dicit
1030 1952 1305 2032 aliquem
1348 1950 1617 2032 gradum
1658 1950 1873 2029 gloriae
1902 1950 2118 2013 deberi

556 2048 797 2111 ratione
848 2048 1061 2127 gratiae
1106 2046 1464 2108 inhoerentis
1512 2044 1753 2106 homini
1778 2089 1795 2117 ,
1842 2044 2120 2121 aliquem

554 2160 705 2203 vero
735 2141 975 2202 ratione
1003 2140 1367 2202 meritorum
1396 2143 1661 2199 tantum.
1692 2139 1785 2199 Ita
1827 2138 1995 2199 enim
2025 2138 2122 2197 lo-

552 2238 761 2315 quitur
804 2235 883 2296 de
924 2236 1042 2296 hoc
1093 2234 1317 2295 merito
1348 2278 1367 2305 ‚
1419 2232 1579 2293 sicut
1628 2232 1705 2293 de
1748 2231 1973 2293 merito
2023 2248 2121 2291 ac-

554 2336 727 2389 tuum
778 2329 1217 2401 remissorum,
1260 2327 1501 2388 ratione
1556 2341 1827 2404 quorum
1874 2324 1962 2385 ait
2005 2324 2117 2384 de-

548 2422 683 2483 beri
718 2423 953 2484 homini
990 2421 1233 2501 aliquos
1282 2419 1515 2499 gradus
1566 2419 1781 2497 gloriae
1812 2417 2118 2479 essentia·-

550 2516 647 2590 lis,
691 2517 974 2595 quamvis
1020 2532 1149 2575 non
1178 2513 1529 2575 debeantur
1566 2512 1808 2573 ratione
1852 2510 2117 2588 alicujus

548 2609 761 2689 gratias
812 2608 1145 2669 habitualis
1200 2605 1559 2668 inhaerentis
1600 2604 1837 2665 homini
1882 2604 1948 2663 in
1999 2604 2118 2665 hac

548 2703 669 2764 vita
711 2720 727 2773 ;
766 2701 1075 2763 existimat
1126 2699 1295 2761 enim
1336 2716 1450 2777 per
1491 2698 1609 2759 hos
1650 2704 1827 2758 actus
1870 2696 2114 2757 nullum

548 2795 760 2876 gratioe
814 2798 1225 2875 augmentum
1260 2794 1325 2853 in
1368 2794 1485 2853 hac
1518 2791 1645 2851 vita
1688 2789 1997 2862 conferri3
2055 2793 2117 2849 et

548 2888 955 2951 nihilominus
996 2887 1227 2948 fatetur
1256 2886 1389 2947 dari
1429 2885 1495 2944 in
1540 2884 1665 2944 vita
1716 2884 1927 2944 futura
1969 2900 2116 2943 cum

546 2982 753 3043 debita
804 2980 1204 3061 proportione
1250 2979 1333 3039 ad
1382 2975 1712 3039 essentiale
1758 2974 2112 3055 praemium,

547 3082 615 3136 ut
644 3081 859 3156 aperte
892 3074 1059 3136 idem
1092 3074 1313 3136 Scotus
1352 3070 1629 3134 declarat
1658 3070 1725 3130 in
1742 3071 1804 3144 4,
1838 3068 2110 3130 distinct.

542 3173 645 3244 41,
678 3175 895 3248 quaest.
934 3172 995 3245 1,
1024 3167 1243 3228 versic.
1276 3163 1487 3234 Aliud,
1520 3182 1599 3225 ex
1622 3181 1747 3242 quo
1802 3162 1938 3222 loco
1979 3179 2114 3222 om·

544 3264 648 3324 nia
692 3263 856 3324 dicta
887 3261 1139 3340 egregie
1192 3259 1664 3320 confirmantur.
1716 3255 1909 3334 Igitur
1931 3255 2110 3334 juxta

542 3359 708 3418 hanc
736 3354 1115 3417 seutentiam
1141 3357 1273 3415 tota
1310 3350 1511 3430 gratia
1555 3349 1767 3410 debita
1798 3347 2109 3426 prioribus

543 3449 781 3512 meritis
822 3447 1031 3508 danda
1071 3452 1166 3508 est
1210 3446 1276 3506 in
1318 3445 1443 3506 vita
1490 3443 1701 3506 futura
1749 3440 1934 3502 simul
1965 3457 2106 3501 cum

544 3543 765 3624 gloria,
806 3541 955 3621 quia
1006 3541 1229 3600 merita
1258 3541 1467 3600 omnia
1497 3537 1799 3598 vivificata
1827 3535 2106 3608 fuerunt,

541 3637 753 3716 quoad
802 3641 1003 3696 totum
1054 3633 1383 3712 proemium
1438 3629 1815 3701 essentiale;
1875 3627 2106 3704 gradus

540 3739 755 3794 autem
800 3729 1013 3808 gratiae
1038 3727 1551 3807 proportionatus
1578 3721 1947 3786 beatitudini
1989 3720 2108 3782 sub

542 3825 859 3888 essentiali
900 3821 1156 3904 praemio
1196 3817 1767 3899 comprehenditur,
1816 3815 1966 3892 quia
2013 3819 2109 3874 est

538 3919 1023 3980 fundamentum
1068 3921 1129 3976 et
1175 3912 1547 3993 principium
1584 3911 1753 3988 ejus3
1788 3907 1948 3968 sicut
1999 3906 2106 3983 qui

539 4017 818 4074 meretur
868 4015 1109 4071 tantam
1148 4007 1455 4068 visionem
1502 4003 1785 4074 beatam,
1828 4007 2108 4062 meretur

540 4106 731 4167 etiam
776 4109 1021 4166 tantum
1068 4102 1285 4162 lumen
1320 4099 1532 4178 gloriae
1564 4115 1579 4168 ς
1612 4095 1667 4156 si
1714 4112 1865 4174 ergo
1904 4099 2104 4154 totum

538 4199 833 4260 meritum
852 4195 1203 4258 vivificatur
1236 4192 1447 4272 quoad
1476 4197 1671 4253 totam
1706 4187 2104 4250 essentialem

536 4291 1013 4362 beatitudinem,
1042 4287 1391 4349 vivificatur
1432 4285 1621 4346 etiam
1650 4280 1861 4362 quoad
1908 4285 2104 4342 totam

540 4387 843 4466 gratiam3
886 4385 1047 4447 sicut
1088 4384 1137 4444 si
1169 4382 1514 4442 vivificatur
1552 4376 1762 4458 quoad
1786 4381 1982 4436 totam
2015 4373 2104 4436 vi-

539 4481 781 4541 sionem
820 4480 1099 4550 beatam,
1130 4475 1476 4538 vivificatur
1518 4473 1707 4533 etiam
1758 4466 1970 4548 quoad
2009 4473 2104 4528 to-

538 4582 671 4635 tum
723 4575 937 4634 lumen
984 4569 1195 4651 glorioe
1226 4584 1246 4646 3
1304 4566 1519 4628 omnia
1562 4580 1715 4641 ergo
1760 4561 1895 4622 haec
1959 4577 2103 4622 cum

536 4669 939 4750 proportione
996 4667 1239 4745 integre
1286 4661 1689 4724 conferentur
1734 4655 1801 4716 in
1840 4655 1964 4716 vita
2003 4653 2102 4714 fu-

536 4770 697 4825 tura.
730 4763 909 4833 Nam,
942 4760 1091 4840 quia
1109 4759 1245 4838 jam
1272 4756 1359 4816 ibi
1386 4772 1515 4814 non
1546 4757 1643 4814 est
1661 4756 1909 4828 tempus
1937 4747 2100 4808 bene

537 4856 837 4937 operandi
884 4852 1225 4922 meritorie,
1262 4848 1376 4910 sed
1402 4841 1743 4926 recipiendi
1770 4839 2100 4921 praemium

536 4951 775 5012 meritis
792 4947 1097 5022 debitum,
1116 4945 1259 5006 ideo
1292 4943 1377 5004 ibi
1398 4959 1527 5002 non
1554 4935 1951 5000 desideratur
1978 4933 2100 4994 alia

536 5042 860 5121 dispositio
900 5059 979 5102 ex
1030 5045 1207 5118 parte
1262 5035 1536 5097 bominis
1557 5077 1579 5108 ,
1620 5029 1733 5091 sed
1774 5027 1978 5088 solum
2034 5033 2102 5087 ut.

534 5135 779 5197 nullum
820 5134 1051 5195 habeat
1090 5129 1631 5210 impedimentum,
1686 5121 1799 5184 sed
1830 5121 1909 5184 sit
1953 5137 2100 5199 per-

534 5232 697 5292 fecte
735 5233 1055 5309 purgatus.

1187 5413 1443 5432 *

1140 354 1350 409 OPUSC.
1386 354 1446 406 V.
1482 354 1785 408 iti-:meno
1818 354 1898 407 DE
1929 354 2406 409 lit-:vivificamus
2437 356 2819 412 neutralium
2868 358 3106 413 mst'.
3137 358 3198 412 11.

2709 600 2945 677 Quarta
2981 604 3300 667 renuntia.

2297 836 2394 895 12.
2441 832 2673 906 Quarta
2721 834 3030 895 sententia
3071 838 3205 907 est,
3259 839 3456 895 totam
3501 839 3706 915 gratiam

2213 928 2482 989 debitam
2519 926 2758 989 meritis
2782 927 3170 989 mortificatis
3197 927 3406 988 statim
3439 930 3642 991 restitui
3663 933 3708 994 in
3768 914 3769 945 ἶ

2213 1022 2482 1102 ipsomet
2529 1022 2782 1082 instanti
2827 1020 3286 1100 justificationis
3347 1020 3416 1080 in
3459 1038 3568 1099 quo
3599 1026 3706 1086 talia
3768 1084 3769 1087 ,

2213 1117 2436 1177 merita
2490 1115 2900 1187 vivificantur,
2929 1116 3058 1177 sive
3103 1114 3424 1195 dispositio
3476 1115 3549 1175 ad
3585 1118 3704 1181 illam

2205 1210 2720 1289 justificationem
2779 1211 2858 1271 sit
2897 1211 3138 1271 intensa
3163 1254 3182 1279 ‚
3237 1210 3372 1269 sive
3399 1212 3643 1286 remissa,
3665 1224 3706 1276 et
3768 1238 3769 1249 *

2213 1304 2342 1365 sive
2393 1303 2472 1365 sit
2493 1303 2802 1375 contritio,
2835 1304 2964 1364 sive
2993 1302 3223 1363 attritio
3251 1318 3398 1362 cum
3427 1318 3707 1365 sacramen·
3768 1344 3769 1351 κ

2211 1402 2298 1457 to.
2333 1397 2423 1457 Ita
2453 1400 2671 1463 tenent
2696 1397 2900 1475 Major
2931 1440 2950 1469 ,
2975 1394 3248 1457 distinet.
3273 1396 3360 1457 22
3379 1440 3396 1467 ‚
3435 1404 3618 1473 quaest.
3643 1404 3662 1457 ¹
3689 1420 3703 1468 ;
3768 1386 3769 1445 Ϋ

2209 1490 2480 1563 Gabriel,
2503 1489 2800 1563 distinct„
2828 1492 3163 1567 14,quaest.
3185 1490 3245 1559 3,
3275 1492 3398 1547 art.
3417 1490 3476 1557 3;
3505 1488 3702 1561 flebam,

2209 1589 2426 1663 quaest.
2459 1584 2521 1656 9,
2555 1582 2705 1645 dub.
2736 1584 2778 1644 6
2813 1602 2828 1655 ς
2874 1582 3148 1653 Medina,
3175 1580 3402 1643 Codice
3437 1580 3512 1642 de
3557 1584 3706 1645 Poeni-

2207 1677 2424 1750 tentia,
2465 1679 2682 1753 quaest.
2727 1676 2806 1749 8;
2861 1676 3170 1737 Hem-icus
3213 1693 3404 1747 vero,
3446 1674 3631 1747 Quodl.
3659 1683 3703 1753 5,

2205 1773 2427 1849 quaest.
2475 1770 2556 1830 24
2583 1814 2599 1843 ,
2641 1768 2758 1829 sub
2801 1768 3220 1849 disjunctione
3291 1768 3556 1847 loquitur
3587 1770 3706 1831 inter

2203 1864 2368 1923 banc
2397 1868 2459 1923 et
2485 1861 2944 1940 praecedentem
2969 1862 3360 1941 opinionem.
3379 1860 3706 1921 Fundamen-

2201 1960 2337 2016 tum
2380 1954 2574 2017 fuisse
2621 1954 2867 2015 videtur
2883 2000 2902 2028 ,
2933 1955 3082 2033 quia
3123 1953 3354 2015 merita
3400 1952 3706 2015 reviviscunt

2203 2048 2414 2127 quoad
2443 2052 2646 2109 totum
2677 2048 2848 2107 hunc
2889 2047 3208 2121 effectum,
3249 2052 3316 2109 et
3351 2046 3454 2107 ille
3477 2046 3598 2105 talis
3623 2054 3706 2121 est,

2201 2148 2271 2202 ut
2313 2142 2518 2203 statim
2575 2140 2812 2219 absque
2856 2140 2986 2201 ulla
3031 2158 3210 2201 mora
3251 2139 3394 2200 dari
3447 2140 3630 2218 possit,
3663 2142 3706 2201 in

2201 2254 2328 2316 quo
2377 2234 2584 2297 differt
2633 2234 2715 2295 ab
2773 2234 3001 2294 effectu
3061 2234 3325 2313 gloriae;
3381 2232 3518 2311 quia
3567 2234 3708 2293 homo

2201 2327 2504 2408 quamdiu
2539 2328 2728 2389 estin
2765 2328 2886 2387 hac
2922 2328 3066 2400 vita,
3091 2344 3214 2387 non
3259 2325 3450 2387 estin
3477 2330 3612 2385 statu
3631 2344 3706 2387 ca·
3768 2332 3769 2343 ³

2198 2422 2336 2501 paci
2360 2421 2524 2481 illius
2553 2421 2814 2501 praemii,
2845 2426 2942 2481 est
2967 2424 3180 2481 autem
3227 2420 3300 2479 in
3341 2422 3500 2480 statu
3539 2422 3700 2497 capaci
3768 2418 3769 2425 ἶ

2199 2516 2652 2595 cujuscumque
2705 2512 2941 2595 gradus
2980 2514 3220 2592 gratiae,
3249 2512 3470 2591 etjam
3495 2530 3600 2571 non
3623 2512 3702 2573 ha·
3768 2546 3769 2591 3

2197 2608 2306 2671 bet
2351 2607 2870 2687 impedimentum
2927 2607 3008 2666 ad
3061 2606 3238 2667 illum
3309 2605 3695 2683 recipiendum.
3768 2592 3769 2629 ³

2197 2704 2328 2763 Hoc
2357 2702 2524 2762 enim
2553 2719 2666 2780 per
2701 2700 3136 2761 remissionem
3185 2700 3428 2780 peccati
3457 2699 3698 2760 sufficieu-

2195 2802 2291 2857 ter
2321 2795 2636 2856 sublatum
2667 2798 2783 2855 est.
2827 2795 3045 2873 Neque
3075 2793 3264 2854 etiam
3315 2792 3396 2853 ad
3423 2792 3530 2853 hoc
3547 2794 3698 2870 requi-

2197 2888 2275 2949 rit
2312 2905 2542 2949 novam
2571 2888 2672 2948 vel
2699 2888 3036 2967 specialem
3081 2885 3562 2965 dispositionem,
3591 2886 3696 2965 qnia

2197 2980 2338 3043 talis
2381 2980 2614 3060 gradus
2651 2987 2866 3059 gratiae
2915 2997 3042 3041 non
3093 2979 3288 3059 gratis
3331 2978 3594 3049 donatur,
3617 2978 3698 3036 sed

2198 3093 2276 3137 ex
2301 3074 2512 3136 debito
2549 3073 2804 3154 justitioe
2833 3071 3136 3135 redditur.
3171 3073 3569 3152 Quapropter,
3593 3088 3697 3131 con-

2195 3173 2534 3247 sequenter
2577 3167 2892 3247 loquendo
2917 3215 2936 3240 ,
3005 3166 3171 3228 idem
3215 3166 3434 3226 dicunt
3479 3164 3694 3242 praedicti

2193 3267 2482 3322 auctores
2513 3261 2594 3322 de
2625 3277 3023 3340 quocumque
3067 3257 3270 3338 gradu
3303 3257 3508 3337 gratim
3535 3255 3694 3316 debito

2191 3373 2268 3414 ex
2325 3355 2548 3416 merito
2601 3354 2680 3415 de
2721 3353 3054 3432 condign0,
3095 3352 3284 3412 etiam
3317 3369 3430 3430 per
3453 3357 3604 3410 actus
3623 3367 3694 3408 re-

2191 3447 2452 3520 missos;
2505 3465 2676 3518 nam,
2710 3452 2780 3506 ut
2807 3445 2990 3507 alicui
3029 3445 3336 3506 reddatur
3359 3443 3518 3522 quod
3557 3460 3692 3502 suum

2193 3546 2311 3615 est,
2341 3558 2468 3600 non
2499 3543 2747 3619 oportet
2773 3557 2998 3600 novam
3031 3557 3110 3600 ex
3137 3543 3322 3616 parte
3349 3538 3506 3598 illius
3537 3537 3692 3614 dispo-

2192 3632 2478 3694 sitionem
2529 3637 2881 3712 expectare,
2915 3631 3029 3694 sed
3073 3632 3304 3692 sufficit
3327 3632 3458 3710 ipsa
3495 3631 3690 3708 lexjus·

2189 3725 2358 3795 titius,
2393 3726 2444 3786 si
2477 3725 2633 3785 alter
2671 3725 2748 3785 sit
2801 3743 3022 3804 capax,
3055 3731 3122 3784 et
3165 3724 3413 3785 nullum
3455 3743 3523 3784 ex
3559 3727 3688 3802 parte
3768 3801 3769 3804 Ἴ

2189 3817 2354 3880 illius
2381 3818 2760 3880 interveniat
2791 3817 3337 3896 impedimentum.

2615 4073 2980 4148 Quoestionis
3011 4073 3324 4138 resolutio.

2268 4286 2363 4346 13.
2407 4283 2722 4348 Judioium
2747 4288 2948 4361 fertur
2997 4285 3067 4346 de
3106 4283 3313 4364 prima
3349 4284 3610 4364 opinione.
3627 4315 3684 4328 -

2183 4377 2354 4437 Inter
2391 4376 2506 4438 has
2547 4377 2892 4438 sententias
2913 4421 2929 4448 ,
2967 4377 3130 4460 hanc
3177 4377 3456 4438 ultimam
3509 4392 3684 4436 censeo

2184 4467 2668 4549 probabiliorem
2701 4475 2764 4530 et
2789 4488 3004 4530 veram
3039 4475 3294 4549 propter
3335 4471 3469 4550 ejus
3511 4467 3684 4528 funda·

2183 4569 2490 4636 mentum,
2515 4561 2688 4640 quod
2721 4562 2874 4622 mihi
2903 4563 3208 4644 optimum
3251 4569 3314 4624 et
3355 4562 3594 4623 solidum
3619 4560 3684 4617 vi·
3768 4565 3769 4572 ’

2183 4657 2368 4718 detur
2403 4701 2419 4728 ‚
2469 4663 2530 4716 et
2589 4656 2738 4735 quia
2783 4655 2920 4717 aliae
2991 4657 3318 4735 opiniones
3371 4656 3495 4716 sine
3535 4670 3680 4715 causa
3768 4655 3769 4676 ³

2183 4749 2393 4810 multis
2417 4747 2887 4810 difficultatibus
2904 4748 3323 4828 implicantur.
3355 4751 3502 4811 Nam
3527 4748 3680 4826 prima

2183 4843 2492 4904 sententia
2529 4847 2840 4920 quatenus
2879 4841 3051 4916 dicit,
3109 4861 3252 4904 cum
3307 4844 3485 4904 homo
3521 4857 3680 4900 resur-

2181 4935 2267 5014 git
2315 4953 2352 4996 a
2395 4939 2654 5014 peccato
2698 4953 2814 5013 per
2863 4941 3070 4996 actum
3125 4935 3546 5006 intensiorem,
3587 4939 3680 4992 sta-

2179 5028 2288 5088 tim
2319 5045 2700 5106 recuperare
2731 5033 2926 5088 totam
2975 5027 3248 5106 priorem
3275 5029 3544 5106 gratiam,
3569 5040 3678 5086 cum

2181 5123 2300 5183 hac
2327 5121 2548 5183 ultima
2577 5121 2888 5184 sententia
2919 5121 3233 5193 convenit,
3261 5127 3324 5182 et
3349 5121 3482 5181 ideo
3515 5115 3678 5197 quoad

2180 5216 2342 5276 hanc
2399 5219 2642 5294 partem
2707 5213 2877 5275 illam
2946 5212 3372 5284 admittimus:
3427 5217 3672 5290 quatenus

2177 5327 2326 5370 vero
2375 5307 2566 5382 dicit,
2613 5323 2756 5368 cum
2801 5305 3120 5386 dispositio
3165 5305 3250 5368 ad
3292 5306 3568 5385 justitiam
3605 5307 3670 5360 est

2179 5401 2460 5480 aequalis,
2491 5401 2593 5462 vel
2611 5400 2952 5472 remissior,
2973 5399 3124 5460 nihil
3153 5402 3403 5462 omnino
3431 5417 3502 5459 ex
3529 5394 3668 5476 priori

2177 5495 2382 5574 gratia
2433 5495 2700 5568 restitui,
2743 5493 3043 5572 imprimis
3097 5510 3226 5554 non
3277 5491 3506 5552 videtur
3543 5486 3668 5564 loqui
