3850 6225
695 375 830 428 CAP.
865 377 928 430 11.
963 376 1088 429 NON
1117 375 1698 430 PRAEDETERMNARE
1731 377 1901 430 DEUM
1932 379 2139 442 NEQUE
2170 381 2581 445 PnAEmovERE,
2619 383 2751 434 mc.

133 500 242 543 nec
277 485 524 542 tenetur
546 499 670 542 non
695 479 933 556 iacere3
967 499 1092 542 non
1125 481 1428 562 (inquam)
1457 481 1682 557 refert3

133 584 262 637 tum
293 575 467 655 quia,
517 580 588 634 ut
621 575 916 650 diximus»,
949 594 1119 638 nunc
1159 594 1290 637 non
1324 576 1570 653 agimus
1603 591 1686 634 an

133 673 285 730 Deus
321 667 487 728 male
519 667 618 728 vel
645 667 806 730 bene
841 667 1050 743 faciat,
1099 669 1204 730 sed
1252 687 1334 731 an
1363 669 1556 730 faciat
1582 687 1684 730 me

131 779 378 842 peccare
389 776 412 838 3
481 767 616 822 tum
671 763 858 823 etiam
884 809 906 838 ,
979 763 1128 842 quia
1194 763 1328 842 jam
1389 763 1680 839 ostendi,

131 857 318 916 Deum
345 853 511 915 male
539 860 823 916 acturum
853 855 904 916 si
937 855 1001 917 id
1046 856 1298 931 faceret,
1324 861 1488 918 esset
1511 855 1684 917 enim

129 957 338 1010 contra
373 947 568 1029 ipsius
593 948 1027 1010 rectitudinem
1051 965 1072 1026 3
1103 955 1166 1010 et
1192 967 1337 1011 cum
1365 955 1683 1011 ostensum

129 1045 202 1105 sit
227 1042 416 1103 talem
441 1041 1149 1121 praedeterminationem
1190 1061 1316 1104 non
1345 1043 1560 1105 deberi
1607 1062 1685 1104 ex

130 1135 397 1216 generali
425 1152 730 1196 concursu
768 1135 985 1214 primae
1007 1154 1227 1211 causae,
1256 1137 1438 1215 plane
1471 1154 1686 1198 conse-

133 1230 334 1310 quitur
369 1228 593 1303 Deum,
625 1228 874 1306 quando
912 1247 1051 1289 eam
1092 1229 1299 1299 efficit,
1332 1248 1461 1291 non
1499 1247 1686 1306 agere

133 1340 348 1382 munus
377 1320 598 1400 primae
634 1338 856 1396 causae,
883 1323 988 1383 sed
1025 1323 1370 1399 tentatorie,
1393 1341 1500 1384 seu
1533 1342 1687 1402 proe-

133 1415 503 1477 varicatoris.
527 1417 828 1496 Denique,
857 1417 908 1477 si
944 1418 1100 1479 Deus
1130 1417 1452 1479 indtmret
1485 1416 1563 1478 ad
1591 1434 1690 1477 ac-

139 1517 259 1570 tum
287 1509 524 1589 peccati
551 1509 888 1586 moraliter,
925 1528 1034 1572 seu
1065 1511 1388 1572 excitando
1413 1530 1490 1573 ex
1513 1519 1690 1592 parte

139 1602 380 1682 objecti,
429 1608 702 1664 tentaret
755 1611 818 1664 et
873 1603 1192 1666 induceret
1224 1604 1291 1665 in
1345 1605 1577 1666 virtute
1612 1606 1690 1666 ad

139 1698 378 1758 formale
411 1698 676 1777 peccati,
701 1704 773 1759 ut
794 1698 862 1758 in
899 1699 1204 1778 principio
1235 1698 1454 1778 capitis
1483 1705 1688 1760 osten·

140 1809 262 1852 sum
301 1798 432 1864 est3
489 1809 646 1869 ergo
693 1810 730 1852 a
773 1792 1012 1852 fortiori
1041 1791 1162 1853 hoc
1205 1799 1408 1854 totum
1462 1799 1554 1854 est
1597 1792 1690 1853 illi

142 1885 552 1960 tribuendum,
603 1885 656 1945 si
696 1885 1022 1948 efficaciter
1062 1887 1565 1967 praedeterminat
1612 1889 1691 1948 ad

145 1985 325 2038 actum
353 1979 616 2058 peccati.
638 1979 776 2040 Scio
796 1987 1074 2041 auctores
1095 1981 1416 2042 contrariae
1445 1987 1692 2042 senten-

145 2073 232 2132 tiae
268 2071 378 2132 has
427 2077 492 2134 et
536 2073 774 2133 similes
811 2073 1081 2134 rationes
1125 2073 1318 2134 solere
1369 2093 1690 2150 enervare,

146 2165 466 2244 objiciendo
495 2167 689 2246 quod,
713 2168 764 2227 si
785 2172 988 2229 essent
1015 2167 1314 2242 efficaceS,
1340 2167 1528 2228 etiam
1554 2186 1696 2247 pro-

143 2260 339 2320 barent
365 2261 572 2322 Deum
592 2279 704 2341 per
730 2279 792 2321 se
821 2266 884 2322 et
900 2261 1254 2321 immediate
1284 2279 1412 2321 non
1433 2261 1696 2322 influere

139 2353 194 2412 in
227 2359 424 2415 actum
465 2355 710 2434 peccati
758 2373 1056 2416 concursu
1095 2354 1392 2433 generali.
1439 2355 1555 2416 Sed
1593 2373 1694 2416 ca-

143 2446 250 2524 pite
282 2453 588 2526 sequente
623 2447 944 2508 ostendam
973 2465 1104 2508 esse
1157 2448 1340 2526 longe
1383 2447 1692 2527 disparem

139 2539 445 2603 rationem.

689 2657 872 2719 Ratio
899 2657 1142 2734 quinta.

207 2816 266 2874 2¹
283 2858 298 2873 .
329 2813 568 2887 Quinta
621 2813 780 2874 ratio
827 2819 889 2874 et
936 2813 1113 2874 valde
1142 2813 1360 2874 efficax
1406 2831 1481 2875 ex
1510 2814 1690 2876 dictis

141 2906 334 2967 confici
361 2913 572 2986 potest
585 2929 602 2982 3
641 2924 786 2968 nam
812 2908 1093 2987 sequitur
1119 2906 1312 2968 Deum
1342 2926 1468 2969 non
1490 2909 1691 2969 solum

143 3002 494 3082 permittere,
525 2999 646 3061 sed
685 3001 845 3062 velle
893 3007 956 3062 et
1001 3001 1287 3062 ordinare
1333 3008 1652 3082 peccatum
1668 3024 1687 3077 3

141 3111 492 3174 consequens
521 3099 624 3156 est
651 3093 873 3155 falsum
897 3099 960 3155 et
984 3094 1370 3170 haereticum,
1401 3095 1563 3156 utin
1597 3115 1692 3156 se-

143 3191 330 3269 quenti
353 3190 733 3269 probatione
763 3189 1129 3268 ostendam3
1157 3208 1326 3269 ergo.
1359 3190 1692 3269 Sequelam

143 3284 330 3361 probo,
359 3284 505 3361 quia
531 3284 704 3343 Deus
731 3301 857 3344 non
885 3283 1088 3344 solum
1115 3284 1312 3344 voluit
1335 3283 1692 3361 permittere

145 3384 203 3437 ut
223 3377 398 3437 Judas
424 3375 739 3438 venderet
775 3376 1109 3451 Christum,
1143 3376 1248 3437 sed
1278 3377 1466 3437 etiam
1497 3376 1560 3436 id
1591 3376 1694 3437 de-

147 3467 296 3530 finite
317 3469 550 3545 voluit3
584 3471 719 3528 imo
763 3469 1092 3547 praevoluit
1127 3475 1190 3530 et
1228 3468 1690 3553 praeordinavit,

149 3562 476 3641 priusquam
539 3562 858 3641 praesciret
913 3562 1138 3622 Judam
1193 3562 1258 3622 id
1307 3562 1646 3623 voliturum
1671 3575 1692 3638 3

147 3654 264 3715 ideo
285 3656 449 3716 enim
473 3654 542 3715 id
573 3652 778 3714 voluit
797 3654 1011 3731 Judas,
1041 3656 1192 3734 quia
1214 3656 1374 3716 Deus
1399 3655 1596 3715 voluit
1623 3661 1697 3715 ut

149 3746 200 3807 id
223 3748 413 3825 vellet,
455 3753 520 3809 et
556 3748 714 3809 fecit
742 3748 928 3808 etiam
957 3754 1028 3807 ut
1070 3748 1276 3809 vellet.
1317 3749 1474 3809 Nam
1501 3748 1568 3807 in
1595 3766 1694 3808 ra-

147 3841 292 3902 tione
327 3842 610 3921 proxime
639 3840 825 3916 facta,
855 3841 938 3901 ad
978 3840 1094 3902 hoc
1139 3841 1507 3903 deduximus
1549 3859 1694 3902 cou-

150 3934 382 3994 trarium
421 3936 798 4007 sentienteS,
836 3939 907 3992 ut
935 3934 1345 3996 concederent
1391 3935 1588 4014 (quod
1633 3941 1694 3997 et

151 4026 366 4102 publice
406 4028 476 4088 in
520 4025 894 4087 lectionibus
936 4030 1000 4086 et
1044 4025 1562 4106 disputationibus
1604 4028 1694 4089 fa-

151 4118 320 4196 ciunt)
347 4120 540 4181 Deum
579 4136 716 4180 esse
741 4118 1012 4197 primam
1039 4137 1289 4181 causam
1334 4125 1397 4181 et
1423 4120 1694 4182 radicem

151 4212 269 4271 talis
289 4232 618 4275 consensus
647 4212 936 4273 humanae
966 4212 1106 4273 volu
1114 4214 1338 4289 ntatis3
1374 4220 1467 4275 est
1485 4221 1692 4276 autem

153 4305 290 4365 Deus
316 4308 515 4387 prima
543 4324 756 4381 causa,
787 4312 847 4367 et
867 4306 1043 4367 radix
1067 4324 1178 4386 per
1204 4325 1378 4367 suam
1410 4307 1693 4369 volunta-

154 4402 260 4457 tem
285 4400 616 4475 efficacem,
651 4416 778 4460 non
809 4398 1269 4478 permittentem
1297 4404 1570 4475 tantum,
1589 4400 1694 4461 sed

153 4492 657 4567 praedefinientem
683 4497 748 4553 et
789 4490 1439 4571 praedeterminantem
1471 4492 1693 4554 huma-

157 4601 309 4645 nam.

223 4678 408 4751 Quare
451 4678 558 4740 hic
607 4680 798 4740 etiam
846 4678 1145 4740 adhibent
1191 4678 1648 4741 distinctionem
1667 4728 1689 4759 ,

158 4774 530 4834 concedentes
579 4774 778 4834 Deum
829 4790 955 4833 non
1005 4780 1251 4834 tantum
1299 4774 1652 4851 permittere
1669 4820 1690 4852 ,

161 4862 250 4922 sed
278 4866 456 4926 etiam
492 4866 1034 4946 praedeterminare
1075 4883 1188 4927 sua
1222 4865 1451 4927 efficaci
1473 4866 1695 4927 volun-

162 4958 268 5015 tate
292 4956 456 5019 illam
473 4958 839 5019 volitionem
865 4957 1138 5019 hominis
1160 4957 1412 5034 malam,
1442 4960 1694 5038 permit-

165 5054 274 5108 tere
311 5058 513 5112 autem
559 5050 886 5112 malitiam.
943 5050 1117 5112 Unde
1166 5050 1356 5112 etiam
1402 5051 1580 5112 aiunt
1617 5051 1698 5113 ab

164 5145 367 5202 aeterno
393 5143 748 5222 cognovisse
776 5144 997 5217 Deum,
1036 5143 1322 5204 futurum
1362 5144 1547 5205 fuisse
1589 5163 1698 5206 ac-

165 5236 282 5291 tum
321 5234 490 5295 illum
536 5237 872 5298 voluntatis
907 5237 941 5297 J
948 5236 1105 5311 udae,
1149 5254 1272 5316 quo
1316 5236 1515 5297 voluit
1546 5254 1666 5297 ven

167 5321 292 5384 dere
311 5326 636 5405 Christum,
664 5330 809 5409 quia
831 5330 963 5409 ipse
990 5327 1109 5389 hoc
1131 5327 1697 5409 proedeoerminavit

168 5420 220 5473 et
265 5419 688 5494 praeordinavit
696 5438 718 5500 3
769 5422 1224 5483 deformitatem
1275 5428 1486 5484 autem
1530 5421 1696 5482 illius

169 5510 507 5589 permisisse,
536 5518 602 5575 et
641 5514 704 5575 in
746 5514 864 5576 hac
909 5514 1308 5595 permissione
1343 5514 1699 5594 cognovisse

3217 379 3329 440 101

1765 479 1941 542 illam
1982 499 2111 542 esse
2149 482 2445 542 futuram.
2491 482 2611 545 Sed
2638 484 2909 562 primum
2948 482 3171 544 horum
3205 503 3335 545 esse

1767 575 1915 635 satis
1940 573 2300 649 absurdum,
2324 581 2408 651 et,
2426 581 2497 636 ut
2514 594 2624 654 per
2650 593 2778 636 sese
2806 585 3085 656 apparet,
3104 576 3333 638 divinae

1768 666 2034 727 bonitati
2052 669 2457 742 contrarium,
2484 684 2962 748 repugnansque
2984 667 3333 728 definitioni

1767 759 2072 835 Ecclesiae,
2094 767 2155 820 et
2180 762 2549 823 Sanctorum
2570 764 2823 824 Petrum
2844 762 3187 834 traditioni,
3213 769 3335 822 sta-

1765 853 1878 914 tim
1925 853 2247 915 ostendere
2290 855 2583 917 conabor.
2681 848 2693 866 ‘

1850 947 2199 1009 Secundum
2242 955 2453 1010 autem
2502 969 2631 1010 non
2678 956 2770 1011 est
2820 969 2965 1012 vere
3010 957 3073 1014 et
3116 969 3334 1012 conse-

1767 1048 2032 1122 quenter
2074 1043 2354 1118 dictum3
2386 1045 2495 1105 ubi
2532 1045 2701 1106 enim
2743 1053 2835 1106 est
2881 1046 3223 1108 infallibilis
3270 1052 3333 1106 ct

1767 1135 2025 1198 omnino
2052 1137 2394 1198 necessaria
2411 1139 2760 1200 consecutio
2790 1139 3050 1218 alicujus
3074 1139 3336 1200 'effectus

1768 1247 1846 1290 ex
1889 1231 1952 1291 vi
2004 1232 2228 1311 prioris
2279 1230 2613 1293 voluntatis
2658 1233 3154 1312 praeordinantis,
3207 1251 3336 1294 non

1769 1328 1862 1384 est
1891 1325 2237 1385 necessaria
2262 1325 2617 1404 permissio3
2646 1327 2773 1387 imo
2794 1327 2899 1388 vix
2928 1326 3177 1388 videtur
3197 1343 3333 1406 pos·

1769 1417 1985 1493 sibilis,
2016 1418 2067 1478 si
2094 1436 2169 1478 ea
2190 1437 2337 1478 voce
2364 1419 2432 1478 in
2454 1419 2701 1499 propria
2726 1419 3175 1497 significatione
3198 1427 3333 1480 uta-

1768 1529 1935 1586 mur,
1979 1519 2040 1572 et
2062 1517 2249 1590 prout
2276 1513 2483 1572 Patres
2508 1530 2582 1574 ea
2604 1518 2895 1588 utuntur,
2922 1513 3171 1592 quando
3196 1531 3333 1592 per-

1769 1604 2127 1664 missionem
2168 1603 2249 1665 ab
2292 1604 2683 1666 ordinatione
2734 1606 3145 1684 distinguunt.
3196 1606 3337 1666 Per-

1769 1697 1934 1757 mitti
1966 1697 2134 1758 enim
2180 1696 2414 1776 aliquid
2447 1697 2655 1771 alicui,
2694 1704 2785 1758 est
2830 1698 3109 1759 facultati
3140 1705 3203 1760 et
3232 1716 3339 1758 vo-

1771 1789 1998 1850 luntati
2024 1789 2159 1868 ejus
2190 1791 2279 1850 ita
2301 1791 2632 1865 committi,
2662 1796 2733 1851 ut
2762 1791 2825 1851 id
2857 1791 2956 1853 vel
2988 1793 3338 1870 oppositum

1771 1891 1959 1963 queat
2004 1902 2115 1944 suo
2168 1883 2427 1944 arbitrio
2482 1881 2641 1945 velle
2689 1889 2800 1944 aut
2844 1884 3111 1963 operarl.
3161 1883 3337 1944 Unde

1771 1977 2099 2056 permissio
2140 1977 2455 2037 interdum
2494 1978 2831 2056 opponitur
2862 1983 3189 2056 praeceptO,
3230 1995 3339 2037 seu

1775 2071 1929 2132 illud
1972 2071 2247 2132 excludit
2264 2087 2285 2149 3
2335 2078 2399 2131 et
2443 2077 2594 2132 tunc
2622 2070 2900 2150 permitti
2937 2069 3200 2150 aliquid,
3249 2077 3340 2132 est

1775 2182 1979 2244 neque
2027 2165 2299 2245 praecipi,
2356 2183 2557 2244 neque
2609 2163 2925 2244 prohiberi
2940 2179 2961 2241 3
3007 2164 3339 2243 aliquando

1775 2275 1922 2320 vero
1972 2259 2287 2336 permissio
2342 2257 2612 2319 excludit
2658 2263 2907 2318 tantum
2956 2275 3229 2336 poenam,
3278 2263 3341 2317 et

1775 2358 1926 2412 tunc
1954 2353 2230 2430 permitti
2263 2351 2515 2426 dicitur,
2545 2350 2713 2430 quod
2746 2369 2861 2412 nec
2901 2351 3179 2430 punitur,
3226 2369 3342 2412 nec

1773 2445 2160 2523 praemiatur.
2176 2444 2477 2524 Respectu
2500 2444 2691 2522 igitur
2708 2443 3045 2504 voluntatis
3066 2445 3171 2505 Dei
3204 2463 3339 2524 per-

1771 2536 1941 2596 mitti
1988 2535 2237 2610 dicitur,
2274 2536 2441 2614 quod
2480 2554 2558 2597 ex
2586 2537 2643 2596 vi
2689 2536 2879 2611 illius,
2908 2555 3021 2596 nec
3061 2536 3339 2598 absolute

1773 2633 1834 2690 et
1866 2627 2193 2690 efficaciter
2221 2629 2545 2691 ordinatur
2594 2636 2666 2690 ut
2712 2629 2817 2704 sit,
2852 2648 2969 2690 nec
3003 2631 3340 2709 impeditur

1771 2741 1848 2784 ne
1877 2723 1980 2797 sit,
2020 2741 2133 2783 nec
2167 2728 2429 2800 negatur
2456 2723 2516 2784 ei
2559 2723 2835 2783 influxus
2862 2725 3240 2784 necessarius
3268 2730 3340 2784 ut

1769 2817 1887 2893 sit3
1932 2834 2081 2895 ergo
2104 2816 2427 2896 permissio
2461 2834 2589 2876 non
2616 2815 2804 2877 habet
2832 2815 3065 2892 locum,
3096 2818 3205 2878 ubi
3240 2835 3340 2878 res

1763 2910 1898 2988 jam
1927 2916 2019 2970 est
2057 2907 2471 2970 infallibiliter
2511 2909 2719 2969 futura
2762 2925 2840 2969 ex
2883 2909 2946 2969 vi
2982 2909 3205 2989 prioris
3235 2928 3341 2970 vo-

1772 3001 2030 3062 luntatis
2072 3001 2669 3081 praedeterminantis
2692 3015 2711 3078 3
2737 3001 2829 3060 ita
2859 3018 3003 3062 vero
3036 3002 3341 3079 contingit

1771 3093 1836 3155 in
1867 3093 2179 3175 proposito
2201 3116 2217 3169 3
2254 3111 2399 3155 nam
2422 3095 2474 3154 si
2511 3094 2671 3155 Deus
2700 3093 2976 3156 absolute
3007 3095 3342 3173 praedeter-

1775 3190 1975 3250 minat
2014 3194 2249 3264 actum,
2298 3188 2472 3249 verbi
2512 3188 2736 3266 gratia,
2766 3187 3099 3248 voluntatis
3136 3189 3169 3249 J
3177 3190 3335 3264 udae,

1772 3302 1897 3364 quo
1930 3281 2126 3344 voluit
2170 3283 2437 3344 vendere
2482 3282 2831 3357 Christum,
2866 3300 3007 3342 cum
3050 3283 3340 3343 omnibus

1773 3376 2051 3457 positivis
2076 3374 2557 3436 circumstantiis
2584 3392 2729 3435 cum
2776 3374 3003 3453 quibus
3030 3374 3094 3435 id
3119 3376 3339 3452 voluit,

1773 3488 1850 3530 ex
1880 3469 1996 3528 hac
2020 3467 2337 3529 voluntate
2382 3468 2963 3547 praedeterminante
3001 3469 3340 3529 necessario

1774 3563 2051 3642 sequitur
2079 3562 2437 3623 deformitas
2454 3608 2475 3638 ,
2513 3563 2667 3623 adeo
2712 3568 2783 3622 ut
2818 3582 2945 3624 non
2975 3564 3161 3642 possit
3186 3565 3343 3624 Deus

1775 3657 1945 3716 illam
2004 3655 2305 3735 impedire
2357 3657 2545 3717 etiam
2594 3655 2669 3716 de
2728 3655 3014 3716 absoluta
3067 3657 3344 3735 potentia

1773 3763 1930 3824 sua3
1968 3749 2275 3827 quomodo
2308 3766 2455 3826 ergo
2499 3747 2587 3807 ibi
2631 3748 2841 3809 locum
2870 3749 3059 3810 habet
3086 3750 3345 3827 permis-

1773 3842 1900 3901 sio?
1931 3842 2168 3903 Revera
2204 3842 2321 3902 erit
2347 3840 2565 3901 titulus
2602 3842 2734 3903 sine
2759 3860 2846 3903 re.
2884 3843 3056 3903 Sicut
3098 3842 3151 3903 si
3177 3842 3340 3903 dice-

1773 3952 1872 3995 res
1900 3954 2041 3996 eum
2072 3934 2180 4014 qui
2224 3950 2452 4012 aquam
2496 3932 2576 3993 ad
2619 3934 2833 4013 ignem
2876 3934 3168 4014 applicat,
3204 3954 3340 4015 per·

1774 4026 2021 4087 mittere
2047 4032 2121 4085 ut
2164 4024 2571 4103 frigiditatem
2615 4027 2894 4101 amittat3
2944 4026 3141 4087 multo
3170 4028 3342 4086 enim

1775 4120 1973 4198 magis
2012 4119 2357 4181 necessario
2393 4119 2673 4197 sequitur
2714 4119 3071 4180 deformitas
3116 4137 3194 4181 ex
3236 4120 3345 4181 illo

1774 4220 1914 4273 actu
1942 4212 2301 4287 voluntatiS,
2332 4212 2496 4272 circa
2536 4212 2654 4273 hoc
2691 4212 3002 4291 objectum
3039 4230 3183 4274 cum
3220 4213 3339 4275 hac

1775 4305 2165 4368 advertentia
2216 4304 2398 4379 fact0,
2449 4322 2639 4384 quam
2685 4306 2934 4366 amissio
2973 4305 3225 4384 frigoris
3269 4325 3345 4367 ex

1775 4401 2180 4480 acquisitione
2226 4398 2447 4459 caloris
2462 4416 2483 4476 3
2518 4398 2681 4459 hane
2721 4400 2889 4463 enim
2934 4406 3138 4480 posset
3188 4400 3347 4461 Deus

1775 4493 1853 4555 de
1905 4491 2188 4554 absoluta
2235 4492 2514 4571 potentia
2573 4492 2875 4573 impedire
2898 4509 2921 4571 3
2982 4492 3155 4555 illam
3202 4510 3348 4555 vero

1776 4586 2062 4647 minime.

1856 4679 2131 4758 Denique
2150 4680 2462 4759 quomodo
2485 4696 2704 4739 verum
2735 4684 2829 4740 est
2855 4697 2987 4740 non
3011 4677 3353 4758 agnoscere

1775 4773 1973 4833 Deum
1995 4770 2451 4834 deformitatem
2478 4772 2757 4832 futuram
2778 4789 2851 4832 ex
2882 4772 2947 4834 vi
2974 4772 3163 4833 solius
3182 4772 3349 4851 prio·

1774 4868 1858 4925 ris
1885 4864 2569 4945 praedeterminationiS,
2593 4864 3094 4945 quandoquidem
3113 4864 3220 4926 illa
3238 4865 3345 4927 de-

1775 4957 2055 5018 formitas
2076 4959 2419 5019 necessario
2442 4958 2843 5038 consequitur
2856 4956 2934 5019 ad
2952 4963 3165 5018 actum
3184 4977 3352 5019 crea-

1775 5055 1856 5111 tae
1890 5050 2223 5111 voluntatis
2246 5052 2333 5113 sic
2360 5052 2615 5128 factum,
2659 5052 2818 5113 sicut
2843 5051 3350 5131 praedetermina-

1774 5148 1876 5204 tus
1895 5148 2031 5205 est?
2053 5144 2209 5205 Nam
2229 5145 2526 5225 quidquid
2552 5144 2895 5205 necessaria
2917 5144 3352 5206 consecutione

1777 5242 1840 5298 et
1867 5238 2347 5299 concomitantia
2370 5238 2649 5317 sequitur
2674 5237 2755 5298 ad
2778 5242 2985 5299 actum
3015 5238 3349 5317 proedeter-

1779 5329 2111 5405 minatum,
2143 5336 2342 5409 potest
2378 5330 2643 5408 praesciri
2670 5329 2737 5389 in
2776 5330 2907 5408 ipsa
2933 5329 3357 5409 praedetermi-

1778 5423 2034 5483 natione
2054 5469 2075 5499 ,
2108 5422 2344 5484 seclusa
2370 5422 2493 5482 alia
2516 5422 2957 5501 permissione3
2992 5422 3097 5483 sed
3141 5421 3351 5482 defor-

1781 5515 1964 5577 mitas
2011 5514 2355 5578 necessario
2396 5516 2847 5575 concomitatur
2886 5520 3095 5576 actum
3126 5512 3358 5595 praede-
