3850 6225
819 406 954 459 CAP.
993 405 1118 458 vul.
1156 402 1404 456 NULLUM
1438 399 1728 463 RELtNQm
1761 399 2065 451 Anxium!
2099 399 2470 465 sut-*memma
2508 403 2641 456 me.

136 513 258 568 tum
287 513 348 570 et
379 512 744 578 exhibitum,
770 525 907 569 esse
933 506 1364 567 necessarium
1393 505 1475 565 ad
1498 523 1689 586 agen·

133 599 274 662 dum
298 603 399 664 vel
427 603 786 677 volendum,
823 607 882 662 et
905 617 1031 660 000
1054 599 1132 661 ad
1161 617 1368 678 posse,
1394 600 1542 680 quia
1560 598 1686 660 tale

133 695 446 770 auxilium,
491 699 611 760 hoc
654 695 842 757 modo
893 693 1379 767 consideratum,
1411 711 1542 755 non
1593 697 1688 753 est

131 789 287 850 aliud
313 808 510 867 quam
545 790 685 851 talis
714 789 900 860 actiO,
931 792 1003 850 ut
1029 805 1294 849 manans
1323 807 1360 848 a
1391 789 1539 848 Dee.
1584 785 1688 846 Ni-

129 883 456 944 hilominus
512 889 746 956 tamen,
785 887 856 942 ut
900 881 1092 941 homo
1145 886 1288 942 ante
1345 879 1686 942 exhibitum

129 975 234 1035 hoc
260 977 568 1036 auxilium
607 976 671 1036 in
704 981 848 1036 actu
879 973 1157 1034 secundo
1200 973 1280 1034 sit
1325 972 1684 1052 simpliciter

129 1076 358 1146 potenS,
399 1075 463 1130 et
503 1069 737 1130 habeat
782 1066 1084 1128 auxilium
1127 1067 1442 1128 sufficiens
1472 1066 1551 1127 ad
1588 1073 1682 1126 ta-

125 1161 237 1220 lem
284 1167 496 1222 actum
549 1161 949 1233 eliciendum,
994 1161 1418 1221 necessarium
1472 1163 1566 1219 est
1611 1163 1678 1218 ut

125 1255 338 1315 habeat
389 1255 548 1316 illud
589 1254 889 1316 auxilium
937 1253 1022 1314 ita
1070 1260 1514 1334 praeparatum,
1565 1267 1678 1312 seu

123 1349 386 1409 oblatum
417 1368 498 1410 ex
541 1356 720 1429 parte
755 1350 890 1423 Dei,
924 1357 994 1410 ut
1022 1349 1100 1410 sit
1139 1349 1207 1408 in
1235 1366 1429 1408 manu
1459 1351 1521 1408 et
1567 1363 1680 1426 po-

127 1446 326 1504 testate
360 1443 641 1504 hominis
671 1443 904 1504 habere
927 1440 1081 1503 illud
1109 1442 1160 1502 si
1181 1441 1466 1503 voluerit.
1491 1439 1674 1514 Nam,

123 1543 382 1614 utsupra
414 1535 478 1596 in
509 1536 674 1598 libro
703 1538 905 1617 primo
928 1536 1237 1611 dicebam,
1261 1536 1311 1595 si
1335 1551 1676 1596 concursus

125 1637 206 1690 est
228 1631 626 1690 necessarius
655 1630 736 1692 ad
768 1631 1130 1703 volendum,
1165 1635 1226 1690 et
1251 1630 1538 1689 voluntas
1567 1645 1676 1687 ne-

122 1741 228 1803 que
261 1729 401 1785 actu
433 1724 618 1784 illum
646 1725 900 1798 habeat,
927 1742 1136 1803 neque
1162 1727 1492 1803 potestate,
1526 1719 1674 1799 quia

125 1836 310 1896 neque
348 1817 436 1878 illi
466 1819 758 1894 offertur,
789 1836 998 1897 neque
1034 1819 1169 1898 ipsa
1208 1815 1552 1896 quidquam
1579 1813 1674 1874 fa-

127 1929 250 1972 cere
299 1918 506 1991 potest
565 1919 638 1973 ut
688 1913 864 1973 illum
915 1912 1212 1982 obtineat,
1261 1909 1432 1970 nullo
1481 1909 1670 1969 modo

129 2005 231 2065 dici
263 2011 466 2084 potest
486 2007 782 2067 voluntas
811 2005 1134 2066 moraliter
1161 2009 1225 2065 et
1253 2003 1535 2082 proxime
1562 2019 1672 2080 po·

126 2103 242 2158 tens
266 2098 344 2158 ad
369 2099 741 2160 volendum.
790 2101 867 2159 At
908 2115 1058 2159 vero
1096 2097 1149 2158 si
1197 2097 1320 2158 hoc
1369 2095 1668 2156 auxilium

130 2191 340 2264 efficax,
373 2192 626 2252 etiamsi
653 2191 897 2253 dicatur
926 2209 1066 2252 esse
1093 2207 1208 2270 per
1240 2189 1498 2251 modum
1525 2208 1668 2251 con-

129 2301 340 2354 cursuS,
369 2284 564 2346 datur
591 2303 709 2364 per
734 2285 1060 2364 physicam
1091 2283 1562 2364 praemotionem
1585 2283 1668 2344 ad

131 2377 418 2438 arbitrium
447 2378 682 2439 divinae
709 2378 1066 2450 voluntatiS,
1104 2379 1158 2439 is
1185 2377 1292 2457 qui
1319 2395 1447 2438 non
1473 2377 1666 2438 habet

129 2472 290 2532 talem
325 2472 698 2544 motionem,
729 2490 860 2532 non
887 2471 1090 2532 solum
1119 2490 1248 2532 non
1287 2470 1480 2532 habet
1522 2477 1666 2532 actu

131 2583 492 2638 coneursum,
523 2565 646 2626 sed
671 2583 876 2644 neque
914 2565 1102 2626 etiam
1143 2573 1368 2643 potens
1408 2567 1502 2624 est
1552 2565 1666 2624 ha-

129 2655 274 2728 bere,
303 2662 369 2716 ut
401 2663 495 2719 est
537 2663 868 2719 ostensum
911 2657 974 2717 in
1013 2657 1216 2736 primo
1248 2657 1431 2732 libre,
1464 2663 1526 2719 et
1565 2675 1664 2717 os-

131 2747 386 2810 tendetur
427 2749 698 2812 inferius
726 2771 862 2831 cap.
907 2750 1262 2812 undecimO.
1296 2750 1489 2830 Igitur
1531 2767 1661 2811 non

133 2841 304 2902 solum
325 2861 447 2903 000
479 2848 656 2922 aget,
689 2843 799 2905 sed
830 2861 1040 2923 neque
1069 2850 1294 2923 potens
1321 2850 1419 2904 est
1446 2861 1655 2922 agere,

134 2943 182 2996 et
215 2941 662 3016 consequenter
709 2955 840 2998 non
886 2937 1079 3000 habet
1128 2937 1443 2998 sufficiens
1490 2937 1662 2997 auxi-

131 3029 274 3090 lium.

193 3126 349 3188 Unde
385 3126 647 3187 tandem
673 3128 958 3188 concludi
990 3134 1195 3207 potest
1223 3126 1536 3209 generalis
1564 3147 1659 3189 ra-

133 3218 199 3278 tio
216 3226 410 3281 eontra
437 3220 618 3281 illam
656 3220 1117 3283 distinctionem
1141 3241 1158 3295 ;
1186 3220 1468 3300 quamvis
1485 3220 1654 3281 enim

134 3312 289 3389 gratis
311 3314 524 3374 demus
555 3312 797 3394 aliquid
824 3332 962 3375 esse
995 3316 1422 3375 necessarium
1451 3314 1532 3375 ad
1550 3332 1655 3375 ac-

133 3404 346 3478 tionem,
375 3406 544 3485 quod
576 3426 705 3469 non
731 3413 825 3468 est
845 3408 1273 3469 necessarium
1323 3407 1406 3468 ad
1435 3413 1655 3486 poten-

133 3497 254 3558 tiam
277 3502 294 3575 (
317 3501 480 3580 quod
531 3500 790 3581 quidem
855 3508 950 3563 est
983 3520 1204 3562 verum
1235 3503 1312 3582 ⁸in
1345 3518 1653 3563 concursu

129 3594 338 3668 actuali,
369 3614 494 3656 non
524 3595 596 3656 in
625 3601 768 3657 actu
783 3596 1049 3676 primo),
1080 3600 1296 3657 tamen
1323 3596 1406 3657 ad
1433 3602 1655 3675 poten-

131 3684 250 3745 tiam
282 3686 659 3769 simpliciter,
692 3688 943 3763 scilicet,
978 3688 1258 3768 proxime
1295 3686 1651 3767 expeditam

129 3778 192 3837 ad
213 3781 502 3857 agendum
533 3798 686 3843 omn
724 3780 1017 3843 omnibus
1047 3780 1511 3860 praerequisitis‚
1546 3799 1651 3841 ne-

130 3874 420 3935 cessarium
439 3882 534 3937 est
559 3880 630 3936 ut
657 3876 872 3950 homo,
897 3876 1118 3937 saltem
1153 3876 1216 3935 in
1247 3882 1390 3935 actu
1421 3875 1644 3953 prime,

130 3982 218 4023 seu
249 3966 304 4026 in
330 3975 638 4047 potestate
678 3988 814 4040 sua,
844 3970 1074 4030 habeat
1103 3968 1408 4049 quidquid
1437 3968 1516 4029 ad
1544 3986 1648 4028 ac-

129 4056 326 4121 tionem
363 4070 454 4124 est
487 4064 949 4138 necessarium,
995 4064 1142 4140 quia
1186 4063 1342 4123 alias
1370 4062 1650 4141 potentia

131 4168 230 4211 nou
254 4154 356 4214 erit
389 4155 696 4235 proxima,
749 4163 812 4218 et
845 4156 1190 4237 praesertim
1217 4156 1494 4230 moralis,
1537 4154 1648 4215 sed

131 4248 330 4307 tautum
367 4255 608 4311 remota
636 4258 699 4314 et
737 4252 1153 4320 insufficiens:
1187 4268 1363 4329 erge,
1400 4250 1450 4310 si
1479 4250 1649 4311 auxi—

128 4334 250 4397 lium
269 4341 470 4405 efficax
499 4352 598 4405 est
627 4346 1054 4406 necessarium
1091 4344 1171 4405 ad
1198 4343 1382 4415 velle,
1406 4348 1649 4423 oportet

131 4434 182 4487 ut
203 4431 392 4495 saltem
421 4437 494 4497 sit
541 4438 609 4499 in
646 4442 952 4515 potestate
987 4437 1260 4497 hominis
1288 4436 1522 4497 habere
1575 4436 1648 4495 it-

3213 399 3329 462 185

1769 519 1892 580 que
1910 501 2076 562 eiad
2101 503 2353 584 culpam
2373 505 2625 568 attribui
2650 503 2823 584 quod
2851 523 2979 566 non
3004 513 3331 568 converta-

1767 601 1889 669 tur,
1923 615 2129 676 neque
2161 598 2495 661 efficaciter
2529 617 2567 660 a
2611 601 2741 661 Deo
2788 605 3139 674 moveatur,
3181 601 3327 680 quia

1767 709 2095 769 nunquam
2135 698 2306 754 caret
2345 693 2466 754 hac
2514 693 2811 766 motione,
2841 693 2959 753 nisi
3002 711 3079 754 ex
3118 692 3329 774 aliqua

1767 783 1963 845 libera
1991 785 2343 848 resistentia
2370 805 2507 848 sua.
2538 787 2612 848 Et
2640 786 2863 846 merito
2886 785 3138 865 quidem
3172 787 3328 849 exis-

1765 878 1989 939 timant
2014 879 2135 940 hoc
2176 898 2314 941 esse
2344 881 2770 943 necessarium
2794 880 2973 959 juxta
3023 880 3326 960 principia

1767 969 1912 1032 fidei
1946 991 1963 1044 ;
2000 973 2145 1051 quia
2182 973 2339 1034 alias
2372 974 2557 1054 plane
2598 979 2761 1034 esset
2804 971 3183 1050 impossibile
3210 975 3329 1034 ho-

1767 1065 1945 1138 mini,
1980 1065 2086 1146 qui
2117 1084 2247 1127 non
2275 1067 2493 1148 recipit
2514 1069 2633 1128 hoc
2662 1065 2963 1128 auxilium
2990 1067 3228 1140 efficax,
3264 1073 3327 1128 et

1762 1159 2091 1252 physicam
2141 1161 2886 1240 praedeterminationem,
2927 1160 3202 1220 converti
3242 1161 3325 1222 ad

1761 1253 1987 1328 Deum,
2018 1255 2117 1315 vel
2144 1255 2404 1334 implere
2454 1254 2953 1335 supernaturalia
2989 1260 3317 1334 praecepta,

1761 1347 1908 1426 quia
1941 1366 2059 1410 nec
2088 1348 2282 1410 habet
2308 1349 2782 1428 praemotionem
2812 1348 2949 1421 Dei,
2980 1365 3097 1408 nec
3127 1352 3221 1408 est
3260 1347 3325 1408 in

1760 1445 2068 1520 potestate
2101 1442 2236 1520 ejus
2259 1441 2493 1504 habere
2522 1442 2715 1514 illam,
2746 1441 2947 1502 donec
2985 1441 3151 1502 Deus
3177 1440 3326 1501 velit

1758 1554 1872 1596 suo
1921 1536 2176 1598 arbitrio
2202 1556 2219 1610 ;
2250 1537 2549 1616 quamdiu
2582 1555 2732 1616 ergo
2770 1537 2937 1596 Deus
2991 1552 3119 1595 non
3166 1534 3319 1608 vult,

1754 1629 1947 1690 homo
1988 1627 2352 1710 simpliciter
2382 1648 2509 1690 non
2552 1635 2778 1709 potest.
2814 1629 2887 1689 Et
2926 1643 3077 1688 sane
3109 1627 3320 1689 Patres

1757 1741 1978 1786 omnes
2003 1743 2163 1804 quos
2190 1743 2381 1804 supra
2421 1724 2627 1797 citavi,
2660 1741 2799 1802 cap.
2826 1724 2888 1795 6,
2919 1723 3085 1782 hanc
3111 1727 3323 1800 potes-

1753 1823 1949 1878 tatem
1980 1836 2057 1878 ex
2105 1825 2283 1898 parte
2330 1817 2600 1878 hominis
2639 1817 2993 1878 existimant
3030 1813 3321 1894 simplici-

1752 1917 1850 1973 ter
1883 1912 2331 1987 necessariam,
2372 1917 2439 1971 ut
2463 1911 2519 1972 ei
2542 1910 2739 1989 possit
2763 1910 2845 1971 ad
2872 1908 3120 1988 eulpam
3152 1907 3317 1969 attri-

1751 2003 1859 2063 bui
1897 2004 2068 2084 quod
2105 2023 2235 2065 non
2278 2005 2659 2066 convertitur
2694 2003 2795 2064 vel
2844 2001 3058 2082 implet
3103 2018 3317 2080 super·

1750 2096 2037 2158 naturale
2080 2103 2481 2178 praeceptum.
2514 2099 2645 2159 Imo
2678 2095 3018 2158 Concilium
3054 2092 3316 2155 Triden-

1747 2192 1973 2266 tinum,
1993 2209 2147 2252 5055.
2177 2192 2239 2262 6,
2262 2210 2398 2272 cap.
2432 2195 2499 2252 11
2536 2193 2597 2252 et
2618 2192 2711 2262 13,
2728 2189 2871 2252 ideo
2893 2189 2981 2248 ait
3001 2192 3313 2266 praecepta

1747 2286 1858 2346 Dei
1895 2303 2033 2346 esse
2062 2285 2403 2363 possibilia,
2439 2285 2583 2364 quia
2607 2285 2707 2344 vel
2731 2281 3099 2362 praeeipiunt
3126 2286 3196 2340 ut
3223 2279 3315 2340 fa-

1749 2379 1871 2439 ciat
1894 2379 2085 2439 homo
2116 2376 2282 2456 quod
2312 2383 2538 2458 potest,
2570 2377 2755 2437 velut
2785 2381 2957 2455 petat
2986 2373 3155 2453 quod
3180 2391 3309 2434 non

1747 2477 1974 2553 potest,
2004 2477 2067 2533 et
2106 2473 2297 2544 DeuS,
2327 2470 2728 2551 quantumin
2786 2487 2854 2530 se
2899 2473 3014 2542 est,
3060 2484 3309 2546 semper

1747 2565 2003 2646 adjuvat
2034 2571 2101 2626 ut
2142 2565 2360 2645 possit,
2395 2581 2509 2624 nec
2550 2563 2781 2624 deserit
2810 2561 3151 2628 hominem,
3188 2559 3305 2620 nisi

1747 2661 1920 2738 prius
1947 2660 2139 2720 homo
2175 2658 2427 2719 deserat
2461 2657 2709 2738 ipsum;
2748 2655 3067 2716 desereret
3094 2658 3303 2713 autem

1743 2753 1794 2814 si
1828 2758 2091 2832 negaret
2118 2752 2402 2813 absolute
2459 2749 2759 2811 auxilium
2802 2746 3167 2825 simpliciter
3194 2765 3307 2806 ne-

1742 2846 2107 2919 cessarium,
2136 2863 2343 2924 neque
2372 2842 2523 2904 illud
2571 2843 2636 2904 in
2678 2860 2869 2902 manu
2892 2838 3165 2900 hominis
3194 2838 3307 2898 ali-

1743 2957 1866 3020 quo
1897 2938 2086 3000 modo
2142 2939 2569 3009 constitueret,
2599 2934 2941 3015 praesertim
2971 2937 3305 3013 postquam

1741 3040 1922 3096 vocat
1978 3035 2039 3094 et
2070 3032 2296 3094 excitat
2334 3031 2531 3093 illum.
2562 3031 2801 3110 Itaque,
2838 3027 3007 3108 quod
3056 3025 3159 3088 illa
3204 3044 3304 3087 re-

1741 3128 1993 3208 sponsio
2036 3127 2245 3199 sumit,
2275 3126 2522 3187 videtur
2561 3122 2916 3185 necessario
2966 3120 3301 3183 dicendum

1729 3222 1910 3301 juxta
1956 3220 2258 3300 principia
2301 3220 2470 3281 fidei.

1815 3316 1876 3377 6.
1921 3316 2047 3378 Sed
2094 3314 2241 3375 hinc
2312 3313 2584 3375 maxime
2657 3314 3061 3395 impugnatur
3134 3312 3299 3373 dicta

1737 3409 2069 3481 sententia,
2102 3406 2248 3487 quia
2278 3408 2395 3468 hoc
2431 3406 2639 3487 ipsum
2669 3407 3039 3487 principium
3067 3451 3082 3480 ,
3129 3403 3298 3483 quod

1734 3502 1798 3563 in
1823 3504 1945 3563 hac
1971 3500 2379 3580 responsione
2398 3500 2750 3573 confitetur,
2780 3518 2907 3559 non
2928 3503 3132 3577 potest
3150 3516 3295 3559 cum

1738 3596 1869 3675 ipsa
1901 3614 2015 3655 sua
2044 3592 2387 3655 assertione
2418 3594 2788 3666 consistere;
2820 3593 2993 3671 quod
3019 3593 3083 3653 in
3110 3591 3293 3653 simili

1732 3689 1933 3749 forma
1963 3688 2375 3762 ostendimuS,
2408 3688 2567 3750 libro
2616 3688 2844 3768 prime,
2877 3704 3021 3748 cum
3058 3693 3288 3749 tracta-

1733 3801 1945 3844 remus
1984 3782 2061 3843 de
2120 3800 2430 3843 concursu
2460 3782 2742 3861 generali
2785 3781 2865 3842 ad
2905 3786 3079 3840 actus
3112 3785 3290 3840 natu-

1731 3876 1894 3937 rales
1942 3876 2280 3938 voluntatis
2323 3877 2701 3951 necessarie,
2755 3882 2817 3937 et
2866 3876 3093 3936 iterum
3138 3873 3293 3934 infe-

1731 3970 1858 4031 rius
1915 3969 2083 4030 idem
2136 3969 2563 4048 probabimus,
2622 3967 3011 4031 excludendo
3054 3967 3293 4046 praede-

1729 4062 2237 4125 terminationem
2278 4063 2603 4143 physicam
2626 4081 2740 4143 per
2765 4063 2962 4123 solam
2988 4060 3291 4122 extrinse-

1730 4175 1868 4217 cam
1905 4157 2017 4217 Dei
2048 4156 2431 4217 voluntatem
2461 4174 2477 4229 ;
2526 4156 2666 4217 1ἀο0
2694 4174 2863 4216 0000
2884 4153 3159 4215 breviter
3187 4152 3291 4214 de-

1729 4250 2003 4310 claratur
2032 4249 2095 4309 in
2123 4250 2289 4311 hunc
2327 4249 2610 4322 modum,
2640 4266 2787 4309 nam
2838 4248 2959 4310 hoc
2991 4246 3291 4307 auxilium

1728 4342 1950 4403 efficax
1977 4341 2203 4403 dicitur
2240 4360 2377 4403 esse
2408 4341 2671 4420 qualitas
2702 4361 2815 4403 seu
2860 4342 3085 4402 entitas
3122 4357 3291 4421 quae-

1727 4436 1874 4497 dam
1908 4435 2421 4513 supernaturalis,
2452 4452 2643 4514 quarn
2671 4437 2839 4496 Deus
2879 4434 3065 4497 efficit
3090 4434 3152 4495 in
3174 4452 3291 4494 no-

129 4520 244 4595 lud;
275 4527 486 4607 alioqui
517 4530 693 4592 nullo
724 4530 914 4592 modo
940 4531 1061 4592 dici
1091 4536 1294 4609 potest
1318 4531 1508 4591 homo
1537 4530 1646 4591 ha·
1723 4529 1820 4589 bis
1849 4529 1983 4589 sine
2016 4528 2233 4601 nobis;
2268 4526 2415 4607 quia
2438 4546 2565 4589 non
2598 4534 2693 4589 est
2722 4534 2897 4589 actus
2924 4528 3123 4588 vitalis
3148 4545 3289 4588 nos-

129 4612 250 4677 bere
286 4623 566 4684 auxilium
597 4624 934 4695 sufficiens,
983 4630 1048 4685 et
1086 4622 1392 4684 moralem
1421 4630 1645 4702 poten-

133 4708 252 4770 tiam
276 4712 348 4773 ad
387 4716 720 4779 eliciendos
758 4718 875 4779 hos
901 4723 1112 4790 actus;
1157 4722 1221 4777 et
1255 4734 1642 4796 consequen-

1725 4628 1842 4693 ter,
1877 4620 1989 4682 sed
2020 4622 2213 4682 virtus
2237 4621 2522 4699 quaedam
2539 4622 2763 4701 praevia
2782 4621 2961 4683 nobis
2987 4620 3181 4683 indita
3206 4620 3287 4683 ad

1725 4715 2101 4775 eliciendum
2141 4721 2349 4778 actum
2378 4716 2667 4788 vitalem3
2709 4733 2881 4796 erge,
2917 4716 3084 4795 quod
3105 4716 3286 4777 nobis

134 4806 208 4861 ter
225 4823 326 4867 000
341 4808 636 4872 voluntati
659 4813 798 4892 ejus
829 4811 1060 4891 poterit
1087 4809 1338 4871 attribui
1373 4810 1541 4889 quod
1567 4808 1640 4869 il·
1721 4809 2239 4871 infundaturtalis
2261 4811 2529 4890 qualitas
2553 4856 2570 4882 ,
2601 4829 2727 4871 non
2752 4811 2983 4891 pendet
3014 4830 3052 4872 a
3076 4811 3281 4885 nobie,

136 4892 206 4951 los
231 4916 340 4959 000
364 4900 576 4965 eliciat.

619 5036 838 5100 Altera
864 5037 1085 5101 evasio.

197 5173 245 5231 5.
281 5176 560 5243 Viderunt
591 5182 934 5244 efficaciam
949 5184 1138 5263 hujus
1165 5184 1420 5246 rationis
1445 5182 1636 5264 aliqui

137 5276 196 5320 ex
226 5264 378 5329 dictis
423 5275 806 5349 auctoribus;
856 5283 920 5337 et
953 5277 1094 5338 ideo
1140 5277 1326 5337 aliam
1383 5277 1633 5339 solutio-

137 5370 256 5416 nem
281 5360 694 5441 adhibuerunt,
733 5368 1016 5431 dicentes
1053 5388 1191 5431 esse
1227 5370 1290 5429 in
1325 5377 1630 5449 potestate

141 5444 382 5552 hominiS,
403 5458 675 5524 habentis
698 5463 999 5525 auxilium
1029 5463 1368 5536 sufficiens,
1393 5464 1628 5527 habere

143 5544 290 5605 etiam
315 5550 532 5627 efficax,
555 5556 762 5619 sivelit
784 5557 884 5619 vel
914 5556 964 5618 si
991 5576 1119 5619 non
1145 5557 1429 5632 resistat3
1465 5558 1630 5621 ideo-

1719 4910 1828 4964 aut
1851 4924 1886 4963 a
1911 4913 2127 4965 nostro
2158 4904 2355 4965 libero
2378 4904 2659 4977 arbitrie,
2680 4911 2750 4966 ut
2772 4924 2807 4964 a
2824 4911 3199 4986 cooperante
3218 4906 3285 4967 il-

1715 4998 1844 5059 lam
1864 4998 2186 5059 entitatem
2213 5018 2229 5072 ;
2258 5004 2394 5060 tum
2417 5000 2563 5079 quia
2593 5017 2721 5059 000
2760 4998 2830 5060 fit
2877 5018 2913 5059 a
2964 5000 3283 5062 voluntate

1717 5097 1957 5165 nostra,
1992 5098 2061 5154 ut
2075 5091 2239 5165 dixi3
2272 5096 2407 5153 tum
2438 5092 2625 5153 etiam
2641 5092 3186 5173 quia,sifieret,ad
3215 5092 3283 5153 il-

1714 5185 1842 5246 lam
1873 5185 2271 5247 effieiendam
2304 5185 2614 5265 indigeret
2640 5186 2929 5247 voluntas
2948 5186 3069 5246 alio
3088 5186 3281 5265 priori

1716 5278 1970 5340 auxilio.
2003 5278 2197 5359 Igitur
2225 5279 2279 5340 si
2306 5278 2533 5340 infusio
2563 5278 2727 5340 illius
2754 5278 2995 5353 formae,
3033 5298 3171 5358 quoe
3191 5280 3284 5341 di-

1713 5372 1872 5435 citur
1922 5372 2225 5433 auxilium
2253 5372 2495 5447 efficax,
2528 5390 2566 5433 a
2615 5372 2813 5435 libero
2842 5372 3096 5435 arbitrio
3128 5391 3282 5453 pen·

1711 5466 1842 5539 det,
1886 5466 2004 5528 erit
2042 5466 2244 5528 solum
2270 5466 2512 5528 ratione
2551 5466 2815 5546 alicujus
2859 5465 3281 5546 dispositionis

1709 5558 1945 5631 liberae,
1972 5577 2112 5637 quoe
2144 5577 2181 5619 a
2209 5560 2341 5619 Deo
2372 5564 2759 5639 expectatur,
2793 5564 2881 5631 ut,
2914 5558 3017 5621 illa
3050 5558 3277 5638 posita,
