3850 6225
695 408 830 460 cAP.
864 408 991 460 XIV.
1026 406 1323 469 Quomono
1355 405 1711 459 CONCURSUS
1742 407 1961 458 GAUSAE
1994 407 2204 458 PRlMAE
2235 409 2318 460 An
2351 407 2569 470 ACTUS,
2606 410 2744 460 ETC.

114 509 485 570 terminatur
538 507 827 570 voluntas
876 509 1153 569 humana
1208 509 1289 570 ad
1334 508 1675 569 volendum

116 619 223 679 per
247 601 425 662 illam
450 602 835 662 voluntatem
857 602 1199 676 efficacem,
1228 621 1355 681 qua
1379 602 1549 662 Deus
1570 619 1677 662 vo-

112 695 223 754 luit
244 700 309 754 et
332 694 641 774 disposuit
666 701 737 756 ιιι
767 694 1001 774 aliquid
1024 694 1231 755 vellet.

191 791 253 849 2.
288 789 647 866 Explicatur
670 789 789 848 hoc
816 787 1083 867 amplius
1104 833 1120 860 ‚
1161 789 1331 866 quia,
1366 793 1435 848 nt
1458 787 1675 848 volun-

109 885 203 942 tas
224 882 338 942 Dei
360 887 690 944 concurrat
721 899 862 942 cum
887 888 1125 954 nostra,
1156 881 1347 942 debet
1376 881 1674 960 conjungi

114 995 253 1035 cum
271 975 379 1036 illa
404 975 469 1035 in
496 974 765 1036 volendo
796 973 1087 1034 eumdem
1112 979 1323 1034 actum
1348 992 1461 1034 seu
1490 972 1676 1034 actio-

115 1087 259 1128 nem
280 1087 299 1139 ;
328 1068 471 1128 duae
492 1073 705 1129 autem
727 1067 1079 1128 voluntates
1096 1085 1223 1128 non
1244 1072 1507 1146 possunt
1528 1084 1676 1126 con-

101 1163 287 1242 jungi
303 1162 407 1222 vel
428 1161 761 1223 convenire
784 1162 849 1220 in
890 1160 1115 1221 eodem
1153 1160 1403 1229 effectu,
1434 1159 1557 1220 nisi
1578 1160 1679 1220 vel

106 1275 233 1315 nna
262 1259 679 1334 supponatur,
710 1260 775 1315 et
804 1254 1001 1314 altera
1022 1253 1109 1313 illi
1132 1251 1499 1328 consentiat,
1532 1273 1679 1332 sup-

106 1350 317 1430 posita
362 1349 529 1409 illius
574 1349 869 1420 scientia;
918 1348 1020 1408 vel
1070 1349 1267 1408 altera
1314 1353 1565 1409 moveat
1614 1353 1678 1408 et

106 1447 317 1508 trahat
345 1445 631 1516 alteram,
662 1448 733 1502 ut
761 1439 1109 1504 consentiat
1136 1459 1389 1514 secum;
1422 1460 1593 1514 nam,
1625 1441 1676 1502 si

108 1541 377 1600 alterum
400 1539 628 1598 horum
650 1555 777 1598 non
806 1534 1173 1608 intercedat,
1201 1553 1327 1596 non
1357 1540 1561 1614 potest
1586 1535 1679 1594 in-

108 1632 304 1710 telligi
334 1629 654 1709 quomodo
696 1630 835 1690 duae
874 1629 1227 1690 voluntates
1260 1629 1325 1688 in
1358 1627 1567 1706 aliqua
1604 1645 1675 1687 re

112 1726 383 1786 volenda
416 1725 811 1796 conveniant,
840 1723 961 1784 nisi
996 1723 1155 1784 forte
1202 1742 1242 1783 a
1282 1741 1431 1782 casu
1467 1727 1528 1782 et
1554 1721 1677 1782 for-

110 1821 281 1882 tuito.
316 1823 401 1880 At
422 1837 575 1878 vero
601 1835 729 1878 non
757 1821 961 1896 potest
977 1817 1268 1878 voluntas
1294 1816 1503 1876 divina
1532 1833 1677 1876 con-

104 1915 335 1974 sentire
402 1912 691 1971 humanm
756 1910 823 1970 in
853 1909 1121 1970 volendo
1172 1915 1315 1971 actu
1367 1908 1506 1988 ejus
1526 1956 1545 1978 ‚
1601 1925 1677 1968 eo

99 2005 270 2085 quod
315 2004 661 2085 praevideat
696 2005 864 2064 Deus
906 2003 1252 2063 humanam
1289 2001 1676 2062 voluntatem

98 2101 449 2160 habentem
476 2097 669 2159 talem
691 2099 923 2170 actum,
962 2115 1075 2158 seu
1109 2097 1231 2157 hoc
1256 2096 1357 2156 vel
1386 2094 1541 2155 illud
1568 2113 1675 2155 vo·

96 2195 380 2265 lentem;
440 2191 587 2271 quia
637 2207 761 2250 uon
805 2197 1013 2269 potest
1061 2190 1351 2250 voluntas
1398 2189 1675 2248 humana

92 2287 451 2364 quidquam
472 2284 655 2356 velle,
686 2285 807 2345 nisi
823 2285 958 2364 jam
984 2284 1151 2344 Deus
1180 2283 1367 2344 etiam
1396 2281 1459 2342 id
1484 2281 1668 2354 velit3

92 2381 263 2440 unde
311 2379 424 2440 illa
466 2379 854 2458 praescientia
896 2377 1007 2438 Dei
1046 2376 1343 2456 supponit
1382 2393 1675 2436 necessa·-

88 2474 183 2534 rio
214 2472 617 2533 voluntatem
639 2472 751 2532 Dei
773 2471 910 2550 jam
936 2471 1107 2530 idem
1132 2469 1481 2540 volentem3
1520 2485 1671 2546 ergo

90 2585 221 2627 non
262 2571 481 2646 potest
511 2565 799 2626 voluntas
827 2563 1035 2624 divina
1066 2563 1419 2623 consentire
1448 2562 1675 2620 huma-

92 2681 212 2736 nae,
244 2681 329 2722 ex
360 2659 925 2740 praesupposifione
962 2662 1023 2718 et
1046 2655 1535 2736 praecognitione
1563 2673 1675 2714 vo-

92 2755 357 2814 luntatis
404 2754 741 2822 humanae;
796 2767 945 2830 ergo
1002 2767 1261 2810 necesse
1316 2754 1411 2810 est
1448 2754 1517 2808 ut
1565 2746 1677 2808 fiat

92 2849 225 2908 haec
256 2846 597 2908 consensio
640 2850 725 2914 et,
750 2843 1107 2922 conjunctio
1140 2860 1217 2903 ex
1254 2860 1331 2902 eo
1372 2839 1543 2920 quod
1570 2859 1675 2900 vo-

94 2943 305 3002 luntas
322 2941 541 3002 divina
572 2938 933 3000 efficacitate
958 2955 1071 3004 sua
1089 2937 1281 2998 trahit
1302 2937 1669 3007 humanam,

108 3043 179 3094 ut
208 3051 423 3096 secum
470 3033 849 3104 consentiat,
880 3032 1069 3109 idque
1117 3030 1269 3091 velit
1322 3029 1492 3108 quod
1536 3028 1675 3106 ipsa

108 3130 235 3189 vult
264 3146 407 3189 eam
440 3128 639 3199 velle;
682 3127 851 3206 quod
878 3130 973 3189 est
1001 3126 1175 3187 illam
1216 3124 1295 3185 ad
1335 3124 1673 3185 volendum

102 3221 557 3293 determinare,
612 3220 791 3299 quasi
846 3238 961 3300 per
1008 3219 1427 3281 extrinsecum
1478 3217 1674 3295 impe-

98 3316 287 3376 rium.
318 3316 385 3377 Si
411 3332 565 3393 ergo
592 3312 1049 3387 ostenderimus
1078 3314 1199 3373 hoc
1225 3328 1432 3388 neque
1462 3328 1675 3370 neces-

98 3410 343 3470 sarium
374 3426 537 3478 esse,
568 3423 777 3485 neque
820 3407 1037 3467 liberis
1074 3406 1279 3467 causis
1325 3402 1676 3482 proportio-

98 3510 351 3577 natum,
410 3506 555 3563 ruet
596 3504 797 3562 totum
850 3500 1015 3561 iliius
1062 3498 1389 3561 sententiae
1448 3495 1675 3556 funda-

98 3605 420 3659 mentum.

180 3695 241 3752 3.
276 3690 377 3753 Ab
402 3689 850 3753 inconveniente
876 3688 1325 3751 demonstratur
1348 3682 1668 3746 intentum.

96 3818 181 3831 --
206 3786 547 3846 possemus
600 3788 812 3843 autem
854 3780 977 3841 hoc
1028 3778 1334 3857 imprimis
1376 3796 1414 3837 a
1463 3780 1675 3854 postc-

95 3879 249 3939 riori
284 3876 743 3948 demonstrare,
778 3872 923 3953 quia
954 3872 1007 3931 si
1054 3873 1177 3931 hoc
1204 3888 1406 3949 genus
1449 3867 1674 3928 divinae

96 3970 449 4032 voluntatis
466 3965 1071 4047 praedeterminantis
1092 3969 1259 4024 esset
1285 3961 1540 4023 omnino
1564 3978 1677 4021 ne-

98 4064 479 4135 cessarium,
517 4062 707 4123 etiam
762 4060 827 4119 in
870 4058 1079 4137 pravis
1106 4054 1530 4118 voluntatibus
1580 4054 1677 4113 in—

96 4155 471 4226 terveniret,
508 4170 855 4231 verumque
896 4154 1065 4213 esset
1099 4149 1309 4211 dicere
1352 4166 1469 4209 nos
1512 4148 1672 4207 velle

94 4268 301 4329 prava
335 4247 601 4326 objecta,
642 4246 789 4325 quia
812 4246 981 4307 Deus
1008 4244 1143 4303 vult
1186 4261 1303 4304 nos
1354 4260 1429 4302 ea
1484 4241 1667 4314 velle,

94 4350 161 4403 et
206 4340 365 4420 quia
400 4338 735 4400 efficaciter
786 4336 921 4397 vult
967 4342 1036 4398 ut
1074 4354 1150 4397 ea
1189 4336 1493 4405 velimu83
1552 4335 1673 4394 hoc

94 4443 323 4497 autem
352 4439 417 4494 et
440 4432 697 4511 impium
725 4450 863 4493 esse
907 4438 969 4493 et
998 4448 1166 4491 sanae
1207 4429 1503 4490 doctrinoe
1530 4446 1673 4487 con-

94 4530 397 4600 trarium,
438 4527 727 4589 omnibus
752 4531 925 4587 recte
958 4524 1371 4585 sentientibus
1400 4522 1666 4583 videtur.

94 4624 227 4685 Sed
257 4624 427 4681 hanc
456 4620 785 4695 rationem,
806 4619 950 4681 licet
966 4617 1482 4689 efficacissimam,
1503 4633 1671 4675 nunc

94 4718 291 4777 latius
320 4731 450 4775 non
481 4712 931 4792 expendamuS,
972 4710 1119 4790 quia
1149 4712 1211 4771 in
1243 4709 1521 4771 secundo
1554 4710 1674 4768 hu-

88 4812 201 4888 jus
244 4806 463 4887 operis
487 4806 647 4867 libro
676 4804 1013 4885 diligenter
1060 4803 1125 4864 id
1164 4810 1463 4883 praestare
1493 4820 1675 4863 cura-

95 4903 335 4963 bimus.

174 4998 241 5054 4.
278 4992 593 5074 Quidquid
606 4992 769 5055 Deus
796 4996 1106 5074 operatur,
1134 4990 1337 5054 rolens
1364 4996 1669 5072 operatur.

93 5122 179 5136 --
210 5085 665 5167 omnipotentia
701 5086 913 5149 divina
950 5086 1186 5149 ratione
1226 5084 1445 5164 differt
1486 5102 1525 5147 a
1578 5098 1677 5144 vo-

91 5180 531 5245 luntate—{R
556 5198 711 5259 ergo
745 5197 783 5239 a
807 5179 999 5258 priori
1026 5196 1131 5239 res
1156 5178 1277 5238 ista
1296 5176 1669 5250 declaretur,

96 5264 395 5355 suppono
425 5275 650 5349 Deum,
690 5272 993 5353 quidquid
1022 5276 1347 5349 operatur,
1394 5270 1522 5330 sive
1580 5288 1675 5329 so-

90 5371 213 5442 lus,
246 5371 383 5430 sive
409 5386 553 5429 cum
578 5386 770 5429 causa
798 5365 1075 5429 secunda
1110 5370 1424 5444 operetur,
1458 5364 1677 5425 volun-

94 5469 227 5523 tate
281 5480 401 5522 sua
450 5461 738 5539 operari3
798 5460 1009 5521 omnia
1062 5458 1231 5521 enim
1266 5474 1676 5537 quaecumque

98 5556 327 5628 voluit,
356 5555 539 5627 fecit,
573 5560 638 5615 et
662 5572 793 5615 non
820 5554 965 5631 alia,
998 5571 1113 5615 nec
1140 5551 1263 5613 alio
1291 5551 1505 5624 modo,
1528 5550 1675 5630 quia

3246 404 3325 466 69

1755 508 1967 568 omnia
2010 514 2306 588 operatur
2347 509 2696 570 secundum
2736 509 3062 570 consilium
3102 509 3322 570 volun-

1754 601 1897 662 tatis
1939 620 2088 662 suae.
2123 601 2302 664 Unde
2331 603 2742 682 AugustinuS,
2776 603 2840 662 in
2862 603 3142 676 Euchir.,
3175 621 3314 684 cap.

1756 696 1873 756 102
1914 700 1975 755 et
2011 697 2168 757 103:
2207 695 2514 776 Quidquid
2547 699 2712 760 Deus
2762 702 3077 778 operatur,
3119 698 3323 759 volens

1756 793 2041 868 operatur
2058 816 2083 861 ‚·
2119 795 2182 848 et
2212 791 2290 850 26
2332 795 2496 850 cont.
2527 790 2767 858 Faust.,
2809 807 2952 868 cap.
2985 792 3047 858 4,
3081 789 3158 850 de
3185 790 3322 850 Elia

1756 881 2044 960 loquenS,
2101 882 2189 943 ait
2233 883 2420 946 :Hoc
2473 885 2541 944 de
2588 883 2698 944 illo
2740 887 2973 958 fact-um
3026 889 3137 958 est,
3169 883 3328 963 quod

1756 977 1871 1038 Dei
1900 975 2182 1038 voluntas
2221 977 2390 1039 habac
2406 1003 2432 1049 ,·
2456 979 2614 1056 quod
2641 978 2756 1040 Dei
2795 981 2994 1039 autem
3046 977 3326 1038 voluntas

1755 1087 1875 1130 non
1901 1071 2096 1136 habet.
2153 1070 2379 1134 scimus
2411 1073 2480 1134 de
2513 1071 2715 1151 aliquo
2752 1073 2891 1150 fieri
2931 1068 3168 1132 omnino
3209 1089 3328 1131 non

1754 1179 1948 1256 posse.
1993 1163 2125 1222 Hoc
2163 1169 2377 1223 autem
2425 1162 2754 1242 dupliciter
2786 1181 2824 1223 a
2853 1163 3182 1242 Theologis
3219 1180 3328 1222 ex-

1758 1255 2031 1334 ponitur.
2067 1255 2305 1331 Prim0,
2343 1257 2514 1335 quod
2547 1258 2810 1336 ipsamet
2865 1257 3172 1324 voluntaS.
3207 1256 3326 1315 sub

1758 1348 2012 1427 propria
2045 1367 2118 1410 ac
2141 1349 2404 1428 praecisa
2435 1350 2674 1410 ratione
2703 1355 3026 1429 concepta,
3057 1350 3136 1410 sit
3163 1349 3326 1427 ipsa-

1757 1447 1889 1503 met
1932 1443 2360 1503 efficacissima
2417 1443 2867 1521 omnipotentia
2909 1444 3044 1516 Dei,
3091 1461 3215 1522 qua
3262 1443 3329 1503 id

1758 1536 2092 1614 exequitur
2121 1535 2292 1615 quod
2313 1536 2465 1597 vult.
2500 1537 2812 1609 Secundo,
2843 1536 3012 1615 quod
3041 1537 3327 1614 omnipo-

1756 1629 1973 1700 tentia,
2005 1647 2120 1708 per
2158 1647 2348 1707 quam
2389 1630 2558 1690 Deus
2589 1629 2654 1690 iu
2682 1649 2785 1692 res
2830 1637 3071 1691 creatas
3098 1631 3322 1702 influit,

1758 1721 1839 1782 sit
1866 1721 2232 1784 attributum
2259 1722 2500 1782 ratione
2531 1723 2891 1784 distinctum
2919 1742 2956 1782 a
2979 1723 3324 1798 voluntate,

1758 1814 1930 1893 quod
1986 1821 2199 1876 tamen
2257 1815 2412 1876 nihil
2449 1821 2744 1895 operatur
2775 1861 2790 1888 ,
2836 1815 2954 1876 nisi
3001 1822 3324 1894 praeeunte

1757 1906 2080 1968 intellectu
2108 1915 2178 1968 ut
2217 1908 2546 1986 dirigente,
2581 1914 2643 1969 et
2669 1909 2987 1971 voluntate
3019 1914 3090 1969 ιιι
3125 1911 3327 1989 appli-

1759 2007 1964 2062 cante.
1996 2002 2072 2061 Et
2099 2001 2382 2079 quamvis
2406 2001 2488 2061 ad
2515 2019 2794 2080 praesens
2821 2002 3172 2064 institutum
3194 2022 3323 2063 non

1756 2094 2025 2154 multum
2055 2093 2287 2155 referat
2312 2113 2440 2155 uno
2468 2095 2569 2155 vel
2599 2094 2722 2155 alio
2761 2095 2950 2156 modo
2979 2096 3174 2174 loqui,
3207 2115 3325 2157 nos

1754 2193 1969 2248 autem
1997 2205 2248 2266 semper
2275 2188 2454 2266 juxta
2496 2189 2908 2267 posteriorem
2949 2191 3322 2250 sententiam

1753 2281 2109 2360 loquemur,
2145 2287 2281 2342 tum
2329 2281 2498 2361 quod
2547 2283 2751 2361 aptior
2797 2283 2876 2344 sit
2923 2282 3004 2344 ad
3050 2283 3328 2344 divinam

1754 2376 2185 2454 operationem
2231 2381 2292 2435 et
2336 2375 2790 2454 providentiam
2838 2376 3272 2455 explicandam
3305 2396 3322 2449 ;

1753 2473 1889 2529 tum
1918 2468 2089 2547 quod
2115 2467 2194 2528 sit
2221 2467 2600 2532 conformior
2621 2468 2917 2530 doctrina>
2951 2472 3014 2532 S.
3039 2472 3320 2546 Thomze,

1752 2565 1889 2622 tum
1921 2560 2110 2622 etiam
2153 2561 2299 2640 quia
2329 2561 2647 2641 Scriptura
2676 2562 2796 2623 hoc
2831 2563 3018 2624 modo
3047 2563 3326 2624 declarat

1754 2654 2273 2733 omnipotentiam
2318 2655 2464 2716 Dci:
2507 2653 2664 2728 Quia
2692 2657 2892 2718 subest
2933 2657 3008 2730 ei,
3043 2675 3175 2720 cum
3225 2677 3323 2718 το-

1752 2747 1962 2818 ltum-it,
2017 2764 2216 2830 posse,
2264 2747 2540 2826 Sapient.
2593 2751 2690 2809 12.
2757 2750 2916 2810 Nam
2977 2748 3124 2827 quia
3182 2750 3322 2810 talis

1755 2847 1995 2901 naturae
2028 2841 2136 2917 (ut
2179 2843 2251 2901 D.
2284 2841 2559 2901 Thomas
2615 2844 2640 2901 1
2693 2861 2784 2920 p.,
2835 2859 2896 2919 q.
2947 2845 3045 2914 19,
3097 2847 3212 2904 art.
3259 2845 3318 2914 1,

1756 2935 1839 2996 ad
1870 2937 1934 3007 4,
1963 2953 2025 3012 q.
2061 2937 2164 3008 25,
2197 2941 2314 2996 art.
2347 2937 2406 3007 1,
2443 2935 2522 2995 ad
2556 2937 2618 3008 4,
2651 2936 2774 3015 ait)
2801 2936 2865 2996 id
2896 2942 3010 3008 est,
3043 2937 3190 3014 quia
3225 2941 3322 2997 est

1756 3028 1965 3107 ipsum
1995 3046 2132 3088 esse
2170 3047 2284 3107 per
2325 3029 2685 3103 essentiam,
2729 3048 2844 3108 per
2883 3030 3160 3108 seipsum
3187 3029 3322 3090 effi-

1756 3141 1873 3185 cax
1920 3128 2015 3184 est
2069 3123 2404 3202 cujuslibet
2456 3142 2596 3185 esse
2651 3124 3320 3203 participatistamen,

1756 3217 1905 3296 quia
1941 3216 2464 3296 perfectissimum
2514 3236 2710 3297 agens
2743 3223 2858 3290 est,
2903 3234 3032 3279 non
3064 3218 3180 3278 nisi
3209 3238 3325 3297 per

1755 3310 2144 3371 intellectum
2183 3315 2244 3371 et
2271 3310 2656 3371 voluntatem
2690 3317 3019 3389 operatur;
3052 3312 3200 3390 quia
3221 3330 3324 3371 ve-

1754 3421 1825 3463 ro
1847 3402 2247 3482 omnipotens
2267 3410 2385 3477 est,
2421 3404 2714 3465 virtutem
2738 3404 2930 3467 habet
2949 3423 3096 3484 qua,
3129 3422 3317 3465 omne

1755 3495 1927 3574 quod
1953 3496 2105 3569 vult,
2132 3502 2316 3575 prout
2345 3496 2476 3557 vult
2501 3496 2850 3575 exequitur.

1834 3589 1895 3649 5.
1948 3586 2105 3661 Quot
2129 3588 2321 3651 modis
2370 3591 2534 3653 Deus
2565 3607 2682 3670 per
2730 3589 3099 3652 voluntatem
3146 3608 3323 3652 suam

1743 3685 1950 3763 possit
1973 3683 2042 3744 in
2079 3687 2280 3747 actum
2333 3688 2548 3747 creatoe
2577 3684 2912 3747 voluntatis
2947 3685 3202 3747 liberum
3230 3685 3322 3747 in-

1754 3779 1946 3857 fluere
1969 3810 2070 3836 .--
2098 3778 2322 3839 Modus
2385 3778 2737 3859 expectandi
2798 3796 3152 3841 concursum
3211 3777 3325 3841 Dei

1756 3889 1891 3935 cum
1914 3871 2222 3933 voluntate
2260 3875 2488 3942 creata,
2525 3871 2629 3951 qui
2655 3870 2924 3952 eligitur,
2955 3871 3316 3953 explicatur.

1753 3996 1837 4010 —
1862 3963 2182 4037 SecundO,⁵
2207 3968 2302 4023 est
2347 3962 2812 4023 observandum
2846 3963 3092 4024 duobus
3120 3964 3324 4025 modis

1756 4074 1942 4135 posse
1973 4056 2238 4135 intelligi
2283 4057 2557 4118 divinam
2585 4055 2972 4117 voluntatem
3013 4056 3170 4117 velle
3221 4056 3324 4117 in-

1754 4151 1952 4211 fluere
1981 4150 2046 4209 in
2071 4156 2280 4210 actum
2316 4150 2585 4210 liberum
2617 4151 2907 4210 humanae
2937 4150 3272 4212 voluntatis
3301 4171 3314 4211 :

1754 4242 1994 4321 primus
2034 4247 2128 4303 est
2181 4262 2371 4321 supra
2425 4243 2744 4322 expositus
2781 4288 2796 4313 ‚
2852 4243 3216 4322 simpliciter
3263 4249 3324 4305 et

1754 4337 2040 4397 absolute
2079 4335 2348 4397 volendo
2380 4342 2450 4397 ut
2482 4336 2621 4397 talis
2653 4340 2829 4395 actus
2872 4356 2908 4397 a
2959 4337 3068 4397 tali
3109 4338 3324 4398 volun-

1751 4434 1903 4504 tate,
1935 4430 2044 4490 tali
2087 4434 2369 4508 tempore
2423 4434 2482 4490 et
2534 4430 2724 4494 modo
2756 4428 2901 4500 fiat;
2951 4430 3273 4490 voluntate
3301 4477 3317 4502 ‚

1754 4523 2012 4595 scilicet,
2060 4540 2200 4603 quae
2245 4522 2590 4583 secundum
2636 4525 2946 4585 rationem
2989 4524 3324 4585 antecedat

1753 4616 2202 4699 praescientiam
2245 4616 2598 4677 absolutam
2641 4617 2784 4678 talis
2835 4617 3092 4677 effectus
3125 4623 3193 4678 ut
3220 4616 3326 4676 fu-

1754 4712 1913 4786 turi,
1947 4714 2008 4771 et
2037 4710 2114 4769 sit
2159 4709 2294 4787 ipsa
2329 4709 2570 4781 efficax,
2621 4716 2690 4771 ut
2732 4715 3024 4789 potenter
3068 4710 3318 4783 efficiat,

1754 4810 1863 4864 aut
1900 4820 2015 4882 per
2043 4802 2336 4880 seipsam,
2367 4808 2478 4863 aut
2503 4802 2752 4879 (nostro
2781 4820 2955 4863 more
2985 4803 3322 4883 loquendi)

1756 4894 2130 4975 applicando
2157 4913 2334 4955 suam
2374 4895 2886 4973 omnipotentiam
2942 4902 3013 4955 ιιι
3058 4896 3328 4958 efficaci-

1754 4994 1850 5050 ter
1874 4989 2116 5059 influat,
2151 4992 2214 5049 et
2243 5006 2456 5047 secum
2494 4988 2654 5049 ferat
2695 5008 2768 5049 ac
2809 4988 3186 5050 determinet
3213 4990 3329 5049 hu-

1756 5100 2012 5143 manam
2048 5082 2460 5154 voluntatem,
2489 5086 2561 5142 ut
2585 5082 2768 5143 simul
2803 5083 2869 5143 in
2899 5083 3192 5145 cumdem
3223 5102 3330 5144 ac-

1756 5181 1889 5237 tum
1924 5175 2176 5245 influat3
2212 5178 2273 5235 ct
2301 5175 2468 5236 hunc
2495 5175 2753 5236 modum
2793 5177 3098 5237 hactenus
3129 5178 3331 5255 impu-

1757 5268 2109 5349 gnavimus.
2137 5268 2309 5329 Alius
2337 5286 2486 5347 ergo
2513 5268 2742 5331 modus
2769 5288 2895 5349 quo
2921 5270 3040 5331 hoc
3063 5270 3330 5350 intelligi

1756 5368 1984 5441 potest,
2007 5363 2110 5423 'nic
2137 5368 2252 5435 est,
2285 5365 2486 5423 Deum
2511 5380 2639 5423 non
2661 5364 2970 5436 absolute,
3005 5363 3116 5423 sed
3144 5364 3326 5442 quasi

1756 5456 1875 5518 sub
1908 5456 2288 5532 conditione,
2333 5457 2492 5517 velle
2543 5462 2612 5519 ut
2656 5457 2758 5518 hic
2792 5463 2968 5517 actus
3005 5456 3115 5517 fiat
3143 5475 3182 5517 a
3217 5474 3330 5517 vo-

1758 5551 1998 5612 luntate
2033 5556 2265 5625 creata,
2310 5550 2362 5610 si
2386 5550 2522 5629 ipsa
2553 5568 2692 5612 sese
2732 5550 2813 5611 ad
2849 5550 3026 5612 illum
3070 5550 3330 5611 elicien-
