3850 6225
535 392 614 453 38

533 497 648 558 sed
674 516 788 557 sua
813 498 1057 575 sponte,
1087 499 1150 554 et
1172 494 1508 555 intrinseca
1536 496 1620 567 vi,
1652 494 1940 573 quamvis
1970 512 2099 554 non

533 592 668 651 sine
695 608 1004 651 concursu
1035 587 1312 661 alterius,
1345 606 1472 649 non
1499 588 1762 665 requirit
1789 587 2099 649 infinitam

532 683 1008 762 perfectionem.

615 778 676 837 8.
729 775 868 839 Soli
899 776 1022 838 Deo
1066 773 1336 838 convenit
1367 790 1492 837 esso
1513 775 1786 855 primm
1819 774 2096 846 libor-mn,

533 870 592 932 si
611 886 728 931 vom
767 870 892 930 liceo
911 865 1158 949 proprio
1186 872 1489 929 sumatwr.
1522 898 1603 911 —
1625 868 1710 929 In
1741 866 1924 929 malis
1953 864 2102 929 acti-

532 964 640 1025 bus
675 962 948 1042 primum
987 958 1502 1024 determinationis
1539 958 1784 1021 initium
1812 962 1902 1021 ost
1934 978 1973 1021 a
1998 975 2101 1020 vo-

532 1055 790 1127 luntate,
831 1070 1000 1116 secus
1035 1050 1102 1113 in
1138 1052 1326 1127 bonis,
1363 1052 1546 1116 etiam
1579 1050 1987 1115 natur-alim.
2018 1082 2101 1097 —-

534 1147 926 1225 Quapropter
953 1164 1083 1207 non
1113 1146 1396 1224 sequitur
1421 1146 1806 1205 voluntatem
1831 1144 2095 1204 liberam

534 1238 625 1299 sie
663 1244 1030 1317 operantem
1070 1256 1210 1299 esse
1245 1238 1516 1318 primum
1552 1238 1844 1310 liberum,
1881 1236 2002 1297 nisi
2031 1237 2097 1297 in

535 1332 654 1391 hac
688 1348 844 1391 voce
893 1330 972 1390 sit
1016 1348 1248 1410 magna
1295 1330 1738 1411 aequimanum
1785 1347 1937 1389 nam
1973 1330 2101 1408 pri-

532 1441 708 1484 mum
745 1423 1010 1484 liberum
1055 1424 1306 1503 proprie
1347 1422 1596 1493 dicitur,
1639 1423 1808 1503 quod
1855 1428 1951 1485 est
1988 1440 2103 1501 per

536 1517 874 1577 essentiam
901 1515 1190 1584 liberum,
1217 1515 1314 1577 vel
1336 1516 1503 1594 quod
1535 1516 1888 1577 libertatem
1911 1514 2103 1575 habet

535 1628 794 1688 prorsus
851 1609 932 1669 ab
997 1608 1118 1669 alio
1177 1607 1638 1687 independente
1677 1626 1742 1667 m
1808 1611 2101 1669 neutrum

537 1705 750 1761 autem
775 1702 1001 1761 horum
1025 1702 1317 1761 convenit
1343 1701 1644 1761 voluntati
1677 1706 1925 1771 croatie,
1957 1717 2099 1758 cum

537 1812 666 1854 non
707 1794 938 1855 habeat
968 1794 1320 1855 libertatem
1349 1794 1466 1853 nisi
1501 1794 1931 1872 participatam
1968 1811 2005 1851 a
2032 1792 2099 1851 li-

535 1887 778 1948 bertate
815 1888 928 1949 Dei
951 1933 966 1959 ‚
1007 1894 1070 1949 et
1097 1888 1178 1947 ab
1208 1887 1432 1949 eadem
1459 1888 1522 1946 in
1553 1887 1680 1947 suis
1717 1886 2101 1948 determina-

530 1980 802 2041 tionibus
845 1980 1248 2060 pendentem.
1297 1981 1358 2043 Si
1388 1986 1600 2041 autem
1637 1981 1910 2059 primum
1942 1980 2099 2039 libe-

534 2091 677 2133 rum
705 2073 948 2135 dicatur
974 2074 1126 2134 illud
1157 2092 1378 2153 agenS,
1411 2092 1447 2133 a
1471 2091 1598 2151 quo
1627 2073 1690 2133 in
1721 2091 1832 2133 suo
1863 2090 2097 2150 genere

535 2166 738 2244 primo
768 2171 865 2226 est
893 2166 1329 2227 determinatio
1364 2166 1585 2237 libera,
1631 2164 1718 2226 sic
1748 2182 1969 2225 verum
2006 2171 2100 2226 est

539 2275 794 2317 omnem
819 2260 1200 2319 voluntatem
1233 2260 1495 2320 liberam
1525 2276 1712 2338 posse
1747 2258 1810 2317 in
1842 2276 1956 2319 suo
1987 2276 2100 2335 ge-

537 2367 690 2409 nere
719 2350 842 2410 dici
869 2352 1139 2430 primam
1166 2352 1443 2413 radicem
1474 2370 1602 2412 suae
1638 2350 2099 2411 determinatio-

539 2444 660 2516 nie,
706 2444 874 2522 quia,
919 2444 1172 2520 seilicet,
1219 2446 1354 2505 sine
1391 2445 1492 2505 illa
1527 2444 1664 2504 fieri
1701 2462 1830 2503 non
1867 2448 2095 2523 potest,

537 2555 656 2597 nec
686 2537 866 2598 aliter
905 2557 1093 2617 quam
1123 2557 1199 2599 ex
1227 2540 1558 2600 intrinseca
1589 2544 1651 2597 et
1677 2537 1872 2597 libera
1901 2536 2102 2616 appli-

539 2628 783 2690 catione
815 2631 990 2708 ejus;
1025 2630 1138 2691 sed
1163 2632 1307 2693 haee
1331 2636 1426 2692 est
1453 2631 1965 2709 impropriissima
1996 2650 2103 2692 ac-

540 2722 742 2799 ceptio
771 2724 960 2802 hujus
985 2724 1156 2785 vocis
1181 2770 1196 2795 ,
1243 2730 1304 2785 et
1335 2724 1479 2785 ideo
1506 2724 1610 2784 illa
1639 2723 1945 2785 utendum
1972 2743 2101 2785 non

540 2820 677 2887 est,
727 2834 846 2876 nec
895 2816 1195 2877 voluntati
1247 2821 1470 2877 creatae
1523 2816 1941 2877 attribuenda.
2005 2820 2101 2877 An

537 2924 686 2966 vero
716 2908 814 2969 hic
841 2908 1066 2969 modus
1095 2908 1398 2989 operandi
1437 2910 1588 2969 satis
1615 2909 1694 2969 sit
1719 2914 1790 2969 ut
1815 2909 2103 2969 voluntas

543 3005 752 3059 creata
792 3000 1036 3061 dicatur
1065 3002 1338 3080 primum
1369 3000 1612 3061 initium
1645 3019 1772 3061 suae
1807 3000 2103 3062 determi-

537 3090 831 3165 nationi8‚
863 3092 1142 3155 dicemus
1165 3095 1228 3155 in
1253 3094 1454 3174 capite
1481 3094 1698 3156 ultimo
1727 3095 1914 3173 hujus
1936 3095 2097 3156 libri.

539 3184 695 3244 Nam
723 3184 784 3244 in
815 3187 1190 3263 quibusdam
1218 3188 1458 3248 actibus
1487 3187 1842 3261 voluntatiS‚
1870 3188 2103 3249 scilicet

540 3276 606 3335 in
633 3277 849 3351 malis,
888 3296 1223 3357 possumus
1261 3279 1622 3359 simpliciter
1662 3280 1746 3340 ita
1777 3279 1995 3357 loqui;
2034 3279 2101 3340 in

539 3367 722 3430 bonis
775 3377 986 3432 autem
1012 3417 1028 3446 ‚
1085 3373 1428 3451 praesertim
1479 3373 2057 3451 supernaturalibus
2084 3417 2099 3446 ‚

540 3479 669 3522 non
703 3463 810 3535 ita,
857 3465 1028 3543 quia,
1067 3464 1212 3526 licet
1238 3465 1300 3525 in
1333 3465 1439 3525 tali
1475 3465 1997 3526 determinatione
2034 3466 2104 3526 li·

539 3552 693 3614 bera
720 3557 1008 3618 voluntas
1037 3577 1184 3618 suas
1214 3565 1425 3637 partes
1455 3557 1706 3630 habeat,
1740 3563 1955 3618 tamen
1978 3559 2105 3637 pri-

538 3662 715 3707 mum
745 3647 988 3710 initium
1030 3651 1166 3729 ejus
1201 3669 1330 3710 non
1371 3656 1467 3712 est
1494 3650 1652 3726 ipsa,
1695 3650 1806 3712 sed
1839 3669 1916 3711 ex
1942 3653 2097 3724 De0‚

540 3739 645 3816 qui
690 3757 830 3801 eam
871 3749 1183 3822 praeparat
1211 3749 1274 3804 et
1312 3743 1566 3822 adjuvat
1597 3749 1666 3804 ut
1701 3761 1770 3804 se
1809 3743 2099 3805 determi-

538 3837 668 3905 net,
703 3840 773 3894 ut
799 3834 984 3896 latius
1013 3853 1127 3896 suo
1157 3837 1294 3896 loco
1326 3835 1752 3914 explicabitur.

555 4031 896 4097 Voluntatis
937 4034 1352 4098 determinatio
1391 4035 1472 4097 ad
1505 4035 1760 4098 liborum
1791 4041 1995 4099 actum
2026 4039 2099 4099 ab

620 4127 954 4191 eoetrinseco
986 4130 1300 4208 provenire
1333 4145 1454 4188 non
1483 4133 1706 4208 potest.
1748 4161 1830 4174 —
1853 4129 1987 4210 Noc
2027 4131 2100 4193 ab

616 4219 1161 4285 intellectu—Nec
1189 4223 1260 4283 ab
1287 4221 1494 4283 habitu
1519 4220 2101 4287 voluntatis.-Neo

615 4311 688 4372 ab
711 4311 830 4375 alio
857 4317 998 4375 actu
1021 4311 1240 4393 primo.

611 4485 671 4542 9.
721 4482 920 4560 Atque
945 4481 1030 4542 ita
1055 4480 1240 4542 simul
1269 4483 1530 4560 probata
1557 4489 1652 4546 est
1675 4486 1935 4546 assertio
1957 4504 2095 4564 pro-

529 4573 730 4652 posita
755 4619 772 4644 ‚
823 4580 885 4635 et
928 4575 1216 4654 expedita
1269 4575 1535 4654 objectio
1586 4577 1651 4636 in
1712 4579 2093 4638 contrarium

525 4667 713 4740 facta,
755 4673 983 4745 praeter
1009 4668 1296 4728 ultimam
1327 4668 1888 4747 confirmationem,
1923 4671 2092 4750 quod

526 4759 716 4819 etiam
745 4759 1052 4832 solvetur,
1095 4759 1386 4821 addendo
1419 4779 1650 4822 novum
1675 4763 1866 4822 robur
1895 4782 2091 4825 asser-

522 4851 675 4913 tioni
711 4852 774 4912 in
811 4853 978 4914 hune
1015 4854 1273 4914 modum
1303 4873 1318 4925 ς
1361 4873 1508 4914 nam
1547 4856 1933 4918 voluntatem
1966 4858 2091 4920 for-

521 4944 768 5006 maliter
813 4965 886 5006 ac
926 4947 1184 5025 physice
1227 4947 1630 5008 determinari
1664 4994 1679 5019 ‚
1727 4949 1881 5010 nihil
1905 4951 2091 5012 «aliud

521 5044 616 5101 est
646 5057 836 5118 quam
863 5041 1020 5102 velle
1059 5061 1076 5112 ;
1125 5059 1274 5120 ergo
1307 5059 1426 5102 nec
1454 5045 1658 5120 potest
1699 5061 1837 5105 esse
1878 5045 1960 5104 ab
1990 5065 2091 5107 ex-

519 5133 788 5208 trinseco
821 5137 1045 5212 agente
1080 5133 1212 5194 sine
1243 5133 1402 5212 ipsa,
1435 5152 1552 5194 nec
1580 5141 1784 5213 potest
1811 5155 1949 5200 esse
1981 5140 2090 5200 ali·

517 5227 669 5305 quid
692 5227 990 5305 praevium
1015 5227 1096 5286 ad
1121 5227 1328 5306 ipsum
1359 5226 1542 5300 velle,
1584 5230 1754 5306 quod
1783 5229 1864 5290 sit
1894 5249 2085 5292 causa

517 5319 794 5380 efficiens
825 5319 984 5399 eiua.
1019 5319 1416 5381 Antecedens
1444 5326 1616 5398 patet
1638 5366 1655 5395 ,
1703 5323 1850 5400 quia
1878 5323 2087 5386 deter-

511 5411 770 5474 minatio
797 5412 900 5472 ina
935 5412 1268 5474 voluntatis
1302 5412 1644 5474 intrinseca
1673 5415 1936 5490 homini,
1968 5416 2085 5477 illi-

512 5523 637 5586 que
667 5505 1002 5579 inhaerenS,
1049 5523 1176 5567 non
1206 5511 1300 5566 est
1332 5505 1452 5566 nisi
1477 5506 1542 5565 in
1574 5506 1709 5587 ipsa
1733 5508 2077 5583 voluntate,

1303 392 1512 445 OPUSC.
1549 394 1588 451 1,
1620 393 1733 445 Lm.
1769 394 1808 445 1.
1847 394 1926 445 DE
1958 392 2277 445 CONCURSU
2310 396 2413 447 mil
2446 394 2573 447 CUM
2606 391 2993 445 VOLUNTATE.

2180 494 2361 573 eique
2393 496 2739 566 inhaeren83
2780 510 2925 553 cum
2952 508 3078 550 non
3110 487 3277 549 sitin
3302 484 3656 555 intellectu,
3692 483 3769 539 ut

2176 605 2347 648 nunc
2371 604 2657 667 suppono
2690 590 2755 647 et
2782 585 2941 646 infra
2969 580 3296 644 ostendam
3330 598 3346 651 ς
3389 578 3539 657 quia
3568 572 3771 635 intel-

2176 680 2375 741 lectus
2400 699 2515 759 per
2536 694 2605 741 se
2628 678 2830 740 solum
2853 682 3059 756 potest
3082 690 3336 734 movere
3358 671 3771 731 voluntatem

2180 774 2505 852 objectum,
2552 779 2614 835 et
2642 772 2852 851 quoad
2881 766 3437 849 specificationem‚
3474 780 3608 823 non
3642 777 3775 819 au-

2178 871 2307 927 tem
2342 866 2763 927 determinare
2808 862 3001 924 illam.
3054 861 3269 937 Neque
3308 858 3497 918 etiam
3542 854 3775 933 potest

2176 960 2318 1021 talis
2348 958 2785 1021 determinatio
2830 974 2969 1017 esse
3008 955 3075 1015 in
3098 949 3495 1013 inferioribus
3526 952 3775 1027 poten-

2177 1052 2311 1125 tiis,
2358 1057 2427 1113 ut
2455 1068 2568 1131 per
2595 1069 2663 1113 se
2692 1052 2963 1121 constat,
3006 1052 3071 1108 et
3100 1064 3179 1107 ex
3202 1046 3276 1105 D.
3306 1044 3549 1105 Thoma
3581 1043 3645 1099 1.
3698 1039 3769 1103 2,

2179 1164 2239 1225 q.
2267 1146 2328 1206 9.
2362 1144 2425 1207 Si
2448 1162 2600 1223 ergo
2622 1142 3057 1205 determinatio
3084 1144 3180 1199 est
3206 1135 3464 1215 aliquid,
3498 1134 3777 1212 oportet

2178 1243 2249 1299 ut
2284 1238 2450 1297 sitin
2487 1237 2623 1316 ipsa
2649 1236 2995 1307 voluntate,
3037 1230 3391 1312 praesertim
3418 1244 3570 1289 cum
3602 1242 3777 1300 sup—

2180 1348 2489 1410 ponamus
2522 1348 2599 1391 ex
2622 1334 2799 1409 parte
2830 1326 3059 1407 objecti
3092 1330 3156 1385 et
3182 1323 3447 1383 aliarum
3476 1320 3779 1383 circum-

2184 1424 2577 1495 stantiarum,
2606 1423 2741 1501 jam
2766 1439 2905 1483 esse
2931 1418 3135 1499 posita
3164 1416 3285 1477 alia
3314 1410 3777 1495 praerequisita

2184 1514 2395 1575 omnia
2420 1514 2501 1575 ad
2524 1514 2865 1593 agendum,
2908 1512 3237 1587 solumque
3264 1508 3489 1569 deesse
3516 1506 3780 1565 forma-

2181 1608 2307 1669 lem
2356 1613 2422 1669 et
2465 1607 2868 1667 intrinsecam
2912 1602 3501 1666 determinationem
3554 1597 3781 1676 ipsius

2180 1701 2559 1772 voluntatis;
2606 1716 2737 1760 non
2776 1716 2925 1777 ergo
2964 1702 3174 1777 potest
3208 1696 3342 1755 haec
3376 1693 3443 1753 in
3476 1691 3606 1751 alia
3648 1706 3782 1767 po-

2180 1794 2372 1853 tentia
2392 1794 2621 1863 inesse.
2650 1794 2888 1853 Rursus
2914 1792 3045 1851 haec
3066 1785 3503 1849 determinatio
3525 1784 3595 1843 in
3618 1784 3781 1860 ipsa

2178 1886 2497 1947 voluntate
2528 1903 2666 1947 esse
2698 1902 2826 1945 non
2853 1888 3059 1962 potest
3085 1880 3321 1960 aliquid
3344 1897 3459 1957 per
3484 1876 3783 1937 modum

2180 1984 2355 2040 actus
2390 1977 2597 2057 primi.
2652 1976 2807 2049 Quia
2838 1994 2967 2037 non
2996 1981 3093 2035 est
3120 1974 3400 2045 habitus;
3452 1970 3555 2030 hic
3582 1968 3781 2029 enim

2180 2091 2307 2133 non
2337 2070 2718 2133 determinat
2753 2070 3137 2137 voluntatem
3171 2112 3187 2140 ‚
3228 2065 3340 2127 sed
3368 2065 3503 2144 ipsa
3540 2064 3783 2142 potius

2180 2182 2257 2225 eo
2302 2164 2495 2224 utitur
2534 2182 2681 2243 cum
2712 2163 2864 2224 vult.
2916 2164 3133 2240 Neque
3165 2158 3474 2229 voluntaS,
3516 2174 3645 2236 per
3700 2172 3779 2215 se

2178 2255 2515 2335 loquendo,
2548 2255 2785 2332 indiget
2818 2255 2941 2315 alio
2968 2260 3113 2315 actu
3142 2252 3367 2331 primo,
3392 2248 3779 2329 praesertim

2178 2350 2261 2411 ad
2290 2349 2626 2411 eliciendos
2654 2356 2831 2409 actus
2858 2348 2975 2409 sibi
3006 2346 3509 2426 proportionatos
3543 2348 3609 2403 et
3644 2360 3783 2401 na-

2178 2442 2446 2514 turales;
2492 2444 2639 2521 quia
2672 2460 2751 2503 ex
2782 2459 2849 2501 se
2878 2446 2971 2501 est
3000 2439 3381 2501 sufficienter
3408 2437 3784 2497 constituta

2180 2535 2243 2596 in
2268 2542 2411 2595 actu
2436 2537 2635 2615 primo
2656 2580 2673 2609 ‚
2704 2542 2767 2596 et
2786 2553 2917 2595 non
2944 2532 3183 2612 indiget
3205 2532 3415 2609 aliquo
3442 2530 3783 2609 principio

2182 2646 2295 2707 per
2320 2629 2581 2689 modum
2612 2628 2843 2707 speciei
2870 2672 2885 2699 ‚
2930 2626 3091 2687 sicut
3124 2624 3401 2705 potentia
3430 2622 3789 2701 cognosci-

2180 2722 2327 2781 tiva.
2390 2724 2465 2782 Et
2512 2721 2655 2783 licet
2704 2721 2914 2798 aliquo
2960 2719 3264 2799 principio
3320 2736 3435 2796 per
3482 2716 3785 2777 modum

2182 2820 2357 2875 actus
2384 2815 2569 2892 primi
2591 2814 2904 2894 indigeret
2924 2812 3006 2873 ad
3030 2812 3272 2889 aliquos
3300 2809 3629 2871 interdum
3662 2827 3791 2868 ac-

2181 2912 2282 2967 tus
2326 2909 2834 2985 supernaturales
2855 2951 2871 2979 ,
2921 2906 3023 2966 ille
3068 2903 3443 2965 subderetur
3476 2902 3789 2961 libertati

2184 3000 2325 3078 ejus
2352 3001 2563 3077 quoad
2588 3020 2797 3073 usum,
2840 3018 2989 3061 nam
3019 3003 3186 3059 esset
3220 2996 3443 3057 eadem
3479 2994 3651 3054 ratio
3692 2994 3789 3055 de

2181 3092 2313 3167 ino,
2341 3110 2481 3171 quae
2508 3100 2601 3156 est
2638 3094 2717 3157 de
2754 3094 2999 3165 habitu;
3030 3110 3181 3172 ergo
3204 3090 3341 3152 talis
3369 3088 3791 3150 determina-

2181 3185 2267 3247 tio
2296 3187 2447 3247 nihil
2479 3187 2649 3248 aliud
2684 3205 2821 3248 esse
2854 3193 3099 3266 potest,
3150 3189 3377 3264 proeter
3410 3188 3629 3243 actum
3668 3200 3793 3241 se-

2184 3279 2485 3354 cundum,
2522 3281 2625 3359 qui
2656 3287 2751 3342 est
2774 3280 2958 3353 velle,
2994 3278 3093 3338 vel
3122 3277 3283 3338 actio
3311 3273 3561 3335 volendi
3596 3274 3793 3350 (haec

2186 3375 2351 3436 enim
2396 3393 2508 3453 pro
2555 3374 2778 3436 eodem
2825 3391 2993 3434 nunc
3046 3372 3447 3451 usurpamus)
3477 3389 3493 3442 ;
3540 3388 3791 3446 neque

2184 3467 2353 3528 enim
2378 3467 2635 3545 cogitari
2662 3473 2865 3546 potest
2890 3465 3169 3526 medium
3199 3465 3362 3525 inter
3390 3469 3603 3524 actum
3640 3464 3795 3541 pri-

2182 3578 2358 3620 mum
2386 3567 2448 3622 et
2475 3561 2817 3621 secundum
2846 3605 2861 3632 ,
2908 3577 3119 3637 neque
3150 3557 3233 3618 ab
3260 3556 3595 3618 Aristotele
3642 3575 3793 3616 un·-

2183 3671 2373 3731 quam
2392 3652 2687 3714 traditum
2704 3659 2817 3714 est.
2844 3651 3261 3714 confirmatur
3278 3649 3579 3722 maxime,
3606 3649 3791 3726 quia

2182 3744 2617 3806 determinatio
2639 3744 2975 3806 voluntatis
2994 3762 3133 3805 esse
3158 3743 3348 3804 debet
3366 3741 3755 3802 voluntaria
3769 3789 3787 3811 ,

2180 3837 2459 3916 alioquin
2491 3856 2620 3898 non
2656 3838 3179 3899 determinaretur
3214 3835 3503 3895 voluntas
3546 3833 3791 3895 libero

2182 3935 2246 3990 et
2285 3935 2629 4007 spontaneo
2666 3929 2856 3991 modo
2887 3974 2904 4003 ,
2944 3929 3057 3990 sed
3090 3927 3297 4008 potius
3329 3933 3401 3988 ut
3426 3927 3791 4004 quoddam

2178 4023 2477 4095 inanime;
2502 4023 2655 4083 nihil
2676 4029 2889 4084 autem
2907 4027 3113 4102 potest
3135 4039 3273 4082 esse
3294 4019 3750 4080 voluntarium
3764 4067 3785 4093 ,

2179 4117 2299 4178 nisi
2337 4117 2435 4177 vel
2478 4123 2789 4196 supponat
2826 4121 3035 4178 actum
3073 4114 3322 4176 volendi
3352 4157 3369 4186 ‚
3404 4131 3519 4190 per
3556 4131 3793 4191 quem

2182 4211 2261 4271 sit
2278 4211 2723 4284 voluntarium,
2754 4211 2854 4271 vel
2881 4209 2959 4270 sit
2978 4210 3243 4288 ipsemet
3264 4212 3441 4267 actus
3468 4207 3789 4281 volendi,

2182 4306 2291 4382 qui
2336 4323 2452 4383 per
2494 4321 2655 4377 sese,
2702 4309 2765 4363 et
2804 4303 3139 4364 intrinsece
3174 4301 3569 4362 voluntarius
3612 4308 3785 4374 est;

2176 4397 2313 4457 haec
2344 4403 2555 4457 autem
2582 4395 3019 4458 determinatio
3043 4413 3173 4455 non
3204 4393 3503 4472 supponit
3532 4399 3791 4454 actum

2176 4490 2453 4562 volendi,
2494 4495 2563 4550 ut
2592 4507 2705 4566 per
2730 4506 2797 4548 se
2828 4491 3111 4558 constat;
3154 4504 3329 4566 ergo,
3364 4489 3433 4544 ut
3462 4486 3788 4548 volunta-

2171 4583 2266 4642 ria
2296 4584 2373 4644 sit
2405 4627 2421 4654 ‚
2473 4600 2732 4644 necesse
2764 4587 2859 4642 est
2886 4581 3091 4660 ipsam
3118 4597 3259 4641 esse
3294 4586 3504 4640 actum
3530 4578 3787 4659 ipsutn

2170 4675 2447 4737 volendi.

2254 4771 2350 4828 10.
2415 4767 2791 4834 Voluntatem
2830 4767 2958 4830 ideo
3018 4783 3080 4830 so
3146 4765 3544 4829 determinare
3598 4770 3791 4845 quia

2170 4861 2323 4933 talc,
2362 4878 2481 4921 non
2509 4861 2836 4938 efficienter
2860 4903 2877 4932 ,
2916 4861 3024 4922 sed
3042 4856 3383 4937 formaliter
3410 4863 3467 4920 et
3493 4858 3789 4922 intran-

2170 4952 2347 5016 sitive
2372 4953 2848 5033 intelliyendum.
2888 4985 2967 4998 --
3004 4951 3139 5022 Quo
3166 4949 3237 5010 fit
3264 4956 3333 5011 ut
3352 4995 3367 5023 ‚
3414 4950 3785 5027 loquendo

2172 5045 2251 5104 de
2278 5045 2411 5124 ipsa
2440 5045 2775 5106 intrinseca
2804 5043 3324 5105 determinatione
3350 5043 3727 5105 voluntaria
3754 5094 3779 5118 ‚

2169 5155 2297 5198 non
2333 5138 2473 5198 ideo
2503 5137 2791 5198 voluntas
2819 5135 3000 5207 velit,
3048 5136 3195 5215 quia
3226 5134 3479 5196 aliunde
3508 5141 3609 5196 est
3636 5136 3787 5198 de-

2168 5231 2523 5304 terminata,
2553 5231 2666 5292 sed
2691 5229 2895 5308 potius
2924 5228 3064 5290 ideo
3088 5227 3259 5304 velit,
3289 5227 3435 5307 quia
3462 5227 3781 5306 seipsam

2166 5323 2560 5397 determinat,
2584 5325 2667 5385 ita
2686 5331 2899 5384 tamen
2928 5328 3000 5383 ut
3017 5323 3083 5382 in
3104 5340 3179 5382 ea
3200 5321 3438 5382 causali
3453 5327 3627 5394 nota,
3654 5323 3785 5384 in-

2164 5413 2407 5478 dicetur
2432 5435 2623 5478 causa
2658 5415 2959 5486 formalis,
2990 5433 3117 5476 non
3147 5415 3445 5475 efficiens,
3482 5415 3646 5474 Nam
3678 5416 3779 5476 in

2164 5527 2395 5591 genere
2412 5510 2734 5572 efficientis
2748 5509 2903 5570 nihil
2920 5507 3091 5569 aliud
3114 5513 3211 5569 est
3223 5507 3611 5569 voluntatem
3628 5507 3777 5570 de—
