3850 6225
624 413 760 468 cn.
788 413 850 466 V.
885 409 1252 465 SOLVUNTUR
1282 407 1689 462 omnc'rlom
1716 406 1965 462 CONTRA
1997 407 2352 461 poculum
2385 407 2640 472 CAPlTIS,
2671 407 2806 462 E‘rc.

123 521 183 578 et
208 515 371 578 infra
397 534 411 576 ε
440 513 587 580 Non
622 520 821 579 vestro
850 514 1129 588 consilio,
1170 511 1277 576 sed
1316 512 1433 574 Dei
1468 510 1680 573 volun-

122 615 241 672 tate
265 609 385 672 hue
402 608 627 673 missu-5
654 626 813 682 sm,
844 607 951 690 qui
968 604 1113 686 feeit
1126 624 1220 669 me
1242 604 1419 687 quasi
1438 611 1679 685 patrem

120 699 485 766 Pharaoni-r.
526 701 643 764 Ubi
666 699 1195 762 considerandum
1222 703 1469 760 estnon
1486 697 1678 758 dixis-

120 813 218 856 se:
258 795 375 856 Dei
426 793 684 855 consilio
744 792 1111 854 vendidistis
1154 810 1295 864 me;
1331 791 1479 852 sed:
1528 791 1677 852 Hae

117 889 341 950 misem
372 907 528 963 sm,
574 888 745 968 quod
768 887 973 950 solum
1014 885 1324 966 significat
1346 883 1678 970 transitum

118 983 177 1042 in
202 981 545 1060 AEgyptum
586 987 651 1042 et
678 982 975 1043 effectum
1005 979 1399 1053 venditionis,
1430 979 1497 1039 in
1520 995 1673 1056 quo,

118 1081 183 1134 ut
208 1092 321 1152 per
342 1092 411 1135 se
430 1079 695 1148 constat,
719 1073 873 1134 nihil
894 1078 1029 1135 erat
1054 1073 1227 1152 quod
1254 1091 1381 1134 non
1405 1071 1678 1152 potuerit

118 1188 151 1229 a
176 1170 304 1228 Deo
325 1166 662 1246 praefiniri;
706 1172 841 1228 erat
873 1167 1043 1228 enim
1070 1166 1275 1228 bonus
1304 1166 1585 1238 effectus,
1617 1167 1681 1224 et

118 1279 223 1341 per
248 1279 317 1322 se
354 1259 598 1320 nullam
648 1260 1011 1340 requirebat
1055 1257 1337 1338 culpamf,
1386 1259 1575 1321 etiam
1612 1258 1679 1320 in

118 1353 349 1416 mediiS.
382 1355 623 1414 Rursus
650 1371 797 1415 eum
814 1355 985 1414 Deus
1006 1354 1175 1432 juste
1203 1352 1400 1431 possit
1424 1353 1679 1432 permit-

116 1451 241 1508 tere
283 1446 563 1526 culpam,
603 1447 684 1507 ad
712 1446 1085 1524 sapientiam
1130 1446 1271 1525 ejus
1298 1445 1565 1525 pertinet
1608 1451 1678 1507 ut

119 1557 249 1602 eam
274 1539 533 1619 culpam
547 1539 629 1602 nd
654 1557 805 1600 suos
826 1539 1027 1600 bonos
1057 1541 1119 1599 et
1136 1538 1485 1618 peculiares
1512 1537 1677 1600 fines

119 1633 377 1704 ordinet,
422 1639 487 1693 et
518 1633 621 1694 illo
656 1633 825 1694 malo
858 1633 1164 1712 permisso
1193 1635 1407 1694 utatur
1428 1631 1510 1692 ad
1540 1631 1675 1692 cffi-

120 1725 401 1786 ciendum
434 1725 695 1787 bonum.
732 1727 937 1804 Atque
964 1726 1052 1788 ita
1104 1725 1267 1787 idem
1298 1724 1566 1804 Joseph,
1612 1743 1669 1784 c.

124 1821 191 1880 50
238 1818 503 1891 Genes,‚
540 1817 693 1879 dixit
736 1817 819 1878 ad
866 1818 1091 1880 fratres
1130 1835 1311 1878 suos:
1369 1817 1479 1884 Vos
1512 1817 1675 1898 copi-

121 1911 283 1975 tastis
312 1913 385 1973 de
408 1929 503 1972 me
528 1911 719 1983 maza,
747 1911 857 1974 sed
879 1911 1045 1976 Dm
1080 1910 1269 1974 vertit
1305 1910 1469 1974 illud
1486 1911 1556 1972 iu
1578 1909 1676 1972 bo-

124 2023 269 2066 num.
326 2005 467 2064 Hoc
521 2010 735 2066 autem
774 2003 923 2065 facit
975 2004 1145 2064 Deus
1184 2003 1419 2083 optimo
1454 2003 1666 2063 modo.

123 2095 279 2159 Unde
322 2115 457 2158 non
494 2096 701 2158 solum
730 2097 796 2156 in
818 2096 940 2157 hoc
970 2095 1109 2175 ejus
1142 2096 1449 2176 sapientia
1473 2096 1680 2157 mani-

123 2191 386 2263 festatur,
422 2189 617 2269 quod,
646 2189 913 2270 praeviso
951 2189 1084 2269 jam
1131 2196 1389 2269 peccato
1439 2188 1673 2263 future,

124 2281 257 2342 illud
294 2281 383 2342 ad
408 2282 653 2344 bonum
693 2283 963 2356 ordinat,
1010 2282 1125 2344 sed
1149 2282 1347 2344 multo
1374 2281 1578 2363 magis
1610 2281 1677 2342 in

124 2395 187 2436 eo
215 2375 407 2454 quod,
430 2381 579 2436 ante
607 2375 941 2454 praevisum
962 2382 1289 2455 peccatum
1304 2381 1375 2437 ut
1388 2375 1672 2438 absolute

122 2467 409 2542 futurum,
450 2468 787 2548 ipsammet
812 2468 1290 2547 permissionem
1320 2469 1458 2549 ejus
1486 2469 1569 2532 ad
1600 2470 1671 2530 fi-

119 2581 247 2622 nem
286 2581 331 2623 a
379 2581 449 2623 se
487 2561 951 2642 praedefinitum
978 2563 1247 2636 ordinat,
1284 2569 1459 2625 tanta
1488 2563 1673 2624 certi-

120 2655 329 2716 tudine
376 2659 443 2718 et
495 2655 933 2718 infallibilitate
986 2674 1063 2718 ac
1104 2657 1158 2717 si
1202 2661 1412 2718 actum
1462 2656 1671 2736 ipsum

124 2748 467 2828 praefinioet.

188 2843 273 2901 Ex
304 2843 511 2904 verbis
536 2843 729 2924 igitur
757 2844 877 2906 illis
902 2845 1128 2906 Genes.
1172 2843 1253 2906 45
1280 2859 1410 2902 non
1440 2841 1675 2920 colligi-

122 2941 207 2996 tur
232 2936 560 3015 praefinitio
596 2945 775 3000 actus
827 2939 1003 3009 mali,
1050 2937 1166 2998 sed
1210 2937 1359 2998 honi
1410 2936 1673 2998 effectus

123 3029 261 3106 ejuS,
300 3029 379 3090 de
408 3047 537 3108 quo
564 3031 755 3092 etiam
780 3029 1039 3108 intelligi
1067 3035 1331 3109 possunt
1354 3029 1547 3090 verba
1565 3028 1673 3090 illa

123 3124 331 3184 GeneS.
367 3126 483 3186 50:
520 3124 694 3189 Nem
744 3126 861 3189 Dei
900 3142 1221 3207 possumus
1252 3117 1531 3188 resistere
1570 3143 1673 3185 vo-

124 3216 333 3279 luntati
350 3219 380 3277 ,²
406 3222 474 3278 ut
512 3236 643 3277 non
674 3218 752 3280 de
780 3218 1103 3280 voluntate
1130 3218 1497 3296 permissiva
1522 3234 1671 3297 pec-

127 3310 247 3381 cati,
284 3309 395 3371 sed
430 3310 511 3371 de
567 3310 999 3391 dispositione,
1028 3328 1155 3391 qua
1190 3311 1385 3373 voluit
1422 3316 1493 3371 ut
1534 3310 1667 3389 ipse

129 3410 401 3483 regnaret
452 3404 521 3463 in
546 3406 845 3485 AEgypto‚
876 3404 1320 3485 intelligantur.
1356 3406 1521 3466 Vera
1570 3409 1667 3467 ta·-

130 3514 255 3558 men
282 3504 341 3559 et
363 3498 651 3559 litteralis
688 3499 993 3578 expositio
1024 3504 1142 3571 est,
1172 3498 1278 3559 illa
1321 3498 1514 3559 verba
1559 3499 1669 3561 Jo-

130 3590 263 3669 seph
308 3608 437 3653 non
490 3591 719 3653 referri
764 3592 847 3653 ad
892 3609 1033 3653 eam
1077 3592 1459 3653 voluntatem
1478 3638 1494 3667 ,
1539 3610 1665 3671 qua

127 3686 271 3745 Dens
304 3686 498 3747 voluit
534 3686 899 3765 permittere
938 3686 1145 3765 ipsum
1184 3687 1407 3763 vendi,
1436 3704 1557 3747 nec
1584 3686 1666 3747 ad

126 3778 295 3851 illam,
309 3796 433 3859 qua
460 3778 774 3840 ordinavit
798 3779 1007 3859 ipsum
1020 3780 1085 3841 in
1102 3781 1447 3859 AEgyptum
1466 3786 1665 3841 trans-

124 3872 366 3945 mittere,
390 3872 503 3933 sed
520 3872 605 3933 ad
628 3890 795 3946 eam,
820 3890 945 3950 qua
968 3872 1219 3935 volebat
1240 3874 1409 3933 Deus
1434 3878 1507 3934 ut
1530 3872 1665 3952 ipse

128 3972 384 4041 parceret
416 3964 717 4027 fratribus
744 3965 895 4027 suis.
948 3966 1127 4029 Unde
1182 3984 1383 4045 graeca
1424 3964 1607 4027 lectio
1644 4010 1661 4039 ,

129 4055 211 4115 cui
248 4058 575 4119 conformis
621 4062 721 4119 est
752 4059 1051 4121 hebraica
1073 4104 1089 4131 ,
1148 4077 1277 4120 non
1330 4058 1525 4119 habet
1556 4058 1663 4117 illa

128 4149 337 4210 verba.
322 4168 335 4181 ·
388 4150 561 4216 Num
597 4151 716 4214 Dei
743 4169 1067 4233 possmus
1103 4151 1391 4215 resistere
1446 4150 1665 4213 volun-

133 4242 259 4305 tati.
250 4244 275 4285 ²
298 4244 407 4305 sed
430 4244 571 4305 loco
610 4244 885 4317 illorum,
916 4244 1111 4305 habet
1138 4244 1305 4305 haec:
1356 4243 1527 4308 Nam
1555 4243 1665 4305 sub

132 4334 235 4395 Deo
273 4354 399 4398 sum
424 4355 583 4419 φεμ·
622 4342 687 4398 et
710 4337 799 4397 ita
838 4336 989 4417 legit
1030 4338 1541 4416 chrysostomus,
1598 4340 1663 4397 et

132 4429 395 4505 exponit:
439 4430 635 4492 Deum
673 4430 899 4503 timeo,
952 4431 1119 4511 eique
1158 4446 1377 4511 parere
1426 4446 1661 4493 necesse

132 4527 224 4582 est.
248 4523 415 4585 Unde
450 4522 612 4583 redit
636 4521 808 4585 idem
848 4542 1071 4585 sensus
1108 4524 1471 4596 verborum,
1516 4540 1659 4601 quae

135 4618 253 4674 sunt
282 4614 345 4675 in
385 4616 652 4696 Vulgata
680 4616 940 4677 Latina·
925 4661 940 4676 .
976 4618 1113 4678 Non
1146 4633 1405 4695 possum
1430 4660 1445 4689 ,
1496 4616 1661 4677 scili-

136 4714 217 4766 cet
260 4708 413 4771 licite
436 4754 453 4781 ,
496 4710 793 4771 resistere
852 4709 1155 4771 voluntati
1206 4708 1437 4771 divinae
1460 4753 1479 4781 ‚
1534 4726 1659 4789 qua

140 4800 241 4860 vult
261 4818 357 4863 me
378 4820 637 4881 parcere
673 4802 873 4863 vobis.

202 4896 251 4953 3.
288 4893 383 4958 Aa
423 4893 720 4957 Actorum
774 4894 1121 4959 testimonia
1166 4896 1237 4956 in
1282 4910 1385 4958 con
1394 4894 1659 4957 troo-im

142 4988 1214 5067 adducta.-P1·ip1umtestimonium,
1241 4990 1537 5049 Actorum
1568 5006 1670 5049 se-

144 5080 329 5153 cundo,
370 5082 455 5142 ita
483 5082 711 5161 exponi
762 5086 989 5161 potest,
1033 5084 1105 5143 ut
1146 5080 1251 5143 illa
1290 5080 1519 5143 verba:
1552 5082 1668 5144 De-

142 5173 277 5249 finito
302 5175 547 5237 covasilio
566 5218 587 5249 ‚
643 5179 703 5237 et
744 5172 1143 5255 prescientia
1178 5174 1297 5237 Dei
1340 5173 1661 5248 traditum,

144 5282 241 5325 non
284 5266 359 5328 ad
402 5268 691 5329 eamdem
746 5284 1087 5346 personam
1138 5266 1509 5341 referantur,
1553 5267 1665 5327 sed

143 5358 425 5421 consilium
452 5361 779 5421 hominum
837 5378 977 5423 esse
1036 5360 1416 5439 intelligatur
1434 5405 1455 5436 ,
1502 5378 1659 5439 prse-

142 5450 362 5513 scientia
404 5472 551 5514 vero
588 5453 724 5515 Dei.
769 5455 905 5516 Non
958 5453 1129 5515 enim
1170 5454 1397 5515 dicitur
1448 5453 1660 5514 divino

144 5545 387 5623 consilio,
414 5546 527 5610 sed
554 5546 939 5627 simpliciter,
984 5546 1237 5624 definito
1283 5546 1554 5611 oonsilio.
1584 5547 1661 5609 Et

3203 403 3321 465 {23

1758 507 2008 572 videtur
2049 509 2350 588 expositio
2374 509 2508 571 sine
2533 509 2664 570 ulla
2689 510 2749 571 vi
2775 509 2970 572 textui
3007 510 3316 590 adaptari,

1758 603 1847 665 sic
1874 605 2043 666 enim
2077 601 2306 665 habet:
2365 605 2572 679 Hm,
2623 605 2888 686 definitio
2937 603 3205 679 oonsilio,
3263 607 3320 668 et

1750 697 2144 778 proesoimia
2181 697 2297 761 Dei
2335 696 2656 770 tradition,
2681 715 2796 776 por
2819 714 3039 760 manus
3078 696 3319 778 iniq-so-

1755 806 1893 850 rum
1922 791 2290 871 affligentes,
2313 790 2708 854 interemistis
2726 815 2752 864 ;
2781 789 2848 854 id
2875 796 2989 864 est,
3021 807 3136 850 vos
3165 790 3320 851 inte-

1756 882 2028 943 remistis
2055 883 2224 944 hunc
2237 885 2288 962 {J
2293 901 2470 944 esum
2500 882 2754 944 definito
2779 883 3034 963 quidem
3059 882 3318 945 consilio

1755 981 1992 1052 vestro,
2022 977 2154 1038 Deo
2187 983 2402 1039 autem
2415 977 2784 1057 proesciente
2811 983 2879 1039 et
2895 977 3315 1058 permittente.

1754 1068 2019 1143 Deinde,
2049 1071 2290 1132 etiamsi
2305 1077 2643 1148 utrumque
2670 1071 2750 1132 ad
2770 1072 2971 1132 Deum
2985 1069 3314 1142 referatur,

1758 1168 1857 1224 est
1880 1161 2080 1224 facilis
2107 1164 2510 1244 intelligentia
2537 1183 2552 1238 ;
2587 1181 2739 1225 nam
2777 1169 2845 1225 ut
2867 1163 3147 1225 Christus
3191 1168 3320 1224 tra-

1758 1257 2038 1330 deretur,
2071 1262 2136 1318 et
2167 1256 2498 1318 definitum
2533 1259 2647 1319 Dei
2691 1257 3020 1318 consilium
3049 1260 3112 1318 et
3157 1274 3320 1338 prai-

1758 1352 2018 1413 scientia
2051 1351 2520 1413 intervenerunt
2543 1370 2559 1424 ;
2603 1351 2930 1413 consilium
2955 1350 3212 1430 quidem
3235 1350 3320 1410 ad

1756 1447 2244 1526 permittendum
2277 1451 2518 1508 tantum
2547 1445 2774 1520 scelus,
2809 1451 2870 1508 et
2899 1445 3318 1506 ordinandum

1756 1539 1909 1600 illud
1941 1540 2006 1600 in
2037 1539 2352 1601 infinitum
2387 1540 2664 1614 bonum3
2725 1539 3112 1620 praescientia
3140 1557 3314 1612 vero,

1754 1651 1881 1714 qua
1908 1633 2080 1694 videt
2121 1635 2289 1694 Deus
2325 1651 2589 1712 pravum
2617 1651 2776 1713 opus
2803 1633 3184 1706 Judaeorum,
3215 1651 3318 1692 cu-

1746 1727 1855 1807 jus
1906 1727 2042 1805 ipse
2087 1733 2310 1788 auctor
2345 1743 2472 1788 non
2509 1732 2664 1789 erat.
2703 1727 2890 1789 Aliud
2925 1727 3116 1789 etiam
3146 1725 3320 1787 testi-

1752 1819 2040 1880 monium
2065 1819 2428 1881 facillimam
2477 1821 2668 1882 habet
2717 1820 3194 1900 intelligentiam
3239 1837 3318 1880 ex

1753 1913 2021 1992 ipsamet
2037 1913 2376 1976 verborum
2393 1913 2801 1993 inspectione,
2830 1919 2892 1974 et
2917 1913 3317 1992 ponderatio-

1756 2024 1839 2066 ne
1869 2025 1885 2080 ;
1920 2005 2009 2066 sic
2057 2007 2226 2068 enim
2267 2007 2458 2068 habet
2483 2006 2712 2088 (Actor.
2743 2008 2859 2085 4):
2909 2005 3320 2070 Convenerunt

1756 2100 2030 2162 Herodes
2057 2106 2117 2164 et
2151 2100 2410 2163 Pilatus
2437 2103 2658 2178 faeere,
2693 2118 2826 2182 μω
2852 2117 3074 2164 manus
3113 2105 3222 2163 tea
3261 2106 3321 2164 et

1756 2193 2075 2256 eonsilium
2097 2197 2266 2256 tumn
2293 2195 2678 2257 decreverunt
2689 2193 2850 2274 fieri.
2871 2195 3009 2254 Non
3043 2192 3149 2267 ait,
3177 2209 3317 2272 quoe

1756 2291 1823 2348 tu
1857 2286 2185 2348 decrevisti
2210 2290 2282 2347 ut
2303 2287 2585 2347 facerent
2611 2305 2626 2359 ;
2656 2285 2790 2360 sed,
2813 2303 2954 2366 quse
2967 2289 3147 2346 tuum
3173 2303 3320 2346 con·

1756 2380 1964 2440 silium
2019 2379 2293 2442 decrevit
2342 2378 2501 2440 fieri.
2533 2379 2818 2442 Decrevit
2847 2393 2998 2460 ergo
3029 2379 3197 2440 Deus
3249 2383 3318 2440 ut

1743 2473 2032 2542 ,Christus
2065 2477 2388 2554 pateretur
2414 2491 2528 2553 pro
2555 2472 2938 2546 hominibuS,
2969 2479 3038 2532 ut
3069 2489 3178 2534 eos
3216 2489 3309 2532 re-

1752 2565 2046 2628 dimeret:
2093 2565 2262 2646 quod
2321 2571 2532 2627 autem
2559 2565 2763 2628 Judaei
2817 2565 3100 2627 facerent
3145 2565 3316 2626 illam

1748 2657 1975 2720 Christi
1998 2658 2378 2739 passionem,
2411 2677 2540 2719 non
2568 2658 2887 2733 decrevit,
2941 2660 3053 2720 sed
3089 2658 3316 2738 permi-

1754 2753 1851 2813 sit.
1886 2754 1978 2814 Ita
2005 2753 2262 2833 exponit
2287 2753 2411 2815 Leo
2451 2753 2641 2832 Papa,
2667 2770 2854 2814 serm.
2889 2755 2970 2814 16
3001 2753 3080 2814 de
3109 2753 3308 2823 Pass„

1752 2844 1969 2906 dicens
2001 2864 2015 2906 :
2043 2845 2318 2909 Multum
2357 2846 2663 2909 diversum
2685 2850 2779 2909 eet
2797 2844 2884 2918 id,
2911 2847 3068 2926 quod
3087 2845 3154 2907 in
3181 2864 3312 2908 ma-

1752 2938 2044 3018 liyxitate
2061 2940 2116 3002 J
2112 2940 2418 3001 udoeowm
2455 2943 2548 3002 est
2578 2937 3042 3021 proeeoynitum,
3069 2943 3128 3002 et
3161 2939 3322 3019 quod

1754 3031 1819 3092 in
1848 3029 2086 3094 Christi
2117 3035 2208 3094 est
2230 3032 2514 3114 passione
2551 3031 2914 3111 dispositum
2932 3055 2959 3103 ,·
3013 3047 3134 3092 non
3177 3031 3318 3092 inde

1746 3122 2048 3205 prooessit
2057 3126 2340 3189 voluntas
2361 3126 2781 3205 interficiendi,
2811 3125 2969 3187 unde
2993 3124 3310 3187 moriendi.

1834 3215 1999 3291 Quid
2035 3216 2104 3279 in
2129 3216 2313 3281 molis
2343 3218 2578 3280 actibus
2621 3208 3005 3297 praedefiniot
3042 3216 3205 3280 Deus
3243 3234 3318 3278 em

1748 3306 2087 3391 Augustini
2122 3315 2182 3373 et
2226 3310 2522 3391 Prospere·
2551 3310 2878 3374 sententia.
2904 3342 2986 3357 -
3010 3310 3316 3371 Praeterea

1750 3402 1873 3463 duo
1890 3402 2132 3465 addunt
2155 3403 2654 3483 Augustinus,de
2678 3403 2968 3464 Prtedest.
2999 3404 3310 3478 Sanctor„

1748 3512 1887 3575 cap.
1924 3497 2024 3569 16,
2053 3502 2116 3558 et
2140 3497 2432 3573 Prosper,
2465 3496 2549 3557 ad
2571 3496 2878 3576 Excerpta
2905 3496 3219 3570 Genuen.,
3253 3516 3308 3557 c.

1746 3589 1807 3649 7.
1858 3589 2064 3651 Unum
2102 3594 2218 3661 est,
2261 3588 2495 3649 malam
2535 3589 2900 3650 Judaeorum
2927 3588 3316 3649 voluntatem

1747 3699 1875 3743 non
1918 3700 1996 3743 ex
2045 3682 2157 3743 Dei
2189 3682 2448 3743 consilio
2491 3688 2600 3743 aut
2636 3680 3127 3762 praedefinitione
3167 3700 3315 3761 pro-

1745 3776 2012 3837 cessisse
2038 3795 2054 3848 ;
2083 3776 2408 3855 supposita
2440 3781 2654 3836 tamen
2685 3792 2906 3836 eorum
2932 3774 3192 3851 malitia,
3223 3774 3314 3835 di-

1744 3869 1891 3931 vino
1912 3868 2194 3943 consili0‚
2219 3886 2292 3931 ac
2317 3868 2811 3949 praedefinitione
2841 3869 3198 3931 ordinatum
3219 3886 3314 3929 es-

1744 3980 1811 4023 se
1828 3967 1891 4023 et
1908 3968 2213 4036 taxatum,
2239 3962 2393 4041 quid
2415 3961 2498 4023 ah
2525 3962 2618 4023 eis
2633 3960 2768 4023 fieri
2785 3965 3122 4040 oporteret:
3153 3962 3316 4023 Tau·

1744 4061 1813 4120 ta
1839 4058 2060 4139 qnippe
2085 4056 2104 4133 (
2134 4056 2222 4118 ait
2250 4056 2676 4135 Augustinus)
2700 4055 2772 4118 ab
2788 4054 3054 4117 inimicis
3075 4054 3313 4117 Judoeis

1742 4150 1964 4213 manue
2008 4149 2122 4213 Dei
2165 4156 2224 4215 et
2273 4149 2594 4214 consilium
2641 4147 3080 4232 proedestinavi
3084 4152 3111 4211 t
3144 4148 3308 4229 fieri,

1743 4247 1976 4324 muta
2004 4244 2334 4307 moenita:
2369 4248 2506 4307 erat
2529 4246 2786 4325 proptor
2820 4239 3168 4304 noa‘Aliud
3218 4246 3314 4303 est

1742 4339 1944 4398 Deum
1985 4356 2113 4399 non
2137 4338 2722 4417 praedeterminasse
2757 4336 3146 4398 voluntatem
3175 4354 3312 4397 ma-

1738 4432 1867 4492 lam
1892 4433 1929 4495 J
1933 4432 2282 4501 udoeorum,
2307 4432 2418 4493 sed
2447 4431 2601 4511 quid
2625 4449 2705 4491 ex
2739 4431 2878 4511 ipsa
2897 4430 3066 4491 mala
3087 4430 3314 4493 volun-

1738 4530 1865 4586 tate
1902 4524 2037 4604 ipse
2058 4532 2223 4586 esset
2247 4524 2558 4597 facturum
2594 4531 2658 4587 et
2685 4525 2806 4585 hoc
2849 4530 2944 4586 est
2980 4524 3150 4603 quod
3185 4526 3313 4585 Au-

1740 4617 2027 4697 gustinus
2065 4618 2192 4679 ait:
2224 4618 2354 4681 Est
2387 4636 2526 4701 erqo
2567 4618 2638 4680 in
2675 4618 2977 4681 mazmm
3015 4621 3314 4699 potestate

1732 4728 1984 4792 peceare
2004 4736 2032 4783 ,·
2079 4716 2150 4775 ut
2189 4717 2390 4774 autem
2437 4712 2734 4793 peccando
2776 4712 2882 4773 hoe
2909 4710 3002 4775 ool
3049 4712 3156 4775 hoe
3193 4710 3312 4774 illa

1737 4804 1985 4868 malitia
2027 4805 2280 4880 faciant,
2307 4822 2430 4867 non
2469 4809 2562 4867 est
2611 4802 2681 4866 in
2727 4821 2932 4867 eorum
2955 4808 3251 4886 potestate
3278 4826 3306 4875 ,·
3346 4867 3356 4879 ,

1738 4898 1845 4959 sed
1868 4898 1986 4959 Dei
2009 4897 2328 4961 dividentis
2357 4898 2634 4961 tenebras
2651 4942 2666 4971 ‚
2699 4900 2758 4961 et
2795 4896 3136 4961 ordinantis
3183 4914 3307 4970 eas,

1747 4996 1818 5052 ut
1844 4988 1985 5051 hine
2022 4990 2210 5053 etiam
2227 4992 2386 5071 quod
2410 4990 2648 5065 faoiwnt
2665 4994 2878 5055 contra
2899 4990 3016 5051 Dei
3030 4990 3312 5054 volunta-

1748 5086 1887 5155 tem,
1918 5098 2038 5143 nou
2063 5082 2392 5163 impleatur
2417 5082 2543 5146 nisi
2571 5084 2850 5146 columae
2885 5084 3018 5145 Dei.
3064 5084 3314 5145 Utrum-

1746 5192 1871 5252 que
1901 5178 2114 5235 autem
2159 5175 2454 5254 explicuit
2485 5176 2772 5256 Prosper,
2821 5175 3064 5237 addens
3092 5194 3106 5235 :
3140 5174 3311 5238 Male

1744 5268 1903 5329 enim
1930 5268 2078 5331 velle
2099 5268 2464 5345 facillimum
2491 5275 2581 5333 est
2598 5270 2806 5343 malis,
2831 5274 2890 5333 et
2916 5286 3119 5331 eonem
3137 5268 3310 5330 dam-

1744 5362 2008 5425 nabilem
2025 5362 2396 5427 voluntatem
2421 5362 2662 5426 dubium
2696 5379 2818 5425 uon
2860 5368 2958 5426 eet·
2975 5361 3182 5425 divina
3199 5379 3308 5439 po-

1742 5458 1960 5518 testate
1987 5455 2286 5531 concludi,
2333 5460 2408 5518 ut
2447 5454 2726 5534 effectum
2767 5452 3128 5534 cupiditatis
3154 5471 3302 5527 suoe,

1739 5548 1868 5612 nisi
1894 5548 2002 5612 ille
2030 5548 2408 5632 permiem‘t,
2461 5548 2669 5611 habere
2711 5564 2834 5610 nou
2876 5549 3142 5633 possint.
3197 5548 3312 5615 Uti
