3850 6225
782 407 917 460 CAP.
953 409 1040 460 111.
1075 407 1325 460 FUTURA
1361 406 1818 460 comme-Enna
1850 404 1973 457 NON
2010 405 2199 458 POSSE
2230 406 2293 458 m
2326 402 2606 456 PnoxmA
2638 400 2857 463 CAUSA,
2892 401 3027 454 ETC.

289 506 480 585 hujus
503 504 968 588 cognitioniae.—
976 505 1101 579 Quo
1129 507 1198 568 id
1219 505 1426 570 dicant
1443 506 1856 586 fundamento.

290 631 373 646 --
401 599 610 660 Prima
634 598 944 659 sententia
969 605 1062 660 est
1092 599 1428 678 generalis,
1475 599 1688 659 omnia
1727 598 1860 658 haec

290 692 504 752 futura
545 709 728 770 posse
773 692 1064 770 cognosci
1107 692 1170 752 in
1217 711 1408 752 causa
1445 690 1754 772 proxima,
1797 689 1860 750 id

291 791 408 858 est,
460 786 526 845 in
573 785 890 846 voluntate
935 804 1064 846 non
1113 785 1281 846 nude
1329 793 1600 864 sumpta,
1648 783 1760 844 sed
1791 789 1859 843 ut

289 879 600 957 applicata
637 881 732 938 est
759 879 860 938 hic
899 882 960 940 et
991 897 1159 940 nunc
1184 924 1200 951 ,
1251 898 1390 940 cum
1424 881 1543 940 hoc
1565 877 1802 958 judicio
1836 922 1852 951 ‚

290 973 413 1032 hoc
461 971 736 1049 object0‚
790 971 910 1032 hac
959 972 1398 1045 inclinatione,
1459 991 1534 1034 ac
1585 972 1856 1050 denique

288 1083 436 1126 cnm
483 1065 775 1125 omnibus
821 1065 957 1126 aliis
1007 1085 1145 1144 quae
1190 1067 1365 1126 illam
1410 1072 1704 1145 possunt,
1759 1065 1858 1125 vel

291 1157 621 1237 impedire,
653 1157 750 1218 vel
781 1157 1200 1218 determinare
1231 1159 1312 1219 ad
1335 1158 1696 1218 volendum.
1739 1159 1860 1218 Ita-

287 1269 414 1330 que
443 1252 632 1311 sentit
667 1251 1000 1311 Durandus
1018 1296 1039 1327 ,
1081 1252 1146 1311 in
1174 1251 1400 1330 prime,
1448 1251 1719 1312 distinct.
1754 1251 1855 1322 38,

285 1343 616 1423 quaestion.
647 1344 868 1417 tertia;
913 1351 976 1404 et
1001 1345 1274 1406 Thomas
1311 1345 1389 1405 de
1419 1345 1763 1424 Argentina
1791 1344 1857 1404 in

287 1436 593 1508 secundo,
626 1436 894 1496 distinct.
935 1439 1042 1508 40,
1089 1437 1264 1498 artic.
1311 1439 1516 1512 tertio,
1561 1437 1642 1498 ad
1671 1455 1858 1516 argu-

283 1536 522 1602 menta,
574 1536 638 1590 et
675 1529 865 1608 aliqui
907 1530 1192 1591 moderni
1239 1531 1574 1592 Thomistae
1605 1531 1725 1592 hoc
1762 1549 1854 1590 se-

285 1629 601 1702 quuntur,
657 1630 720 1684 et
763 1625 1036 1686 afferunt
1075 1625 1284 1686 locum
1329 1625 1450 1686 divi
1493 1627 1774 1700 Thomna,
1821 1629 1847 1685 1

283 1723 454 1777 cont.
493 1717 700 1788 Gent.,
737 1718 922 1796 capit.
961 1721 1072 1792 67,
1113 1718 1354 1779 ratione
1383 1719 1586 1791 tertia,
1633 1718 1743 1779 sed
1782 1717 1854 1778 il-

281 1810 419 1870 lum
448 1811 656 1871 locum
697 1829 886 1890 supra
920 1812 1245 1889 explicavi,
1277 1813 1478 1891 capite
1519 1813 1740 1891 prim0,
1773 1812 1851 1873 de

282 1905 608 1966 effectibus
667 1904 1058 1965 naturalibus
1103 1904 1608 1984 contingentibus
1635 1951 1650 1975 ‚
1707 1924 1852 1966 cum

279 1999 570 2060 Ferrario
595 1997 702 2058 ibi.
759 1997 1088 2060 Durandus
1116 1999 1397 2060 etiamet
1425 1999 1527 2059 alii
1560 2005 1852 2060 auctores

277 2110 411 2152 non
447 2092 598 2154 satis
635 2110 771 2153 rem
801 2093 1134 2171 explicant,
1179 2093 1328 2171 quia
1373 2093 1728 2172 adjungunt
1761 2091 1854 2151 di·

273 2185 494 2246 vinam
543 2185 922 2246 voluntatem
965 2184 1128 2245 inter
1168 2191 1434 2246 caeteras
1477 2203 1724 2260 causaS,
1782 2185 1862 2246 de

279 2296 410 2358 qua
435 2297 604 2340 nunc
627 2297 756 2340 non
780 2279 1046 2358 agimus,
1069 2280 1278 2340 Potest
1299 2278 1546 2340 fundari
1570 2280 1706 2340 haec
1729 2277 1864 2359 opi-

277 2373 413 2445 nio,
439 2371 662 2452 primo,
697 2373 844 2450 quia
879 2372 1196 2434 interdum
1225 2372 1514 2435 videntur
1543 2374 1676 2434 haec
1699 2372 1861 2433 futu-

275 2485 352 2526 ra
379 2467 644 2528 revelari
672 2468 738 2528 in
772 2467 978 2529 causis
1015 2468 1165 2540 suis,
1191 2474 1261 2529 ut
1297 2468 1468 2547 apud
1495 2468 1712 2528 Matth.
1747 2471 1806 2528 ll
1839 2485 1852 2528 :

284 2560 372 2624 Si
386 2561 456 2622 in
475 2560 640 2640 Pyro
661 2565 720 2623 et
748 2560 980 2625 Sidone
1009 2561 1133 2624 hoeo
1155 2566 1350 2638 sacta,
1377 2567 1525 2634 etc„
1549 2580 1698 2622 nam
1727 2579 1858 2640 poe-

281 2653 547 2714 nitentia
573 2654 905 2732 Tyriorum
939 2657 999 2714 et
1035 2653 1434 2714 Sidoniorum
1464 2655 1551 2714 ibi
1579 2654 1856 2734 praedici-

285 2751 394 2804 tur
417 2748 488 2805 ut
510 2745 720 2806 futura
752 2765 824 2807 ex
855 2747 913 2806 vi
942 2747 1162 2807 talium
1201 2765 1559 2820 causarum,
1589 2747 1844 2818 scilicet,

279 2838 583 2900 virtutum
611 2845 672 2900 et
695 2839 1164 2914 miraculorum,
1215 2859 1362 2900 nam
1395 2841 1458 2900 in
1489 2859 1554 2901 se
1585 2859 1713 2901 non
1737 2858 1846 2919 po-

277 2931 402 2992 tuit
423 2932 749 3010 praevidcri
775 2977 790 3006 ,
829 2952 974 2993 cum
1001 2951 1329 3012 nunquam
1356 2933 1564 2994 fuerit.
1611 2934 1849 2994 Secun-

282 3025 392 3098 do,
422 3025 661 3086 ratione
685 3031 850 3086 tacta
881 3045 918 3085 a
943 3026 1275 3098 Durando;
1317 3027 1464 3104 quia
1487 3027 1650 3086 Deus
1679 3044 1848 3087 com-

285 3120 624 3198 prehendit
663 3126 956 3181 naturam
983 3120 1347 3193 voluntatiS,
1381 3124 1444 3181 et
1474 3120 1685 3182 omnia
1721 3138 1859 3199 quae

285 3212 460 3273 illam
487 3219 748 3292 possunt
769 3213 1074 3291 impedire
1097 3220 1160 3274 et
1183 3212 1609 3275 determinare
1631 3232 1646 3286 ;
1680 3232 1854 3293 ergo,

290 3305 346 3362 si
379 3305 588 3365 omnia
625 3307 758 3367 haec
800 3308 969 3367 Deus
1007 3306 1348 3379 intueatur,
1385 3306 1620 3367 videbit
1647 3306 1710 3365 in
1737 3306 1858 3367 illis

286 3397 376 3458 ad
403 3415 592 3475 quam
628 3404 872 3479 partem
911 3400 988 3459 sit
1027 3399 1504 3460 determinanda
1540 3399 1851 3460 voluntas·

285 3492 465 3553 Patet
488 3494 958 3571 consequentia,
990 3493 1138 3572 quia
1159 3539 1176 3566 ,
1225 3494 1386 3554 sicut
1417 3512 1494 3555 ex
1525 3512 1716 3555 causa
1750 3512 1858 3554 na-

282 3592 432 3647 tura
475 3604 588 3646 sua
630 3585 1042 3649 determinata
1086 3586 1170 3647 ad
1214 3605 1412 3647 unum
1432 3631 1448 3659 ,
1498 3588 1856 3649 necessario

286 3680 576 3757 sequitur
596 3680 874 3751 effectus,
891 3680 978 3740 ita
1004 3698 1082 3741 ex
1108 3698 1296 3740 cansa
1325 3679 1718 3741 indifferente
1747 3699 1858 3741 na-

283 3782 432 3836 tura
477 3792 634 3845 sua,
679 3774 728 3834 si
771 3774 1196 3853 adjungantur
1241 3774 1453 3834 omnia
1502 3792 1640 3853 quae
1687 3774 1857 3835 illam

285 3873 554 3947 possunt
577 3866 882 3946 impedire
908 3874 970 3927 ct
987 3867 1429 3940 determinare,
1459 3866 1861 3929 infallibiliter

291 3962 579 4041 sequitur
613 3960 756 4021 talis
787 3960 1061 4022 effectuS.
1116 3960 1356 4034 Tertio,
1403 3959 1552 4039 quia
1580 3961 1860 4041 Angelus

289 4056 394 4117 vel
425 4054 672 4115 daemon
696 4054 920 4115 virtute
949 4053 1217 4115 naturali
1245 4058 1452 4132 potest
1479 4072 1858 4132 cognoscere

291 4132 592 4207 futura‘in
617 4165 804 4208 eausa
830 4193 846 4220 ,
895 4146 1392 4225 probabilissima
1417 4148 1778 4225 conjectura
1799 4150 1862 4208 et

297 4240 618 4303 interdum
643 4240 963 4301 moraliter
991 4245 1191 4313 certa3
1227 4258 1380 4318 ergo
1421 4240 1608 4313 Deus,
1641 4241 1752 4319 qui
1767 4241 1859 4301 in-

293 4334 472 4395 finite
515 4342 768 4414 superat
815 4334 1128 4413 Angelum
1164 4334 1230 4394 in
1256 4334 1642 4412 perspicacia
1678 4334 1864 4397 intel-

293 4428 522 4502 lectuS,
565 4427 792 4508 poterit
831 4427 1021 4488 etiam
1061 4433 1232 4488 certo
1270 4428 1403 4487 haec
1435 4426 1502 4487 in
1541 4446 1731 4489 causa
1766 4446 1865 4489 co-

305 4540 633 4602 gnoscere.

377 4618 440 4676 4.
487 4614 772 4678 Secunda
803 4612 1022 4697 opima,
1052 4614 1212 4677 solos
1239 4616 1489 4696 effectus
1509 4616 1734 4697 qratioe
1768 4634 1864 4679 oo-

295 4710 509 4791 §nosci
546 4709 616 4770 in
651 4726 839 4771 causa
869 4707 1178 4789 proxima.
1225 4740 1306 4755 —-
1357 4706 1652 4791 Quomodo
1693 4714 1866 4772 actus

283 4820 518 4883 pravos
545 4804 818 4884 coquos-ci
845 4804 1052 4865 dicant
1077 4802 1210 4864 alii.
1229 4833 1310 4847 —
1333 4802 1622 4863 Secunda
1657 4802 1864 4883 opinio

297 4902 504 4977 potest
549 4915 688 4957 esse
737 4896 944 4957 media
976 4940 993 4970 ,
1059 4914 1171 4956 seu
1217 4895 1610 4957 distinctione
1656 4902 1861 4957 utens.

298 4995 456 5053 Nam
488 4997 636 5051 sunt
665 4989 922 5069 quidam
954 4984 1212 5050 effectus
1239 4989 1674 5069 contingentes
1691 5032 1713 5063 ‚
1759 4988 1865 5067 qui

301 5086 468 5146 fiunt
503 5104 542 5144 a
578 5084 900 5145 voluntate
929 5130 944 5158 ,
989 5084 1122 5144 sola
1169 5084 1396 5145 virtute
1429 5082 1736 5157 naturali,
1789 5101 1866 5143 ex

299 5178 586 5257 generali
621 5177 984 5239 causalitate
1028 5194 1230 5237 causae
1271 5176 1513 5255 primae.
1563 5176 1686 5237 Alii
1715 5193 1864 5237 vero

300 5276 450 5331 sunt
469 5272 726 5332 effectus
755 5270 992 5349 gratim,
1015 5270 1120 5348 qui
1147 5268 1306 5329 fiunt
1329 5269 1584 5347 speciali
1603 5268 1710 5329 Dei
1733 5285 1864 5329 mo-

302 5366 499 5437 tione,
515 5364 614 5425 vel
633 5364 886 5424 auxilio.
913 5364 1156 5425 Priores
1183 5364 1463 5436 effectus,
1479 5362 1566 5423 ait
1587 5362 1716 5423 haec
1738 5362 1865 5439 opi-

301 5458 430 5530 nio,
462 5475 590 5519 non
617 5461 881 5535 possunt
907 5458 1198 5536 cognosci
1229 5458 1290 5515 in
1317 5474 1506 5517 cansa
1535 5454 1818 5535 proxima
1843 5503 1862 5530 ,

301 5558 559 5635 propter
585 5552 860 5613 rationes
885 5550 1048 5613 infra
1076 5550 1436 5612 tractandas
1452 5596 1467 5625 ,
1503 5554 1566 5611 et
1591 5548 1740 5629 quia
1765 5548 1867 5609 hic

1942 503 2097 563 nihil
2126 503 2393 584 speciale
2423 501 2778 564 intervenit.
2830 501 3213 564 Posteriores
3244 521 3389 564 vero
3420 505 3511 565 ef-

1940 597 2141 658 fectus
2167 601 2432 676 possunt
2456 595 2750 674 cognosci
2772 613 2809 656 a
2838 596 2968 657 Deo
2998 595 3063 655 in
3092 613 3283 656 causa
3306 597 3509 675 proxi-

1940 711 2082 764 ma,
2126 691 2361 753 scilicet
2410 690 2477 750 in
2526 689 2757 750 auxilio
2804 688 3077 763 efficaci,
3126 689 3298 767 quod
3341 692 3509 752 Deus

1941 790 2193 863 praestat
2219 784 2300 846 ad
2327 785 2461 844 haec
2490 801 2681 862 opera
2710 780 3019 852 facienda,
3067 781 3144 842 de
3175 799 3302 862 quo
3332 784 3509 844 multi

1939 877 2293 958 intelligunt
2342 877 2551 939 locum
2596 875 2851 936 citatum
2905 875 3177 936 Matthaei
3226 879 3340 949 113
3390 877 3510 939 hoc

1938 978 2149 1032 autem
2181 970 2481 1032 auxilium
2516 975 2610 1030 est
2650 968 2886 1047 ailquid
2928 969 2991 1028 in
3034 969 3286 1032 homine
3316 971 3511 1030 inhae-

1939 1083 2110 1138 renS,
2152 1071 2214 1126 et
2239 1063 2615 1143 principium
2644 1061 3023 1141 proximum,
3072 1080 3184 1122 seu
3220 1081 3407 1123 causa
3438 1064 3510 1125 li-

1940 1158 2095 1218 bera
2122 1158 2503 1236 operationis
2526 1157 2694 1235 ejus;
2728 1174 2879 1236 ergo
2908 1157 3303 1236 cognoscitur
3326 1159 3510 1219 effec-

1942 1257 2043 1311 tus
2080 1251 2143 1312 in
2182 1270 2395 1312 causa.
2432 1251 2721 1322 Ouinimo
2752 1250 2944 1327 aliqui
2974 1250 3318 1312 extendunt
3347 1251 3512 1312 hanc

1941 1343 2401 1405 distinctionem
2447 1343 2528 1404 ad
2558 1349 2771 1405 actum
2805 1343 3073 1404 liberum
3101 1343 3362 1414 bonum,
3409 1345 3511 1405 vel

1938 1439 2173 1500 malum
2200 1483 2217 1510 ,
2270 1444 2340 1499 ut
2388 1437 2593 1498 malus
2649 1436 2943 1516 cognosci
2996 1455 3124 1496 non
3189 1436 3385 1516 possit
3443 1438 3507 1498 in

1939 1549 2153 1604 causa,
2204 1529 2409 1592 omnis
2454 1536 2669 1592 antem
2711 1529 2917 1590 bonus
2964 1529 3190 1607 possit;
3242 1529 3387 1608 quia
3428 1529 3509 1590 ad

1938 1625 2175 1686 malum
2204 1642 2331 1684 non
2356 1624 2463 1685 dat
2491 1625 2657 1684 Deus
2684 1623 3021 1701 specialem
3053 1623 3395 1684 motionem
3420 1623 3510 1683 in·

1940 1721 2285 1782 haerentem
2308 1719 2566 1793 homini,
2594 1725 2656 1780 et
2676 1716 3149 1779 antecedentem
3174 1718 3254 1779 ad
3275 1724 3505 1791 actum,

1934 1833 2015 1876 ne
2054 1815 2165 1876 fiat
2205 1816 2373 1876 Deus
2401 1819 2622 1874 auctor
2648 1812 2839 1884 mali;
2896 1813 2977 1874 ad
3003 1830 3255 1873 omnem
3295 1817 3511 1874 autem

1933 1907 2171 1967 bonum
2196 1911 2408 1967 actum
2434 1907 2543 1967 dat
2563 1904 2925 1985 hujusmodi
2950 1907 3317 1978 motionem,
3358 1906 3507 1983 quia

1935 2001 2192 2080 speciali
2236 2001 2423 2062 modo
2472 2007 2568 2062 est
2606 2007 2825 2061 auctor
2869 2001 3080 2060 omnis
3108 2001 3282 2062 boni.
3330 1999 3509 2063 Unde

1942 2093 2199 2155 tandem
2240 2095 2341 2154 alii
2386 2094 2518 2172 (qui
2548 2095 2685 2174 jam
2735 2094 2801 2154 in
2846 2113 2915 2156 re
2965 2093 3325 2155 coincidunt
3364 2111 3509 2155 cum

1942 2187 2147 2266 prima
2173 2187 2489 2266 opinione)
2525 2187 2765 2248 addunt
2799 2187 2971 2267 quod
2994 2233 3015 2263 ,
3062 2188 3175 2248 etsi
3217 2187 3365 2247 mali
3408 2204 3511 2248 ac-

1942 2288 2043 2342 tus
2085 2299 2215 2342 non
2252 2281 2493 2360 possint
2527 2281 2953 2361 praecognosci
2996 2281 3059 2341 in
3089 2299 3276 2342 causa
3306 2279 3509 2360 proxi-

1942 2393 2071 2446 ma,
2100 2379 2168 2434 ut
2193 2373 2465 2434 habente
2494 2373 2821 2454 positivam
2845 2374 3209 2447 motionem,
3246 2393 3370 2453 qua
3400 2374 3507 2436 de-

1938 2468 2313 2528 terminetur
2336 2466 2417 2527 ad
2442 2467 2703 2540 bonum,
2732 2466 3024 2546 cognosci
3054 2473 3267 2528 tamen
3297 2467 3358 2527 in
3400 2467 3507 2526 illa

1936 2571 2007 2621 ut
2042 2567 2295 2622 carente
2323 2560 2432 2622 tali
2460 2561 2762 2635 motione,
2802 2561 2979 2641 quia,
3019 2561 3140 2622 hoc
3170 2561 3305 2639 ipso
3337 2559 3509 2640 quod

1936 2672 2065 2714 non
2132 2659 2419 2714 movetur
2482 2658 2545 2714 et
2597 2653 3049 2715 determinatur
3100 2652 3183 2714 ad
3242 2653 3503 2725 bonum,

1931 2746 2447 2808 determinabitur
2478 2745 2561 2806 ad
2592 2746 2831 2806 malum
2858 2791 2873 2818 ,
2912 2746 3225 2824 siquidem
3252 2745 3333 2807 ad
3358 2746 3507 2807 alte-

1930 2859 2073 2902 rum
2103 2838 2581 2901 determinanda
2612 2845 2742 2909 est,
2798 2845 2859 2900 et
2888 2839 3021 2900 sine
3049 2839 3344 2918 praedicta
3374 2857 3507 2900 mo·-

1930 2935 2099 2995 tione
2128 2951 2257 2994 non
2280 2937 2487 3011 potest
2516 2933 2599 2993 ad
2622 2932 2860 2993 bonum
2889 2932 3313 2994 determinari.
3365 2934 3507 2993 Haec

1943 3034 2007 3088 et
2034 3027 2158 3100 alia
2181 3025 2543 3104 hujusmodi
2568 3025 2971 3086 invenientur
2994 3025 3057 3085 in
3087 3025 3399 3104 aliquibus
3430 3043 3507 3086 ex

1940 3120 2394 3183 recentioribus
2430 3168 2447 3194 ,

1941 3217 2203 3275 tractata
2234 3216 2401 3273 sunt.

2019 3312 2083 3370 5.
2132 3307 2345 3370 Tertia
2393 3308 2595 3386 opinio
2644 3308 2777 3370 illis
2822 3309 3115 3386 opposita.
3166 3338 3235 3351 —
3302 3308 3509 3370 Tertia

1940 3399 2151 3478 opinio
2200 3400 2579 3479 generaliter
2639 3406 2829 3481 negat
2876 3418 3060 3479 posse
3118 3400 3255 3463 haec
3299 3402 3509 3462 futura

1940 3494 2233 3575 cognosci
2258 3495 2323 3553 in
2352 3495 2481 3554 suis
2508 3496 2711 3555 causis
2742 3494 3062 3574 proximis„
3110 3496 3285 3557 Hanc
3326 3496 3510 3557 docet

1941 3606 2233 3667 expresse
2262 3589 2335 3647 D.
2366 3587 2664 3662 Thomas,
2694 3590 2723 3649 1
2756 3608 2849 3668 p.,
2880 3595 3103 3667 quaest.
3133 3592 3232 3661 14,
3256 3596 3372 3650 art.
3406 3592 3505 3661 13,

1940 3687 2003 3741 et
2031 3681 2213 3754 infra,
2242 3682 2459 3759 quaest.
2492 3683 2593 3755 57,
2622 3688 2739 3743 art.
2775 3683 2835 3756 3,
2878 3685 2941 3743 et
2971 3683 3074 3754 86,
3105 3688 3221 3744 art.
3258 3686 3318 3755 4,
3355 3688 3417 3742 et
3442 3683 3505 3742 2.

1938 3776 1997 3848 Ξ,
2032 3792 2094 3853 q.
2123 3777 2260 3846 171,
2293 3776 2409 3833 art.
2435 3774 2497 3847 6,
2525 3773 2605 3835 ad
2624 3777 2686 3849 2,
2721 3780 2783 3835 et
2810 3778 2835 3834 1
2874 3781 3089 3835 contra
3117 3781 3317 3854 gent„
3350 3794 3404 3835 c.
3430 3775 3510 3836 66

1942 3872 2005 3928 et
2030 3868 2143 3939 673
2186 3867 2542 3945 CajetanuS‚
2603 3874 2666 3928 et
2712 3868 3129 3947 Feri-ariensis
3182 3870 3276 3930 his
3329 3868 3504 3929 locis.

1940 3960 2277 4039 Capreolus
2305 3960 2429 4021 late
2458 3961 2521 4021 in
2553 3964 2612 4035 1,
2656 3960 2797 4021 dist.
2833 3962 2934 4034 38,
2968 3969 3186 4038 quaest.
3220 3966 3277 4035 1,
3311 3962 3417 4022 ubi
3446 3963 3509 4021 in

1942 4054 2059 4114 hoc
2084 4053 2465 4115 conveniunt
2510 4054 2732 4114 Scotus
2772 4061 2834 4115 et
2861 4054 3099 4116 Ocham
3127 4072 3271 4117 cum
3308 4062 3513 4117 secta-

1940 4147 2202 4222 toribus,
2232 4152 2296 4207 et
2320 4147 2453 4207 fere
2484 4148 2591 4207 alii
2614 4146 2939 4227 Theologi,
2972 4152 3034 4209 et
3059 4148 3306 4209 videtur
3332 4150 3512 4210 indu-

1940 4239 2137 4301 bitata
2163 4239 2497 4301 sententia.

2516 3137 2657 3198 quae
2704 3119 2893 3180 latius
2951 3119 3255 3198 superiori
3316 3136 3506 3199 opere

1990 4405 2363 4503 Νοιαιίοπωῐι
2382 4386 2465 4500 eid
2488 4439 3072 4594 veo-andiauntemiam
3100 4440 3471 4517 confirman-

2732 4552 2811 4594 m.

2027 4707 2088 4766 6.
2135 4706 2252 4766 Pro
2309 4704 2720 4784 explicatione
2774 4705 3101 4767 sententiae
3145 4750 3161 4781 ,
3224 4724 3511 4787 suppono

1948 4800 2146 4877 primo
2179 4798 2283 4859 hic
2321 4816 2449 4859 non
2494 4816 2632 4860 esse
2678 4817 3035 4860 sermonem
3074 4800 3155 4861 de
3196 4802 3513 4864 voluntate

1949 4892 2157 4953 divina
2184 4898 2247 4953 et
2275 4891 2741 4970 praedefiniente
2771 4936 2786 4964 ,
2828 4892 2929 4953 vel
2958 4901 3369 4955 concurrente
3400 4913 3513 4973 per

1950 4985 2303 5046 absolutum
2346 4984 2671 5045 decretum
2703 5002 2832 5045 suae
2864 4986 3223 5059 voluntatiS,
3266 4987 3379 5048 sed
3413 5005 3511 5048 so·

1946 5079 2077 5139 lum
2106 5078 2182 5139 de
2200 5097 2280 5163 ‘eo
2305 5078 2477 5156 quod
2502 5078 2566 5137 in
2592 5078 2845 5139 homine
2870 5079 3154 5153 inhaeret,
3183 5080 3283 5141 vel
3306 5081 3511 5141 inesse

1944 5177 2173 5251 potest,
2224 5190 2349 5250 quo
2384 5172 2466 5233 ad
2501 5172 2839 5233 volendum
2880 5174 2980 5233 vel
3024 5174 3367 5235 nolendum
3399 5192 3512 5235 seu

1946 5285 2071 5326 non
2100 5265 2439 5326 volendum
2465 5266 2798 5327 inducatur
2820 5266 2916 5327 vel
2939 5268 3317 5340 retrahatur,
3343 5268 3513 5346 quod

1950 5360 2153 5421 solum
2180 5378 2319 5421 esse
2348 5366 2577 5438 potest,
2608 5379 2724 5439 per
2747 5378 2814 5421 se
2844 5380 2919 5421 ac
2946 5360 3227 5439 proxime
3254 5360 3514 5439 loquen-

1948 5455 2056 5526 do,
2080 5454 2143 5513 in
2174 5455 2491 5515 voluntate
2519 5455 2621 5515 vel
2652 5454 2989 5516 intellectu.
3020 5456 3201 5526 Nam,
3229 5454 3377 5516 licet
3406 5472 3513 5514 ex-

1949 5548 2181 5609 teriora
2211 5554 2271 5607 et
2307 5547 2621 5627 appetitus
2651 5546 2983 5607 sensitivus
3025 5552 3285 5627 possent
3323 5548 3513 5611 etiam
