<?xml version="1.0" encoding="UTF-8"?>
<!DOCTYPE html PUBLIC "-//W3C//DTD XHTML 1.0 Transitional//EN"
    "http://www.w3.org/TR/xhtml1/DTD/xhtml1-transitional.dtd">
<html xmlns="http://www.w3.org/1999/xhtml" xml:lang="en" lang="en">
 <head>
  <title>
</title>
<meta http-equiv="Content-Type" content="text/html;charset=utf-8" />
  <meta name='ocr-system' content='tesseract 3.04.00' />
  <meta name='ocr-capabilities' content='ocr_page ocr_carea ocr_par ocr_line ocrx_word'/>
</head>
<body>
  <div class='ocr_page' id='page_1' title='image "./rpfranciscisuar01duvagoog_0379.png"; bbox 0 0 3850 6225; ppageno 0'>
   <div class='ocr_carea' id='block_1_1' title="bbox 703 408 2851 474">
    <p class='ocr_par' dir='ltr' id='par_1_1' title="bbox 703 408 2851 474">
     <span class='ocr_line' id='line_1_1' title="bbox 703 408 2851 474; baseline 0.001 -8"><span class='ocrx_word' id='word_1_1' title='bbox 703 412 839 468; x_wconf 75' lang='lat' dir='ltr'><strong>CAP.</strong></span> <span class='ocrx_word' id='word_1_2' title='bbox 872 411 978 468; x_wconf 76' lang='lat' dir='ltr'><strong>Vll.</strong></span> <span class='ocrx_word' id='word_1_3' title='bbox 1015 412 1426 468; x_wconf 65' lang='lat' dir='ltr'><strong>ottomanus</strong></span> <span class='ocrx_word' id='word_1_4' title='bbox 1458 409 1664 466; x_wconf 68' lang='lat' dir='ltr'>HODUS</span> <span class='ocrx_word' id='word_1_5' title='bbox 1697 408 1820 474; x_wconf 80' lang='lat' dir='ltr'><strong>Quo</strong></span> <span class='ocrx_word' id='word_1_6' title='bbox 1855 411 2015 466; x_wconf 75' lang='lat' dir='ltr'>DEUS</span> <span class='ocrx_word' id='word_1_7' title='bbox 2048 409 2185 466; x_wconf 67' lang='grc' dir='ltr'><strong>ΠΕΟ</strong></span> <span class='ocrx_word' id='word_1_8' title='bbox 2218 411 2465 468; x_wconf 72' lang='lat' dir='ltr'>FUTURA</span> <span class='ocrx_word' id='word_1_9' title='bbox 2497 411 2851 470; x_wconf 79' lang='lat' dir='ltr'><strong>COGNOSCIT.</strong></span> 
     </span>
    </p>
   </div>
   <div class='ocr_carea' id='block_1_2' title="bbox 173 515 1741 5628">
    <p class='ocr_par' dir='ltr' id='par_1_2' title="bbox 179 515 1741 1434">
     <span class='ocr_line' id='line_1_2' title="bbox 185 515 1741 598; baseline 0 -23"><span class='ocrx_word' id='word_1_10' title='bbox 185 516 406 588; x_wconf 86' lang='lat' dir='ltr'><strong>medio,</strong></span> <span class='ocrx_word' id='word_1_11' title='bbox 459 515 574 576; x_wconf 89' lang='lat' dir='ltr'><strong>sed</strong></span> <span class='ocrx_word' id='word_1_12' title='bbox 615 516 678 576; x_wconf 90' lang='lat' dir='ltr'><strong>in</strong></span> <span class='ocrx_word' id='word_1_13' title='bbox 707 517 950 596; x_wconf 77' lang='lat' dir='ltr'><strong>seipsi3‚</strong></span> <span class='ocrx_word' id='word_1_14' title='bbox 985 523 1046 579; x_wconf 88' lang='lat' dir='ltr'><strong>et</strong></span> <span class='ocrx_word' id='word_1_15' title='bbox 1075 536 1189 598; x_wconf 88' lang='lat' dir='ltr'><strong>per</strong></span> <span class='ocrx_word' id='word_1_16' title='bbox 1213 517 1474 578; x_wconf 88' lang='lat' dir='ltr'><strong>modum</strong></span> <span class='ocrx_word' id='word_1_17' title='bbox 1503 515 1741 595; x_wconf 88' lang='lat' dir='ltr'><strong>simpli-</strong></span> 
     </span>
     <span class='ocr_line' id='line_1_3' title="bbox 184 607 1740 689; baseline 0.001 -20"><span class='ocrx_word' id='word_1_18' title='bbox 184 609 265 669; x_wconf 89' lang='lat' dir='ltr'><strong>cis</strong></span> <span class='ocrx_word' id='word_1_19' title='bbox 302 607 668 681; x_wconf 79' lang='lat' dir='ltr'><strong>intuitioniS,</strong></span> <span class='ocrx_word' id='word_1_20' title='bbox 705 629 832 670; x_wconf 91' lang='lat' dir='ltr'><strong>non</strong></span> <span class='ocrx_word' id='word_1_21' title='bbox 861 611 1008 689; x_wconf 84' lang='lat' dir='ltr'><strong>quia</strong></span> <span class='ocrx_word' id='word_1_22' title='bbox 1050 610 1473 671; x_wconf 84' lang='lat' dir='ltr'><strong>necessariam</strong></span> <span class='ocrx_word' id='word_1_23' title='bbox 1501 627 1740 670; x_wconf 90' lang='lat' dir='ltr'><strong>conne-</strong></span> 
     </span>
     <span class='ocr_line' id='line_1_4' title="bbox 181 701 1739 781; baseline 0 -21"><span class='ocrx_word' id='word_1_24' title='bbox 181 704 426 761; x_wconf 79' lang='lat' dir='ltr'><strong>xionem</strong></span> <span class='ocrx_word' id='word_1_25' title='bbox 455 701 754 774; x_wconf 86' lang='lat' dir='ltr'><strong>habeant,</strong></span> <span class='ocrx_word' id='word_1_26' title='bbox 789 702 900 763; x_wconf 90' lang='lat' dir='ltr'><strong>sed</strong></span> <span class='ocrx_word' id='word_1_27' title='bbox 926 702 1074 781; x_wconf 89' lang='lat' dir='ltr'><strong>quia</strong></span> <span class='ocrx_word' id='word_1_28' title='bbox 1112 702 1349 763; x_wconf 84' lang='lat' dir='ltr'><strong>realem</strong></span> <span class='ocrx_word' id='word_1_29' title='bbox 1381 708 1445 762; x_wconf 89' lang='lat' dir='ltr'><strong>et</strong></span> <span class='ocrx_word' id='word_1_30' title='bbox 1473 701 1739 762; x_wconf 83' lang='lat' dir='ltr'><strong>existen·</strong></span> 
     </span>
     <span class='ocr_line' id='line_1_5' title="bbox 183 793 1738 873; baseline 0 -19"><span class='ocrx_word' id='word_1_31' title='bbox 183 801 298 854; x_wconf 89' lang='lat' dir='ltr'><strong>tem</strong></span> <span class='ocrx_word' id='word_1_32' title='bbox 328 795 784 856; x_wconf 82' lang='lat' dir='ltr'><strong>connexionem</strong></span> <span class='ocrx_word' id='word_1_33' title='bbox 833 796 1092 870; x_wconf 88' lang='lat' dir='ltr'><strong>habent,</strong></span> <span class='ocrx_word' id='word_1_34' title='bbox 1143 813 1284 873; x_wconf 81' lang='lat' dir='ltr'><strong>quae</strong></span> <span class='ocrx_word' id='word_1_35' title='bbox 1324 793 1630 855; x_wconf 83' lang='lat' dir='ltr'><strong>videatur.</strong></span> <span class='ocrx_word' id='word_1_36' title='bbox 1660 795 1738 854; x_wconf 82' lang='lat' dir='ltr'><strong>At</strong></span> 
     </span>
     <span class='ocr_line' id='line_1_6' title="bbox 181 887 1738 967; baseline 0 -21"><span class='ocrx_word' id='word_1_37' title='bbox 181 907 320 947; x_wconf 81' lang='lat' dir='ltr'><strong>vero</strong></span> <span class='ocrx_word' id='word_1_38' title='bbox 365 889 498 948; x_wconf 71' lang='lat' dir='ltr'><strong>haec</strong></span> <span class='ocrx_word' id='word_1_39' title='bbox 529 887 973 962; x_wconf 83' lang='lat' dir='ltr'><strong>conditionata,</strong></span> <span class='ocrx_word' id='word_1_40' title='bbox 1005 889 1154 967; x_wconf 88' lang='lat' dir='ltr'><strong>quia</strong></span> <span class='ocrx_word' id='word_1_41' title='bbox 1183 904 1506 966; x_wconf 88' lang='lat' dir='ltr'><strong>nunquam</strong></span> <span class='ocrx_word' id='word_1_42' title='bbox 1559 887 1738 946; x_wconf 87' lang='lat' dir='ltr'><strong>habi-</strong></span> 
     </span>
     <span class='ocr_line' id='line_1_7' title="bbox 181 982 1740 1060; baseline -0.001 -18"><span class='ocrx_word' id='word_1_43' title='bbox 181 989 310 1042; x_wconf 88' lang='lat' dir='ltr'><strong>tura</strong></span> <span class='ocrx_word' id='word_1_44' title='bbox 338 988 482 1043; x_wconf 90' lang='lat' dir='ltr'><strong>sunt</strong></span> <span class='ocrx_word' id='word_1_45' title='bbox 507 1001 670 1052; x_wconf 88' lang='lat' dir='ltr'><strong>esse,</strong></span> <span class='ocrx_word' id='word_1_46' title='bbox 702 1002 820 1044; x_wconf 89' lang='lat' dir='ltr'><strong>nec</strong></span> <span class='ocrx_word' id='word_1_47' title='bbox 843 984 963 1044; x_wconf 89' lang='lat' dir='ltr'><strong>hoc</strong></span> <span class='ocrx_word' id='word_1_48' title='bbox 991 982 1182 1043; x_wconf 90' lang='lat' dir='ltr'><strong>modo</strong></span> <span class='ocrx_word' id='word_1_49' title='bbox 1199 988 1464 1060; x_wconf 86' lang='lat' dir='ltr'><strong>possunt</strong></span> <span class='ocrx_word' id='word_1_50' title='bbox 1490 982 1554 1040; x_wconf 91' lang='lat' dir='ltr'><strong>in</strong></span> <span class='ocrx_word' id='word_1_51' title='bbox 1578 982 1740 1060; x_wconf 87' lang='lat' dir='ltr'><strong>seip-</strong></span> 
     </span>
     <span class='ocr_line' id='line_1_8' title="bbox 183 1073 1740 1147; baseline -0.002 -11"><span class='ocrx_word' id='word_1_52' title='bbox 183 1077 258 1136; x_wconf 85' lang='lat' dir='ltr'><strong>sis</strong></span> <span class='ocrx_word' id='word_1_53' title='bbox 303 1073 521 1147; x_wconf 83' lang='lat' dir='ltr'><strong>videri,</strong></span> <span class='ocrx_word' id='word_1_54' title='bbox 567 1093 684 1136; x_wconf 87' lang='lat' dir='ltr'><strong>nec</strong></span> <span class='ocrx_word' id='word_1_55' title='bbox 725 1093 871 1136; x_wconf 83' lang='lat' dir='ltr'><strong>vere</strong></span> <span class='ocrx_word' id='word_1_56' title='bbox 915 1075 1154 1135; x_wconf 91' lang='lat' dir='ltr'><strong>habent</strong></span> <span class='ocrx_word' id='word_1_57' title='bbox 1193 1075 1258 1136; x_wconf 89' lang='lat' dir='ltr'><strong>iu</strong></span> <span class='ocrx_word' id='word_1_58' title='bbox 1303 1092 1370 1134; x_wconf 88' lang='lat' dir='ltr'><strong>se</strong></span> <span class='ocrx_word' id='word_1_59' title='bbox 1408 1074 1740 1134; x_wconf 83' lang='lat' dir='ltr'><strong>connexio-</strong></span> 
     </span>
     <span class='ocr_line' id='line_1_9' title="bbox 181 1165 1740 1250; baseline -0.003 -22"><span class='ocrx_word' id='word_1_60' title='bbox 181 1185 318 1228; x_wconf 88' lang='lat' dir='ltr'><strong>nem</strong></span> <span class='ocrx_word' id='word_1_61' title='bbox 353 1167 458 1228; x_wconf 81' lang='lat' dir='ltr'><strong>vel</strong></span> <span class='ocrx_word' id='word_1_62' title='bbox 503 1167 1116 1250; x_wconf 78' lang='lat' dir='ltr'><strong>determinationem,</strong></span> <span class='ocrx_word' id='word_1_63' title='bbox 1161 1185 1300 1246; x_wconf 81' lang='lat' dir='ltr'><strong>quae</strong></span> <span class='ocrx_word' id='word_1_64' title='bbox 1343 1165 1410 1226; x_wconf 83' lang='lat' dir='ltr'><strong>in</strong></span> <span class='ocrx_word' id='word_1_65' title='bbox 1447 1184 1518 1226; x_wconf 90' lang='lat' dir='ltr'><strong>se</strong></span> <span class='ocrx_word' id='word_1_66' title='bbox 1541 1165 1740 1226; x_wconf 85' lang='lat' dir='ltr'><strong>videri</strong></span> 
     </span>
     <span class='ocr_line' id='line_1_10' title="bbox 182 1259 1736 1342; baseline -0.001 -20"><span class='ocrx_word' id='word_1_67' title='bbox 182 1261 396 1342; x_wconf 83' lang='lat' dir='ltr'><strong>possit3</strong></span> <span class='ocrx_word' id='word_1_68' title='bbox 425 1261 568 1324; x_wconf 88' lang='lat' dir='ltr'><strong>ideo</strong></span> <span class='ocrx_word' id='word_1_69' title='bbox 603 1261 844 1322; x_wconf 88' lang='lat' dir='ltr'><strong>nullum</strong></span> <span class='ocrx_word' id='word_1_70' title='bbox 866 1261 1136 1339; x_wconf 85' lang='lat' dir='ltr'><strong>relinqui</strong></span> <span class='ocrx_word' id='word_1_71' title='bbox 1165 1261 1412 1322; x_wconf 85' lang='lat' dir='ltr'><strong>videtur</strong></span> <span class='ocrx_word' id='word_1_72' title='bbox 1432 1259 1736 1333; x_wconf 87' lang='lat' dir='ltr'><strong>medinm,</strong></span> 
     </span>
     <span class='ocr_line' id='line_1_11' title="bbox 179 1353 1526 1434; baseline -0.001 -20"><span class='ocrx_word' id='word_1_73' title='bbox 179 1356 501 1434; x_wconf 86' lang='lat' dir='ltr'><strong>nullusque</strong></span> <span class='ocrx_word' id='word_1_74' title='bbox 531 1354 758 1416; x_wconf 88' lang='lat' dir='ltr'><strong>modus</strong></span> <span class='ocrx_word' id='word_1_75' title='bbox 779 1373 904 1434; x_wconf 89' lang='lat' dir='ltr'><strong>quo</strong></span> <span class='ocrx_word' id='word_1_76' title='bbox 943 1353 1234 1434; x_wconf 76' lang='lat' dir='ltr'><strong>cognosci</strong></span> <span class='ocrx_word' id='word_1_77' title='bbox 1264 1353 1526 1432; x_wconf 79' lang='lat' dir='ltr'><strong>possint.</strong></span> 
     </span>
    </p>

    <p class='ocr_par' dir='ltr' id='par_1_3' title="bbox 173 1449 1737 5628">
     <span class='ocr_line' id='line_1_12' title="bbox 253 1449 1736 1527; baseline -0.003 -17"><span class='ocrx_word' id='word_1_78' title='bbox 253 1452 310 1510; x_wconf 89' lang='lat'><strong>3.</strong></span> <span class='ocrx_word' id='word_1_79' title='bbox 352 1449 578 1512; x_wconf 74' lang='lat' dir='ltr'><strong>Prima</strong></span> <span class='ocrx_word' id='word_1_80' title='bbox 603 1450 922 1512; x_wconf 73' lang='lat' dir='ltr'><strong>sententia.</strong></span> <span class='ocrx_word' id='word_1_81' title='bbox 952 1481 1034 1494; x_wconf 93' lang='lat'><strong>—</strong></span> <span class='ocrx_word' id='word_1_82' title='bbox 1061 1451 1420 1527; x_wconf 79' lang='lat' dir='ltr'><strong>Antequam</strong></span> <span class='ocrx_word' id='word_1_83' title='bbox 1454 1453 1736 1508; x_wconf 87' lang='lat' dir='ltr'><strong>nostram</strong></span> 
     </span>
     <span class='ocr_line' id='line_1_13' title="bbox 179 1539 1737 1621; baseline -0.003 -17"><span class='ocrx_word' id='word_1_84' title='bbox 179 1543 538 1604; x_wconf 81' lang='lat' dir='ltr'><strong>sententiam</strong></span> <span class='ocrx_word' id='word_1_85' title='bbox 568 1544 930 1621; x_wconf 84' lang='lat' dir='ltr'><strong>aperiamus</strong></span> <span class='ocrx_word' id='word_1_86' title='bbox 953 1588 972 1614; x_wconf 95' lang='lat'><strong>,</strong></span> <span class='ocrx_word' id='word_1_87' title='bbox 1013 1541 1142 1603; x_wconf 91' lang='lat' dir='ltr'><strong>duo</strong></span> <span class='ocrx_word' id='word_1_88' title='bbox 1165 1546 1312 1603; x_wconf 87' lang='lat' dir='ltr'><strong>sunt</strong></span> <span class='ocrx_word' id='word_1_89' title='bbox 1339 1539 1737 1616; x_wconf 74' lang='lat' dir='ltr'><strong>examinandi</strong></span> 
     </span>
     <span class='ocr_line' id='line_1_14' title="bbox 177 1633 1730 1714; baseline 0 -20"><span class='ocrx_word' id='word_1_90' title='bbox 177 1635 354 1708; x_wconf 87' lang='lat' dir='ltr'><strong>modi,</strong></span> <span class='ocrx_word' id='word_1_91' title='bbox 398 1635 630 1714; x_wconf 86' lang='lat' dir='ltr'><strong>quibus</strong></span> <span class='ocrx_word' id='word_1_92' title='bbox 687 1636 825 1696; x_wconf 84' lang='lat' dir='ltr'><strong>haec</strong></span> <span class='ocrx_word' id='word_1_93' title='bbox 877 1635 1138 1697; x_wconf 87' lang='lat' dir='ltr'><strong>scientia</strong></span> <span class='ocrx_word' id='word_1_94' title='bbox 1190 1634 1496 1698; x_wconf 87' lang='lat' dir='ltr'><strong>declarari</strong></span> <span class='ocrx_word' id='word_1_95' title='bbox 1547 1633 1730 1708; x_wconf 88' lang='lat' dir='ltr'><strong>solet,</strong></span> 
     </span>
     <span class='ocr_line' id='line_1_15' title="bbox 177 1729 1734 1808; baseline 0.001 -19"><span class='ocrx_word' id='word_1_96' title='bbox 177 1731 404 1790; x_wconf 87' lang='lat' dir='ltr'><strong>omissis</strong></span> <span class='ocrx_word' id='word_1_97' title='bbox 448 1730 591 1791; x_wconf 89' lang='lat' dir='ltr'><strong>aliis</strong></span> <span class='ocrx_word' id='word_1_98' title='bbox 610 1774 627 1802; x_wconf 95' lang='lat'><strong>,</strong></span> <span class='ocrx_word' id='word_1_99' title='bbox 674 1748 813 1808; x_wconf 78' lang='lat' dir='ltr'><strong>quae</strong></span> <span class='ocrx_word' id='word_1_100' title='bbox 861 1731 1098 1791; x_wconf 88' lang='lat' dir='ltr'><strong>nullam</strong></span> <span class='ocrx_word' id='word_1_101' title='bbox 1146 1730 1582 1791; x_wconf 85' lang='lat' dir='ltr'><strong>anctoritatem</strong></span> <span class='ocrx_word' id='word_1_102' title='bbox 1631 1729 1734 1790; x_wconf 79' lang='lat' dir='ltr'><strong>vel</strong></span> 
     </span>
     <span class='ocr_line' id='line_1_16' title="bbox 177 1822 1732 1901; baseline 0.001 -19"><span class='ocrx_word' id='word_1_103' title='bbox 177 1822 668 1901; x_wconf 82' lang='lat' dir='ltr'><strong>probabilitatem</strong></span> <span class='ocrx_word' id='word_1_104' title='bbox 697 1823 957 1894; x_wconf 87' lang='lat' dir='ltr'><strong>habent,</strong></span> <span class='ocrx_word' id='word_1_105' title='bbox 992 1823 1139 1883; x_wconf 89' lang='lat' dir='ltr'><strong>etin</strong></span> <span class='ocrx_word' id='word_1_106' title='bbox 1163 1823 1388 1884; x_wconf 84' lang='lat' dir='ltr'><strong>futuris</strong></span> <span class='ocrx_word' id='word_1_107' title='bbox 1413 1823 1598 1884; x_wconf 89' lang='lat' dir='ltr'><strong>etiam</strong></span> <span class='ocrx_word' id='word_1_108' title='bbox 1623 1823 1732 1884; x_wconf 87' lang='lat' dir='ltr'><strong>ab·-</strong></span> 
     </span>
     <span class='ocr_line' id='line_1_17' title="bbox 176 1915 1732 1994; baseline 0.001 -20"><span class='ocrx_word' id='word_1_109' title='bbox 176 1915 376 1976; x_wconf 89' lang='lat' dir='ltr'><strong>solutis</strong></span> <span class='ocrx_word' id='word_1_110' title='bbox 403 1915 484 1975; x_wconf 88' lang='lat' dir='ltr'><strong>ab</strong></span> <span class='ocrx_word' id='word_1_111' title='bbox 510 1916 808 1977; x_wconf 87' lang='lat' dir='ltr'><strong>omnibus</strong></span> <span class='ocrx_word' id='word_1_112' title='bbox 839 1916 1227 1994; x_wconf 86' lang='lat' dir='ltr'><strong>rejiciuntur.</strong></span> <span class='ocrx_word' id='word_1_113' title='bbox 1287 1916 1490 1977; x_wconf 88' lang='lat' dir='ltr'><strong>Prima</strong></span> <span class='ocrx_word' id='word_1_114' title='bbox 1520 1916 1732 1994; x_wconf 86' lang='lat' dir='ltr'><strong>itaque</strong></span> 
     </span>
     <span class='ocr_line' id='line_1_18' title="bbox 174 2008 1732 2071; baseline 0.001 -3"><span class='ocrx_word' id='word_1_115' title='bbox 174 2009 460 2069; x_wconf 86' lang='lat' dir='ltr'><strong>sententia</strong></span> <span class='ocrx_word' id='word_1_116' title='bbox 503 2009 780 2068; x_wconf 85' lang='lat' dir='ltr'><strong>affirmat</strong></span> <span class='ocrx_word' id='word_1_117' title='bbox 821 2009 978 2070; x_wconf 88' lang='lat' dir='ltr'><strong>scire</strong></span> <span class='ocrx_word' id='word_1_118' title='bbox 1021 2011 1224 2071; x_wconf 85' lang='lat' dir='ltr'><strong>Deum</strong></span> <span class='ocrx_word' id='word_1_119' title='bbox 1261 2010 1398 2070; x_wconf 78' lang='lat' dir='ltr'><strong>haec</strong></span> <span class='ocrx_word' id='word_1_120' title='bbox 1425 2008 1633 2070; x_wconf 83' lang='lat' dir='ltr'><strong>futura</strong></span> <span class='ocrx_word' id='word_1_121' title='bbox 1665 2009 1732 2070; x_wconf 89' lang='lat' dir='ltr'><strong>in</strong></span> 
     </span>
     <span class='ocr_line' id='line_1_19' title="bbox 175 2100 1732 2182; baseline 0.001 -22"><span class='ocrx_word' id='word_1_122' title='bbox 175 2102 290 2160; x_wconf 86' lang='lat' dir='ltr'><strong>suis</strong></span> <span class='ocrx_word' id='word_1_123' title='bbox 316 2100 517 2160; x_wconf 83' lang='lat' dir='ltr'><strong>causis</strong></span> <span class='ocrx_word' id='word_1_124' title='bbox 557 2100 880 2179; x_wconf 78' lang='lat' dir='ltr'><strong>proximiS‚</strong></span> <span class='ocrx_word' id='word_1_125' title='bbox 923 2109 986 2162; x_wconf 90' lang='lat' dir='ltr'><strong>et</strong></span> <span class='ocrx_word' id='word_1_126' title='bbox 1011 2102 1290 2182; x_wconf 83' lang='lat' dir='ltr'><strong>perfecta</strong></span> <span class='ocrx_word' id='word_1_127' title='bbox 1319 2103 1732 2180; x_wconf 87' lang='lat' dir='ltr'><strong>comprehen-</strong></span> 
     </span>
     <span class='ocr_line' id='line_1_20' title="bbox 175 2193 1732 2267; baseline 0.003 -15"><span class='ocrx_word' id='word_1_128' title='bbox 175 2194 332 2254; x_wconf 85' lang='lat' dir='ltr'><strong>sione</strong></span> <span class='ocrx_word' id='word_1_129' title='bbox 364 2193 566 2254; x_wconf 86' lang='lat' dir='ltr'><strong>nostri</strong></span> <span class='ocrx_word' id='word_1_130' title='bbox 595 2193 776 2254; x_wconf 87' lang='lat' dir='ltr'><strong>liberi</strong></span> <span class='ocrx_word' id='word_1_131' title='bbox 809 2194 1071 2267; x_wconf 87' lang='lat' dir='ltr'><strong>arbitrii,</strong></span> <span class='ocrx_word' id='word_1_132' title='bbox 1109 2200 1172 2256; x_wconf 90' lang='lat' dir='ltr'><strong>et</strong></span> <span class='ocrx_word' id='word_1_133' title='bbox 1199 2213 1420 2256; x_wconf 88' lang='lat' dir='ltr'><strong>eorum</strong></span> <span class='ocrx_word' id='word_1_134' title='bbox 1449 2195 1732 2256; x_wconf 90' lang='lat' dir='ltr'><strong>omnium</strong></span> 
     </span>
     <span class='ocr_line' id='line_1_21' title="bbox 175 2285 1722 2366; baseline 0.001 -20"><span class='ocrx_word' id='word_1_135' title='bbox 175 2305 298 2364; x_wconf 79' lang='lat' dir='ltr'><strong>quoe</strong></span> <span class='ocrx_word' id='word_1_136' title='bbox 327 2292 590 2364; x_wconf 82' lang='lat' dir='ltr'><strong>possunt</strong></span> <span class='ocrx_word' id='word_1_137' title='bbox 619 2285 772 2347; x_wconf 87' lang='lat' dir='ltr'><strong>illud</strong></span> <span class='ocrx_word' id='word_1_138' title='bbox 799 2285 1222 2349; x_wconf 85' lang='lat' dir='ltr'><strong>determinare</strong></span> <span class='ocrx_word' id='word_1_139' title='bbox 1249 2287 1348 2348; x_wconf 83' lang='lat' dir='ltr'><strong>vel</strong></span> <span class='ocrx_word' id='word_1_140' title='bbox 1377 2287 1680 2366; x_wconf 88' lang='lat' dir='ltr'><strong>impedire</strong></span> <span class='ocrx_word' id='word_1_141' title='bbox 1705 2306 1722 2361; x_wconf 89' lang='lat'><strong>;</strong></span> 
     </span>
     <span class='ocr_line' id='line_1_22' title="bbox 175 2378 1730 2460; baseline 0.001 -22"><span class='ocrx_word' id='word_1_142' title='bbox 175 2397 308 2438; x_wconf 87' lang='lat' dir='ltr'><strong>nam</strong></span> <span class='ocrx_word' id='word_1_143' title='bbox 328 2424 343 2450; x_wconf 92' lang='lat'><strong>,</strong></span> <span class='ocrx_word' id='word_1_144' title='bbox 378 2379 522 2440; x_wconf 87' lang='lat' dir='ltr'><strong>licet</strong></span> <span class='ocrx_word' id='word_1_145' title='bbox 546 2378 822 2440; x_wconf 88' lang='lat' dir='ltr'><strong>liberum</strong></span> <span class='ocrx_word' id='word_1_146' title='bbox 853 2379 1178 2442; x_wconf 82' lang='lat' dir='ltr'><strong>arbitrium</strong></span> <span class='ocrx_word' id='word_1_147' title='bbox 1208 2380 1376 2442; x_wconf 89' lang='lat' dir='ltr'><strong>nude</strong></span> <span class='ocrx_word' id='word_1_148' title='bbox 1408 2386 1730 2460; x_wconf 88' lang='lat' dir='ltr'><strong>sumptum</strong></span> 
     </span>
     <span class='ocr_line' id='line_1_23' title="bbox 178 2472 1732 2553; baseline 0.003 -22"><span class='ocrx_word' id='word_1_149' title='bbox 178 2472 520 2532; x_wconf 85' lang='lat' dir='ltr'><strong>indifferens</strong></span> <span class='ocrx_word' id='word_1_150' title='bbox 547 2472 652 2544; x_wconf 88' lang='lat' dir='ltr'><strong>sit,</strong></span> <span class='ocrx_word' id='word_1_151' title='bbox 683 2477 744 2532; x_wconf 89' lang='lat' dir='ltr'><strong>et</strong></span> <span class='ocrx_word' id='word_1_152' title='bbox 774 2472 916 2533; x_wconf 91' lang='lat' dir='ltr'><strong>ideo</strong></span> <span class='ocrx_word' id='word_1_153' title='bbox 947 2473 1011 2534; x_wconf 88' lang='lat' dir='ltr'><strong>in</strong></span> <span class='ocrx_word' id='word_1_154' title='bbox 1035 2473 1140 2534; x_wconf 87' lang='lat' dir='ltr'><strong>illo</strong></span> <span class='ocrx_word' id='word_1_155' title='bbox 1163 2477 1234 2534; x_wconf 88' lang='lat' dir='ltr'><strong>ut</strong></span> <span class='ocrx_word' id='word_1_156' title='bbox 1258 2474 1348 2535; x_wconf 88' lang='lat' dir='ltr'><strong>sic</strong></span> <span class='ocrx_word' id='word_1_157' title='bbox 1375 2491 1504 2536; x_wconf 87' lang='lat' dir='ltr'><strong>non</strong></span> <span class='ocrx_word' id='word_1_158' title='bbox 1535 2474 1732 2553; x_wconf 83' lang='lat' dir='ltr'><strong>possit</strong></span> 
     </span>
     <span class='ocr_line' id='line_1_24' title="bbox 178 2563 1732 2645; baseline 0.003 -21"><span class='ocrx_word' id='word_1_159' title='bbox 178 2565 418 2625; x_wconf 79' lang='lat' dir='ltr'><strong>effectus</strong></span> <span class='ocrx_word' id='word_1_160' title='bbox 470 2563 930 2626; x_wconf 79' lang='lat' dir='ltr'><strong>determinatus</strong></span> <span class='ocrx_word' id='word_1_161' title='bbox 979 2566 1304 2645; x_wconf 85' lang='lat' dir='ltr'><strong>cognosci,</strong></span> <span class='ocrx_word' id='word_1_162' title='bbox 1357 2571 1572 2627; x_wconf 87' lang='lat' dir='ltr'><strong>tamen</strong></span> <span class='ocrx_word' id='word_1_163' title='bbox 1620 2566 1732 2628; x_wconf 89' lang='lat' dir='ltr'><strong>ad-</strong></span> 
     </span>
     <span class='ocr_line' id='line_1_25' title="bbox 173 2659 1726 2735; baseline 0.002 -18"><span class='ocrx_word' id='word_1_164' title='bbox 173 2659 384 2735; x_wconf 84' lang='lat' dir='ltr'><strong>junctis</strong></span> <span class='ocrx_word' id='word_1_165' title='bbox 417 2659 716 2719; x_wconf 86' lang='lat' dir='ltr'><strong>omnihus</strong></span> <span class='ocrx_word' id='word_1_166' title='bbox 739 2659 1242 2730; x_wconf 75' lang='lat' dir='ltr'><strong>circumstantiiS,</strong></span> <span class='ocrx_word' id='word_1_167' title='bbox 1273 2660 1726 2734; x_wconf 75' lang='lat' dir='ltr'><strong>occasionibuS,</strong></span> 
     </span>
     <span class='ocr_line' id='line_1_26' title="bbox 178 2751 1732 2830; baseline 0.001 -20"><span class='ocrx_word' id='word_1_168' title='bbox 178 2752 362 2811; x_wconf 85' lang='lat' dir='ltr'><strong>causis</strong></span> <span class='ocrx_word' id='word_1_169' title='bbox 397 2757 458 2812; x_wconf 91' lang='lat' dir='ltr'><strong>et</strong></span> <span class='ocrx_word' id='word_1_170' title='bbox 495 2751 982 2830; x_wconf 79' lang='lat' dir='ltr'><strong>cogitationibus</strong></span> <span class='ocrx_word' id='word_1_171' title='bbox 1022 2770 1164 2830; x_wconf 79' lang='lat' dir='ltr'><strong>quae</strong></span> <span class='ocrx_word' id='word_1_172' title='bbox 1207 2752 1306 2813; x_wconf 88' lang='lat' dir='ltr'><strong>hic</strong></span> <span class='ocrx_word' id='word_1_173' title='bbox 1351 2757 1416 2814; x_wconf 89' lang='lat' dir='ltr'><strong>et</strong></span> <span class='ocrx_word' id='word_1_174' title='bbox 1448 2771 1616 2814; x_wconf 88' lang='lat' dir='ltr'><strong>nunc</strong></span> <span class='ocrx_word' id='word_1_175' title='bbox 1657 2754 1732 2813; x_wconf 91' lang='lat' dir='ltr'><strong>il-</strong></span> 
     </span>
     <span class='ocr_line' id='line_1_27' title="bbox 177 2843 1734 2925; baseline 0.003 -23"><span class='ocrx_word' id='word_1_176' title='bbox 177 2845 274 2903; x_wconf 88' lang='lat' dir='ltr'><strong>lud</strong></span> <span class='ocrx_word' id='word_1_177' title='bbox 299 2846 722 2914; x_wconf 76' lang='lat' dir='ltr'><strong>circumstant,</strong></span> <span class='ocrx_word' id='word_1_178' title='bbox 755 2843 1158 2906; x_wconf 87' lang='lat' dir='ltr'><strong>infallibiliter</strong></span> <span class='ocrx_word' id='word_1_179' title='bbox 1186 2845 1252 2906; x_wconf 90' lang='lat' dir='ltr'><strong>in</strong></span> <span class='ocrx_word' id='word_1_180' title='bbox 1277 2845 1414 2924; x_wconf 88' lang='lat' dir='ltr'><strong>ejus</strong></span> <span class='ocrx_word' id='word_1_181' title='bbox 1445 2864 1734 2925; x_wconf 87' lang='lat' dir='ltr'><strong>compre-</strong></span> 
     </span>
     <span class='ocr_line' id='line_1_28' title="bbox 177 2937 1732 3017; baseline 0.001 -20"><span class='ocrx_word' id='word_1_182' title='bbox 177 2939 458 2999; x_wconf 87' lang='lat' dir='ltr'><strong>hensione</strong></span> <span class='ocrx_word' id='word_1_183' title='bbox 489 2938 896 3016; x_wconf 82' lang='lat' dir='ltr'><strong>cognoscitur</strong></span> <span class='ocrx_word' id='word_1_184' title='bbox 919 2937 1000 2998; x_wconf 91' lang='lat' dir='ltr'><strong>ad</strong></span> <span class='ocrx_word' id='word_1_185' title='bbox 1031 2937 1182 3017; x_wconf 89' lang='lat' dir='ltr'><strong>quid</strong></span> <span class='ocrx_word' id='word_1_186' title='bbox 1205 2938 1286 3000; x_wconf 88' lang='lat' dir='ltr'><strong>sit</strong></span> <span class='ocrx_word' id='word_1_187' title='bbox 1311 2938 1732 3000; x_wconf 83' lang='lat' dir='ltr'><strong>determinan-</strong></span> 
     </span>
     <span class='ocr_line' id='line_1_29' title="bbox 178 3032 1733 3104; baseline 0.001 -12"><span class='ocrx_word' id='word_1_188' title='bbox 178 3033 332 3092; x_wconf 88' lang='lat' dir='ltr'><strong>dum.</strong></span> <span class='ocrx_word' id='word_1_189' title='bbox 363 3032 542 3104; x_wconf 88' lang='lat' dir='ltr'><strong>Quod</strong></span> <span class='ocrx_word' id='word_1_190' title='bbox 571 3032 626 3092; x_wconf 88' lang='lat' dir='ltr'><strong>si</strong></span> <span class='ocrx_word' id='word_1_191' title='bbox 649 3033 770 3092; x_wconf 90' lang='lat' dir='ltr'><strong>hoc</strong></span> <span class='ocrx_word' id='word_1_192' title='bbox 795 3051 1013 3092; x_wconf 85' lang='lat' dir='ltr'><strong>verum</strong></span> <span class='ocrx_word' id='word_1_193' title='bbox 1041 3039 1135 3092; x_wconf 88' lang='lat' dir='ltr'><strong>est</strong></span> <span class='ocrx_word' id='word_1_194' title='bbox 1154 3032 1233 3093; x_wconf 92' lang='lat' dir='ltr'><strong>de</strong></span> <span class='ocrx_word' id='word_1_195' title='bbox 1257 3033 1452 3094; x_wconf 88' lang='lat' dir='ltr'><strong>libero</strong></span> <span class='ocrx_word' id='word_1_196' title='bbox 1475 3032 1733 3093; x_wconf 87' lang='lat' dir='ltr'><strong>arbitrio</strong></span> 
     </span>
     <span class='ocr_line' id='line_1_30' title="bbox 178 3114 1732 3206; baseline 0.003 -21"><span class='ocrx_word' id='word_1_197' title='bbox 178 3133 304 3187; x_wconf 85' lang='lat' dir='ltr'><strong>actu</strong></span> <span class='ocrx_word' id='word_1_198' title='bbox 343 3127 648 3188; x_wconf 84' lang='lat' dir='ltr'><strong>existente</strong></span> <span class='ocrx_word' id='word_1_199' title='bbox 671 3170 688 3198; x_wconf 95' lang='lat'><strong>,</strong></span> <span class='ocrx_word' id='word_1_200' title='bbox 733 3126 838 3187; x_wconf 77' lang='lat' dir='ltr'><strong>vel</strong></span> <span class='ocrx_word' id='word_1_201' title='bbox 885 3114 1222 3206; x_wconf 85' lang='lat' dir='ltr'><strong>aliquando</strong></span> <span class='ocrx_word' id='word_1_202' title='bbox 1271 3125 1507 3200; x_wconf 83' lang='lat' dir='ltr'><strong>futuro,</strong></span> <span class='ocrx_word' id='word_1_203' title='bbox 1561 3126 1732 3189; x_wconf 89' lang='lat' dir='ltr'><strong>idem</strong></span> 
     </span>
     <span class='ocr_line' id='line_1_31' title="bbox 179 3216 1730 3299; baseline 0.002 -21"><span class='ocrx_word' id='word_1_204' title='bbox 179 3219 570 3296; x_wconf 79' lang='lat' dir='ltr'><strong>proculdubio</strong></span> <span class='ocrx_word' id='word_1_205' title='bbox 625 3218 743 3279; x_wconf 89' lang='lat' dir='ltr'><strong>erit</strong></span> <span class='ocrx_word' id='word_1_206' title='bbox 784 3216 862 3279; x_wconf 91' lang='lat' dir='ltr'><strong>de</strong></span> <span class='ocrx_word' id='word_1_207' title='bbox 899 3218 1006 3280; x_wconf 89' lang='lat' dir='ltr'><strong>illo</strong></span> <span class='ocrx_word' id='word_1_208' title='bbox 1052 3220 1452 3299; x_wconf 84' lang='lat' dir='ltr'><strong>apprehenso</strong></span> <span class='ocrx_word' id='word_1_209' title='bbox 1493 3220 1612 3281; x_wconf 90' lang='lat' dir='ltr'><strong>sub</strong></span> <span class='ocrx_word' id='word_1_210' title='bbox 1653 3238 1730 3281; x_wconf 86' lang='lat' dir='ltr'><strong>ea</strong></span> 
     </span>
     <span class='ocr_line' id='line_1_32' title="bbox 179 3312 1732 3385; baseline 0.003 -14"><span class='ocrx_word' id='word_1_211' title='bbox 179 3312 536 3385; x_wconf 84' lang='lat' dir='ltr'><strong>conditione,</strong></span> <span class='ocrx_word' id='word_1_212' title='bbox 569 3313 626 3373; x_wconf 91' lang='lat' dir='ltr'><strong>si</strong></span> <span class='ocrx_word' id='word_1_213' title='bbox 651 3314 718 3373; x_wconf 90' lang='lat' dir='ltr'><strong>in</strong></span> <span class='ocrx_word' id='word_1_214' title='bbox 743 3314 856 3375; x_wconf 86' lang='lat' dir='ltr'><strong>tali</strong></span> <span class='ocrx_word' id='word_1_215' title='bbox 889 3313 1218 3374; x_wconf 86' lang='lat' dir='ltr'><strong>occasione</strong></span> <span class='ocrx_word' id='word_1_216' title='bbox 1243 3319 1304 3375; x_wconf 94' lang='lat' dir='ltr'><strong>et</strong></span> <span class='ocrx_word' id='word_1_217' title='bbox 1330 3314 1732 3375; x_wconf 86' lang='lat' dir='ltr'><strong>circumstan-</strong></span> 
     </span>
     <span class='ocr_line' id='line_1_33' title="bbox 179 3406 1728 3484; baseline 0.002 -19"><span class='ocrx_word' id='word_1_218' title='bbox 179 3406 268 3465; x_wconf 84' lang='lat' dir='ltr'><strong>tiis</strong></span> <span class='ocrx_word' id='word_1_219' title='bbox 312 3408 747 3467; x_wconf 82' lang='lat' dir='ltr'><strong>constituatur.</strong></span> <span class='ocrx_word' id='word_1_220' title='bbox 805 3408 1008 3484; x_wconf 81' lang='lat' dir='ltr'><strong>Atque</strong></span> <span class='ocrx_word' id='word_1_221' title='bbox 1059 3406 1178 3467; x_wconf 87' lang='lat' dir='ltr'><strong>hac</strong></span> <span class='ocrx_word' id='word_1_222' title='bbox 1225 3406 1466 3468; x_wconf 86' lang='lat' dir='ltr'><strong>ratione</strong></span> <span class='ocrx_word' id='word_1_223' title='bbox 1505 3407 1728 3468; x_wconf 90' lang='lat' dir='ltr'><strong>merito</strong></span> 
     </span>
     <span class='ocr_line' id='line_1_34' title="bbox 181 3499 1724 3578; baseline 0.003 -21"><span class='ocrx_word' id='word_1_224' title='bbox 181 3499 350 3558; x_wconf 88' lang='lat' dir='ltr'><strong>tribui</strong></span> <span class='ocrx_word' id='word_1_225' title='bbox 385 3505 594 3578; x_wconf 82' lang='lat' dir='ltr'><strong>potest</strong></span> <span class='ocrx_word' id='word_1_226' title='bbox 643 3500 778 3559; x_wconf 78' lang='lat' dir='ltr'><strong>lioec</strong></span> <span class='ocrx_word' id='word_1_227' title='bbox 809 3499 1020 3578; x_wconf 87' lang='lat' dir='ltr'><strong>opinio</strong></span> <span class='ocrx_word' id='word_1_228' title='bbox 1048 3499 1367 3575; x_wconf 84' lang='lat' dir='ltr'><strong>Durando,</strong></span> <span class='ocrx_word' id='word_1_229' title='bbox 1399 3500 1466 3559; x_wconf 90' lang='lat' dir='ltr'><strong>in</strong></span> <span class='ocrx_word' id='word_1_230' title='bbox 1495 3503 1555 3573; x_wconf 85' lang='grc'><strong>1,</strong></span> <span class='ocrx_word' id='word_1_231' title='bbox 1583 3500 1724 3562; x_wconf 89' lang='lat' dir='ltr'><strong>dist.</strong></span> 
     </span>
     <span class='ocr_line' id='line_1_35' title="bbox 182 3592 1728 3673; baseline 0.002 -21"><span class='ocrx_word' id='word_1_232' title='bbox 182 3594 268 3663; x_wconf 87' lang='grc'><strong>38,</strong></span> <span class='ocrx_word' id='word_1_233' title='bbox 300 3599 512 3671; x_wconf 80' lang='lat' dir='ltr'><strong>quaest.</strong></span> <span class='ocrx_word' id='word_1_234' title='bbox 549 3595 590 3655; x_wconf 83' lang='lat'><strong>3</strong></span> <span class='ocrx_word' id='word_1_235' title='bbox 617 3611 632 3663; x_wconf 79' lang='grc' dir='ltr'>ς</span> <span class='ocrx_word' id='word_1_236' title='bbox 678 3594 934 3653; x_wconf 80' lang='lat' dir='ltr'><strong>Thomae</strong></span> <span class='ocrx_word' id='word_1_237' title='bbox 966 3592 1051 3664; x_wconf 66' lang='lat' dir='ltr'><strong>de,</strong></span> <span class='ocrx_word' id='word_1_238' title='bbox 1065 3595 1243 3673; x_wconf 61' lang='lat' dir='ltr'><strong>Arg„</strong></span> <span class='ocrx_word' id='word_1_239' title='bbox 1273 3594 1338 3653; x_wconf 89' lang='lat' dir='ltr'><strong>in</strong></span> <span class='ocrx_word' id='word_1_240' title='bbox 1362 3594 1432 3665; x_wconf 72' lang='lat'><strong>2,</strong></span> <span class='ocrx_word' id='word_1_241' title='bbox 1458 3593 1598 3654; x_wconf 88' lang='lat' dir='ltr'><strong>dist.</strong></span> <span class='ocrx_word' id='word_1_242' title='bbox 1622 3596 1728 3668; x_wconf 72' lang='lat'><strong>40,</strong></span> 
     </span>
     <span class='ocr_line' id='line_1_36' title="bbox 179 3686 1728 3765; baseline 0.003 -23"><span class='ocrx_word' id='word_1_243' title='bbox 179 3692 280 3745; x_wconf 85' lang='lat' dir='ltr'><strong>art.</strong></span> <span class='ocrx_word' id='word_1_244' title='bbox 309 3688 372 3757; x_wconf 87' lang='grc'><strong>3,</strong></span> <span class='ocrx_word' id='word_1_245' title='bbox 419 3687 500 3747; x_wconf 86' lang='lat' dir='ltr'><strong>ad</strong></span> <span class='ocrx_word' id='word_1_246' title='bbox 527 3704 696 3765; x_wconf 61' lang='lat' dir='ltr'><strong>arg„</strong></span> <span class='ocrx_word' id='word_1_247' title='bbox 727 3692 792 3747; x_wconf 89' lang='lat' dir='ltr'><strong>et</strong></span> <span class='ocrx_word' id='word_1_248' title='bbox 821 3686 958 3747; x_wconf 84' lang='lat' dir='ltr'><strong>aliis</strong></span> <span class='ocrx_word' id='word_1_249' title='bbox 983 3732 1000 3759; x_wconf 91' lang='lat'><strong>,</strong></span> <span class='ocrx_word' id='word_1_250' title='bbox 1047 3688 1154 3764; x_wconf 88' lang='lat' dir='ltr'><strong>qui</strong></span> <span class='ocrx_word' id='word_1_251' title='bbox 1193 3686 1488 3747; x_wconf 81' lang='lat' dir='ltr'><strong>dixerunt</strong></span> <span class='ocrx_word' id='word_1_252' title='bbox 1525 3687 1728 3747; x_wconf 88' lang='lat' dir='ltr'><strong>Deum</strong></span> 
     </span>
     <span class='ocr_line' id='line_1_37' title="bbox 177 3778 1726 3860; baseline 0.003 -24"><span class='ocrx_word' id='word_1_253' title='bbox 177 3778 284 3838; x_wconf 91' lang='lat' dir='ltr'><strong>hoc</strong></span> <span class='ocrx_word' id='word_1_254' title='bbox 316 3780 500 3841; x_wconf 82' lang='lat' dir='ltr'><strong>modo</strong></span> <span class='ocrx_word' id='word_1_255' title='bbox 539 3798 930 3859; x_wconf 83' lang='lat' dir='ltr'><strong>cognoscere</strong></span> <span class='ocrx_word' id='word_1_256' title='bbox 972 3798 1048 3839; x_wconf 90' lang='lat' dir='ltr'><strong>ea</strong></span> <span class='ocrx_word' id='word_1_257' title='bbox 1089 3780 1560 3860; x_wconf 68' lang='lat' dir='ltr'><strong>contingentia,</strong></span> <span class='ocrx_word' id='word_1_258' title='bbox 1581 3798 1726 3859; x_wconf 68' lang='lat' dir='ltr'><strong>quae</strong></span> 
     </span>
     <span class='ocr_line' id='line_1_38' title="bbox 177 3871 1726 3951; baseline 0.004 -22"><span class='ocrx_word' id='word_1_259' title='bbox 177 3890 376 3932; x_wconf 85' lang='lat' dir='ltr'><strong>revera</strong></span> <span class='ocrx_word' id='word_1_260' title='bbox 405 3879 551 3934; x_wconf 86' lang='lat' dir='ltr'><strong>sunt</strong></span> <span class='ocrx_word' id='word_1_261' title='bbox 585 3871 925 3951; x_wconf 87' lang='lat' dir='ltr'><strong>aliquando</strong></span> <span class='ocrx_word' id='word_1_262' title='bbox 959 3872 1188 3934; x_wconf 80' lang='lat' dir='ltr'><strong>futura.</strong></span> <span class='ocrx_word' id='word_1_263' title='bbox 1236 3871 1384 3944; x_wconf 79' lang='lat' dir='ltr'><strong>Quoe</strong></span> <span class='ocrx_word' id='word_1_264' title='bbox 1415 3873 1726 3935; x_wconf 85' lang='lat' dir='ltr'><strong>sententia</strong></span> 
     </span>
     <span class='ocr_line' id='line_1_39' title="bbox 179 3964 1718 4045; baseline 0.003 -22"><span class='ocrx_word' id='word_1_265' title='bbox 179 3964 345 4025; x_wconf 86' lang='lat' dir='ltr'><strong>tribui</strong></span> <span class='ocrx_word' id='word_1_266' title='bbox 375 3966 531 4027; x_wconf 89' lang='lat' dir='ltr'><strong>solet</strong></span> <span class='ocrx_word' id='word_1_267' title='bbox 559 3966 706 4027; x_wconf 82' lang='lat' dir='ltr'><strong>divo</strong></span> <span class='ocrx_word' id='word_1_268' title='bbox 739 3967 993 4027; x_wconf 79' lang='lat' dir='ltr'><strong>Thomae</strong></span> <span class='ocrx_word' id='word_1_269' title='bbox 1017 4010 1034 4039; x_wconf 89' lang='lat'><strong>,</strong></span> <span class='ocrx_word' id='word_1_270' title='bbox 1082 3970 1108 4027; x_wconf 87' lang='lat'><strong>1</strong></span> <span class='ocrx_word' id='word_1_271' title='bbox 1145 3972 1310 4027; x_wconf 87' lang='lat' dir='ltr'><strong>cont.</strong></span> <span class='ocrx_word' id='word_1_272' title='bbox 1341 3966 1550 4040; x_wconf 88' lang='lat' dir='ltr'><strong>Gent.‚</strong></span> <span class='ocrx_word' id='word_1_273' title='bbox 1581 3985 1718 4045; x_wconf 90' lang='lat' dir='ltr'><strong>cap.</strong></span> 
     </span>
     <span class='ocr_line' id='line_1_40' title="bbox 181 4040 1728 4136; baseline 0.003 -21"><span class='ocrx_word' id='word_1_274' title='bbox 181 4058 269 4127; x_wconf 80' lang='lat'><strong>67,</strong></span> <span class='ocrx_word' id='word_1_275' title='bbox 309 4040 544 4119; x_wconf 73' lang='lat' dir='ltr'><strong>raufine</strong></span> <span class='ocrx_word' id='word_1_276' title='bbox 585 4061 646 4120; x_wconf 88' lang='lat'><strong>3.</strong></span> <span class='ocrx_word' id='word_1_277' title='bbox 695 4058 822 4120; x_wconf 77' lang='lat' dir='ltr'><strong>sed</strong></span> <span class='ocrx_word' id='word_1_278' title='bbox 859 4059 942 4121; x_wconf 83' lang='lat' dir='ltr'><strong>ibi</strong></span> <span class='ocrx_word' id='word_1_279' title='bbox 986 4076 1114 4119; x_wconf 80' lang='lat' dir='ltr'><strong>non</strong></span> <span class='ocrx_word' id='word_1_280' title='bbox 1143 4060 1276 4136; x_wconf 82' lang='lat' dir='ltr'><strong>agit</strong></span> <span class='ocrx_word' id='word_1_281' title='bbox 1299 4058 1380 4119; x_wconf 68' lang='lat' dir='ltr'><strong>ae</strong></span> <span class='ocrx_word' id='word_1_282' title='bbox 1419 4059 1624 4121; x_wconf 73' lang='lat' dir='ltr'><strong>causis</strong></span> <span class='ocrx_word' id='word_1_283' title='bbox 1651 4059 1728 4128; x_wconf 58' lang='grc' dir='ltr'><strong>ιῑτ</strong></span> 
     </span>
     <span class='ocr_line' id='line_1_41' title="bbox 181 4148 1724 4227; baseline 0.005 -20"><span class='ocrx_word' id='word_1_284' title='bbox 181 4148 330 4211; x_wconf 82' lang='lat' dir='ltr'><strong>beris</strong></span> <span class='ocrx_word' id='word_1_285' title='bbox 349 4196 365 4222; x_wconf 92' lang='lat'><strong>,</strong></span> <span class='ocrx_word' id='word_1_286' title='bbox 401 4151 516 4212; x_wconf 86' lang='lat' dir='ltr'><strong>sed</strong></span> <span class='ocrx_word' id='word_1_287' title='bbox 543 4152 626 4213; x_wconf 88' lang='lat' dir='ltr'><strong>de</strong></span> <span class='ocrx_word' id='word_1_288' title='bbox 653 4152 791 4213; x_wconf 85' lang='lat' dir='ltr'><strong>aliis</strong></span> <span class='ocrx_word' id='word_1_289' title='bbox 811 4194 832 4227; x_wconf 87' lang='lat'><strong>,</strong></span> <span class='ocrx_word' id='word_1_290' title='bbox 875 4155 946 4213; x_wconf 89' lang='lat' dir='ltr'><strong>ut</strong></span> <span class='ocrx_word' id='word_1_291' title='bbox 977 4152 1166 4213; x_wconf 84' lang='lat' dir='ltr'><strong>etiam</strong></span> <span class='ocrx_word' id='word_1_292' title='bbox 1201 4151 1446 4213; x_wconf 76' lang='lat' dir='ltr'><strong>Feri-ar.</strong></span> <span class='ocrx_word' id='word_1_293' title='bbox 1483 4152 1724 4214; x_wconf 88' lang='lat' dir='ltr'><strong>intelle·</strong></span> 
     </span>
     <span class='ocr_line' id='line_1_42' title="bbox 181 4242 1727 4323; baseline 0.005 -23"><span class='ocrx_word' id='word_1_294' title='bbox 181 4242 275 4302; x_wconf 84' lang='lat' dir='ltr'><strong>xit.</strong></span> <span class='ocrx_word' id='word_1_295' title='bbox 319 4245 520 4307; x_wconf 85' lang='lat' dir='ltr'><strong>Potest</strong></span> <span class='ocrx_word' id='word_1_296' title='bbox 563 4248 778 4305; x_wconf 84' lang='lat' dir='ltr'><strong>tamen</strong></span> <span class='ocrx_word' id='word_1_297' title='bbox 815 4245 880 4305; x_wconf 88' lang='lat' dir='ltr'><strong>in</strong></span> <span class='ocrx_word' id='word_1_298' title='bbox 919 4244 1108 4323; x_wconf 88' lang='lat' dir='ltr'><strong>hujus</strong></span> <span class='ocrx_word' id='word_1_299' title='bbox 1144 4246 1468 4307; x_wconf 75' lang='lat' dir='ltr'><strong>sententiae</strong></span> <span class='ocrx_word' id='word_1_300' title='bbox 1503 4247 1727 4307; x_wconf 84' lang='lat' dir='ltr'><strong>contir-</strong></span> 
     </span>
     <span class='ocr_line' id='line_1_43' title="bbox 183 4337 1729 4417; baseline 0.003 -22"><span class='ocrx_word' id='word_1_301' title='bbox 183 4337 501 4399; x_wconf 87' lang='lat' dir='ltr'><strong>mationem</strong></span> <span class='ocrx_word' id='word_1_302' title='bbox 545 4337 775 4399; x_wconf 87' lang='lat' dir='ltr'><strong>adduci</strong></span> <span class='ocrx_word' id='word_1_303' title='bbox 817 4338 1226 4416; x_wconf 78' lang='lat' dir='ltr'><strong>AugustinuS,</strong></span> <span class='ocrx_word' id='word_1_304' title='bbox 1271 4356 1418 4399; x_wconf 88' lang='lat' dir='ltr'><strong>nam</strong></span> <span class='ocrx_word' id='word_1_305' title='bbox 1445 4338 1729 4417; x_wconf 87' lang='lat' dir='ltr'><strong>pluribus</strong></span> 
     </span>
     <span class='ocr_line' id='line_1_44' title="bbox 181 4426 1728 4511; baseline 0.005 -26"><span class='ocrx_word' id='word_1_306' title='bbox 181 4426 238 4485; x_wconf 87' lang='lat' dir='ltr'><strong>in</strong></span> <span class='ocrx_word' id='word_1_307' title='bbox 271 4428 416 4489; x_wconf 87' lang='lat' dir='ltr'><strong>locis</strong></span> <span class='ocrx_word' id='word_1_308' title='bbox 451 4431 718 4509; x_wconf 80' lang='lat' dir='ltr'><strong>explicat</strong></span> <span class='ocrx_word' id='word_1_309' title='bbox 759 4430 1149 4491; x_wconf 86' lang='lat' dir='ltr'><strong>vocationem</strong></span> <span class='ocrx_word' id='word_1_310' title='bbox 1181 4430 1536 4503; x_wconf 87' lang='lat' dir='ltr'><strong>efficacem,</strong></span> <span class='ocrx_word' id='word_1_311' title='bbox 1581 4432 1728 4511; x_wconf 86' lang='lat' dir='ltr'><strong>quia</strong></span> 
     </span>
     <span class='ocr_line' id='line_1_45' title="bbox 184 4519 1730 4603; baseline 0.004 -24"><span class='ocrx_word' id='word_1_312' title='bbox 184 4519 350 4581; x_wconf 84' lang='lat' dir='ltr'><strong>datur</strong></span> <span class='ocrx_word' id='word_1_313' title='bbox 371 4522 558 4583; x_wconf 90' lang='lat' dir='ltr'><strong>modo</strong></span> <span class='ocrx_word' id='word_1_314' title='bbox 591 4540 895 4603; x_wconf 85' lang='lat' dir='ltr'><strong>congruo,</strong></span> <span class='ocrx_word' id='word_1_315' title='bbox 939 4522 1004 4583; x_wconf 91' lang='lat' dir='ltr'><strong>id</strong></span> <span class='ocrx_word' id='word_1_316' title='bbox 1033 4528 1149 4595; x_wconf 89' lang='lat' dir='ltr'><strong>est,</strong></span> <span class='ocrx_word' id='word_1_317' title='bbox 1193 4529 1382 4601; x_wconf 87' lang='lat' dir='ltr'><strong>prout</strong></span> <span class='ocrx_word' id='word_1_318' title='bbox 1417 4525 1582 4585; x_wconf 89' lang='lat' dir='ltr'><strong>Deus</strong></span> <span class='ocrx_word' id='word_1_319' title='bbox 1619 4543 1730 4585; x_wconf 90' lang='lat' dir='ltr'><strong>no-</strong></span> 
     </span>
     <span class='ocr_line' id='line_1_46' title="bbox 183 4614 1726 4695; baseline 0.006 -26"><span class='ocrx_word' id='word_1_320' title='bbox 183 4614 262 4673; x_wconf 74' lang='lat' dir='ltr'><strong>vit</strong></span> <span class='ocrx_word' id='word_1_321' title='bbox 283 4632 414 4675; x_wconf 87' lang='lat' dir='ltr'><strong>esse</strong></span> <span class='ocrx_word' id='word_1_322' title='bbox 433 4616 518 4677; x_wconf 84' lang='lat' dir='ltr'><strong>ita</strong></span> <span class='ocrx_word' id='word_1_323' title='bbox 533 4616 1074 4677; x_wconf 84' lang='lat' dir='ltr'><strong>accommodatam</strong></span> <span class='ocrx_word' id='word_1_324' title='bbox 1101 4615 1349 4677; x_wconf 84' lang='lat' dir='ltr'><strong>affectui</strong></span> <span class='ocrx_word' id='word_1_325' title='bbox 1377 4622 1440 4676; x_wconf 90' lang='lat' dir='ltr'><strong>et</strong></span> <span class='ocrx_word' id='word_1_326' title='bbox 1467 4616 1726 4695; x_wconf 87' lang='lat' dir='ltr'><strong>disposi-</strong></span> 
     </span>
     <span class='ocr_line' id='line_1_47' title="bbox 187 4705 1724 4785; baseline 0.004 -20"><span class='ocrx_word' id='word_1_327' title='bbox 187 4705 320 4768; x_wconf 86' lang='lat' dir='ltr'><strong>tioni</strong></span> <span class='ocrx_word' id='word_1_328' title='bbox 347 4710 482 4770; x_wconf 84' lang='lat' dir='ltr'><strong>talis</strong></span> <span class='ocrx_word' id='word_1_329' title='bbox 513 4710 889 4785; x_wconf 78' lang='lat' dir='ltr'><strong>voluntatis,</strong></span> <span class='ocrx_word' id='word_1_330' title='bbox 929 4711 1086 4771; x_wconf 89' lang='lat' dir='ltr'><strong>utin</strong></span> <span class='ocrx_word' id='word_1_331' title='bbox 1116 4728 1190 4771; x_wconf 82' lang='lat' dir='ltr'><strong>ea</strong></span> <span class='ocrx_word' id='word_1_332' title='bbox 1217 4710 1505 4771; x_wconf 84' lang='lat' dir='ltr'><strong>habitura</strong></span> <span class='ocrx_word' id='word_1_333' title='bbox 1533 4711 1612 4771; x_wconf 88' lang='lat' dir='ltr'><strong>sit</strong></span> <span class='ocrx_word' id='word_1_334' title='bbox 1633 4710 1724 4771; x_wconf 80' lang='lat' dir='ltr'><strong>ef-</strong></span> 
     </span>
     <span class='ocr_line' id='line_1_48' title="bbox 185 4798 1724 4883; baseline 0.006 -28"><span class='ocrx_word' id='word_1_335' title='bbox 185 4798 394 4861; x_wconf 75' lang='lat' dir='ltr'><strong>fectum</strong></span> <span class='ocrx_word' id='word_1_336' title='bbox 419 4847 442 4877; x_wconf 91' lang='lat'><strong>,</strong></span> <span class='ocrx_word' id='word_1_337' title='bbox 479 4810 552 4865; x_wconf 88' lang='lat' dir='ltr'><strong>ut</strong></span> <span class='ocrx_word' id='word_1_338' title='bbox 592 4810 834 4865; x_wconf 85' lang='lat' dir='ltr'><strong>constat</strong></span> <span class='ocrx_word' id='word_1_339' title='bbox 881 4822 958 4865; x_wconf 83' lang='lat' dir='ltr'><strong>ex</strong></span> <span class='ocrx_word' id='word_1_340' title='bbox 1002 4804 1346 4883; x_wconf 66' lang='lat' dir='ltr'><strong>quiestione</strong></span> <span class='ocrx_word' id='word_1_341' title='bbox 1376 4805 1416 4863; x_wconf 75' lang='lat'><strong>2</strong></span> <span class='ocrx_word' id='word_1_342' title='bbox 1445 4803 1528 4864; x_wconf 88' lang='lat' dir='ltr'><strong>ad</strong></span> <span class='ocrx_word' id='word_1_343' title='bbox 1567 4804 1724 4867; x_wconf 89' lang='lat' dir='ltr'><strong>Sim·</strong></span> 
     </span>
     <span class='ocr_line' id='line_1_49' title="bbox 189 4892 1718 4974; baseline 0.004 -23"><span class='ocrx_word' id='word_1_344' title='bbox 189 4892 504 4967; x_wconf 87' lang='lat' dir='ltr'><strong>plicianum</strong></span> <span class='ocrx_word' id='word_1_345' title='bbox 524 4943 540 4970; x_wconf 90' lang='lat'><strong>,</strong></span> <span class='ocrx_word' id='word_1_346' title='bbox 581 4902 646 4959; x_wconf 89' lang='lat' dir='ltr'><strong>et</strong></span> <span class='ocrx_word' id='word_1_347' title='bbox 680 4896 818 4957; x_wconf 88' lang='lat' dir='ltr'><strong>aliis</strong></span> <span class='ocrx_word' id='word_1_348' title='bbox 844 4896 1000 4958; x_wconf 91' lang='lat' dir='ltr'><strong>locis</strong></span> <span class='ocrx_word' id='word_1_349' title='bbox 1027 4914 1216 4974; x_wconf 87' lang='lat' dir='ltr'><strong>supra</strong></span> <span class='ocrx_word' id='word_1_350' title='bbox 1245 4895 1466 4957; x_wconf 86' lang='lat' dir='ltr'><strong>citatis.</strong></span> <span class='ocrx_word' id='word_1_351' title='bbox 1516 4896 1718 4969; x_wconf 88' lang='lat' dir='ltr'><strong>Unde,</strong></span> 
     </span>
     <span class='ocr_line' id='line_1_50' title="bbox 189 4983 1728 5069; baseline 0.006 -28"><span class='ocrx_word' id='word_1_352' title='bbox 189 4983 330 5047; x_wconf 90' lang='lat' dir='ltr'><strong>libro</strong></span> <span class='ocrx_word' id='word_1_353' title='bbox 359 4990 400 5048; x_wconf 75' lang='lat'>4</span> <span class='ocrx_word' id='word_1_354' title='bbox 425 4990 502 5051; x_wconf 91' lang='lat' dir='ltr'><strong>de</strong></span> <span class='ocrx_word' id='word_1_355' title='bbox 533 4990 756 5051; x_wconf 85' lang='lat' dir='ltr'><strong>Anima</strong></span> <span class='ocrx_word' id='word_1_356' title='bbox 787 4996 850 5051; x_wconf 88' lang='lat' dir='ltr'><strong>et</strong></span> <span class='ocrx_word' id='word_1_357' title='bbox 877 4990 1014 5069; x_wconf 88' lang='lat' dir='ltr'><strong>ejus</strong></span> <span class='ocrx_word' id='word_1_358' title='bbox 1044 4989 1282 5069; x_wconf 85' lang='lat' dir='ltr'><strong>origine</strong></span> <span class='ocrx_word' id='word_1_359' title='bbox 1307 5032 1324 5063; x_wconf 90' lang='lat'>‚</span> <span class='ocrx_word' id='word_1_360' title='bbox 1364 5008 1418 5049; x_wconf 92' lang='lat' dir='ltr'><strong>c.</strong></span> <span class='ocrx_word' id='word_1_361' title='bbox 1465 4993 1536 5060; x_wconf 88' lang='lat'><strong>7,</strong></span> <span class='ocrx_word' id='word_1_362' title='bbox 1581 4990 1728 5051; x_wconf 91' lang='lat' dir='ltr'><strong>dicit</strong></span> 
     </span>
     <span class='ocr_line' id='line_1_51' title="bbox 190 5082 1730 5163; baseline 0.005 -27"><span class='ocrx_word' id='word_1_363' title='bbox 190 5094 294 5139; x_wconf 86' lang='lat' dir='ltr'><strong>nos</strong></span> <span class='ocrx_word' id='word_1_364' title='bbox 319 5098 442 5141; x_wconf 84' lang='lat' dir='ltr'><strong>non</strong></span> <span class='ocrx_word' id='word_1_365' title='bbox 467 5101 847 5163; x_wconf 80' lang='lat' dir='ltr'><strong>cognoscere</strong></span> <span class='ocrx_word' id='word_1_366' title='bbox 873 5082 1102 5161; x_wconf 86' lang='lat' dir='ltr'><strong>quibus</strong></span> <span class='ocrx_word' id='word_1_367' title='bbox 1122 5082 1569 5147; x_wconf 88' lang='lat' dir='ltr'><strong>tentationibus</strong></span> <span class='ocrx_word' id='word_1_368' title='bbox 1593 5082 1730 5143; x_wconf 78' lang='lat' dir='ltr'><strong>vin-</strong></span> 
     </span>
     <span class='ocr_line' id='line_1_52' title="bbox 191 5173 1729 5254; baseline 0.004 -25"><span class='ocrx_word' id='word_1_369' title='bbox 191 5173 372 5233; x_wconf 84' lang='lat' dir='ltr'><strong>cenda</strong></span> <span class='ocrx_word' id='word_1_370' title='bbox 401 5176 480 5236; x_wconf 87' lang='lat' dir='ltr'><strong>sit</strong></span> <span class='ocrx_word' id='word_1_371' title='bbox 504 5183 712 5237; x_wconf 86' lang='lat' dir='ltr'><strong>nostra</strong></span> <span class='ocrx_word' id='word_1_372' title='bbox 735 5176 1046 5248; x_wconf 73' lang='lat' dir='ltr'><strong>voluntas,</strong></span> <span class='ocrx_word' id='word_1_373' title='bbox 1071 5176 1172 5236; x_wconf 83' lang='lat' dir='ltr'><strong>vel</strong></span> <span class='ocrx_word' id='word_1_374' title='bbox 1193 5176 1421 5254; x_wconf 88' lang='lat' dir='ltr'><strong>quibus</strong></span> <span class='ocrx_word' id='word_1_375' title='bbox 1445 5175 1524 5237; x_wconf 87' lang='lat' dir='ltr'><strong>sit</strong></span> <span class='ocrx_word' id='word_1_376' title='bbox 1549 5176 1729 5237; x_wconf 86' lang='lat' dir='ltr'><strong>resti-</strong></span> 
     </span>
     <span class='ocr_line' id='line_1_53' title="bbox 193 5268 1726 5347; baseline 0.006 -25"><span class='ocrx_word' id='word_1_377' title='bbox 193 5268 343 5339; x_wconf 81' lang='lat' dir='ltr'><strong>tura,</strong></span> <span class='ocrx_word' id='word_1_378' title='bbox 377 5268 522 5347; x_wconf 86' lang='lat' dir='ltr'><strong>quia</strong></span> <span class='ocrx_word' id='word_1_379' title='bbox 549 5269 718 5329; x_wconf 86' lang='lat' dir='ltr'><strong>illam</strong></span> <span class='ocrx_word' id='word_1_380' title='bbox 742 5288 870 5331; x_wconf 90' lang='lat' dir='ltr'><strong>non</strong></span> <span class='ocrx_word' id='word_1_381' title='bbox 899 5268 1491 5347; x_wconf 86' lang='lat' dir='ltr'><strong>comprehendimus</strong></span> <span class='ocrx_word' id='word_1_382' title='bbox 1518 5288 1534 5341; x_wconf 88' lang='lat'>;</span> <span class='ocrx_word' id='word_1_383' title='bbox 1574 5288 1726 5347; x_wconf 87' lang='lat' dir='ltr'><strong>ergo</strong></span> 
     </span>
     <span class='ocr_line' id='line_1_54' title="bbox 197 5362 1728 5443; baseline 0.005 -27"><span class='ocrx_word' id='word_1_384' title='bbox 197 5376 228 5416; x_wconf 90' lang='lat' dir='ltr'><strong>e</strong></span> <span class='ocrx_word' id='word_1_385' title='bbox 254 5362 548 5423; x_wconf 87' lang='lat' dir='ltr'><strong>contrario</strong></span> <span class='ocrx_word' id='word_1_386' title='bbox 578 5364 740 5423; x_wconf 88' lang='lat' dir='ltr'><strong>Deus</strong></span> <span class='ocrx_word' id='word_1_387' title='bbox 760 5362 824 5424; x_wconf 91' lang='lat' dir='ltr'><strong>id</strong></span> <span class='ocrx_word' id='word_1_388' title='bbox 845 5362 1186 5443; x_wconf 79' lang='lat' dir='ltr'><strong>cognoscit,</strong></span> <span class='ocrx_word' id='word_1_389' title='bbox 1219 5363 1365 5441; x_wconf 86' lang='lat' dir='ltr'><strong>quia</strong></span> <span class='ocrx_word' id='word_1_390' title='bbox 1391 5362 1494 5423; x_wconf 84' lang='lat' dir='ltr'><strong>illa</strong></span> <span class='ocrx_word' id='word_1_391' title='bbox 1517 5362 1728 5423; x_wconf 89' lang='lat' dir='ltr'><strong>omnia</strong></span> 
     </span>
     <span class='ocr_line' id='line_1_55' title="bbox 197 5454 1723 5534; baseline 0.005 -26"><span class='ocrx_word' id='word_1_392' title='bbox 197 5455 666 5531; x_wconf 81' lang='lat' dir='ltr'><strong>comprehendit.</strong></span> <span class='ocrx_word' id='word_1_393' title='bbox 713 5454 892 5517; x_wconf 81' lang='lat' dir='ltr'><strong>Ratio</strong></span> <span class='ocrx_word' id='word_1_394' title='bbox 917 5473 1068 5516; x_wconf 81' lang='lat' dir='ltr'><strong>vero</strong></span> <span class='ocrx_word' id='word_1_395' title='bbox 1097 5472 1236 5517; x_wconf 89' lang='lat' dir='ltr'><strong>esse</strong></span> <span class='ocrx_word' id='word_1_396' title='bbox 1263 5460 1500 5534; x_wconf 88' lang='lat' dir='ltr'><strong>potest,</strong></span> <span class='ocrx_word' id='word_1_397' title='bbox 1541 5456 1688 5533; x_wconf 89' lang='lat' dir='ltr'><strong>quia</strong></span> <span class='ocrx_word' id='word_1_398' title='bbox 1707 5500 1723 5530; x_wconf 90' lang='lat'><strong>,</strong></span> 
     </span>
     <span class='ocr_line' id='line_1_56' title="bbox 197 5546 1729 5628; baseline 0.005 -26"><span class='ocrx_word' id='word_1_399' title='bbox 197 5559 330 5605; x_wconf 81' lang='lat' dir='ltr'><strong>cum</strong></span> <span class='ocrx_word' id='word_1_400' title='bbox 369 5546 524 5620; x_wconf 77' lang='lat' dir='ltr'><strong>hoec,</strong></span> <span class='ocrx_word' id='word_1_401' title='bbox 576 5564 710 5627; x_wconf 83' lang='lat' dir='ltr'><strong>quoe</strong></span> <span class='ocrx_word' id='word_1_402' title='bbox 747 5566 1073 5628; x_wconf 86' lang='lat' dir='ltr'><strong>nunquam</strong></span> <span class='ocrx_word' id='word_1_403' title='bbox 1127 5554 1273 5609; x_wconf 85' lang='lat' dir='ltr'><strong>sunt</strong></span> <span class='ocrx_word' id='word_1_404' title='bbox 1315 5547 1550 5623; x_wconf 83' lang='lat' dir='ltr'><strong>futura,</strong></span> <span class='ocrx_word' id='word_1_405' title='bbox 1599 5565 1729 5610; x_wconf 91' lang='lat' dir='ltr'><strong>non</strong></span> 
     </span>
    </p>
   </div>
   <div class='ocr_carea' id='block_1_3' title="bbox 3265 407 3383 474">
    <p class='ocr_par' dir='ltr' id='par_1_4' title="bbox 3265 407 3383 474">
     <span class='ocr_line' id='line_1_57' title="bbox 3265 407 3383 474; baseline 0 0"><span class='ocrx_word' id='word_1_406' title='bbox 3265 407 3383 474; x_wconf 76' lang='lat'><strong>365</strong></span> 
     </span>
    </p>
   </div>
   <div class='ocr_carea' id='block_1_4' title="bbox 1803 517 3410 5534">
    <p class='ocr_par' dir='ltr' id='par_1_5' title="bbox 1817 517 3387 1606">
     <span class='ocr_line' id='line_1_58' title="bbox 1819 517 3381 599; baseline 0.003 -23"><span class='ocrx_word' id='word_1_407' title='bbox 1819 517 2061 594; x_wconf 88' lang='lat' dir='ltr'><strong>possint</strong></span> <span class='ocrx_word' id='word_1_408' title='bbox 2092 535 2207 596; x_wconf 89' lang='lat' dir='ltr'><strong>per</strong></span> <span class='ocrx_word' id='word_1_409' title='bbox 2234 517 2595 579; x_wconf 83' lang='lat' dir='ltr'><strong>aeternitatis</strong></span> <span class='ocrx_word' id='word_1_410' title='bbox 2634 519 3033 596; x_wconf 78' lang='lat' dir='ltr'><strong>proesentiam</strong></span> <span class='ocrx_word' id='word_1_411' title='bbox 3065 521 3381 599; x_wconf 85' lang='lat' dir='ltr'><strong>cognosci,</strong></span> 
     </span>
     <span class='ocr_line' id='line_1_59' title="bbox 1817 610 3387 690; baseline 0.005 -22"><span class='ocrx_word' id='word_1_412' title='bbox 1817 627 1949 670; x_wconf 90' lang='lat' dir='ltr'><strong>non</strong></span> <span class='ocrx_word' id='word_1_413' title='bbox 1983 610 2229 670; x_wconf 88' lang='lat' dir='ltr'><strong>videtur</strong></span> <span class='ocrx_word' id='word_1_414' title='bbox 2272 629 2601 688; x_wconf 84' lang='lat' dir='ltr'><strong>superesse</strong></span> <span class='ocrx_word' id='word_1_415' title='bbox 2648 612 2807 672; x_wconf 86' lang='lat' dir='ltr'><strong>alius</strong></span> <span class='ocrx_word' id='word_1_416' title='bbox 2855 612 3081 673; x_wconf 89' lang='lat' dir='ltr'><strong>modus</strong></span> <span class='ocrx_word' id='word_1_417' title='bbox 3122 630 3246 690; x_wconf 90' lang='lat' dir='ltr'><strong>quo</strong></span> <span class='ocrx_word' id='word_1_418' title='bbox 3286 632 3387 677; x_wconf 88' lang='lat' dir='ltr'><strong>co·</strong></span> 
     </span>
     <span class='ocr_line' id='line_1_60' title="bbox 1819 703 3385 784; baseline 0.003 -20"><span class='ocrx_word' id='word_1_419' title='bbox 1819 703 2036 782; x_wconf 83' lang='lat' dir='ltr'><strong>gnosci</strong></span> <span class='ocrx_word' id='word_1_420' title='bbox 2080 703 2340 782; x_wconf 88' lang='lat' dir='ltr'><strong>possint.</strong></span> <span class='ocrx_word' id='word_1_421' title='bbox 2407 707 2483 766; x_wconf 91' lang='lat' dir='ltr'><strong>Et</strong></span> <span class='ocrx_word' id='word_1_422' title='bbox 2528 705 2765 784; x_wconf 89' lang='lat' dir='ltr'><strong>alioqui</strong></span> <span class='ocrx_word' id='word_1_423' title='bbox 2814 724 2943 767; x_wconf 89' lang='lat' dir='ltr'><strong>non</strong></span> <span class='ocrx_word' id='word_1_424' title='bbox 2992 706 3236 768; x_wconf 87' lang='lat' dir='ltr'><strong>videtur</strong></span> <span class='ocrx_word' id='word_1_425' title='bbox 3282 707 3385 768; x_wconf 88' lang='lat' dir='ltr'><strong>hic</strong></span> 
     </span>
     <span class='ocr_line' id='line_1_61' title="bbox 1817 795 3387 876; baseline 0.003 -20"><span class='ocrx_word' id='word_1_426' title='bbox 1817 795 2043 856; x_wconf 88' lang='lat' dir='ltr'><strong>modus</strong></span> <span class='ocrx_word' id='word_1_427' title='bbox 2064 796 2459 876; x_wconf 84' lang='lat' dir='ltr'><strong>impossibilis</strong></span> <span class='ocrx_word' id='word_1_428' title='bbox 2483 842 2499 872; x_wconf 90' lang='lat'><strong>,</strong></span> <span class='ocrx_word' id='word_1_429' title='bbox 2547 804 2825 876; x_wconf 86' lang='lat' dir='ltr'><strong>spectato</strong></span> <span class='ocrx_word' id='word_1_430' title='bbox 2854 798 3093 860; x_wconf 84' lang='lat' dir='ltr'><strong>infinito</strong></span> <span class='ocrx_word' id='word_1_431' title='bbox 3124 818 3387 861; x_wconf 85' lang='lat' dir='ltr'><strong>excessu</strong></span> 
     </span>
     <span class='ocr_line' id='line_1_62' title="bbox 1819 888 3381 968; baseline 0.003 -21"><span class='ocrx_word' id='word_1_432' title='bbox 1819 888 1981 949; x_wconf 88' lang='lat' dir='ltr'><strong>inter</strong></span> <span class='ocrx_word' id='word_1_433' title='bbox 2021 889 2293 950; x_wconf 88' lang='lat' dir='ltr'><strong>divinam</strong></span> <span class='ocrx_word' id='word_1_434' title='bbox 2334 896 2394 950; x_wconf 88' lang='lat' dir='ltr'><strong>et</strong></span> <span class='ocrx_word' id='word_1_435' title='bbox 2428 890 2778 968; x_wconf 81' lang='lat' dir='ltr'><strong>angelicam</strong></span> <span class='ocrx_word' id='word_1_436' title='bbox 2803 935 2819 964; x_wconf 94' lang='lat'><strong>,</strong></span> <span class='ocrx_word' id='word_1_437' title='bbox 2872 891 2971 952; x_wconf 86' lang='lat' dir='ltr'><strong>vel</strong></span> <span class='ocrx_word' id='word_1_438' title='bbox 2998 892 3341 954; x_wconf 88' lang='lat' dir='ltr'><strong>humanam</strong></span> <span class='ocrx_word' id='word_1_439' title='bbox 3364 937 3381 966; x_wconf 92' lang='lat'><strong>‚</strong></span> 
     </span>
     <span class='ocr_line' id='line_1_63' title="bbox 1820 982 3387 1076; baseline 0.004 -36"><span class='ocrx_word' id='word_1_440' title='bbox 1820 987 1953 1040; x_wconf 90' lang='lat' dir='ltr'><strong>tum</strong></span> <span class='ocrx_word' id='word_1_441' title='bbox 1988 982 2311 1044; x_wconf 88' lang='lat' dir='ltr'><strong>scientiam</strong></span> <span class='ocrx_word' id='word_1_442' title='bbox 2332 1029 2347 1056; x_wconf 96' lang='lat'><strong>,</strong></span> <span class='ocrx_word' id='word_1_443' title='bbox 2404 990 2538 1045; x_wconf 90' lang='lat' dir='ltr'><strong>tum</strong></span> <span class='ocrx_word' id='word_1_444' title='bbox 2570 984 2979 1076; x_wconf 72' lang='lat' dir='ltr'><strong>voluntatem.</strong></span> <span class='ocrx_word' id='word_1_445' title='bbox 3038 986 3247 1048; x_wconf 85' lang='lat' dir='ltr'><strong>Potest</strong></span> <span class='ocrx_word' id='word_1_446' title='bbox 3278 1005 3387 1046; x_wconf 89' lang='lat' dir='ltr'><strong>au-</strong></span> 
     </span>
     <span class='ocr_line' id='line_1_64' title="bbox 1822 1076 3385 1156; baseline 0.005 -24"><span class='ocrx_word' id='word_1_447' title='bbox 1822 1077 1949 1132; x_wconf 90' lang='lat' dir='ltr'><strong>tem</strong></span> <span class='ocrx_word' id='word_1_448' title='bbox 1987 1076 2248 1154; x_wconf 89' lang='lat' dir='ltr'><strong>angelus</strong></span> <span class='ocrx_word' id='word_1_449' title='bbox 2295 1094 2409 1136; x_wconf 85' lang='lat' dir='ltr'><strong>sua</strong></span> <span class='ocrx_word' id='word_1_450' title='bbox 2450 1077 2709 1138; x_wconf 87' lang='lat' dir='ltr'><strong>scientia</strong></span> <span class='ocrx_word' id='word_1_451' title='bbox 2740 1122 2755 1150; x_wconf 95' lang='lat'><strong>,</strong></span> <span class='ocrx_word' id='word_1_452' title='bbox 2801 1095 3033 1156; x_wconf 88' lang='lat' dir='ltr'><strong>magna</strong></span> <span class='ocrx_word' id='word_1_453' title='bbox 3088 1085 3149 1140; x_wconf 91' lang='lat' dir='ltr'><strong>et</strong></span> <span class='ocrx_word' id='word_1_454' title='bbox 3198 1080 3385 1140; x_wconf 87' lang='lat' dir='ltr'><strong>vehe-</strong></span> 
     </span>
     <span class='ocr_line' id='line_1_65' title="bbox 1822 1169 3385 1250; baseline 0.004 -25"><span class='ocrx_word' id='word_1_455' title='bbox 1822 1173 2070 1226; x_wconf 84' lang='lat' dir='ltr'><strong>menter</strong></span> <span class='ocrx_word' id='word_1_456' title='bbox 2110 1169 2473 1246; x_wconf 87' lang='lat' dir='ltr'><strong>conjectura</strong></span> <span class='ocrx_word' id='word_1_457' title='bbox 2516 1169 2863 1248; x_wconf 86' lang='lat' dir='ltr'><strong>suspicari,</strong></span> <span class='ocrx_word' id='word_1_458' title='bbox 2918 1171 3069 1250; x_wconf 87' lang='lat' dir='ltr'><strong>quid</strong></span> <span class='ocrx_word' id='word_1_459' title='bbox 3114 1172 3385 1232; x_wconf 85' lang='lat' dir='ltr'><strong>hominis</strong></span> 
     </span>
     <span class='ocr_line' id='line_1_66' title="bbox 1819 1261 3387 1338; baseline 0.004 -19"><span class='ocrx_word' id='word_1_460' title='bbox 1819 1261 2109 1320; x_wconf 78' lang='lat' dir='ltr'><strong>voluntas</strong></span> <span class='ocrx_word' id='word_1_461' title='bbox 2136 1262 2283 1322; x_wconf 89' lang='lat' dir='ltr'><strong>velit</strong></span> <span class='ocrx_word' id='word_1_462' title='bbox 2306 1263 2369 1322; x_wconf 90' lang='lat' dir='ltr'><strong>in</strong></span> <span class='ocrx_word' id='word_1_463' title='bbox 2396 1263 2503 1324; x_wconf 84' lang='lat' dir='ltr'><strong>tali</strong></span> <span class='ocrx_word' id='word_1_464' title='bbox 2534 1265 2863 1326; x_wconf 87' lang='lat' dir='ltr'><strong>occasione</strong></span> <span class='ocrx_word' id='word_1_465' title='bbox 2883 1309 2899 1338; x_wconf 93' lang='lat'><strong>,</strong></span> <span class='ocrx_word' id='word_1_466' title='bbox 2944 1264 3147 1326; x_wconf 91' lang='lat' dir='ltr'><strong>solum</strong></span> <span class='ocrx_word' id='word_1_467' title='bbox 3176 1283 3255 1326; x_wconf 80' lang='lat' dir='ltr'><strong>ex</strong></span> <span class='ocrx_word' id='word_1_468' title='bbox 3280 1283 3387 1326; x_wconf 90' lang='lat' dir='ltr'><strong>co-</strong></span> 
     </span>
     <span class='ocr_line' id='line_1_67' title="bbox 1819 1352 3381 1437; baseline 0.004 -25"><span class='ocrx_word' id='word_1_469' title='bbox 1819 1352 2097 1431; x_wconf 83' lang='lat' dir='ltr'><strong>gnitione</strong></span> <span class='ocrx_word' id='word_1_470' title='bbox 2155 1354 2353 1432; x_wconf 87' lang='lat' dir='ltr'><strong>ipsius</strong></span> <span class='ocrx_word' id='word_1_471' title='bbox 2400 1357 2738 1418; x_wconf 85' lang='lat' dir='ltr'><strong>voluntatis</strong></span> <span class='ocrx_word' id='word_1_472' title='bbox 2788 1364 2850 1418; x_wconf 89' lang='lat' dir='ltr'><strong>et</strong></span> <span class='ocrx_word' id='word_1_473' title='bbox 2910 1364 3150 1419; x_wconf 78' lang='lat' dir='ltr'><strong>natnrae</strong></span> <span class='ocrx_word' id='word_1_474' title='bbox 3200 1358 3336 1437; x_wconf 89' lang='lat' dir='ltr'><strong>ejus</strong></span> <span class='ocrx_word' id='word_1_475' title='bbox 3363 1375 3381 1432; x_wconf 79' lang='grc' dir='ltr'>ς</span> 
     </span>
     <span class='ocr_line' id='line_1_68' title="bbox 1822 1446 3386 1526; baseline 0.004 -21"><span class='ocrx_word' id='word_1_476' title='bbox 1822 1463 1973 1523; x_wconf 87' lang='lat' dir='ltr'><strong>ergo</strong></span> <span class='ocrx_word' id='word_1_477' title='bbox 2020 1446 2187 1508; x_wconf 88' lang='lat' dir='ltr'><strong>Deus</strong></span> <span class='ocrx_word' id='word_1_478' title='bbox 2244 1449 2469 1526; x_wconf 86' lang='lat' dir='ltr'><strong>poterit</strong></span> <span class='ocrx_word' id='word_1_479' title='bbox 2510 1467 2587 1510; x_wconf 80' lang='lat' dir='ltr'><strong>ex</strong></span> <span class='ocrx_word' id='word_1_480' title='bbox 2631 1450 2751 1510; x_wconf 88' lang='lat' dir='ltr'><strong>hoc</strong></span> <span class='ocrx_word' id='word_1_481' title='bbox 2800 1451 3009 1512; x_wconf 90' lang='lat' dir='ltr'><strong>medio</strong></span> <span class='ocrx_word' id='word_1_482' title='bbox 3060 1450 3386 1512; x_wconf 87' lang='lat' dir='ltr'><strong>scientiam</strong></span> 
     </span>
     <span class='ocr_line' id='line_1_69' title="bbox 1821 1540 2841 1606; baseline 0.006 -8"><span class='ocrx_word' id='word_1_483' title='bbox 1821 1544 2057 1600; x_wconf 86' lang='lat' dir='ltr'><strong>certam</strong></span> <span class='ocrx_word' id='word_1_484' title='bbox 2089 1540 2253 1605; x_wconf 86' lang='lat' dir='ltr'><strong>illius</strong></span> <span class='ocrx_word' id='word_1_485' title='bbox 2296 1541 2555 1606; x_wconf 83' lang='lat' dir='ltr'><strong>effectus</strong></span> <span class='ocrx_word' id='word_1_486' title='bbox 2584 1543 2841 1605; x_wconf 85' lang='lat' dir='ltr'><strong>habere.</strong></span> 
     </span>
    </p>

    <p class='ocr_par' dir='ltr' id='par_1_6' title="bbox 1803 1633 3410 5534">
     <span class='ocr_line' id='line_1_70' title="bbox 1897 1633 3385 1712; baseline 0.005 -20"><span class='ocrx_word' id='word_1_487' title='bbox 1897 1635 1963 1693; x_wconf 73' lang='lat'><strong>4.</strong></span> <span class='ocrx_word' id='word_1_488' title='bbox 2004 1633 2361 1708; x_wconf 61' lang='lat' dir='ltr'><strong>Resellitmn</strong></span> <span class='ocrx_word' id='word_1_489' title='bbox 2412 1667 2493 1682; x_wconf 91' lang='lat'><strong>--</strong></span> <span class='ocrx_word' id='word_1_490' title='bbox 2542 1637 2686 1698; x_wconf 85' lang='lat' dir='ltr'><strong>I-Iaec</strong></span> <span class='ocrx_word' id='word_1_491' title='bbox 2726 1639 3069 1712; x_wconf 87' lang='lat' dir='ltr'><strong>sententia,</strong></span> <span class='ocrx_word' id='word_1_492' title='bbox 3118 1640 3278 1700; x_wconf 89' lang='lat' dir='ltr'><strong>sicut</strong></span> <span class='ocrx_word' id='word_1_493' title='bbox 3319 1639 3385 1700; x_wconf 88' lang='lat' dir='ltr'><strong>in</strong></span> 
     </span>
     <span class='ocr_line' id='line_1_71' title="bbox 1819 1725 3383 1811; baseline 0.004 -25"><span class='ocrx_word' id='word_1_494' title='bbox 1819 1725 2325 1805; x_wconf 84' lang='lat' dir='ltr'><strong>contingentibus</strong></span> <span class='ocrx_word' id='word_1_495' title='bbox 2356 1729 2640 1792; x_wconf 88' lang='lat' dir='ltr'><strong>absolute</strong></span> <span class='ocrx_word' id='word_1_496' title='bbox 2665 1730 2891 1792; x_wconf 85' lang='lat' dir='ltr'><strong>futuris</strong></span> <span class='ocrx_word' id='word_1_497' title='bbox 2920 1751 2957 1792; x_wconf 88' lang='lat' dir='ltr'><strong>a</strong></span> <span class='ocrx_word' id='word_1_498' title='bbox 2994 1733 3383 1811; x_wconf 83' lang='lat' dir='ltr'><strong>gravioribus</strong></span> 
     </span>
     <span class='ocr_line' id='line_1_72' title="bbox 1813 1819 3385 1900; baseline 0.005 -22"><span class='ocrx_word' id='word_1_499' title='bbox 1813 1819 2209 1880; x_wconf 88' lang='lat' dir='ltr'><strong>Scholasticis</strong></span> <span class='ocrx_word' id='word_1_500' title='bbox 2240 1822 2535 1900; x_wconf 75' lang='lat' dir='ltr'><strong>reJicitur,</strong></span> <span class='ocrx_word' id='word_1_501' title='bbox 2558 1824 2643 1884; x_wconf 89' lang='lat' dir='ltr'><strong>ita</strong></span> <span class='ocrx_word' id='word_1_502' title='bbox 2674 1830 2736 1885; x_wconf 87' lang='lat' dir='ltr'><strong>et</strong></span> <span class='ocrx_word' id='word_1_503' title='bbox 2767 1825 2832 1884; x_wconf 90' lang='lat' dir='ltr'><strong>in</strong></span> <span class='ocrx_word' id='word_1_504' title='bbox 2860 1825 3385 1888; x_wconf 84' lang='lat' dir='ltr'><strong>conditionalibus</strong></span> 
     </span>
     <span class='ocr_line' id='line_1_73' title="bbox 1813 1913 3410 2006; baseline 0.005 -34"><span class='ocrx_word' id='word_1_505' title='bbox 1813 1917 1908 1973; x_wconf 89' lang='lat' dir='ltr'><strong>est</strong></span> <span class='ocrx_word' id='word_1_506' title='bbox 1941 1931 1979 1972; x_wconf 90' lang='lat' dir='ltr'><strong>a</strong></span> <span class='ocrx_word' id='word_1_507' title='bbox 2022 1913 2205 1974; x_wconf 86' lang='lat' dir='ltr'><strong>nobis</strong></span> <span class='ocrx_word' id='word_1_508' title='bbox 2238 1914 2617 1994; x_wconf 80' lang='lat' dir='ltr'><strong>rejicienda3</strong></span> <span class='ocrx_word' id='word_1_509' title='bbox 2671 1917 2893 1978; x_wconf 87' lang='lat' dir='ltr'><strong>militat</strong></span> <span class='ocrx_word' id='word_1_510' title='bbox 2940 1919 3107 1978; x_wconf 90' lang='lat' dir='ltr'><strong>enim</strong></span> <span class='ocrx_word' id='word_1_511' title='bbox 3156 1919 3410 2006; x_wconf 48' lang='lat' dir='ltr'><strong>eadem,</strong></span> 
     </span>
     <span class='ocr_line' id='line_1_74' title="bbox 1811 2006 3386 2090; baseline 0.006 -24"><span class='ocrx_word' id='word_1_512' title='bbox 1811 2006 1971 2066; x_wconf 86' lang='lat' dir='ltr'><strong>ratio</strong></span> <span class='ocrx_word' id='word_1_513' title='bbox 1992 2051 2007 2080; x_wconf 89' lang='lat'>‚</span> <span class='ocrx_word' id='word_1_514' title='bbox 2046 2011 2115 2066; x_wconf 91' lang='lat' dir='ltr'><strong>ut</strong></span> <span class='ocrx_word' id='word_1_515' title='bbox 2148 2025 2311 2086; x_wconf 79' lang='lat' dir='ltr'><strong>saepe</strong></span> <span class='ocrx_word' id='word_1_516' title='bbox 2350 2007 2587 2070; x_wconf 89' lang='lat' dir='ltr'><strong>dictum</strong></span> <span class='ocrx_word' id='word_1_517' title='bbox 2620 2014 2735 2071; x_wconf 88' lang='lat' dir='ltr'><strong>est.</strong></span> <span class='ocrx_word' id='word_1_518' title='bbox 2776 2011 3143 2090; x_wconf 79' lang='lat' dir='ltr'><strong>improbant</strong></span> <span class='ocrx_word' id='word_1_519' title='bbox 3171 2017 3386 2076; x_wconf 87' lang='lat' dir='ltr'><strong>autem</strong></span> 
     </span>
     <span class='ocr_line' id='line_1_75' title="bbox 1811 2097 3381 2182; baseline 0.008 -25"><span class='ocrx_word' id='word_1_520' title='bbox 1811 2097 1990 2160; x_wconf 90' lang='lat' dir='ltr'><strong>illam</strong></span> <span class='ocrx_word' id='word_1_521' title='bbox 2018 2100 2091 2159; x_wconf 92' lang='lat' dir='ltr'><strong>D.</strong></span> <span class='ocrx_word' id='word_1_522' title='bbox 2124 2101 2417 2174; x_wconf 79' lang='lat' dir='ltr'><strong>ThomaS,</strong></span> <span class='ocrx_word' id='word_1_523' title='bbox 2449 2105 2475 2161; x_wconf 88' lang='grc'><strong>1</strong></span> <span class='ocrx_word' id='word_1_524' title='bbox 2514 2106 2703 2181; x_wconf 64' lang='lat' dir='ltr'><strong>part„</strong></span> <span class='ocrx_word' id='word_1_525' title='bbox 2738 2109 2955 2182; x_wconf 81' lang='lat' dir='ltr'><strong>quaest.</strong></span> <span class='ocrx_word' id='word_1_526' title='bbox 2990 2107 3089 2178; x_wconf 76' lang='lat'><strong>14,</strong></span> <span class='ocrx_word' id='word_1_527' title='bbox 3126 2113 3244 2168; x_wconf 89' lang='lat' dir='ltr'><strong>art.</strong></span> <span class='ocrx_word' id='word_1_528' title='bbox 3280 2111 3381 2182; x_wconf 88' lang='grc'><strong>13,</strong></span> 
     </span>
     <span class='ocr_line' id='line_1_76' title="bbox 1812 2195 3379 2280; baseline 0.008 -29"><span class='ocrx_word' id='word_1_529' title='bbox 1812 2197 1875 2252; x_wconf 89' lang='lat' dir='ltr'><strong>et</strong></span> <span class='ocrx_word' id='word_1_530' title='bbox 1919 2198 2141 2269; x_wconf 82' lang='lat' dir='ltr'><strong>quaest.</strong></span> <span class='ocrx_word' id='word_1_531' title='bbox 2183 2195 2283 2264; x_wconf 79' lang='lat'><strong>57,</strong></span> <span class='ocrx_word' id='word_1_532' title='bbox 2322 2200 2438 2255; x_wconf 88' lang='lat' dir='ltr'><strong>art.</strong></span> <span class='ocrx_word' id='word_1_533' title='bbox 2472 2195 2546 2267; x_wconf 76' lang='lat'><strong>33</strong></span> <span class='ocrx_word' id='word_1_534' title='bbox 2575 2196 2677 2267; x_wconf 87' lang='lat'><strong>86,</strong></span> <span class='ocrx_word' id='word_1_535' title='bbox 2718 2202 2834 2258; x_wconf 86' lang='lat' dir='ltr'><strong>art.</strong></span> <span class='ocrx_word' id='word_1_536' title='bbox 2868 2199 2945 2269; x_wconf 73' lang='lat'><strong>43</strong></span> <span class='ocrx_word' id='word_1_537' title='bbox 2976 2201 3037 2260; x_wconf 76' lang='lat'><strong>2.</strong></span> <span class='ocrx_word' id='word_1_538' title='bbox 3066 2202 3127 2272; x_wconf 74' lang='lat'><strong>2,</strong></span> <span class='ocrx_word' id='word_1_539' title='bbox 3160 2208 3379 2280; x_wconf 81' lang='lat' dir='ltr'><strong>quaest.</strong></span> 
     </span>
     <span class='ocr_line' id='line_1_77' title="bbox 1811 2285 3379 2368; baseline 0.007 -22"><span class='ocrx_word' id='word_1_540' title='bbox 1811 2288 1951 2358; x_wconf 84' lang='grc'><strong>171,</strong></span> <span class='ocrx_word' id='word_1_541' title='bbox 1976 2291 2091 2346; x_wconf 90' lang='lat' dir='ltr'><strong>art.</strong></span> <span class='ocrx_word' id='word_1_542' title='bbox 2124 2285 2185 2356; x_wconf 88' lang='lat'><strong>6,</strong></span> <span class='ocrx_word' id='word_1_543' title='bbox 2212 2286 2294 2347; x_wconf 89' lang='lat' dir='ltr'><strong>ad</strong></span> <span class='ocrx_word' id='word_1_544' title='bbox 2332 2289 2391 2360; x_wconf 74' lang='lat'><strong>2,</strong></span> <span class='ocrx_word' id='word_1_545' title='bbox 2426 2293 2489 2349; x_wconf 91' lang='lat' dir='ltr'><strong>et</strong></span> <span class='ocrx_word' id='word_1_546' title='bbox 2515 2292 2537 2348; x_wconf 86' lang='grc'><strong>1</strong></span> <span class='ocrx_word' id='word_1_547' title='bbox 2570 2295 2736 2350; x_wconf 89' lang='lat' dir='ltr'><strong>cont.</strong></span> <span class='ocrx_word' id='word_1_548' title='bbox 2764 2289 2971 2365; x_wconf 88' lang='lat' dir='ltr'><strong>Gent.,</strong></span> <span class='ocrx_word' id='word_1_549' title='bbox 2996 2310 3049 2354; x_wconf 92' lang='lat' dir='ltr'><strong>c.</strong></span> <span class='ocrx_word' id='word_1_550' title='bbox 3080 2295 3160 2356; x_wconf 88' lang='lat'><strong>66</strong></span> <span class='ocrx_word' id='word_1_551' title='bbox 3182 2300 3245 2356; x_wconf 90' lang='lat' dir='ltr'><strong>et</strong></span> <span class='ocrx_word' id='word_1_552' title='bbox 3262 2296 3379 2368; x_wconf 78' lang='lat'><strong>673</strong></span> 
     </span>
     <span class='ocr_line' id='line_1_78' title="bbox 1812 2378 3379 2464; baseline 0.006 -24"><span class='ocrx_word' id='word_1_553' title='bbox 1812 2379 2146 2457; x_wconf 87' lang='lat' dir='ltr'><strong>Cajetanus</strong></span> <span class='ocrx_word' id='word_1_554' title='bbox 2170 2383 2235 2439; x_wconf 90' lang='lat' dir='ltr'><strong>et</strong></span> <span class='ocrx_word' id='word_1_555' title='bbox 2248 2378 2519 2454; x_wconf 59' lang='lat' dir='ltr'><strong>Feri-ar„</strong></span> <span class='ocrx_word' id='word_1_556' title='bbox 2533 2381 2629 2443; x_wconf 90' lang='lat' dir='ltr'><strong>his</strong></span> <span class='ocrx_word' id='word_1_557' title='bbox 2652 2383 2841 2460; x_wconf 86' lang='lat' dir='ltr'><strong>locis3</strong></span> <span class='ocrx_word' id='word_1_558' title='bbox 2866 2385 3205 2464; x_wconf 86' lang='lat' dir='ltr'><strong>Capreolus</strong></span> <span class='ocrx_word' id='word_1_559' title='bbox 3228 2389 3379 2462; x_wconf 88' lang='lat' dir='ltr'><strong>late,</strong></span> 
     </span>
     <span class='ocr_line' id='line_1_79' title="bbox 1811 2471 3383 2551; baseline 0.009 -21"><span class='ocrx_word' id='word_1_560' title='bbox 1811 2471 1876 2531; x_wconf 90' lang='lat' dir='ltr'><strong>in</strong></span> <span class='ocrx_word' id='word_1_561' title='bbox 1903 2475 1962 2543; x_wconf 84' lang='grc'><strong>1,</strong></span> <span class='ocrx_word' id='word_1_562' title='bbox 1992 2471 2132 2532; x_wconf 80' lang='lat' dir='ltr'><strong>dist.</strong></span> <span class='ocrx_word' id='word_1_563' title='bbox 2160 2473 2260 2545; x_wconf 90' lang='lat'><strong>38,</strong></span> <span class='ocrx_word' id='word_1_564' title='bbox 2295 2479 2518 2551; x_wconf 84' lang='lat' dir='ltr'><strong>quaest.</strong></span> <span class='ocrx_word' id='word_1_565' title='bbox 2549 2479 2606 2549; x_wconf 88' lang='grc'><strong>1,</strong></span> <span class='ocrx_word' id='word_1_566' title='bbox 2638 2476 2744 2536; x_wconf 88' lang='lat' dir='ltr'><strong>ubi</strong></span> <span class='ocrx_word' id='word_1_567' title='bbox 2768 2477 2831 2538; x_wconf 88' lang='lat' dir='ltr'><strong>in</strong></span> <span class='ocrx_word' id='word_1_568' title='bbox 2856 2478 2975 2540; x_wconf 89' lang='lat' dir='ltr'><strong>hoc</strong></span> <span class='ocrx_word' id='word_1_569' title='bbox 3002 2483 3383 2544; x_wconf 86' lang='lat' dir='ltr'><strong>conveniunt</strong></span> 
     </span>
     <span class='ocr_line' id='line_1_80' title="bbox 1811 2565 3377 2650; baseline 0.007 -25"><span class='ocrx_word' id='word_1_570' title='bbox 1811 2565 2033 2626; x_wconf 85' lang='lat' dir='ltr'><strong>Scotus</strong></span> <span class='ocrx_word' id='word_1_571' title='bbox 2076 2584 2219 2626; x_wconf 90' lang='lat' dir='ltr'><strong>cum</strong></span> <span class='ocrx_word' id='word_1_572' title='bbox 2261 2567 2414 2640; x_wconf 87' lang='lat' dir='ltr'><strong>suis,</strong></span> <span class='ocrx_word' id='word_1_573' title='bbox 2460 2568 2691 2629; x_wconf 87' lang='lat' dir='ltr'><strong>Ocham</strong></span> <span class='ocrx_word' id='word_1_574' title='bbox 2738 2590 2884 2632; x_wconf 86' lang='lat' dir='ltr'><strong>cum</strong></span> <span class='ocrx_word' id='word_1_575' title='bbox 2926 2575 3377 2650; x_wconf 86' lang='lat' dir='ltr'><strong>Nominalibus,</strong></span> 
     </span>
     <span class='ocr_line' id='line_1_81' title="bbox 1811 2658 3381 2742; baseline 0.008 -24"><span class='ocrx_word' id='word_1_576' title='bbox 1811 2663 1874 2720; x_wconf 90' lang='lat' dir='ltr'><strong>et</strong></span> <span class='ocrx_word' id='word_1_577' title='bbox 1901 2658 2172 2738; x_wconf 88' lang='lat' dir='ltr'><strong>denique</strong></span> <span class='ocrx_word' id='word_1_578' title='bbox 2196 2660 2419 2739; x_wconf 90' lang='lat' dir='ltr'><strong>reliqui</strong></span> <span class='ocrx_word' id='word_1_579' title='bbox 2440 2662 2763 2742; x_wconf 87' lang='lat' dir='ltr'><strong>Theologi.</strong></span> <span class='ocrx_word' id='word_1_580' title='bbox 2796 2666 2871 2726; x_wconf 89' lang='lat' dir='ltr'><strong>Et</strong></span> <span class='ocrx_word' id='word_1_581' title='bbox 2896 2665 3047 2726; x_wconf 87' lang='lat' dir='ltr'><strong>mihi</strong></span> <span class='ocrx_word' id='word_1_582' title='bbox 3074 2673 3169 2728; x_wconf 90' lang='lat' dir='ltr'><strong>est</strong></span> <span class='ocrx_word' id='word_1_583' title='bbox 3198 2668 3381 2730; x_wconf 87' lang='lat' dir='ltr'><strong>indu-</strong></span> 
     </span>
     <span class='ocr_line' id='line_1_82' title="bbox 1810 2751 3380 2842; baseline 0.008 -30"><span class='ocrx_word' id='word_1_584' title='bbox 1810 2751 2005 2813; x_wconf 87' lang='lat' dir='ltr'><strong>bitata</strong></span> <span class='ocrx_word' id='word_1_585' title='bbox 2036 2754 2368 2815; x_wconf 89' lang='lat' dir='ltr'><strong>sententia.</strong></span> <span class='ocrx_word' id='word_1_586' title='bbox 2392 2755 2568 2816; x_wconf 86' lang='lat' dir='ltr'><strong>Ratio</strong></span> <span class='ocrx_word' id='word_1_587' title='bbox 2590 2775 2738 2818; x_wconf 87' lang='lat' dir='ltr'><strong>vero</strong></span> <span class='ocrx_word' id='word_1_588' title='bbox 2754 2760 3067 2836; x_wconf 82' lang='lat' dir='ltr'><strong>generalis</strong></span> <span class='ocrx_word' id='word_1_589' title='bbox 3092 2769 3209 2833; x_wconf 87' lang='lat' dir='ltr'><strong>est,</strong></span> <span class='ocrx_word' id='word_1_590' title='bbox 3232 2764 3380 2842; x_wconf 91' lang='lat' dir='ltr'><strong>quia</strong></span> 
     </span>
     <span class='ocr_line' id='line_1_83' title="bbox 1813 2845 3379 2931; baseline 0.008 -25"><span class='ocrx_word' id='word_1_591' title='bbox 1813 2845 2071 2906; x_wconf 84' lang='lat' dir='ltr'><strong>effectus</strong></span> <span class='ocrx_word' id='word_1_592' title='bbox 2098 2846 2161 2906; x_wconf 93' lang='lat' dir='ltr'><strong>in</strong></span> <span class='ocrx_word' id='word_1_593' title='bbox 2192 2865 2381 2908; x_wconf 88' lang='lat' dir='ltr'><strong>causa</strong></span> <span class='ocrx_word' id='word_1_594' title='bbox 2408 2849 2698 2928; x_wconf 68' lang='lat' dir='ltr'><strong>cognosci</strong></span> <span class='ocrx_word' id='word_1_595' title='bbox 2722 2869 2851 2910; x_wconf 89' lang='lat' dir='ltr'><strong>non</strong></span> <span class='ocrx_word' id='word_1_596' title='bbox 2882 2859 3105 2931; x_wconf 87' lang='lat' dir='ltr'><strong>potest,</strong></span> <span class='ocrx_word' id='word_1_597' title='bbox 3138 2855 3255 2916; x_wconf 87' lang='lat' dir='ltr'><strong>nisi</strong></span> <span class='ocrx_word' id='word_1_598' title='bbox 3278 2875 3379 2917; x_wconf 88' lang='lat' dir='ltr'><strong>se-</strong></span> 
     </span>
     <span class='ocr_line' id='line_1_84' title="bbox 1814 2940 3378 3020; baseline 0.006 -19"><span class='ocrx_word' id='word_1_599' title='bbox 1814 2940 2089 3001; x_wconf 89' lang='lat' dir='ltr'><strong>cundum</strong></span> <span class='ocrx_word' id='word_1_600' title='bbox 2118 2959 2257 3002; x_wconf 90' lang='lat' dir='ltr'><strong>esse</strong></span> <span class='ocrx_word' id='word_1_601' title='bbox 2284 2940 2455 3019; x_wconf 90' lang='lat' dir='ltr'><strong>quod</strong></span> <span class='ocrx_word' id='word_1_602' title='bbox 2486 2943 2675 3003; x_wconf 87' lang='lat' dir='ltr'><strong>habet</strong></span> <span class='ocrx_word' id='word_1_603' title='bbox 2702 2944 2765 3003; x_wconf 90' lang='lat' dir='ltr'><strong>in</strong></span> <span class='ocrx_word' id='word_1_604' title='bbox 2794 2944 2941 3020; x_wconf 89' lang='lat' dir='ltr'><strong>illa;</strong></span> <span class='ocrx_word' id='word_1_605' title='bbox 2974 2945 3087 3006; x_wconf 89' lang='lat' dir='ltr'><strong>sed</strong></span> <span class='ocrx_word' id='word_1_606' title='bbox 3116 2947 3378 3010; x_wconf 85' lang='lat' dir='ltr'><strong>effectus</strong></span> 
     </span>
     <span class='ocr_line' id='line_1_85' title="bbox 1816 3034 3379 3120; baseline 0.007 -27"><span class='ocrx_word' id='word_1_607' title='bbox 1816 3034 2184 3111; x_wconf 85' lang='lat' dir='ltr'><strong>contingens</strong></span> <span class='ocrx_word' id='word_1_608' title='bbox 2215 3034 2279 3093; x_wconf 91' lang='lat' dir='ltr'><strong>in</strong></span> <span class='ocrx_word' id='word_1_609' title='bbox 2308 3052 2498 3095; x_wconf 87' lang='lat' dir='ltr'><strong>causa</strong></span> <span class='ocrx_word' id='word_1_610' title='bbox 2532 3053 2647 3095; x_wconf 88' lang='lat' dir='ltr'><strong>sua</strong></span> <span class='ocrx_word' id='word_1_611' title='bbox 2674 3036 2983 3114; x_wconf 86' lang='lat' dir='ltr'><strong>proxima,</strong></span> <span class='ocrx_word' id='word_1_612' title='bbox 3018 3040 3205 3101; x_wconf 83' lang='lat' dir='ltr'><strong>etiam</strong></span> <span class='ocrx_word' id='word_1_613' title='bbox 3232 3059 3379 3120; x_wconf 90' lang='lat' dir='ltr'><strong>pro-</strong></span> 
     </span>
     <span class='ocr_line' id='line_1_86' title="bbox 1811 3125 3377 3206; baseline 0.007 -21"><span class='ocrx_word' id='word_1_614' title='bbox 1811 3125 1977 3187; x_wconf 78' lang='lat' dir='ltr'><strong>xime</strong></span> <span class='ocrx_word' id='word_1_615' title='bbox 2017 3125 2316 3206; x_wconf 87' lang='lat' dir='ltr'><strong>disposita</strong></span> <span class='ocrx_word' id='word_1_616' title='bbox 2354 3127 2437 3188; x_wconf 88' lang='lat' dir='ltr'><strong>ad</strong></span> <span class='ocrx_word' id='word_1_617' title='bbox 2482 3130 2871 3206; x_wconf 87' lang='lat' dir='ltr'><strong>operandum</strong></span> <span class='ocrx_word' id='word_1_618' title='bbox 2908 3150 3053 3193; x_wconf 90' lang='lat' dir='ltr'><strong>cum</strong></span> <span class='ocrx_word' id='word_1_619' title='bbox 3088 3136 3377 3196; x_wconf 86' lang='lat' dir='ltr'><strong>omnibus</strong></span> 
     </span>
     <span class='ocr_line' id='line_1_87' title="bbox 1813 3219 3380 3299; baseline 0.008 -22"><span class='ocrx_word' id='word_1_620' title='bbox 1813 3219 2255 3299; x_wconf 84' lang='lat' dir='ltr'><strong>praerequisitis</strong></span> <span class='ocrx_word' id='word_1_621' title='bbox 2279 3266 2296 3293; x_wconf 94' lang='lat'><strong>,</strong></span> <span class='ocrx_word' id='word_1_622' title='bbox 2334 3239 2463 3281; x_wconf 90' lang='lat' dir='ltr'><strong>non</strong></span> <span class='ocrx_word' id='word_1_623' title='bbox 2492 3222 2683 3285; x_wconf 84' lang='lat' dir='ltr'><strong>habet</strong></span> <span class='ocrx_word' id='word_1_624' title='bbox 2725 3242 2863 3285; x_wconf 90' lang='lat' dir='ltr'><strong>esse</strong></span> <span class='ocrx_word' id='word_1_625' title='bbox 2894 3232 3133 3287; x_wconf 88' lang='lat' dir='ltr'><strong>certum</strong></span> <span class='ocrx_word' id='word_1_626' title='bbox 3168 3235 3233 3289; x_wconf 91' lang='lat' dir='ltr'><strong>et</strong></span> <span class='ocrx_word' id='word_1_627' title='bbox 3268 3229 3380 3291; x_wconf 88' lang='lat' dir='ltr'><strong>de-</strong></span> 
     </span>
     <span class='ocr_line' id='line_1_88' title="bbox 1811 3312 3379 3396; baseline 0.008 -25"><span class='ocrx_word' id='word_1_628' title='bbox 1811 3312 2237 3389; x_wconf 83' lang='lat' dir='ltr'><strong>terminatum,</strong></span> <span class='ocrx_word' id='word_1_629' title='bbox 2272 3314 2383 3373; x_wconf 92' lang='lat' dir='ltr'><strong>sed</strong></span> <span class='ocrx_word' id='word_1_630' title='bbox 2402 3314 2799 3388; x_wconf 85' lang='lat' dir='ltr'><strong>indifferens;</strong></span> <span class='ocrx_word' id='word_1_631' title='bbox 2834 3319 2981 3396; x_wconf 87' lang='lat' dir='ltr'><strong>quia</strong></span> <span class='ocrx_word' id='word_1_632' title='bbox 3010 3321 3205 3382; x_wconf 84' lang='lat' dir='ltr'><strong>virtus</strong></span> <span class='ocrx_word' id='word_1_633' title='bbox 3234 3340 3379 3384; x_wconf 87' lang='lat' dir='ltr'><strong>cau-</strong></span> 
     </span>
     <span class='ocr_line' id='line_1_89' title="bbox 1813 3407 3377 3491; baseline 0.007 -24"><span class='ocrx_word' id='word_1_634' title='bbox 1813 3422 1896 3467; x_wconf 79' lang='lat' dir='ltr'><strong>sae</strong></span> <span class='ocrx_word' id='word_1_635' title='bbox 1921 3423 2129 3483; x_wconf 86' lang='lat' dir='ltr'><strong>neque</strong></span> <span class='ocrx_word' id='word_1_636' title='bbox 2158 3413 2251 3467; x_wconf 90' lang='lat' dir='ltr'><strong>est</strong></span> <span class='ocrx_word' id='word_1_637' title='bbox 2278 3424 2355 3467; x_wconf 87' lang='lat' dir='ltr'><strong>ex</strong></span> <span class='ocrx_word' id='word_1_638' title='bbox 2382 3426 2449 3469; x_wconf 92' lang='lat' dir='ltr'><strong>se</strong></span> <span class='ocrx_word' id='word_1_639' title='bbox 2482 3407 2563 3468; x_wconf 90' lang='lat' dir='ltr'><strong>ad</strong></span> <span class='ocrx_word' id='word_1_640' title='bbox 2592 3408 2767 3471; x_wconf 88' lang='lat' dir='ltr'><strong>illum</strong></span> <span class='ocrx_word' id='word_1_641' title='bbox 2798 3410 3237 3491; x_wconf 87' lang='lat' dir='ltr'><strong>determinata,</strong></span> <span class='ocrx_word' id='word_1_642' title='bbox 3269 3435 3377 3478; x_wconf 89' lang='lat' dir='ltr'><strong>ne-</strong></span> 
     </span>
     <span class='ocr_line' id='line_1_90' title="bbox 1813 3500 3379 3580; baseline 0.01 -23"><span class='ocrx_word' id='word_1_643' title='bbox 1813 3515 1937 3576; x_wconf 91' lang='lat' dir='ltr'><strong>que</strong></span> <span class='ocrx_word' id='word_1_644' title='bbox 1970 3516 2048 3559; x_wconf 83' lang='lat' dir='ltr'><strong>ex</strong></span> <span class='ocrx_word' id='word_1_645' title='bbox 2089 3500 2381 3560; x_wconf 90' lang='lat' dir='ltr'><strong>omnibus</strong></span> <span class='ocrx_word' id='word_1_646' title='bbox 2410 3501 2720 3580; x_wconf 84' lang='lat' dir='ltr'><strong>adjunctis</strong></span> <span class='ocrx_word' id='word_1_647' title='bbox 2758 3505 3139 3569; x_wconf 85' lang='lat' dir='ltr'><strong>sufficienter</strong></span> <span class='ocrx_word' id='word_1_648' title='bbox 3176 3509 3379 3572; x_wconf 88' lang='lat' dir='ltr'><strong>deter-</strong></span> 
     </span>
     <span class='ocr_line' id='line_1_91' title="bbox 1812 3582 3377 3672; baseline 0.009 -21"><span class='ocrx_word' id='word_1_649' title='bbox 1812 3590 2114 3664; x_wconf 87' lang='lat' dir='ltr'><strong>minatur;</strong></span> <span class='ocrx_word' id='word_1_650' title='bbox 2149 3610 2301 3672; x_wconf 88' lang='lat' dir='ltr'><strong>ergo</strong></span> <span class='ocrx_word' id='word_1_651' title='bbox 2332 3612 2461 3653; x_wconf 88' lang='lat' dir='ltr'><strong>non</strong></span> <span class='ocrx_word' id='word_1_652' title='bbox 2490 3582 2691 3672; x_wconf 75' lang='lat' dir='ltr'><strong>potest</strong></span> <span class='ocrx_word' id='word_1_653' title='bbox 2721 3597 2860 3659; x_wconf 89' lang='lat' dir='ltr'><strong>talis</strong></span> <span class='ocrx_word' id='word_1_654' title='bbox 2890 3599 3147 3661; x_wconf 84' lang='lat' dir='ltr'><strong>effectus</strong></span> <span class='ocrx_word' id='word_1_655' title='bbox 3176 3602 3239 3662; x_wconf 89' lang='lat' dir='ltr'><strong>in</strong></span> <span class='ocrx_word' id='word_1_656' title='bbox 3268 3603 3377 3665; x_wconf 86' lang='lat' dir='ltr'><strong>tali</strong></span> 
     </span>
     <span class='ocr_line' id='line_1_92' title="bbox 1813 3686 3377 3774; baseline 0.01 -32"><span class='ocrx_word' id='word_1_657' title='bbox 1813 3701 2005 3745; x_wconf 88' lang='lat' dir='ltr'><strong>causa</strong></span> <span class='ocrx_word' id='word_1_658' title='bbox 2030 3703 2187 3763; x_wconf 57' lang='lat' dir='ltr'><strong>‚cum</strong></span> <span class='ocrx_word' id='word_1_659' title='bbox 2228 3686 2596 3749; x_wconf 90' lang='lat' dir='ltr'><strong>certitudine</strong></span> <span class='ocrx_word' id='word_1_660' title='bbox 2640 3692 2953 3766; x_wconf 84' lang='lat' dir='ltr'><strong>cognosci.</strong></span> <span class='ocrx_word' id='word_1_661' title='bbox 2996 3692 3195 3774; x_wconf 87' lang='lat' dir='ltr'><strong>Major</strong></span> <span class='ocrx_word' id='word_1_662' title='bbox 3231 3714 3377 3757; x_wconf 87' lang='lat' dir='ltr'><strong>cum</strong></span> 
     </span>
     <span class='ocr_line' id='line_1_93' title="bbox 1809 3779 3379 3857; baseline 0.008 -18"><span class='ocrx_word' id='word_1_663' title='bbox 1809 3779 2257 3856; x_wconf 83' lang='lat' dir='ltr'><strong>consequentia</strong></span> <span class='ocrx_word' id='word_1_664' title='bbox 2286 3797 2403 3857; x_wconf 88' lang='lat' dir='ltr'><strong>per</strong></span> <span class='ocrx_word' id='word_1_665' title='bbox 2424 3798 2493 3841; x_wconf 89' lang='lat' dir='ltr'><strong>se</strong></span> <span class='ocrx_word' id='word_1_666' title='bbox 2516 3786 2665 3843; x_wconf 87' lang='lat' dir='ltr'><strong>nota</strong></span> <span class='ocrx_word' id='word_1_667' title='bbox 2694 3782 2958 3849; x_wconf 85' lang='lat' dir='ltr'><strong>videtur.</strong></span> <span class='ocrx_word' id='word_1_668' title='bbox 2997 3786 3201 3849; x_wconf 87' lang='lat' dir='ltr'><strong>Minor</strong></span> <span class='ocrx_word' id='word_1_669' title='bbox 3226 3808 3379 3851; x_wconf 90' lang='lat' dir='ltr'><strong>con-</strong></span> 
     </span>
     <span class='ocr_line' id='line_1_94' title="bbox 1807 3874 3379 3949; baseline 0.009 -18"><span class='ocrx_word' id='word_1_670' title='bbox 1807 3876 1930 3933; x_wconf 74' lang='lat' dir='ltr'><strong>stat</strong></span> <span class='ocrx_word' id='word_1_671' title='bbox 1959 3888 2037 3931; x_wconf 82' lang='lat' dir='ltr'><strong>ex</strong></span> <span class='ocrx_word' id='word_1_672' title='bbox 2066 3888 2257 3949; x_wconf 85' lang='lat' dir='ltr'><strong>supra</strong></span> <span class='ocrx_word' id='word_1_673' title='bbox 2283 3874 2560 3934; x_wconf 85' lang='lat' dir='ltr'><strong>tractatis</strong></span> <span class='ocrx_word' id='word_1_674' title='bbox 2586 3874 2669 3935; x_wconf 83' lang='lat' dir='ltr'><strong>&#39;de</strong></span> <span class='ocrx_word' id='word_1_675' title='bbox 2696 3878 2969 3938; x_wconf 87' lang='lat' dir='ltr'><strong>essentia</strong></span> <span class='ocrx_word' id='word_1_676' title='bbox 2994 3898 3200 3943; x_wconf 79' lang='lat' dir='ltr'><strong>causae</strong></span> <span class='ocrx_word' id='word_1_677' title='bbox 3226 3882 3379 3944; x_wconf 89' lang='lat' dir='ltr'><strong>libe-</strong></span> 
     </span>
     <span class='ocr_line' id='line_1_95' title="bbox 1805 3964 3377 4050; baseline 0.008 -25"><span class='ocrx_word' id='word_1_678' title='bbox 1805 3982 1890 4025; x_wconf 80' lang='lat' dir='ltr'><strong>1·ae</strong></span> <span class='ocrx_word' id='word_1_679' title='bbox 1915 3983 1933 4037; x_wconf 91' lang='lat'>;</span> <span class='ocrx_word' id='word_1_680' title='bbox 1968 3969 2063 4025; x_wconf 87' lang='lat' dir='ltr'><strong>est</strong></span> <span class='ocrx_word' id='word_1_681' title='bbox 2090 3966 2261 4027; x_wconf 87' lang='lat' dir='ltr'><strong>enim</strong></span> <span class='ocrx_word' id='word_1_682' title='bbox 2289 3964 2368 4027; x_wconf 91' lang='lat' dir='ltr'><strong>de</strong></span> <span class='ocrx_word' id='word_1_683' title='bbox 2406 3966 2647 4029; x_wconf 85' lang='lat' dir='ltr'><strong>ratione</strong></span> <span class='ocrx_word' id='word_1_684' title='bbox 2676 3967 2837 4047; x_wconf 81' lang='lat' dir='ltr'><strong>ejus,</strong></span> <span class='ocrx_word' id='word_1_685' title='bbox 2864 3976 2957 4044; x_wconf 90' lang='lat' dir='ltr'><strong>ut,</strong></span> <span class='ocrx_word' id='word_1_686' title='bbox 2994 3973 3209 4050; x_wconf 89' lang='lat' dir='ltr'><strong>positis</strong></span> <span class='ocrx_word' id='word_1_687' title='bbox 3240 3994 3377 4037; x_wconf 90' lang='lat' dir='ltr'><strong>om-</strong></span> 
     </span>
     <span class='ocr_line' id='line_1_96' title="bbox 1805 4058 3376 4140; baseline 0.007 -21"><span class='ocrx_word' id='word_1_688' title='bbox 1805 4058 1993 4119; x_wconf 90' lang='lat' dir='ltr'><strong>nibus</strong></span> <span class='ocrx_word' id='word_1_689' title='bbox 2030 4058 2503 4138; x_wconf 66' lang='lat' dir='ltr'><strong>praerequisitis‚</strong></span> <span class='ocrx_word' id='word_1_690' title='bbox 2548 4059 2631 4121; x_wconf 87' lang='lat' dir='ltr'><strong>ad</strong></span> <span class='ocrx_word' id='word_1_691' title='bbox 2660 4061 2975 4140; x_wconf 87' lang='lat' dir='ltr'><strong>agendum</strong></span> <span class='ocrx_word' id='word_1_692' title='bbox 3006 4066 3213 4127; x_wconf 81' lang='lat' dir='ltr'><strong>adhuc</strong></span> <span class='ocrx_word' id='word_1_693' title='bbox 3240 4086 3376 4129; x_wconf 86' lang='lat' dir='ltr'><strong>ma-</strong></span> 
     </span>
     <span class='ocr_line' id='line_1_97' title="bbox 1805 4152 3375 4239; baseline 0.008 -28"><span class='ocrx_word' id='word_1_694' title='bbox 1805 4156 1959 4213; x_wconf 88' lang='lat' dir='ltr'><strong>neat</strong></span> <span class='ocrx_word' id='word_1_695' title='bbox 1982 4152 2379 4225; x_wconf 85' lang='lat' dir='ltr'><strong>indifferens;</strong></span> <span class='ocrx_word' id='word_1_696' title='bbox 2414 4170 2605 4213; x_wconf 87' lang='lat' dir='ltr'><strong>causa</strong></span> <span class='ocrx_word' id='word_1_697' title='bbox 2632 4160 2845 4215; x_wconf 89' lang='lat' dir='ltr'><strong>autem</strong></span> <span class='ocrx_word' id='word_1_698' title='bbox 2868 4158 3117 4235; x_wconf 86' lang='lat' dir='ltr'><strong>propria</strong></span> <span class='ocrx_word' id='word_1_699' title='bbox 3146 4165 3210 4221; x_wconf 89' lang='lat' dir='ltr'><strong>et</strong></span> <span class='ocrx_word' id='word_1_700' title='bbox 3234 4179 3375 4239; x_wconf 86' lang='lat' dir='ltr'><strong>pro-</strong></span> 
     </span>
     <span class='ocr_line' id='line_1_98' title="bbox 1805 4245 3374 4330; baseline 0.007 -25"><span class='ocrx_word' id='word_1_701' title='bbox 1805 4245 1975 4305; x_wconf 79' lang='lat' dir='ltr'><strong>xima</strong></span> <span class='ocrx_word' id='word_1_702' title='bbox 2032 4245 2258 4305; x_wconf 89' lang='lat' dir='ltr'><strong>horum</strong></span> <span class='ocrx_word' id='word_1_703' title='bbox 2322 4246 2659 4307; x_wconf 81' lang='lat' dir='ltr'><strong>effectuum</strong></span> <span class='ocrx_word' id='word_1_704' title='bbox 2722 4249 3217 4330; x_wconf 86' lang='lat' dir='ltr'><strong>contingentium</strong></span> <span class='ocrx_word' id='word_1_705' title='bbox 3279 4261 3374 4321; x_wconf 88' lang='lat' dir='ltr'><strong>est</strong></span> 
     </span>
     <span class='ocr_line' id='line_1_99' title="bbox 1810 4337 3375 4419; baseline 0.008 -21"><span class='ocrx_word' id='word_1_706' title='bbox 1810 4355 2001 4399; x_wconf 88' lang='lat' dir='ltr'><strong>causa</strong></span> <span class='ocrx_word' id='word_1_707' title='bbox 2038 4337 2255 4401; x_wconf 88' lang='lat' dir='ltr'><strong>libera.</strong></span> <span class='ocrx_word' id='word_1_708' title='bbox 2290 4339 2654 4401; x_wconf 88' lang='lat' dir='ltr'><strong>Declaratur</strong></span> <span class='ocrx_word' id='word_1_709' title='bbox 2676 4346 2981 4419; x_wconf 84' lang='lat' dir='ltr'><strong>praeterea</strong></span> <span class='ocrx_word' id='word_1_710' title='bbox 3010 4343 3073 4403; x_wconf 86' lang='lat' dir='ltr'><strong>in</strong></span> <span class='ocrx_word' id='word_1_711' title='bbox 3098 4363 3375 4409; x_wconf 88' lang='lat' dir='ltr'><strong>commu-</strong></span> 
     </span>
     <span class='ocr_line' id='line_1_100' title="bbox 1808 4428 3375 4515; baseline 0.01 -26"><span class='ocrx_word' id='word_1_712' title='bbox 1808 4429 1872 4489; x_wconf 91' lang='lat' dir='ltr'><strong>ni</strong></span> <span class='ocrx_word' id='word_1_713' title='bbox 1904 4430 2025 4491; x_wconf 91' lang='lat' dir='ltr'><strong>hoc</strong></span> <span class='ocrx_word' id='word_1_714' title='bbox 2054 4428 2265 4503; x_wconf 89' lang='lat' dir='ltr'><strong>modo,</strong></span> <span class='ocrx_word' id='word_1_715' title='bbox 2298 4430 2445 4509; x_wconf 88' lang='lat' dir='ltr'><strong>quia</strong></span> <span class='ocrx_word' id='word_1_716' title='bbox 2473 4430 2609 4493; x_wconf 77' lang='lat' dir='ltr'><strong>haec</strong></span> <span class='ocrx_word' id='word_1_717' title='bbox 2638 4450 2827 4493; x_wconf 87' lang='lat' dir='ltr'><strong>causa</strong></span> <span class='ocrx_word' id='word_1_718' title='bbox 2855 4440 2949 4495; x_wconf 88' lang='lat' dir='ltr'><strong>est</strong></span> <span class='ocrx_word' id='word_1_719' title='bbox 2970 4438 3283 4515; x_wconf 82' lang='lat' dir='ltr'><strong>voluntas,</strong></span> <span class='ocrx_word' id='word_1_720' title='bbox 3312 4450 3375 4505; x_wconf 88' lang='lat' dir='ltr'><strong>et</strong></span> 
     </span>
     <span class='ocr_line' id='line_1_101' title="bbox 1807 4522 3374 4603; baseline 0.01 -22"><span class='ocrx_word' id='word_1_721' title='bbox 1807 4522 1872 4582; x_wconf 91' lang='lat' dir='ltr'><strong>in</strong></span> <span class='ocrx_word' id='word_1_722' title='bbox 1895 4522 2000 4582; x_wconf 90' lang='lat' dir='ltr'><strong>illa</strong></span> <span class='ocrx_word' id='word_1_723' title='bbox 2024 4522 2279 4601; x_wconf 80' lang='lat' dir='ltr'><strong>praecise</strong></span> <span class='ocrx_word' id='word_1_724' title='bbox 2300 4530 2543 4603; x_wconf 88' lang='lat' dir='ltr'><strong>sumpta</strong></span> <span class='ocrx_word' id='word_1_725' title='bbox 2557 4570 2571 4593; x_wconf 84' lang='lat'><strong>,</strong></span> <span class='ocrx_word' id='word_1_726' title='bbox 2604 4532 2847 4588; x_wconf 88' lang='lat' dir='ltr'><strong>certum</strong></span> <span class='ocrx_word' id='word_1_727' title='bbox 2868 4535 2966 4589; x_wconf 87' lang='lat' dir='ltr'><strong>est</strong></span> <span class='ocrx_word' id='word_1_728' title='bbox 2987 4536 3049 4591; x_wconf 88' lang='lat' dir='ltr'><strong>et</strong></span> <span class='ocrx_word' id='word_1_729' title='bbox 3076 4540 3374 4597; x_wconf 87' lang='lat' dir='ltr'><strong>constans</strong></span> 
     </span>
     <span class='ocr_line' id='line_1_102' title="bbox 1809 4616 3375 4704; baseline 0.01 -28"><span class='ocrx_word' id='word_1_730' title='bbox 1809 4616 1926 4677; x_wconf 90' lang='lat' dir='ltr'><strong>hoc</strong></span> <span class='ocrx_word' id='word_1_731' title='bbox 1974 4633 2103 4675; x_wconf 90' lang='lat' dir='ltr'><strong>non</strong></span> <span class='ocrx_word' id='word_1_732' title='bbox 2150 4634 2335 4694; x_wconf 89' lang='lat' dir='ltr'><strong>posse</strong></span> <span class='ocrx_word' id='word_1_733' title='bbox 2370 4619 2696 4696; x_wconf 86' lang='lat' dir='ltr'><strong>cognosci;</strong></span> <span class='ocrx_word' id='word_1_734' title='bbox 2748 4638 2928 4681; x_wconf 87' lang='lat' dir='ltr'><strong>sumo</strong></span> <span class='ocrx_word' id='word_1_735' title='bbox 2970 4640 3125 4704; x_wconf 90' lang='lat' dir='ltr'><strong>ergo</strong></span> <span class='ocrx_word' id='word_1_736' title='bbox 3162 4629 3375 4691; x_wconf 85' lang='lat' dir='ltr'><strong>omnia</strong></span> 
     </span>
     <span class='ocr_line' id='line_1_103' title="bbox 1805 4708 3373 4788; baseline 0.01 -20"><span class='ocrx_word' id='word_1_737' title='bbox 1805 4726 1945 4787; x_wconf 81' lang='lat' dir='ltr'><strong>quae</strong></span> <span class='ocrx_word' id='word_1_738' title='bbox 1988 4708 2417 4788; x_wconf 86' lang='lat' dir='ltr'><strong>adjunguntur</strong></span> <span class='ocrx_word' id='word_1_739' title='bbox 2458 4710 2792 4785; x_wconf 82' lang='lat' dir='ltr'><strong>voluntati,</strong></span> <span class='ocrx_word' id='word_1_740' title='bbox 2840 4720 2903 4775; x_wconf 85' lang='lat' dir='ltr'><strong>et</strong></span> <span class='ocrx_word' id='word_1_741' title='bbox 2945 4715 3239 4781; x_wconf 87' lang='lat' dir='ltr'><strong>dicuntur</strong></span> <span class='ocrx_word' id='word_1_742' title='bbox 3288 4722 3373 4784; x_wconf 87' lang='lat' dir='ltr'><strong>ita</strong></span> 
     </span>
     <span class='ocr_line' id='line_1_104' title="bbox 1803 4802 3374 4893; baseline 0 -30"><span class='ocrx_word' id='word_1_743' title='bbox 1803 4802 2223 4863; x_wconf 89' lang='lat' dir='ltr'><strong>determinare</strong></span> <span class='ocrx_word' id='word_1_744' title='bbox 2250 4802 2425 4863; x_wconf 86' lang='lat' dir='ltr'><strong>illam</strong></span> <span class='ocrx_word' id='word_1_745' title='bbox 2454 4802 2517 4863; x_wconf 87' lang='lat' dir='ltr'><strong>in</strong></span> <span class='ocrx_word' id='word_1_746' title='bbox 2547 4808 2691 4865; x_wconf 85' lang='lat' dir='ltr'><strong>actu</strong></span> <span class='ocrx_word' id='word_1_747' title='bbox 2720 4804 2943 4883; x_wconf 87' lang='lat' dir='ltr'><strong>primo,</strong></span> <span class='ocrx_word' id='word_1_748' title='bbox 2980 4815 3049 4873; x_wconf 89' lang='lat' dir='ltr'><strong>ut</strong></span> <span class='ocrx_word' id='word_1_749' title='bbox 3069 4812 3203 4889; x_wconf 88' lang='lat' dir='ltr'><strong>jam</strong></span> <span class='ocrx_word' id='word_1_750' title='bbox 3234 4832 3374 4893; x_wconf 72' lang='lat' dir='ltr'><strong>pos.</strong></span> 
     </span>
     <span class='ocr_line' id='line_1_105' title="bbox 1803 4893 3374 4985; baseline 0.009 -30"><span class='ocrx_word' id='word_1_751' title='bbox 1803 4893 1882 4955; x_wconf 89' lang='lat' dir='ltr'><strong>sit</strong></span> <span class='ocrx_word' id='word_1_752' title='bbox 1923 4894 1987 4954; x_wconf 90' lang='lat' dir='ltr'><strong>in</strong></span> <span class='ocrx_word' id='word_1_753' title='bbox 2034 4913 2109 4955; x_wconf 90' lang='lat' dir='ltr'><strong>ea</strong></span> <span class='ocrx_word' id='word_1_754' title='bbox 2150 4895 2445 4975; x_wconf 88' lang='lat' dir='ltr'><strong>cognosci</strong></span> <span class='ocrx_word' id='word_1_755' title='bbox 2482 4896 2779 4973; x_wconf 78' lang='lat' dir='ltr'><strong>effectus3</strong></span> <span class='ocrx_word' id='word_1_756' title='bbox 2828 4904 2891 4961; x_wconf 87' lang='lat' dir='ltr'><strong>et</strong></span> <span class='ocrx_word' id='word_1_757' title='bbox 2934 4901 3251 4985; x_wconf 86' lang='lat' dir='ltr'><strong>interrogo</strong></span> <span class='ocrx_word' id='word_1_758' title='bbox 3290 4925 3374 4969; x_wconf 89' lang='lat' dir='ltr'><strong>an</strong></span> 
     </span>
     <span class='ocr_line' id='line_1_106' title="bbox 1805 4988 3369 5075; baseline 0.009 -28"><span class='ocrx_word' id='word_1_759' title='bbox 1805 4988 1915 5047; x_wconf 87' lang='lat' dir='ltr'><strong>illa</strong></span> <span class='ocrx_word' id='word_1_760' title='bbox 1955 4988 2165 5049; x_wconf 85' lang='lat' dir='ltr'><strong>omnia</strong></span> <span class='ocrx_word' id='word_1_761' title='bbox 2217 5007 2294 5049; x_wconf 84' lang='lat' dir='ltr'><strong>ex</strong></span> <span class='ocrx_word' id='word_1_762' title='bbox 2334 4990 2705 5052; x_wconf 85' lang='lat' dir='ltr'><strong>necessitate</strong></span> <span class='ocrx_word' id='word_1_763' title='bbox 2747 5000 2985 5055; x_wconf 79' lang='lat' dir='ltr'><strong>naturoe</strong></span> <span class='ocrx_word' id='word_1_764' title='bbox 3036 5000 3369 5075; x_wconf 88' lang='lat' dir='ltr'><strong>eveniant,</strong></span> 
     </span>
     <span class='ocr_line' id='line_1_107' title="bbox 1808 5080 3373 5164; baseline 0.009 -24"><span class='ocrx_word' id='word_1_765' title='bbox 1808 5080 1892 5141; x_wconf 89' lang='lat' dir='ltr'><strong>ita</strong></span> <span class='ocrx_word' id='word_1_766' title='bbox 1921 5087 1990 5141; x_wconf 90' lang='lat' dir='ltr'><strong>ut</strong></span> <span class='ocrx_word' id='word_1_767' title='bbox 2011 5081 2298 5142; x_wconf 82' lang='lat' dir='ltr'><strong>voluntas</strong></span> <span class='ocrx_word' id='word_1_768' title='bbox 2325 5101 2455 5143; x_wconf 88' lang='lat' dir='ltr'><strong>non</strong></span> <span class='ocrx_word' id='word_1_769' title='bbox 2478 5084 2933 5164; x_wconf 86' lang='lat' dir='ltr'><strong>contingenter,</strong></span> <span class='ocrx_word' id='word_1_770' title='bbox 2964 5088 3077 5149; x_wconf 92' lang='lat' dir='ltr'><strong>sed</strong></span> <span class='ocrx_word' id='word_1_771' title='bbox 3099 5094 3373 5153; x_wconf 88' lang='lat' dir='ltr'><strong>necessi-</strong></span> 
     </span>
     <span class='ocr_line' id='line_1_108' title="bbox 1807 5174 3372 5253; baseline 0.008 -18"><span class='ocrx_word' id='word_1_772' title='bbox 1807 5180 1935 5235; x_wconf 87' lang='lat' dir='ltr'><strong>tate</strong></span> <span class='ocrx_word' id='word_1_773' title='bbox 1981 5174 2253 5253; x_wconf 89' lang='lat' dir='ltr'><strong>quadam</strong></span> <span class='ocrx_word' id='word_1_774' title='bbox 2288 5175 2554 5237; x_wconf 89' lang='lat' dir='ltr'><strong>naturali</strong></span> <span class='ocrx_word' id='word_1_775' title='bbox 2584 5176 2649 5237; x_wconf 90' lang='lat' dir='ltr'><strong>in</strong></span> <span class='ocrx_word' id='word_1_776' title='bbox 2691 5178 2797 5239; x_wconf 90' lang='lat' dir='ltr'><strong>illo</strong></span> <span class='ocrx_word' id='word_1_777' title='bbox 2832 5186 2997 5241; x_wconf 88' lang='lat' dir='ltr'><strong>statu</strong></span> <span class='ocrx_word' id='word_1_778' title='bbox 3032 5185 3372 5247; x_wconf 89' lang='lat' dir='ltr'><strong>constitua-</strong></span> 
     </span>
     <span class='ocr_line' id='line_1_109' title="bbox 1809 5269 3373 5348; baseline 0.007 -19"><span class='ocrx_word' id='word_1_779' title='bbox 1809 5274 1935 5342; x_wconf 90' lang='lat' dir='ltr'><strong>tur,</strong></span> <span class='ocrx_word' id='word_1_780' title='bbox 1964 5269 2064 5328; x_wconf 82' lang='lat' dir='ltr'><strong>vel</strong></span> <span class='ocrx_word' id='word_1_781' title='bbox 2093 5286 2236 5329; x_wconf 89' lang='lat' dir='ltr'><strong>cum</strong></span> <span class='ocrx_word' id='word_1_782' title='bbox 2266 5270 2688 5348; x_wconf 88' lang='lat' dir='ltr'><strong>contingentia</strong></span> <span class='ocrx_word' id='word_1_783' title='bbox 2718 5278 2780 5332; x_wconf 90' lang='lat' dir='ltr'><strong>et</strong></span> <span class='ocrx_word' id='word_1_784' title='bbox 2806 5271 3114 5335; x_wconf 87' lang='lat' dir='ltr'><strong>libertate.</strong></span> <span class='ocrx_word' id='word_1_785' title='bbox 3154 5277 3219 5338; x_wconf 90' lang='lat' dir='ltr'><strong>Si</strong></span> <span class='ocrx_word' id='word_1_786' title='bbox 3252 5279 3373 5340; x_wconf 88' lang='lat' dir='ltr'><strong>hoc</strong></span> 
     </span>
     <span class='ocr_line' id='line_1_110' title="bbox 1811 5361 3371 5449; baseline 0.006 -27"><span class='ocrx_word' id='word_1_787' title='bbox 1811 5361 2157 5422; x_wconf 90' lang='lat' dir='ltr'><strong>secundum</strong></span> <span class='ocrx_word' id='word_1_788' title='bbox 2181 5361 2445 5435; x_wconf 89' lang='lat' dir='ltr'><strong>dicatur,</strong></span> <span class='ocrx_word' id='word_1_789' title='bbox 2486 5362 2746 5424; x_wconf 88' lang='lat' dir='ltr'><strong>restabit</strong></span> <span class='ocrx_word' id='word_1_790' title='bbox 2782 5367 3189 5444; x_wconf 59' lang='lat' dir='ltr'><strong>quaerendum</strong></span> <span class='ocrx_word' id='word_1_791' title='bbox 3219 5389 3371 5449; x_wconf 90' lang='lat' dir='ltr'><strong>quo·-</strong></span> 
     </span>
     <span class='ocr_line' id='line_1_111' title="bbox 1809 5455 3371 5534; baseline 0.007 -19"><span class='ocrx_word' id='word_1_792' title='bbox 1809 5456 1999 5515; x_wconf 88' lang='lat' dir='ltr'><strong>modo</strong></span> <span class='ocrx_word' id='word_1_793' title='bbox 2048 5460 2462 5534; x_wconf 84' lang='lat' dir='ltr'><strong>cognoscatur</strong></span> <span class='ocrx_word' id='word_1_794' title='bbox 2506 5455 2887 5517; x_wconf 80' lang='lat' dir='ltr'><strong>voluntatem</strong></span> <span class='ocrx_word' id='word_1_795' title='bbox 2948 5477 3085 5521; x_wconf 87' lang='lat' dir='ltr'><strong>esse</strong></span> <span class='ocrx_word' id='word_1_796' title='bbox 3147 5466 3371 5525; x_wconf 89' lang='lat' dir='ltr'><strong>consti-</strong></span> 
     </span>
    </p>
   </div>
   <div class='ocr_carea' id='block_1_5' title="bbox 1809 5547 3369 5636">
    <p class='ocr_par' dir='ltr' id='par_1_7' title="bbox 1809 5547 3369 5636">
     <span class='ocr_line' id='line_1_112' title="bbox 1809 5547 3369 5636; baseline 0.006 -27"><span class='ocrx_word' id='word_1_797' title='bbox 1809 5547 2110 5609; x_wconf 87' lang='lat' dir='ltr'><strong>tuendam</strong></span> <span class='ocrx_word' id='word_1_798' title='bbox 2158 5548 2222 5609; x_wconf 90' lang='lat' dir='ltr'><strong>in</strong></span> <span class='ocrx_word' id='word_1_799' title='bbox 2268 5567 2344 5610; x_wconf 93' lang='lat' dir='ltr'><strong>eo</strong></span> <span class='ocrx_word' id='word_1_800' title='bbox 2388 5552 2575 5623; x_wconf 88' lang='lat' dir='ltr'><strong>statu,</strong></span> <span class='ocrx_word' id='word_1_801' title='bbox 2627 5565 2767 5607; x_wconf 91' lang='lat' dir='ltr'><strong>cum</strong></span> <span class='ocrx_word' id='word_1_802' title='bbox 2804 5548 2955 5629; x_wconf 91' lang='lat' dir='ltr'><strong>quid</strong></span> <span class='ocrx_word' id='word_1_803' title='bbox 3002 5553 3369 5636; x_wconf 87' lang='lat' dir='ltr'><strong>contingens</strong></span> 
     </span>
    </p>
   </div>
  </div>
 </body>
</html>
