3850 6225
562 343 683 403 464

560 446 1023 529 magnificentia
1052 447 1458 526 preemiantis.
1498 450 1675 511 Unde
1706 450 1893 512 etiam
1937 451 2130 513 sumi-

564 545 665 603 tur
682 545 1127 621 argumentum
1158 560 1233 603 ex
1256 542 1397 621 lege
1416 542 1673 622 justitiae
1696 544 2124 619 distributivae,

564 633 645 694 ad
677 652 865 713 quam
894 634 1164 714 pertinet
1214 639 1282 696 ut
1310 642 1613 715 quantum
1669 656 1829 699 unus
1874 644 2128 719 superat

563 726 754 787 alium
796 726 859 787 in
906 729 1129 789 morali
1178 728 1502 809 dignitate,
1548 736 1611 791 et
1654 731 1861 793 valore
1894 732 2124 806 meriti,

561 824 803 883 tantum
844 826 1097 901 superet
1148 822 1213 881 in
1272 822 1651 901 perfectione
1702 826 2128 887 substantialis

560 914 829 995 praemii;
866 922 931 977 at
960 915 1007 977 si
1038 916 1177 995 quis
1204 918 1591 996 consumpsit
1615 918 1749 980 dies
1778 925 1839 981 et
1881 927 2123 996 nocteS,

560 1007 659 1067 vel
688 1008 915 1068 multos
947 1027 1146 1070 annos
1176 1010 1448 1069 amando
1477 1012 1699 1085 Deum,
1744 1018 1807 1073 et
1834 1014 2128 1093 multipli-

564 1100 763 1163 cando
780 1108 978 1177 nctuS,
997 1103 1167 1164 verbi
1192 1103 1413 1183 gratia,
1436 1108 1502 1165 ut
1518 1104 1737 1166 decem
1758 1124 1772 1178 ;
1792 1107 1952 1167 alius
1976 1126 2126 1169 vcro

562 1213 757 1255 unum
808 1201 1051 1257 tantum
1102 1202 1311 1257 actum
1364 1198 1597 1259 amoris
1638 1206 1705 1260 ut
1760 1199 2004 1270 decem,
2063 1200 2128 1261 in

561 1290 691 1348 tota
720 1289 845 1349 vita
876 1294 1197 1362 exerceat;
1234 1296 1449 1368 postea
1484 1310 1633 1353 vero
1664 1298 1930 1373 uterque
1969 1294 2130 1354 reci-

560 1380 689 1461 piat
712 1381 1016 1443 visionem
1041 1386 1109 1441 ut
1142 1381 1385 1459 decem,
1430 1383 1634 1445 solum
1662 1403 1809 1445 cum
1835 1392 2126 1465 respectu

562 1474 643 1535 ad
668 1475 911 1535 diversa
936 1494 1149 1554 opera,
1180 1476 1389 1537 nullus
1428 1478 1730 1557 prudenS,
1778 1484 1847 1539 ut
1878 1480 2124 1559 opinor,

560 1568 723 1630 dicet
748 1570 978 1629 servari
1024 1571 1182 1630 inter
1227 1570 1365 1631 illos
1402 1572 1633 1633 dictam
1660 1574 2128 1653 proportionem

563 1663 1044 1743 geometricam;
1080 1667 1237 1723 nant
1281 1664 1343 1725 in
1378 1664 1619 1726 ratione
1673 1666 1936 1740 virtutis,
1989 1686 2128 1746 quae

560 1759 642 1819 ad
670 1756 963 1818 meritum
992 1761 1246 1834 spectat,
1281 1758 1477 1819 multo
1518 1759 1719 1839 magis
1754 1760 1995 1821 excedit
2020 1760 2128 1821 illa

558 1850 892 1913 multitudo
923 1857 1175 1911 actuum
1204 1851 1459 1913 unicum
1488 1859 1721 1926 actum,
1754 1872 1945 1932 quam
1973 1854 2126 1917 visio

560 1950 631 2005 ut
658 1944 877 2005 decem
906 1943 1167 2005 excedat
1194 1945 1497 2005 visionem
1527 1950 1596 2007 ut
1638 1945 1881 2021 decem,
1922 1948 2126 2008 solum

560 2058 676 2120 per
703 2042 1059 2117 respectum
1090 2037 1171 2098 ad
1199 2036 1337 2099 illos
1368 2045 1568 2100 actus,

640 2134 741 2193 20.
791 2133 991 2210 Atque
1018 2132 1167 2191 hinc
1198 2135 1292 2192 est
1319 2131 1489 2210 quod
1518 2132 1799 2192 divinum
1818 2132 2126 2211 judicium

559 2224 771 2299 finale,
816 2224 963 2305 quia
1019 2224 1437 2287 exercendum
1488 2231 1583 2287 est
1631 2226 1978 2287 secundum
2009 2226 2126 2287 has

562 2320 737 2400 leges
772 2318 1053 2399 justitiae,
1100 2336 1350 2399 semper
1404 2318 1649 2379 dicatur
1702 2319 1765 2379 in
1808 2320 2124 2400 Scriptura

560 2411 941 2485 faciendum,
975 2428 1103 2471 non
1132 2428 1244 2489 per
1272 2419 1625 2491 respectum
1678 2412 1759 2473 ad
1790 2431 1988 2473 unum
2025 2414 2126 2474 vel

562 2504 734 2566 aliud
772 2523 951 2586 opus,
981 2503 1091 2565 sed
1120 2504 1201 2565 ad
1248 2506 1458 2566 omnia
1489 2525 1703 2586 opera,
1755 2524 1895 2586 quae
1931 2525 2126 2568 unus-

563 2599 827 2679 quisque
868 2599 1061 2679 gessit
1110 2599 1171 2659 in
1211 2618 1493 2679 corpore,
1528 2600 1607 2661 ad
1652 2602 1828 2661 Rom.
1862 2602 1901 2661 Ξ
1935 2606 1994 2662 et
2027 2602 2122 2677 14,

564 2699 627 2754 et
656 2694 694 2753 2
724 2692 809 2753 ad
840 2694 1069 2755 Corint.
1103 2694 1165 2762 5.
1198 2712 1343 2754 cum
1368 2692 1698 2767 similibuS‚
1749 2712 1825 2755 ex
1872 2694 2120 2773 quibuS,

534 2792 635 2847 -ut
663 2787 908 2866 opinor,
942 2789 1093 2847 satis
1120 2792 1289 2847 certo
1315 2786 1624 2866 colligitur
1650 2788 1870 2858 Deum,
1898 2786 1960 2847 in
1983 2806 2126 2849 con-

561 2879 825 2941 ferendo
888 2880 1144 2959 praemio
1206 2878 1566 2956 essentiali,
1624 2884 1685 2941 et
1733 2880 2128 2941 substantiali

562 2972 942 3053 perfectione
977 2974 1138 3053 ejuS,
1172 2990 1299 3033 non
1336 2978 1581 3033 tantum
1639 2972 1978 3033 maximam
2031 2974 2126 3033 in-

561 3067 913 3130 tensionem
942 3066 1205 3147 alicujus
1244 3072 1439 3140 actus,
1472 3065 1585 3128 sed
1627 3066 1817 3128 etiam
1860 3084 2124 3148 operum

560 3161 1027 3222 multitudinem
1070 3177 1516 3240 expensurum,
1561 3165 1623 3220 et
1672 3165 1739 3221 ut
1780 3161 1867 3221 sic
1918 3161 2124 3222 dicam

560 3251 1059 3336 ponderaturum
1133 3271 1293 3316 esse.
1360 3253 1643 3332 Suntque
1714 3253 1952 3333 optima
2018 3253 2123 3314 illa

560 3349 755 3410 verba
806 3347 1003 3413 Pauli.
1046 3351 1077 3409 1
1122 3347 1205 3408 ad
1242 3346 1495 3408 Corinth
1551 3349 1659 3408 15:
1714 3346 2029 3412 Abundate
2057 3347 2126 3410 in

562 3442 725 3505 omni
746 3459 915 3522 opere
934 3442 1100 3514 bono,
1130 3439 1380 3505 scientes
1404 3441 1561 3523 quod
1578 3441 1749 3504 labor
1772 3445 1964 3504 vester
2007 3459 2126 3504 non

561 3542 655 3600 est
672 3537 881 3598 inanis
916 3533 984 3597 iu
1010 3533 1306 3610 Domz’no,·
1338 3553 1527 3614 quem
1570 3535 1777 3595 locum
1806 3553 1951 3597 cum
1989 3533 2126 3596 aliis

560 3627 641 3688 de
670 3629 1083 3709 promissione
1116 3628 1256 3690 vitae
1300 3633 1549 3690 aeternae
1585 3627 1885 3690 intellexit
1908 3627 2127 3690 Conci·

558 3721 715 3782 lium
748 3722 1204 3797 Tridentinum,
1259 3740 1411 3783 sess.
1444 3722 1507 3796 6,
1540 3739 1594 3783 c.
1658 3723 1757 3784 16.
1811 3723 1889 3782 At
1950 3740 2122 3796 vero,

561 3815 615 3878 si
667 3815 807 3896 quis
862 3821 1195 3896 postquam
1242 3820 1535 3896 operatus
1592 3820 1759 3876 esset
1807 3815 2126 3877 intensum

562 3915 792 3984 actum,
840 3927 965 3970 non
1002 3915 1169 3970 esset
1206 3908 1414 3988 majus
1466 3909 1793 3988 proemlum
1830 3927 2126 3970 consecu-

562 4007 739 4062 turus
796 4002 1005 4081 quoad
1060 4001 1511 4082 perfectionem
1560 4008 1623 4064 et
1676 4001 2122 4077 substantiam,

562 4094 801 4155 etiamsi
830 4095 1043 4175 plures
1072 4095 1307 4157 similes
1336 4095 1633 4162 efficeret,
1676 4095 1825 4156 satis
1844 4095 2122 4174 profecto

564 4187 765 4249 inanis
792 4194 957 4250 esset
983 4187 1161 4250 labor
1198 4189 1335 4269 ejus
1366 4187 1429 4250 in
1472 4189 1591 4250 illis
1624 4188 1863 4250 actibus
1912 4189 2122 4251 minus

562 4279 843 4354 intensiS,
898 4280 998 4342 vel
1054 4281 1241 4342 etiam
1308 4281 1675 4362 aequalibuS,
1726 4281 2116 4342 exercendis,

562 4372 791 4435 Paulus
819 4380 1029 4436 autem
1054 4375 1118 4435 in
1160 4375 1279 4436 boc
1316 4393 1509 4436 sensu
1548 4373 1697 4436 dicit
1723 4374 2007 4436 laborem
2055 4375 2122 4434 in

564 4467 733 4526 omni
752 4485 939 4548 opere
956 4467 1121 4528 bono
1136 4485 1263 4529 non
1283 4485 1421 4530 esse
1438 4469 1713 4542 inanem,
1733 4469 1879 4549 quia
1896 4485 2124 4528 unum-

564 4561 855 4642 quodque
896 4578 1078 4621 suum
1107 4563 1429 4640 praemium
1474 4561 1753 4642 recipiet,
1808 4567 1877 4622 ut
1900 4579 2125 4622 omnes

562 4653 1049 4736 interpretantpr
1073 4702 1091 4729 ,
1154 4661 1215 4716 et
1290 4653 1631 4716 Concilium
1690 4654 2122 4716 Tridentinum

560 4746 747 4828 plane
775 4749 980 4822 sentit,
1023 4753 1083 4809 et
1112 4748 1365 4822 merito;
1412 4749 1557 4829 quia
1594 4767 1813 4809 revera
1844 4749 1993 4809 satis
2021 4766 2123 4808 va-

560 4857 714 4901 num
742 4843 835 4901 est
850 4852 1087 4920 ponere
1122 4847 1530 4920 augmentum
1575 4841 1817 4922 praemii
1870 4841 1937 4902 in
1989 4839 2120 4901 solo

558 4933 760 5007 titulo,
784 4933 884 4994 vel
904 4939 1193 5013 respectu
1214 4933 1297 4995 ad
1322 4953 1513 5015 opera
1533 4941 1787 5016 propter
1809 4953 1947 5016 quae
1976 4952 2119 4995 con-

558 5027 777 5100 fertur,
808 5045 951 5088 cum
980 5027 1185 5107 ipsum
1216 5027 1280 5088 in
1310 5046 1377 5089 se
1405 5028 1627 5090 melius
1654 5047 1781 5090 non
1816 5027 1914 5089 sit.

638 5122 738 5182 21.
781 5123 855 5182 Et
883 5121 1287 5183 conlimatur
1314 5121 1445 5183 haec
1482 5123 1639 5184 ratio
1688 5142 1766 5184 ex
1808 5123 2116 5203 opposito,

559 5233 672 5276 seu
714 5233 791 5275 ex
840 5213 1141 5294 supplicio
1169 5221 1604 5294 peccatorum3
1638 5234 1787 5277 nam
1828 5219 2017 5290 Deus,
2053 5216 2124 5276 in

556 5307 891 5387 puniendis
911 5307 1204 5388 peccatiS,
1236 5313 1297 5369 et
1324 5309 1615 5387 augenda
1654 5309 1717 5369 in
1760 5328 1827 5370 se
1872 5329 1946 5370 ac
1975 5309 2122 5370 sub-

558 5401 926 5464 stantialiter
957 5419 1147 5482 poena
1176 5418 1417 5478 eorum,
1466 5421 1595 5463 non
1641 5404 1893 5483 respicit
1922 5405 2120 5465 solam

556 5495 974 5558 intensionem
1000 5495 1101 5557 vel
1139 5495 1637 5576 magnitudinem
1684 5499 1936 5559 maximi
1973 5517 2120 5578 pec-

1136 346 1346 401 OPUSC.
1383 349 1443 400 V.
1478 350 1781 403 RELEcTto
1818 352 1899 403 m:
1929 351 2410 407 nssvlvlscssmm
2443 353 2820 407 memmium.
2862 352 3100 407 msrur.
3137 355 3199 407 n.

2211 452 2364 527 cati,
2411 453 2524 515 sed
2583 454 2776 513 etiam
2821 452 3281 514 multitudinem
3337 461 3720 533 peccatorum,
3788 478 3789 497 ¹

2203 545 2380 623 juxta
2413 545 2598 606 illud:
2635 545 2940 619 Quantm
2955 545 3324 625 ylmficavit
3347 563 3410 607 se
3437 547 3500 607 in
3517 550 3720 628 deliciis,
3788 570 3789 637 }

2209 642 2448 701 tantum
2475 641 2611 702 date
2635 637 2736 699 illi
2767 642 3218 712 tor-mentorum,
3263 644 3330 699 et
3366 638 3514 699 alias
3541 642 3724 705 similes
3788 652 3789 671 ¹

2209 732 2540 811 Scripturae
2569 732 2938 806 locutiones
2971 732 3136 811 Ergo
3185 732 3245 791 in
3277 733 3532 811 praemio
3559 752 3723 797 essen·
3788 766 3789 775 2

2207 826 2338 887 tiali
2389 826 2815 899 retribuendo,
2861 826 3016 887 etin
3060 827 3194 905 ejus
3217 826 3590 905 perfectione
3614 850 3724 891 con·
3788 836 3789 901 l

2207 920 2491 993 ferenda,
2549 939 2678 981 non
2707 920 2958 999 respicit
3013 922 3178 981 Deus
3202 924 3450 981 tantum
3493 922 3566 981 ad
3607 942 3726 1003 opus
3788 954 3789 961 κ

2209 1014 2478 1075 maxime
2505 1013 2848 1085 intensum,
2877 1012 2988 1073 sed
3013 1013 3202 1073 etiam
3225 1012 3310 1073 ad
3329 1030 3580 1090 operum
3605 1020 3726 1077 mul-
3788 988 3789 1055 l

2207 1106 2558 1167 titudinem.
2593 1106 2768 1167 Patet
2805 1105 3278 1184 consequentia,
3305 1110 3442 1165 tum
3469 1106 3600 1184 quia
3633 1128 3724 1170 non

2208 1201 2436 1271 minor,
2478 1199 2606 1259 imo
2637 1199 2840 1279 maj0r
2867 1199 3025 1261 ratio
3049 1198 3310 1277 justitiae
3355 1200 3660 1261 intervenit
3681 1205 3724 1265 in

2207 1292 2618 1353 retributione
2647 1291 2960 1351 bonorum
2991 1298 3246 1371 propter
3281 1290 3627 1370 adjunctam
3647 1296 3724 1355 Dei

2208 1384 2713 1464 promissionem.
2759 1384 3102 1445 Intervenit
3161 1384 3356 1444 etiam
3387 1385 3578 1463 major
3611 1389 3724 1448 ratio
3788 1376 3789 1391 ¹

2207 1477 2646 1539 misericordiae
2685 1483 2941 1557 propter
2971 1478 3266 1557 gratiam,
3323 1495 3467 1557 quae
3513 1496 3726 1559 praesup
3788 1500 3789 1519 ÷

2207 1572 2496 1653 ponitur„
2533 1576 2598 1631 et
2649 1571 2796 1649 quia
2849 1572 3016 1631 Deus
3061 1569 3418 1649 promptior
3453 1576 3636 1631 estex
3677 1592 3723 1633 se
3788 1570 3789 1609 ³

2211 1664 2292 1725 ad
2343 1663 2907 1735 benefaciendum;
2965 1668 3098 1723 tum
3157 1662 3356 1723 etiam
3399 1663 3540 1739 quia
3579 1682 3642 1723 cx
3677 1684 3724 1724 se

2211 1760 2420 1820 divina
2475 1759 2792 1837 Scriptura
2847 1758 2912 1817 in
2953 1764 3096 1817 actu
3149 1757 3484 1836 utriusque
3527 1758 3724 1836 justitiae
3788 1818 3789 1839 ζ

2207 1852 2674 1913 multitudinem
2709 1858 2771 1912 et
2807 1850 3228 1912 diversitatem
3271 1851 3623 1911 meritorum
3651 1862 3727 1913 aut
3788 1866 3789 1869 ’

2207 1945 2657 2007 demeritorum
2711 1951 3027 2017 numerat,
3081 1950 3146 2005 ut
3187 1948 3367 2023 patet
3405 1944 3608 2005 Matth.
3651 1948 3723 2020 25,

2207 2044 2271 2099 et
2297 2038 2434 2099 aliis
2461 2039 2614 2099 locis
2633 2038 2957 2099 similibus,
2984 2039 3201 2116 Neque
3229 2037 3340 2097 hic
3362 2036 3563 2097 locum
3584 2038 3727 2099 habet

2207 2132 2418 2193 evasio
2447 2130 2526 2193 de
2549 2130 2831 2211 pluribus
2857 2129 3051 2191 titulis
3073 2149 3088 2203 ;
3125 2130 3287 2190 alias
3311 2130 3449 2209 pari
3476 2130 3641 2191 modo
3659 2131 3727 2191 di·
3788 2130 3789 2167 ⁴

2207 2243 2446 2299 cemuS,
2479 2225 2558 2287 (le
2583 2225 2686 2287 illo
2723 2226 2832 2304 qui
2861 2243 3060 2285 unum
3087 2225 3533 2303 gravissimum
3557 2243 3729 2303 pecca·

2205 2325 2338 2380 tum
2356 2320 2684 2395 commisit,
2701 2338 2828 2381 non
2855 2338 2996 2381 esse
3015 2338 3126 2381 cur
3149 2318 3510 2399 graviorem
3525 2336 3728 2397 poenam

2206 2414 2444 2485 timeat,
2465 2432 2541 2475 eo
2558 2414 2730 2494 quod
2743 2414 3071 2474 innumera
3092 2419 3363 2492 peccata
3381 2412 3716 2491 multiplicet,
3788 2416 3789 2491 ᾗ

2205 2508 2304 2569 vel
2347 2509 2614 2580 minora,
2655 2508 2755 2569 vel
2805 2508 3027 2569 saltem
3057 2526 3186 2568 non
3239 2506 3572 2585 graviora3
3617 2507 3722 2586 quia

2208 2600 2409 2661 solum
2441 2600 2730 2661 eamdem
2752 2599 3339 2680 poenam.pluribus
3381 2599 3560 2659 titulis
3591 2601 3722 2659 susti·
3788 2640 3789 2651 i

2207 2694 2402 2767 nebit,
2449 2712 2596 2755 nam
2638 2693 3069 2773 multiplicatio
3119 2692 3568 2753 demeritorum
3613 2692 3723 2753 infe-

2207 2788 2444 2849 riorum
2471 2806 2598 2847 non
2627 2786 2768 2867 plus
2797 2792 3002 2866 potest
3022 2805 3260 2866 augere
3291 2804 3560 2866 poenam,
3579 2804 3722 2864 quam
3788 2800 3789 2803 ’

2207 2878 2635 2959 multiplicatio
2683 2880 3050 2941 meritorum
3105 2878 3520 2940 remissorum
3569 2880 3724 2958 ‚possit

2207 2992 2441 3053 augere
2495 2974 2843 3053 praemium.
2896 2973 3058 3033 Illud
3081 2978 3306 3033 autem
3333 2973 3536 3034 dicere
3561 2974 3725 3033 absur-
3788 3048 3789 3057 ἵ

2204 3068 2528 3128 dissimum
2581 3070 2697 3140 est,
2731 3074 2794 3128 et
2837 3072 3052 3128 contra
3081 3084 3348 3128 omnem
3391 3084 3622 3128 sensum
3647 3066 3726 3125 Ec-

2205 3160 2433 3234 clesiae,
2465 3166 2526 3221 et
2544 3159 2804 3221 modum
2835 3159 3134 3240 loquendi
3163 3161 3524 3240 Scripturas,
3543 3165 3598 3219 et
3619 3178 3723 3220 con·
3788 3229 3789 3238 χ

2204 3260 2298 3316 tra
2321 3271 2578 3314 omnem
2609 3253 2941 3326 rationem,
2977 3259 3038 3314 et
3066 3253 3434 3332 sapientum
3453 3252 3724 3333 provideo·
3788 3241 3789 3280 ³

2205 3347 2396 3418 tiam;
2457 3345 2544 3408 sic
2589 3347 2760 3407 enim
2825 3346 3012 3430 timor
3070 3364 3416 3425 poenarum
3463 3347 3602 3406 nihil
3648 3353 3725 3405 aut

2207 3455 2430 3520 parum
2457 3438 2800 3502 continebit
2825 3445 3187 3520 peccatores
3203 3458 3240 3500 a
3263 3439 3724 3520 multiplicatione

2209 3532 2558 3611 culparum.
3788 3523 3789 3536 *

2287 3628 2388 3688 22.
2443 3626 2681 3700 Quarta
2717 3627 3000 3689 ostensio.
3036 3660 3119 3675 —
3145 3628 3308 3688 Hinc
3361 3627 3544 3688 etiam
3585 3625 3724 3685 datur
3788 3675 3789 3698 ἦ

2207 3739 2364 3782 ansa
2397 3719 2732 3796 haereticiS,
2789 3727 2858 3782 ut
2909 3719 3120 3782 dicant
3168 3739 3400 3783 omnes
3451 3721 3722 3781 damnatos
3788 3793 3789 3796 Ἴ

2207 3831 2344 3874 esse
2379 3812 2656 3893 oequales
2693 3812 2758 3872 in
2784 3813 3012 3892 poenis,
3041 3819 3104 3874 et
3131 3831 3364 3876 omnes
3391 3813 3596 3874 beatos
3619 3829 3721 3872 esse
3788 3811 3789 3854 ³

2208 3907 2482 3986 aequales
2507 3906 2574 3966 in
2601 3907 2883 3986 praemio,
2903 3911 3208 3986 quantum
3246 3907 3338 3968 ad
3368 3907 3720 3969 substantiam
3788 3925 3789 3938 ¹

2207 4007 2264 4062 et
2297 3999 2746 4079 perfectionem
2787 3999 2944 4080 ejuS,
2979 4000 3138 4062 sicut
3175 3999 3514 4062 Lutherani
3556 3999 3720 4060 dicunt
3788 4023 3789 4068 g

2205 4111 2426 4155 omnes
2451 4093 2669 4154 beatos
2703 4094 2977 4172 aequales
3019 4093 3082 4154 in
3127 4093 3374 4155 visione
3411 4094 3540 4156 Dei.
3569 4093 3716 4160 Nam,

2203 4185 2252 4246 si
2293 4185 2412 4246 illis
2441 4185 2812 4265 objiciamus
2845 4185 3014 4264 quod
3045 4204 3174 4246 non
3211 4193 3368 4246 sunt
3393 4185 3639 4265 aequales
3673 4184 3716 4242 iu

2201 4279 2460 4348 meritis,
2507 4277 2890 4358 respondere
2926 4278 3105 4339 nobis
3151 4285 3418 4358 possent
3446 4277 3718 4358 (quamvis

2203 4372 2318 4452 ipsi
2343 4372 2523 4434 aliter
2547 4377 2756 4432 errent
2786 4373 2806 4450 )
2835 4371 3070 4434 habere
3105 4373 3278 4434 illam
3313 4372 3602 4434 visionem
3621 4370 3719 4448 plu-

2203 4465 2505 4526 ribusvel
2557 4463 2958 4543 paucioribus
2995 4465 3208 4538 titulis,
3245 4472 3315 4528 et
3355 4465 3420 4526 in
3461 4465 3570 4526 hoc
3617 4460 3716 4522 solo
3788 4501 3789 4518 t

2205 4577 2344 4618 esse
2375 4557 2887 4636 inaequalitatem,
2921 4577 3050 4620 non
3091 4559 3155 4619 in
3203 4559 3347 4638 ipsa
3396 4557 3634 4618 visione.
3665 4553 3719 4612 Et
3788 4601 3789 4610 ,

2203 4651 2338 4732 pari
2366 4651 2553 4712 modo
2601 4657 2892 4730 respectu
2941 4658 3196 4714 actuum
3245 4651 3453 4731 magis
3495 4651 3717 4710 intenso-
3788 4687 3789 4694 κ

2201 4763 2344 4807 rum
2383 4743 2622 4823 fingere
2663 4745 2890 4826 aliquis
2919 4752 3156 4826 posset,
3187 4751 3449 4825 propter
3471 4743 3596 4804 illos
3619 4757 3715 4800 non
3788 4791 3789 4820 i

2203 4841 2342 4903 dari
2382 4841 2688 4919 majorem
2742 4840 3070 4916 visionem,
3105 4841 3219 4902 sed
3257 4840 3546 4902 eamdem
3581 4834 3714 4896 nobi-

2197 4935 2338 4998 liori
2386 4935 2609 5009 titu10;
2641 4955 2790 4996 nam
2824 4937 2944 4998 boc
2988 4937 3178 4998 etiam
3217 4935 3528 4997 diceretur
3577 4947 3716 5008 spec-

2203 5035 2333 5092 tare
2373 5029 2453 5090 ad
2515 5029 2855 5108 quamdam
2907 5029 3304 5109 praemiorum
3351 5027 3708 5089 nobilitatem.
3788 5039 3789 5104 j

2201 5125 2415 5202 Neque
2455 5142 2531 5184 ex
2558 5123 2750 5184 Sacra
2799 5123 3138 5201 Scriptura,
3171 5121 3478 5194 Concitiis,
3509 5123 3606 5180 aut
3631 5117 3712 5174 Pa·

2201 5219 2399 5279 tribus
2430 5217 2742 5278 efficacius
2777 5216 2980 5296 colligi
3009 5222 3118 5276 aut
3141 5215 3392 5294 probari
3429 5217 3616 5293 potest
3637 5227 3710 5268 ac-

2199 5311 2292 5372 tui
2329 5312 2531 5391 magis
2547 5311 2792 5372 intenso
2821 5309 3206 5388 respondere
3229 5308 3550 5387 praemium
3578 5306 3628 5364 in
3659 5319 3707 5360 se

2201 5409 2266 5466 et
2319 5404 2802 5466 substantialiter
2847 5403 3074 5482 majuS,
3130 5405 3192 5464 et
3235 5420 3360 5462 non
3403 5420 3513 5480 per
3549 5397 3706 5458 solam

2201 5499 2566 5560 relationem
2615 5497 2698 5560 ad
2751 5499 2886 5576 ipsa
2931 5498 3174 5570 merita,
3233 5515 3422 5574 quam
3475 5490 3708 5573 pluribus
