3850 6225
714 406 849 458 GAP.
885 408 968 459 ΙΙΙ.
1006 407 1174 460 VERA
1202 410 1679 464 INDIFFERENTIA
1709 411 2096 477 LIBERTATIS,
2127 413 2394 476 EJUSQUE
2425 413 2724 476 RECEPTA,
2759 415 2894 467 ETC.

196 509 537 584 repugnat.
570 505 647 566 Et
674 502 739 564 in
770 504 941 568 hunc
978 508 1237 569 modum
1274 510 1341 571 id
1378 512 1585 591 ipsum
1614 512 1769 572 ulte-

194 599 331 658 rius
369 598 746 660 declaratur.
780 601 958 672 Nam,
983 600 1087 662 vel
1108 602 1213 662 illa
1241 605 1511 666 conditio
1540 606 1769 684 praevia

195 691 283 750 ad
320 691 657 764 actionem,
684 709 808 770 qua
832 692 1034 770 posita
1062 695 1299 757 tollitur
1324 697 1761 773 indifferentia,

196 788 513 861 quatenus
551 784 686 863 jam
716 803 860 845 cum
891 784 997 846 illa
1044 805 1172 848 non
1220 795 1425 868 potest
1476 791 1765 852 voluntas

196 895 388 952 agere
432 881 496 936 et
538 895 669 938 non
716 895 928 956 agere,
968 879 1079 940 sed
1120 886 1361 942 tantum
1416 901 1604 964 agere
1655 890 1765 944 aut

196 975 443 1030 tantum
471 987 597 1030 non
634 988 849 1050 agere,
884 971 985 1032 vel
1007 971 1323 1052 (inquam)
1356 975 1461 1036 illa
1491 977 1761 1040 conditio

201 1063 287 1122 ab
316 1063 437 1124 alio
466 1069 693 1142 agente
732 1063 1081 1126 extrinseco
1106 1066 1463 1129 adhibenda
1512 1075 1627 1142 est,
1663 1071 1761 1130 vel

195 1157 439 1235 abipsa
464 1157 807 1219 voluntate.
846 1157 911 1220 Si
940 1158 1023 1220 ab
1056 1159 1199 1235 alio,
1234 1162 1515 1240 sequitur
1543 1170 1757 1242 aperte

192 1249 583 1310 voluntatem
600 1267 727 1311 non
744 1268 884 1311 esse
913 1250 1371 1314 indifferentem
1399 1257 1622 1329 active,
1644 1255 1759 1317 sed

192 1342 443 1420 passive
494 1349 762 1417 tantum,
812 1345 1077 1420 scilicet,
1122 1352 1191 1408 ut
1226 1347 1392 1410 hanc
1432 1349 1531 1411 vel
1585 1349 1757 1410 illam

198 1435 621 1497 conditionem
646 1436 725 1498 ab
750 1437 876 1498 alio
890 1439 1172 1518 recipiat,
1193 1457 1317 1519 qua
1342 1443 1567 1520 posita,
1590 1461 1757 1505 sem-

196 1548 316 1608 per
344 1537 437 1590 est
468 1529 883 1594 determinata
922 1533 1004 1594 ad
1030 1552 1231 1594 unum
1268 1536 1610 1615 agendum,
1644 1555 1759 1598 seu

196 1639 331 1682 non
372 1622 705 1701 agendum.
757 1625 819 1686 Si
855 1643 1007 1686 vero
1053 1627 1329 1689 conditio
1364 1629 1469 1690 1110
1506 1629 1586 1691 ab
1621 1629 1761 1710 ipsa

192 1713 511 1776 voluntate
546 1715 902 1778 adhibenda
924 1723 1039 1792 001,
1072 1725 1182 1782 aut
1206 1719 1401 1784 libere
1427 1721 1631 1802 ipsam
1655 1722 1761 1784 ad-

190 1807 454 1882 hibebit,
486 1814 595 1870 aut
624 1812 1003 1873 necessario.
1048 1813 1112 1874 Si
1150 1816 1529 1890 necessariO,
1570 1816 1761 1878 etiam

191 1899 355 1977 perit
380 1901 799 1964 indifferentia
822 1950 839 1977 ,
880 1905 1013 1966 11110
1070 1906 1219 1984 quia
1276 1925 1351 1969 ex
1403 1909 1759 1970 necessaria

192 1995 582 2058 connexione
655 1996 723 2058 fit
790 1999 1227 2062 determinatio
1286 2002 1621 2065 voluntatis
1677 2003 1758 2065 ad

190 2105 425 2161 unum;
468 2095 599 2150 tum
634 2089 824 2152 etiam
868 2094 1013 2172 quia
1047 2139 1063 2168 ,
1120 2101 1189 2156 ut
1230 2095 1335 2156 illa
1380 2098 1648 2159 conditio
1680 2117 1758 2159 ex

188 2182 567 2243 necessitate
612 2183 987 2247 adhibeatur
1013 2205 1051 2247 a
1098 2189 1440 2262 voluntate,
1496 2209 1756 2252 11000000

190 2279 287 2335 001
315 2275 531 2336 utsub
570 2292 645 2338 ea
698 2279 940 2341 ratione
973 2281 1054 2341 ad
1095 2300 1293 2343 unum
1344 2283 1757 2346 determinata

188 2375 603 2446 supponatur.
650 2371 714 2432 Si
746 2377 957 2434 tamen
1009 2374 1113 2435 illa
1145 2375 1415 2436 conditio
1458 2376 1758 2438 adhibea-

186 2467 295 2522 tur
318 2462 539 2537 libere,
556 2464 693 2542 jam
724 2473 1113 2546 supponetur
1140 2475 1315 2531 actus
1347 2469 1507 2530 liber
1536 2488 1553 2544 ;
1590 2477 1650 2532 et
1676 2469 1755 2532 (10

184 2555 507 2636 requisitis
550 2558 632 2619 ad
670 2558 845 2620 illum
886 2560 1115 2622 redibit
1158 2563 1380 2625 eadem
1440 2565 1701 2642 quaestio
1731 2608 1749 2638 ,

188 2667 295 2723 an,
326 2649 543 2728 positis
566 2651 685 2710 illis
697 2653 1013 2728 0111011100,
1033 2655 1279 2734 integra
1302 2664 1557 2717 maneat
1574 2657 1754 2717 indif-

186 2739 455 2803 ferentia
484 2741 816 2806 facultatis.
850 2747 1007 2808 Nam
1044 2749 1093 2808 si
1134 2767 1263 2810 non
1290 2756 1537 2825 manet,
1590 2751 1753 2828 perit

184 2834 466 2896 libertas
500 2837 565 2898 Si
606 2842 817 2899 autem
848 2846 1086 2915 manet,
1116 2841 1203 2902 ibi
1240 2849 1335 2904 est
1376 2842 1628 2922 proprie
1677 2843 1754 2903 li-

185 2927 451 3002 bertas;
498 2935 561 2990 et
596 2931 841 3010 reliqua
875 2951 1015 3011 quae
1062 2933 1210 2995 inde
1252 2943 1534 3009 manant,
1566 2936 1619 2996 si
1644 2955 1752 2998 ne·

188 3021 461 3082 cessario
484 3031 769 3096 manent,
801 3025 1003 3087 solum
1023 3034 1167 3088 sunt
1193 3028 1389 3090 libera
1418 3047 1535 3108 per
1560 3028 1753 3090 deno·

185 3115 598 3178 minationem
638 3124 701 3179 et
729 3118 1215 3200 dependentiam
1259 3122 1342 3183 ab
1393 3122 1498 3183 illo
1548 3124 1752 3203 primo

186 3216 359 3271 actu.
389 3212 585 3291 Igitur
608 3212 743 3275 fieri
785 3233 915 3277 non
938 3222 1143 3296 potest
1162 3223 1234 3280 ut
1259 3218 1455 3279 libera
1488 3217 1753 3281 facultas

184 3310 415 3365 natura
446 3324 559 3365 sua
586 3307 867 3385 requirat
890 3309 1312 3372 conditionem
1342 3312 1635 3390 praeviam
1671 3312 1752 3373 ad

184 3416 447 3459 omnem
474 3416 661 3461 usum
689 3418 947 3462 suorum
978 3409 1252 3480 actuum,
1284 3422 1425 3483 quoe
1448 3404 1624 3466 tollat
1652 3405 1753 3466 vel

182 3491 491 3570 impediat
532 3492 1015 3558 indifferentiam
1046 3498 1204 3576 ejus.

268 3586 331 3645 4.
376 3586 717 3669 Deccmptio
749 3589 1051 3653 libertatis
1076 3592 1243 3655 actui
1274 3592 1458 3656 libero
1480 3592 1753 3674 applica·-

184 3682 315 3741 ίαν.
346 3710 428 3725 -
444 3681 673 3756 Το1110,
705 3682 1071 3763 intelligitur
1096 3702 1175 3745 ex
1198 3684 1400 3760 (110110,
1434 3684 1749 3764 quomodo

178 3770 485 3851 praedicta
530 3773 865 3854 descriptio
907 3776 990 3837 ad
1042 3784 1253 3839 actum
1291 3778 1593 3853 liberum,
1636 3797 1751 3839 seu

180 3864 500 3926 actualem
516 3867 819 3931 libertatis
846 3888 1032 3931 usum
1052 3871 1421 3950 applicanda
1450 3873 1546 3933 sit.
1581 3872 1751 3934 Sicut

183 3958 360 4019 enim
388 3958 467 4020 (10
498 3961 742 4023 ratione
784 3962 995 4025 liberae
1016 3963 1329 4027 facultatis
1360 3972 1457 4027 est
1480 3972 1747 4045 utraque

178 4050 296 4111 illa
318 4058 595 4131 potestas
630 4056 863 4135 agendi
897 4062 959 4118 et
991 4076 1123 4119 non
1162 4058 1413 4139 agendi,
1452 4064 1523 4120 ut
1556 4076 1749 4138 supra

178 4144 335 4218 dixi,
360 4146 447 4207 ita
472 4146 553 4208 ad
570 4148 840 4211 liberum
860 4170 1045 4212 usum
1063 4154 1200 4233 ejus
1216 4153 1639 4214 necessarium
1656 4159 1751 4216 est

178 4244 255 4298 nt
282 4238 419 4316 ipsa
440 4239 727 4319 facultas,
760 4250 1069 4323 quatenus
1088 4246 1371 4325 proxime
1402 4247 1753 4326 applicatur

179 4332 270 4393 ad
298 4334 615 4413 agendum
636 4356 779 4398 cum
799 4340 1089 4400 omnibus
1108 4340 1419 4419 requisitis
1446 4340 1751 4402 conditio-

178 4428 395 4503 nibus,
442 4429 605 4491 hanc
644 4432 1129 4495 indifferentiam
1183 4434 1472 4508 retineat,
1532 4439 1594 4495 et
1648 4454 1750 4495 se-

178 4522 463 4584 cundum
484 4528 815 4604 utramque
832 4534 1079 4606 partem
1104 4526 1309 4589 adhuc
1332 4526 1621 4607 expedita
1642 4528 1742 4603 sit,

177 4614 267 4674 ad
294 4614 786 4697 uniuscujusque
823 4624 1029 4681 actum
1060 4622 1499 4683 exercendum.
1534 4620 1747 4682 Nomi-

178 4724 269 4767 ne
294 4713 512 4769 autem
548 4716 725 4771 actus
755 4712 963 4791 (quod
1002 4715 1199 4775 semel
1234 4714 1581 4776 notandum
1614 4716 1743 4794 est)

183 4802 785 4879 comprehendimus
817 4805 1007 4867 etiam
1036 4806 1296 4867 liberam
1343 4808 1747 4887 negationem

180 4898 387 4968 actus,
416 4896 547 4957 sive
577 4897 643 4957 in
666 4898 989 4973 nolitione,
1018 4899 1146 4961 sive
1176 4900 1377 4961 solum
1399 4902 1467 4960 111
1486 4918 1613 4961 000
1634 4919 1747 4961 vo—

176 4987 376 5049 lendo
406 5006 549 5049 0010
574 4989 854 5053 humana
890 4991 1275 5055 advertentia
1312 4992 1627 5055 consistat.
1656 4994 1745 5054 Ea

179 5100 337 5145 vero
384 5082 687 5162 requisita
738 5084 821 5147 ad
863 5086 1203 5165 agendum,
1264 5085 1490 5149 eodem
1530 5086 1741 5161 modo,

180 5192 310 5255 quo
334 5174 414 5237 de
428 5176 723 5239 facultate
749 5177 885 5258 ipsa
902 5178 1101 5241 libera
1116 5178 1409 5256 (1111110110,
1438 5178 1746 5240 sumenda

180 5275 354 5342 sunt,
387 5270 643 5347 scilicet,
673 5278 861 5351 prout
898 5276 1045 5335 sunt
1072 5272 1459 5335 conditiones
1484 5271 1567 5333 ad
1594 5289 1747 5351 ope-

178 5364 455 5426 randum
497 5364 957 5445 praerequisitae,
1004 5382 1144 5445 quse
1182 5365 1250 5426 in
1289 5372 1501 5427 actum
1530 5364 1742 5443 aliquo

176 5456 375 5521 modo
419 5458 708 5521 influunt.
759 5460 936 5521 Ratio
984 5463 1085 5521 est
1139 5477 1331 5539 supra
1371 5459 1506 5539 jam
1553 5463 1741 5533 tacta,

177 5553 333 5635 quia
364 5552 417 5614 si
446 5570 523 5614 ex
571 5554 781 5631 aliqua
810 5552 1167 5618 conditione
1195 5552 1615 5634 111-0110010010
1646 5570 1747 5615 ac-

3328 412 3402 470 15

1846 517 1982 574 tum
2011 513 2416 594 impediretur
2437 515 2726 575 voluntas
2755 515 2834 575 ab
2853 515 3106 576 alterius
3132 523 3408 594 potesta-

1846 607 1926 668 tis
1955 626 2106 682 usu,
2147 627 2298 688 ergo
2350 627 2426 669 ex
2468 608 2866 682 necessitate,
2918 615 2978 668 et
3021 627 3150 669 non
3179 609 3400 684 libere,

1844 700 1956 760 tali
1987 719 2106 760 usu
2141 707 2416 774 carerem
2456 708 2518 763 et
2559 721 2636 762 ex
2673 706 3096 780 consequente
3135 703 3398 778 ratione,

1848 795 2088 874 absque
2135 795 2420 856 libertate
2471 802 2645 855 etex
2699 793 3089 869 necessitate,
3141 797 3404 858 haberet

1845 905 2028 948 usum
2061 887 2320 948 alterius
2359 888 2702 968 potestatiS,
2749 906 2861 948 0011
2909 888 3102 966 partis
3135 907 3261 949 suae
3293 909 3406 970 po-

1844 981 2118 1054 testatis3
2173 981 2320 1060 quia
2367 982 2574 1042 ablato
2631 999 2785 1054 11110,
2839 983 3196 1043 necessario
3243 984 3404 1044 alius

1846 1074 2271 1152 consequitur,
2323 1093 2466 1135 cum
2499 1092 2628 1134 non
2675 1073 2868 1153 possit
2899 1080 3164 1154 utroque
3217 1077 3402 1138 simul

1839 1184 2078 1240 carere,
2109 1185 2184 1228 eo
2205 1167 2374 1244 quod
2393 1165 2818 1227 immediatam
2835 1168 3290 1246 oppositionem
3313 1171 3404 1230 in-

1838 1259 2068 1321 cludat.
2104 1261 2217 1338 (Ex
2237 1263 2310 1322 D.
2334 1262 2574 1322 Thoma
2605 1266 2663 1323 1.
2683 1262 2747 1336 2,
2765 1280 2827 1340 q.
2854 1266 2910 1337 5,
2945 1279 3002 1323 a.
3030 1264 3090 1338 3,
3113 1269 3177 1324 et
3201 1281 3263 1342 q.
3297 1265 3400 1338 Ἡ,

1837 1371 1895 1415 0.
1924 1355 1987 1428 6,
2015 1355 2092 1415 ad
2122 1357 2211 1437 1.)

1837 1533 2178 1598 Recessim
2204 1552 2338 1616 qua·
2363 1535 2447 1599 ad
2473 1535 2805 1599 voluntatis
2847 1540 3048 1600 actum
3067 1537 3404 1620 proerequi-

1916 1633 2168 1703 rantur,
2209 1629 2569 1712 singulatim
2615 1629 2930 1712 proposita
2970 1630 3196 1695 veritas
3239 1632 3404 1694 robo-

1919 1728 2122 1787 ratur.

1918 1907 1984 1967 5.
2028 1906 2140 1968 Ba:
2161 1911 2340 1987 parte
2363 1905 2698 1970 voluntatis
2723 1906 2919 1987 ips-ius
2943 1907 3016 1970 id
3029 1906 3394 1988 ampliatam.

1834 2029 1919 2042 -
1946 1998 2118 2062 Idem
2145 2017 2220 2063 em
2239 2007 2418 2080 parte
2439 2001 2670 2080 objecti.
2704 2033 2788 2048 —··
2817 2001 3054 2064 Eadem
3072 2003 3140 2063 de
3158 2001 3400 2080 judicio

1834 2092 2178 2156 intellectus
2202 2092 2382 2156 ratio.
2414 2125 2496 2139 -
2515 2095 2722 2156 Potest
2737 2093 3031 2173 denique,
3061 2094 3223 2154 facta
3251 2112 3401 2154 enu-

1836 2187 2182 2248 meratione
2233 2187 2514 2248 omnium
2572 2205 2714 2266 quae
2767 2188 2849 2248 ad
2871 2194 3082 2248 actum
3119 2187 3401 2249 volunta-

1834 2279 1915 2340 tis
1943 2279 2306 2359 praerequiri
2354 2289 2640 2360 possunt,
2677 2281 2796 2342 hoc
2823 2287 3040 2360 aperte
3087 2280 3393 2342 convinci.

1834 2373 1948 2434 Illa
1977 2372 2146 2433 enim
2175 2379 2321 2434 sunt
2348 2380 2458 2435 aut
2489 2375 2736 2434 interna
2765 2374 2858 2435 vis
2886 2374 3080 2455 ipsius
3113 2374 3402 2435 volunta-

1836 2468 1937 2540 tis,
1957 2473 2064 2528 aut
2072 2465 2380 2547 judicium
2403 2467 2776 2542 1111οΠ00100,
2810 2474 2918 2529 aut
2945 2467 3260 2548 objectum
3283 2485 3399 2546 per

1835 2559 1989 2620 illud
2020 2561 2432 2640 propositum,
2481 2566 2592 2623 aut
2619 2563 2786 2622 Deus
2814 2561 3200 2622 voluntatem
3239 2578 3398 2638 prae-

1832 2655 2125 2727 veniens3
2187 2660 2416 2734 praeter
2457 2655 2594 2714 haee
2633 2654 2802 2716 enim
2835 2653 2991 2713 nihil
3023 2660 3137 2726 001,
3183 2672 3222 2713 a
3270 2670 3394 2731 quo

1832 2748 2120 2808 voluntas
2161 2754 2376 2808 nostra
2423 2767 2538 2828 per
2587 2767 2656 2809 se
2709 2748 3000 2828 pendeat.
3063 2749 3171 2808 Est
3226 2747 3396 2806 enim

1833 2839 2170 2918 spiritualis
2232 2841 2514 2920 potentia
2543 2887 2565 2916 ,
2633 2859 2772 2920 quas
2839 2859 2880 2901 a
2965 2841 3396 2920 corporalibus

1832 2933 2164 3013 agefftihus
2187 2934 2288 2996 vel
2317 2934 2824 3014 dispositionibus
2849 2951 2964 3013 per
2992 2952 3059 2995 00
3090 2951 3218 2994 000
3245 2952 3396 3012 pen-

1834 3027 1961 3099 det,
1991 3027 2102 3088 sed
2129 3027 2334 3088 solum
2379 3046 2458 3088 ex
2487 3027 2830 3101 accidente,
2867 3033 3178 3106 quatenus
3206 3027 3398 3087 ratio-

1832 3121 1933 3181 nis
1961 3140 2113 3181 usus
2141 3139 2258 3200 pro
2285 3122 2406 3182 hoc
2433 3124 2598 3182 statu
2626 3139 2664 3181 a
2693 3139 2956 3201 corpore
3007 3126 3072 3182 et
3095 3122 3398 3200 phantas-

1834 3216 2104 3276 matibus
2122 3215 2388 3294 pendet;
2422 3232 2590 3277 nunc
2609 3222 2820 3277 autem
2848 3216 3258 3295 supponimus
3286 3215 3397 3276 ha·

1833 3310 1987 3371 bere
2012 3308 2336 3371 hominem
2362 3327 2546 3369 usum
2599 3308 2880 3385 rationis,
2923 3308 3056 3369 sine
3078 3326 3204 3387 quo
3243 3326 3396 3368 usus

1833 3402 2138 3463 libertatis
2165 3420 2304 3463 esse
2324 3420 2452 3462 non
2480 3408 2704 3481 potest.
2725 3401 2921 3482 Igitur
2945 3420 3023 3462 ex
3053 3402 3172 3461 illis
3194 3400 3394 3461 tribus

1833 3513 1975 3576 quae
2009 3496 2538 3571 enumeravimus,
2566 3497 2657 3557 vis
2685 3495 2936 3575 propria
2951 3492 3395 3558 (111010130ον0-

1831 3589 2090 3651 luntatis
2105 3607 2184 3650 ex
2202 3607 2272 3650 00
2291 3589 2656 3652 indifferens
2673 3592 2796 3663 001;
2817 3606 2968 3669 ergo
2983 3606 3062 3649 ex
3075 3589 3196 3649 hac
3215 3593 3394 3667 parte

1832 3700 1962 3744 non
1991 3682 2110 3745 erit
2131 3682 2542 3745 determinata
2565 3683 2848 3744 voluntas
2881 3682 2964 3744 ad
2992 3700 3212 3743 unum.
3236 3683 3396 3743 Rur-

1832 3795 1940 3837 sus
1969 3777 2281 3856 ohjectum
2302 3794 2432 3837 non
2457 3776 2832 3838 determinat
2858 3774 3052 3853 illam,
3080 3781 3150 3837 ut
3169 3793 3245 3835 ex
3267 3774 3393 3836 dic-

1828 3869 1907 3931 tis
1935 3876 2139 3949 patet;
2168 3888 2342 3945 uam,
2385 3869 2496 3931 ubi
2523 3868 2922 3943 determinat,
2951 3867 3394 3931 necessitatem

1831 3964 2021 4025 etiam
2036 3962 2242 4037 insert,
2269 3963 2418 4024 utin
2438 3982 2654 4025 amore
2671 3962 2786 4024 Dei
2805 3962 2973 4025 clau-e
2992 3963 3131 4025 visi.
3153 3960 3393 4023 Eadem

1829 4061 2044 4118 autem
2071 4062 2166 4118 est
2187 4057 2344 4118 ratio
2376 4056 2456 4119 de
2478 4056 2716 4135 judicio
2744 4056 3026 4130 rationis,
3070 4054 3241 4134 quod
3260 4073 3391 4116 non

1828 4156 2040 4212 movet
2061 4149 2470 4223 voluntatem,
2500 4149 2622 4211 11101
2647 4149 2889 4211 ratione
2916 4148 3166 4228 objecti,
3187 4147 3390 4209 autin

1830 4244 2056 4305 virtute
2083 4243 2340 4304 alterius
2365 4242 2589 4323 prioris
2615 4248 2790 4305 actus
2818 4242 3176 4303 voluntatis.
3211 4241 3389 4305 Unde

1832 4336 1925 4414 (ut
1963 4354 2154 4415 supra
2179 4336 2489 4417 dicebam)
2514 4336 2579 4397 in
2603 4335 3018 4398 indifferentia
3039 4335 3258 4415 judicii
3283 4336 3391 4397 ali-

1827 4430 1936 4508 qui
1963 4430 2273 4492 collocant
2295 4436 2494 4492 totam
2523 4430 2916 4504 libertatem3
2949 4435 3012 4491 et
3033 4429 3255 4491 saltem
3281 4446 3391 4491 ve·-

1824 4542 1968 4585 rum
1995 4529 2090 4585 est
2139 4542 2280 4585 eam
2307 4542 2446 4585 esse
2473 4523 2752 4586 radicem
2786 4522 3108 4585 libertatis.
3141 4524 3232 4583 Ex
3267 4522 3389 4584 hoc

1828 4636 1978 4699 ergo
2005 4618 2210 4697 capite
2237 4618 2478 4679 clarum
2504 4622 2602 4680 est
2634 4636 2765 4679 11011
2791 4617 3086 4697 impediri
3111 4621 3390 4696 potesta-

1824 4717 1954 4772 tem
1977 4710 2206 4790 agendi
2237 4717 2299 4772 et
2345 4729 2478 4772 non
2519 4711 2784 4791 agendi3
2828 4711 2931 4773 vel
2967 4711 3018 4771 01
3069 4709 3386 4771 interdum

1824 4804 1950 4865 tale
1993 4809 2087 4865 est
2107 4802 2420 4887 judicium
2439 4802 2522 4865 (10
2559 4803 2804 4883 objecto
2831 4802 3042 4881 aliquo
3089 4807 3158 4862 ut
3185 4801 3388 4863 deter-

1824 4898 2023 4958 minet
2044 4897 2453 4971 voluntatem,
2485 4904 2660 4959 actus
2685 4896 2832 4958 inde
2846 4914 3113 4957 manans
3131 4896 3248 4958 erit
3273 4914 3390 4958 ne-

1827 4991 2157 5066 cessarius,
2185 4990 2288 5053 vel
2346 5008 2424 5051 ex
2453 4989 2878 5071 suppositione
2927 4990 3182 5051 alterius
3210 4994 3387 5051 actus

1824 5084 2007 5145 liberi
2027 5130 2044 5159 ,
2098 5090 2171 5146 ut
2189 5085 2507 5147 interdum
2546 5083 2768 5147 electio
2791 5085 3150 5147 necessario
3189 5084 3390 5145 oritur

1826 5196 1905 5239 011
1933 5176 2302 5252 1010011000,
2327 5177 2780 5239 interveniente
2800 5176 3036 5257 judicio
3061 5178 3141 5239 de
3171 5194 3388 5239 neces-

1826 5272 2010 5333 sitate
2053 5270 2281 5346 medii,
2335 5270 2438 5333 vel
2475 5269 2682 5332 solum
2727 5270 2938 5350 quoad
2977 5270 3387 5350 specificatio-

1824 5382 1998 5440 nem‚
2031 5370 2122 5437 ut,
2149 5380 2294 5425 cum
2313 5363 2622 5443 judicium
2646 5369 2932 5426 versatur
2953 5362 3120 5425 circa
3144 5362 3384 5422 bonum

1823 5458 1891 5519 in
1914 5458 2256 5534 communi,
2278 5456 2380 5519 vel
2407 5456 2616 5536 quoad
2639 5457 3028 5531 exercitium,
3059 5452 3230 5534 quod
3251 5458 3385 5513 tan-

1824 5555 1961 5615 tum
1997 5550 2302 5631 contingit
2324 5549 2389 5611 in
2416 5549 2825 5611 beatitudine.
