3850 6225
568 424 737 477 sacr.
775 426 813 477 ι.
848 423 1029 478 sirus
1060 385 1123 478 iu
1156 424 1277 478 nso
1311 424 1475 476 vana
1504 423 1799 484 suarim,
1834 421 1955 489 rsa
1987 419 2160 484 oum
2193 420 2318 474 ruo
2343 420 2610 483 assuris,
2647 419 2779 472 erc.

79 663 209 726 Non
255 663 577 741 minui-tior,
618 666 727 728 sed
760 667 967 748 pocius
1011 667 1327 731 extollitur
1366 667 1626 750 propria

150 759 307 819 ratio
332 757 723 822 liberalitatis
747 777 821 822 σε
854 761 1253 844 amplitudine
1279 761 1451 824 illius
1501 781 1624 826 ma·

150 852 313 914 ἐσήιε
346 849 413 912 in
443 853 579 914 Deo·

152 1080 245 1138 29.
286 1078 377 1138 Ex
410 1077 509 1138 his
558 1095 711 1158 ergo
740 1078 822 1138 ad
847 1078 961 1140 Dei
1006 1079 1441 1143 liberalitatem
1487 1100 1626 1162 gra·-

82 1171 217 1230 dum
240 1170 550 1242 faciende,
576 1177 819 1233 constat
846 1173 1001 1234 nihil
1025 1173 1275 1235 obstare
1299 1176 1541 1236 veritati
1562 1181 1625 1237 et

81 1265 429 1344 proprietati
456 1263 843 1326 liberalitatis
866 1264 1025 1344 ejuS,
1065 1266 1236 1346 quod
1264 1286 1391 1328 non
1420 1268 1625 1330 solum

80 1359 135 1417 in
175 1358 450 1436 pecuniis
494 1357 910 1432 conferendis,
954 1359 1067 1421 sed
1106 1362 1294 1422 etiam
1328 1361 1397 1422 in
1442 1363 1625 1424 bonis

82 1451 299 1513 altioris
320 1451 559 1512 ordinis
586 1459 893 1528 versetur,
916 1453 1031 1514 sed
1053 1454 1171 1514 hoc
1196 1455 1403 1534 potius
1424 1455 1626 1516 excel-

84 1545 317 1606 lentiam
352 1544 745 1606 liberalitatis
774 1545 913 1625 ejus
954 1547 1419 1610 commendare.
1454 1548 1627 1611 Sicut

85 1639 257 1699 etiam
306 1637 737 1702 misericordia
780 1640 894 1700 Dei
926 1640 1255 1702 materiam
1310 1642 1497 1704 habet
1544 1642 1625 1704 ad

84 1750 257 1809 quam
296 1732 579 1792 humana
618 1732 717 1792 vel
758 1737 965 1794 creata
1012 1732 1275 1795 materia
1316 1736 1623 1816 attingere

86 1845 197 1884 non
224 1830 449 1904 potest,
483 1825 687 1904 qualis
707 1832 823 1901 est,
854 1827 951 1887 vel
978 1826 1245 1891 educere
1278 1835 1629 1891 creaturam

86 1937 149 1978 ex
184 1919 453 1991 miseria,
486 1919 551 1979 in
580 1937 707 1998 qua
732 1919 891 1980 nihil
915 1925 1069 1992 erat,
1102 1920 1313 1983 dando
1342 1922 1430 1982 illi
1451 1910 1625 1995 esse;

84 2011 173 2072 vel
212 2012 475 2073 liberare
509 2031 547 2072 a
576 2012 759 2091 culpa
792 2013 1171 2074 remittendo
1200 2014 1405 2088 illam;
1438 2021 1501 2076 et
1538 2022 1632 2076 ta-

84 2123 214 2164 men
242 2124 367 2166 non
400 2112 736 2185 propterea
762 2105 1191 2168 misericordia
1234 2108 1349 2170 Dei
1374 2127 1502 2170 non
1537 2115 1631 2170 est

84 2197 499 2277 propriissime
536 2200 998 2273 misericordia;
1032 2219 1181 2280 ergo
1212 2201 1381 2263 idem
1416 2203 1531 2264 erit
1564 2203 1632 2262 in

84 2291 477 2365 liberalitate,·
496 2292 577 2353 oh
600 2292 859 2353 rationis
885 2293 1235 2372 paritatem.
1272 2295 1381 2354 Est
1420 2300 1632 2356 autem

89 2384 377 2462 generalis
403 2385 591 2458 ratio,
618 2385 787 2465 quod
810 2386 1071 2448 virtutes
1090 2405 1207 2466 per
1226 2405 1363 2448 sese
1386 2405 1513 2448 non
1530 2405 1633 2448 va-

88 2478 306 2537 riantur
344 2496 422 2539 ex
461 2478 841 2555 diversitate,
873 2480 975 2540 vel
1002 2481 1249 2560 majori,
1282 2481 1381 2542 vel
1405 2479 1629 2542 minori

90 2572 481 2650 amplitudine
536 2573 815 2634 materiae
838 2619 855 2646 ,
912 2573 961 2634 si
1014 2574 1319 2634 motivum
1362 2579 1425 2636 et
1472 2573 1631 2634 ratio

90 2665 368 2742 operandi
382 2665 613 2726 eadem
628 2682 877 2745 semper
896 2673 1208 2740 servetur;
1234 2685 1381 2728 nam
1406 2667 1456 2728 si
1488 2683 1631 2727 cum

92 2760 330 2819 materia
356 2765 639 2820 mutatur
682 2761 867 2820 etiam
902 2759 1220 2834 motivum,
1262 2765 1413 2822 tunc
1436 2760 1633 2821 virtus

95 2861 175 2913 est
198 2853 516 2926 distincta;
578 2854 633 2914 si
670 2871 819 2914 vero
872 2853 1153 2916 formalis
1210 2856 1367 2916 ratio
1410 2856 1631 2916 eadem

94 2952 193 3017 est,
224 2946 387 3024 quod
416 2949 489 3008 in
516 2965 643 3007 uno
670 2947 1115 3026 complectatur
1162 2949 1470 3027 majorem
1498 2966 1633 3008 ma-

94 3044 293 3102 teriam
340 3059 535 3123 quam
564 3044 632 3103 in
682 3042 827 3115 alio,
880 3042 1113 3104 indicat
1139 3043 1395 3125 quidem
1422 3044 1487 3104 in
1528 3043 1631 3105 illo

95 3154 215 3197 esse
236 3138 527 3199 virtutem
552 3137 722 3197 illam
762 3136 1281 3200 universaliorem
1326 3143 1389 3200 et
1434 3138 1637 3199 excel-

96 3228 397 3291 lentiorem
428 3248 627 3310 quam
668 3230 733 3289 in
764 3229 919 3307 ali03
964 3248 1094 3291 non
1125 3236 1339 3293 tamen
1376 3231 1639 3311 impedit

96 3324 407 3398 quominus
452 3323 561 3383 illa
600 3321 879 3383 formalis
906 3324 1087 3399 ratio,
1120 3342 1258 3403 quoe
1290 3343 1369 3385 ex
1406 3325 1635 3387 motivo

98 3416 361 3489 sumitur,
386 3416 639 3494 utrique
680 3414 853 3487 insit;
887 3416 1047 3477 sicut
1090 3429 1305 3479 autem
1334 3418 1639 3480 motivum

96 3506 517 3571 misericordiae
546 3514 643 3569 est
669 3506 995 3571 sublevare
1019 3510 1357 3585 miseriam,
1388 3512 1475 3577 ita
1502 3528 1637 3575 mo—

98 3600 273 3661 tivum
290 3602 675 3665 liberalitatis
710 3609 826 3676 est,
856 3603 1051 3683 gratis
1085 3608 1149 3665 et
1174 3606 1311 3667 sine
1338 3622 1451 3683 spe
1470 3624 1637 3669 eom-

96 3694 247 3753 modi
286 3714 395 3757 seu
423 3696 886 3770 retributionis,
922 3697 1175 3775 quando
1210 3698 1479 3777 expedit,
1523 3699 1638 3763 do·-

99 3804 257 3849 nare.

170 3882 261 3943 30.
303 3882 497 3948 Actus
532 3902 647 3965 quo
671 3886 835 3948 Dm
864 3886 971 3949 dat
994 3903 1111 3949 oua
1136 3886 1291 3950 dena
1313 3884 1632 3959 creaturis,

96 3980 355 4051 quomodo
400 3980 484 4041 ad
518 3979 879 4043 charitatem
922 3980 1109 4042 simul
1147 3984 1207 4045 et
1250 3982 1335 4043 ad
1368 3978 1639 4041 liberali-

100 4072 269 4131 tatem
290 4072 775 4153 μνῆμαι-Εἰ
796 4072 1041 4134 ideo-D.
1070 4073 1363 4147 Thomas,
1388 4076 1417 4133 1
1445 4078 1633 4152 part„

102 4170 297 4237 quaest.
332 4168 435 4239 21,
476 4172 595 4226 art.
645 4169 704 4239 1,
735 4167 819 4227 ad
846 4172 905 4240 1,
952 4166 1267 4228 concludit
1302 4165 1639 4228 liberalita-

100 4258 215 4313 tem
266 4259 515 4338 proprie
554 4260 739 4321 tribui
784 4262 917 4321 Deo
968 4260 1131 4321 circa
1185 4260 1465 4321 actiones
1506 4260 1638 4321 Deo

104 4352 545 4413 convenientes.
606 4352 1037 4426 lmo,1Cont.
1096 4358 1295 4431 gent„
1342 4370 1481 4432 cap.
1532 4354 1638 4427 93,

102 4442 321 4505 ratione
352 4448 411 4521 6,
447 4446 679 4526 colligit
728 4447 932 4507 solum
972 4448 1175 4507 Deum
1208 4464 1345 4507 esse
1390 4447 1641 4527 proprie

106 4538 159 4592 et
194 4538 453 4623 perfecte
490 4540 814 4601 liberalem
846 4559 860 4599 :
894 4540 1055 4614 Quia
1080 4542 1223 4603 dare
1246 4540 1495 4619 (inquit)
1524 4556 1644 4601 uon

100 4634 327 4708 propter
348 4633 601 4713 aliquod
619 4634 984 4697 commodum
1010 4650 1085 4695 σω
1110 4634 1349 4696 datione
1372 4638 1646 4713 exucta-

106 4720 238 4795 tum,
270 4726 373 4787 sed
386 4732 635 4806 propter
658 4726 860 4807 ipsam
886 4724 1209 4789 bonitatem
1226 4730 1286 4789 et
1306 4728 1648 4789 convenim-

107 4814 242 4876 tiam
266 4819 548 4893 dationis,
574 4829 662 4883 est
688 4828 861 4883 accus
879 4816 1291 4895 liberalitatis,
1316 4824 1467 4883 teste
1475 4819 1651 4882 Aris-

108 4909 284 4984 totele,
309 4914 349 4972 4
372 4914 679 4985 Ethioor„
712 4930 845 4994 cap.
882 4915 911 4973 1
938 4940 964 4985 ,·
995 4914 1161 4975 Dm
1186 4916 1385 4975 autom
1411 4930 1475 4976 se
1502 4930 1651 4975 com·

107 5004 359 5067 manicat
376 5052 396 5081 ,
432 5024 553 5069 non
577 5012 649 5069 ut
694 5007 833 5071 inde
880 5004 1117 5087 aliquid
1152 5000 1269 5069 sibi
1318 5011 1647 5082 accrescat,

110 5097 251 5170 quod
272 5104 359 5161 est
375 5100 693 5181 proprium
720 5098 917 5180 ipsiu
934 5121 961 5169 ,·
990 5104 1050 5163 et
1072 5099 1203 5163 ideo
1224 5099 1355 5180 ipse
1378 5102 1435 5161 ot
1457 5097 1650 5163 maai-

110 5202 191 5246 me
208 5194 291 5251 est
315 5194 732 5275 quodammodo
760 5192 926 5255 solus
952 5190 1242 5255 liberalis.
1264 5190 1443 5263 Quod
1458 5192 1648 5253 etiam

112 5294 180 5337 ex
208 5282 509 5346 Avicenna
554 5286 626 5345 D.
675 5285 949 5346 Thomas
988 5283 1262 5345 adducit.
1313 5286 1383 5345 ln
1418 5286 1647 5363 quibus

110 5372 298 5434 verbis
338 5378 521 5439 etiam
556 5378 867 5457 expendo,
900 5378 966 5438 in
1004 5377 1107 5439 illa
1136 5379 1337 5455 prima
1365 5379 1647 5458 proposi·

111 5461 289 5539 tione,
317 5488 449 5547 quai
494 5477 589 5532 est
624 5470 1105 5533 fundamentum
1145 5472 1643 5543 totius-rationis,

114 5572 230 5615 non
257 5558 475 5625 dixisse
512 5564 583 5625 D.
615 5564 957 5627 Thomam:
991 5565 1154 5625 Dare
1180 5565 1511 5643 pecuniam
1539 5569 1647 5626 aut

3144 415 3262 476 525

1700 539 1835 584 rem
1862 521 2295 582 aestimabilem
2326 521 2624 600 pecunia3
2659 518 2770 580 sed
2796 518 2948 581 dare
2977 519 3261 583 absolute

1702 621 1962 696 propter
2015 615 2214 694 ipsam
2260 614 2604 675 bonitatem
2656 618 2720 674 et
2767 613 3264 674 convenientiam

1704 708 1994 770 dationis.
2013 709 2350 780 Etrevera,
2385 707 2434 768 si
2465 705 2634 768 datio
2661 705 3088 786 pecuniarum,
3113 723 3266 784 qua·-

1704 811 1889 868 tenus
1914 821 2026 883 per
2047 821 2118 863 se
2144 805 2408 864 honesta
2435 807 2532 864 est
2561 807 2624 864 et
2645 801 3048 875 conveniens,
3078 801 3264 863 estin

1704 899 1813 960 tali
1856 895 2116 958 materia
2161 897 2452 976 specialis
2491 895 2650 958 ratio
2681 895 2762 956 ad
2789 894 3083 957 virtutem
3121 913 3267 956 con·

1706 989 2106 1064 stituendam,
2137 991 2310 1050 nulla
2349 1007 2540 1052 causa
2588 995 2682 1050 est
2721 1007 2832 1050 cur
2869 987 3174 1050 rectitudo
3205 994 3268 1051 et

1704 1084 2138 1146 convenientia
2185 1083 2456 1144 dationis
2509 1101 2624 1162 per
2683 1099 2752 1144 se
2806 1088 3081 1162 spectata
3137 1099 3268 1142 non

1704 1177 1972 1239 sufficiat
1997 1177 2063 1237 in
2091 1195 2488 1256 quacumque
2517 1176 2776 1236 materia
2803 1175 2886 1236 ad
2914 1173 3268 1254 specificam

1706 1275 1769 1338 et
1810 1269 2126 1348 propriam
2177 1269 2474 1332 virtutem
2527 1267 3066 1340 cons·tituendam;
3099 1265 3268 1346 quod

1706 1366 1757 1426 si
1779 1356 2026 1438 sufficit,
2043 1365 2186 1426 talis
2213 1365 2408 1426 virtus
2435 1382 2562 1424 non
2589 1369 2794 1443 potest
2821 1381 2961 1425 esse
2986 1362 3130 1436 alia,
3149 1361 3267 1422 nisi

1704 1458 2066 1520 liberalitas.
2121 1456 2270 1529 Qum
2319 1457 2488 1518 enim
2517 1457 2638 1517 alia
2671 1457 2808 1526 erit,
2837 1463 2948 1516 aut
2988 1473 3100 1516 cur
3135 1455 3268 1516 sola

1703 1552 2113 1613 materiarum
2139 1551 2464 1614 diversitas
2493 1551 2720 1612 efficiet
2751 1555 2822 1611 ut
2847 1569 2976 1611 una
3007 1550 3086 1611 sit
3111 1549 3270 1610 libe-

1703 1645 1940 1718 ralitaS,
1960 1651 2024 1706 et
2049 1645 2172 1705 alia
2197 1663 2350 1720 non,
2377 1661 2518 1705 cum
2549 1642 2732 1716 ratio,
2773 1643 3000 1706 modus
3019 1687 3034 1716 ,
3065 1648 3130 1704 et
3178 1641 3272 1719 (ut

1711 1739 1801 1800 sic
1828 1738 2058 1816 dicam)
2081 1737 2438 1816 ingenuitas
2461 1735 2650 1798 dandi
2681 1735 2906 1798 cadem
2929 1736 3008 1796 sit
3027 1735 3094 1794 in
3122 1753 3272 1814 qua-

1711 1849 1984 1910 cumque
2015 1830 2323 1892 materia?
2349 1831 2444 1890 Ex
2489 1847 2616 1908 quo
2667 1827 2804 1890 fieri
2853 1827 3098 1889 videtur
3141 1845 3270 1889 non
3327 1831 3330 1834 ’

1712 1926 1917 1987 solum
1957 1943 2095 1987 esse
2125 1927 2327 1986 Deum
2360 1923 2682 1984 liberalem
2707 1967 2723 1996 ,
2767 1921 2880 1982 sed
2915 1922 3104 1982 etiam
3133 1939 3272 1982 esse
3301 1925 3304 1928 ’

1709 2019 1875 2081 hanc
1902 2037 2096 2080 unam
2129 2037 2208 2080 ex
2245 2015 2462 2097 primis
2489 2015 2836 2078 rationibus
2862 2016 3142 2076 omnium
3179 2014 3274 2076 di·—

1708 2113 1998 2174 vinorum
2055 2129 2340 2192 operum.
2393 2111 2550 2171 Nam
2575 2154 2590 2183 ,
2643 2115 2714 2170 ut
2759 2108 2916 2169 alias
2961 2107 3272 2169 declaravi

1710 2223 1856 2268 cum
1886 2205 2114 2267 eodem
2153 2205 2225 2266 D.
2257 2204 2520 2277 Thema,
2553 2203 2592 2262 3
2631 2197 2820 2282 part„
2869 2218 2930 2280 q.
2963 2205 3020 2274 1,
3061 2206 3178 2262 art.
3209 2205 3268 2274 1,

1710 2299 1913 2380 prima
1937 2300 2096 2360 ratio
2127 2317 2240 2359 cur
2267 2300 2436 2359 Deus
2462 2314 2532 2358 se
2559 2295 3002 2370 communicat,
3035 2300 3132 2356 est
3162 2293 3276 2354 bo—

1712 2395 1877 2455 nitas
1904 2394 2042 2472 ejus
2075 2411 2090 2452 ε
2126 2391 2274 2471 quia
2301 2392 2509 2472 ipsum
2550 2409 2620 2452 se
2659 2391 3124 2452 communicare
3179 2393 3276 2450 est

1712 2506 1827 2569 per
1854 2505 1923 2548 se
1953 2485 2332 2548 conveniens
2367 2484 2486 2564 ipsi
2523 2492 2824 2564 tanquam
2849 2483 3004 2545 fonti
3031 2483 3270 2544 bonita-

1710 2581 1811 2655 tis,
1838 2597 1988 2640 nam
2017 2579 2254 2639 bonum
2283 2584 2380 2640 est
2405 2578 2764 2640 diffusivum
2791 2577 2887 2638 sui
2915 2583 2978 2638 et
3033 2577 3146 2654 (ut
3185 2576 3274 2637 sic

1714 2673 1956 2752 dicam)
2003 2672 2275 2732 maxime
2323 2671 2603 2732 liberale.
2649 2671 2882 2732 Verum
2931 2675 3028 2732 est
3059 2673 3274 2730 tamen

1674 2823 1679 2828 .
1716 2763 2012 2825 eumdem
2040 2766 2113 2825 D.
2138 2765 2442 2825 Thomam
2469 2765 2625 2840 252,
2647 2768 2866 2843 quaest.
2899 2764 3036 2835 117,
3067 2768 3186 2824 art.
3207 2763 3270 2835 6,

1715 2856 1797 2918 ad
1830 2860 1890 2929 1,
1922 2873 2208 2918 asserere
2233 2856 2404 2936 quod
2431 2857 2598 2918 datio
2624 2856 2836 2918 divina
2871 2855 3073 2934 magis
3109 2853 3276 2916 vide·

1714 2957 1817 3012 tur
1842 2951 2156 3029 pertinere
2185 2951 2268 3011 ad
2296 2945 2688 3024 charitatem,
2719 2968 2910 3030 quam
2938 2948 3020 3010 ad
3055 2947 3277 3009 libera·

1714 3045 1974 3106 litatem.
2009 3043 2132 3106 Sed
2161 3043 2498 3124 imprimis,
2545 3049 2616 3104 ut
2661 3044 2745 3104 ibi
2785 3043 3122 3123 cajetanus
3171 3041 3278 3102 ad·

1714 3140 1917 3211 vertit,
1951 3140 2026 3199 D.
2056 3140 2329 3201 Thomas
2357 3158 2488 3200 non
2527 3144 2721 3217 negat
2747 3138 3060 3217 pertinere
3089 3136 3172 3197 ad
3209 3134 3278 3196 li-

1716 3232 2134 3307 beralitatem,
2159 3231 2270 3293 sed
2297 3232 2722 3311 comparative
2747 3229 3045 3309 loquitur,
3062 3227 3278 3291 dicens

1714 3327 1921 3405 magis
1969 3324 2049 3386 ad
2095 3324 2462 3387 charitatem
2487 3324 2840 3404 pertinere,
2883 3322 3170 3402 quamvis
3199 3321 3281 3389 ad

1718 3425 2052 3497 utramque
2101 3417 2430 3497 pertineat.
2483 3417 2726 3479 Deinde
2764 3418 2838 3478 D.
2889 3417 3164 3477 Thomas
3217 3414 3281 3475 in

1716 3510 1825 3572 illa
1876 3511 2186 3573 solutione
2241 3529 2372 3572 non
2423 3510 2841 3573 consideravit
2879 3508 3282 3570 donationem

1717 3604 1827 3667 Dei
1848 3650 1863 3673 ,
1906 3605 2220 3685 quatenus
2263 3623 2378 3684 per
2409 3624 2478 3667 sc
2513 3604 2990 3667 convenientem
3022 3601 3282 3663 bonitati

1718 3698 1881 3777 ejuS,
1931 3698 2046 3759 sed
2099 3706 2410 3777 quatenus
2449 3698 2820 3759 terminatur
2866 3696 2950 3757 ad
2995 3696 3284 3758 homines

1721 3791 1952 3871 quibus
1977 3792 2144 3851 Deus
2173 3790 2410 3869 aliquid
2433 3789 2541 3852 dat
2565 3808 2641 3851 ex
2667 3790 2890 3851 affectu
2919 3790 3000 3851 ad
3025 3790 3198 3861 illos;
3223 3794 3286 3851 et

1717 3890 1788 3945 ut
1821 3884 1933 3957 sic,
1963 3890 2132 3945 recte
2155 3883 2304 3943 dicit
2341 3882 2546 3963 magis
2567 3884 2884 3963 pertinere
2911 3882 2992 3943 ad
3017 3882 3287 3943 charim-

1716 3984 1887 4041 tem:
1920 3996 2048 4039 non
2077 3977 2246 4039 enim
2277 3984 2609 4058 repugnat,
2653 3976 2822 4056 quod
2861 3977 3086 4038 eadem
3123 3976 3284 4037 actio

1719 4090 1833 4133 seu
1856 4072 2026 4133 datio
2051 4072 2168 4133 sub
2197 4070 2458 4133 diversis
2483 4069 2870 4151 respectibus
2897 4069 2980 4130 ad
3005 4070 3286 4131 diversas

1716 4166 1978 4227 virtutes
2006 4165 2346 4245 pertineat,
2380 4170 2446 4226 et
2487 4163 2658 4243 quod
2705 4162 2826 4223 sub
2872 4180 3000 4223 uno
3053 4162 3286 4223 habeut

1720 4258 2036 4319 rationem
2071 4257 2532 4339 principalioris
2581 4255 2823 4317 virtutis
2847 4300 2864 4329 ,
2919 4272 3112 4334 quam
3167 4254 3286 4315 sub

1720 4350 1867 4411 alio.

2091 4542 2180 4606 De
2205 4526 2654 4625 maffificemia
2673 4540 2904 4606 divina.
2987 4594 2994 4600 .

1810 4725 1908 4785 31.
1955 4723 2420 4807 Maqnificmtia
2443 4724 2514 4785 ie
2553 4724 2680 4786 Deo
2723 4740 2840 4784 non
2885 4720 3291 4802 distinctum·

1729 4834 1771 4881 a
1794 4817 2182 4881 liberalitate.
2211 4848 2295 4863 --
2325 4819 2528 4897 Atque
2579 4834 2658 4879 ex
2701 4815 2800 4876 his
2855 4816 3006 4877 satis
3047 4821 3292 4877 constat

1732 4910 1884 4989 quid
1933 4910 2014 4971 sit
2057 4910 2138 4972 de
2181 4910 2646 4989 magnificentia
2694 4907 3030 4971 dicendum
3063 4928 3080 4981 ;
3121 4906 3294 4987 quod

1732 5010 1865 5065 erat
1896 5002 2066 5064 aliud
2095 5004 2453 5083 exemplum
2481 5002 2567 5065 ibi
2594 5003 3006 5081 propositum.
3025 5001 3104 5064 Ut
3123 5000 3292 5061 enim

1728 5114 1897 5158 nunc
1926 5116 2054 5157 non
2095 5096 2486 5176 disputemus
2538 5097 2618 5159 de
2665 5097 3058 5159 distinctione
3105 5096 3292 5173 hujus

1728 5191 1970 5253 virtutis
1995 5210 2032 5251 a
2056 5191 2426 5254 liberalitate
2455 5192 2522 5251 in
2555 5191 2934 5264 hominibus,
2965 5207 3128 5269 quas,
3156 5205 3294 5249 sen-

1728 5284 1921 5346 tentia
1965 5302 2134 5361 mea,
2165 5302 2294 5347 non
2335 5290 2432 5347 est
2468 5284 2668 5347 facilis
2709 5284 2790 5347 ad
2827 5281 3289 5363 explicandum,

1726 5378 2049 5455 loquendo
2069 5377 2150 5439 de
2179 5379 2574 5441 distinetione
2605 5376 2919 5457 specifica,
2941 5394 3054 5439 seu
3083 5392 3294 5437 essen-

1724 5471 1880 5545 tiali,
1922 5488 2286 5551 quanquam
2313 5473 2382 5534 D.
2410 5472 2680 5532 Thomas
2709 5473 2772 5531 2.
2803 5472 2866 5544 Ξ,
2895 5474 3116 5549 quaest.
3153 5469 3292 5542 134,

1726 5583 1847 5628 art.
1880 5568 1940 5640 3,
1983 5584 2126 5627 eam
2154 5582 2508 5647 supponere
2534 5566 2852 5638 videatur,
2883 5570 3052 5627 certe
3077 5564 3144 5625 in
3161 5564 3295 5625 Deo
3390 5578 3402 5589 ·
