3850 6225
547 510 748 573 tinum
804 510 1219 589 reperiuntur,
1258 518 1327 572 ut
1375 529 1452 572 ex
1500 528 1690 590 supra
1741 508 2026 571 adductis
2069 526 2106 567 a

547 604 729 664 nobis
754 603 903 664 satis
932 610 1211 679 constat3
1247 605 1513 684 ideoque
1545 624 1621 666 ex
1648 605 1783 683 ipsa
1839 602 2109 681 gratuita

548 702 611 757 et
672 696 973 777 singulari
1025 698 1450 777 providentia,
1500 714 1692 776 quam
1732 699 1898 759 Deus
1949 695 2109 773 gerit

548 809 699 869 erga
729 790 1227 869 praedestinatOS,
1258 798 1319 851 et
1360 810 1438 853 ex
1482 790 1898 851 locutionibus
1947 788 2112 850 Scri-

546 890 769 963 pturas,
812 883 1037 962 quibus
1074 884 1182 945 illa
1238 883 1645 962 significatur,
1692 883 1875 944 tacite
1914 888 1998 956 et,
2043 887 2110 942 ut

546 977 631 1037 ita
659 977 885 1053 dicam,
906 978 967 1037 in
992 981 1135 1038 actu
1164 978 1433 1039 exercito
1464 976 1695 1055 colligit
1714 976 2108 1054 Augustinus

545 1070 661 1129 hoc
689 1088 887 1149 genus
915 1069 1261 1130 dilectionis
1292 1068 1395 1129 Dei
1420 1087 1571 1147 erga
1596 1068 2102 1147 praedestinatos;

545 1164 753 1235 tacite,
786 1164 1065 1241 inquam,
1090 1164 1235 1243 quia
1253 1163 1397 1224 licet
1419 1162 1497 1223 de
1520 1162 1639 1222 hoc
1662 1180 1789 1221 non
1810 1178 2104 1240 expresse

544 1257 819 1335 disputet
854 1275 997 1317 cum
1042 1254 1389 1337 pelagianis
1428 1255 1529 1315 vel
1564 1253 2100 1335 semipelagianis,

542 1355 773 1423 tamen,
808 1350 1031 1410 ductus
1058 1351 1193 1427 ipsa
1222 1367 1433 1411 rerum
1464 1349 1851 1409 connexione
1882 1355 1946 1409 et
1979 1354 2107 1407 tes-

543 1443 947 1504 timoniorum
984 1444 1315 1522 Scripturas
1346 1441 1825 1521 significatione,
1867 1440 1948 1502 de
1975 1445 2106 1501 tota

542 1537 661 1596 hac
722 1556 908 1599 causa
960 1542 1257 1615 tanquam
1314 1536 1393 1597 de
1448 1556 1574 1598 una
1628 1543 1689 1599 ct
1746 1535 1970 1597 eadem
2014 1533 2110 1594 lo-

541 1630 772 1709 quitur.

624 1724 802 1795 Quod
823 1730 889 1785 ut
916 1725 1184 1803 amplius
1211 1724 1616 1803 intelligatur,
1649 1722 2104 1785 advertendum

543 1823 637 1877 cst
682 1818 1096 1896 Augustinum
1134 1836 1263 1879 non
1304 1816 1509 1877 solum
1548 1816 1927 1879 contendere
1977 1816 2106 1895 pri-

540 1928 717 1969 mum
753 1911 965 1991 gratiae
1004 1910 1323 1985 auxilium,
1373 1928 1486 1971 seu
1520 1910 1788 1989 primam
1829 1909 2104 1971 vocatio-

540 2021 712 2078 nem,
766 2002 900 2065 dari
953 2003 1393 2082 prfedestinato
1446 2004 1579 2065 sine
1632 2002 1869 2063 meritis
1924 2002 2094 2081 ejus;

541 2114 905 2177 quanquam
932 2097 1101 2158 enim
1128 2098 1247 2157 hoc
1276 2096 1601 2157 videbatur
1629 2097 1915 2156 sufficere
1958 2111 2101 2154 con-

540 2196 637 2250 tra
684 2189 1243 2269 SemipclagianoS,
1282 2188 1435 2251 illud
1482 2192 1699 2249 tamen
1748 2204 1861 2248 suo
1910 2185 2100 2247 modo

542 2299 875 2342 commune
906 2286 1001 2343 est
1028 2282 1332 2363 reprobiS,
1353 2282 1603 2361 ‚quibus
1648 2280 1839 2341 etiam
1874 2278 2104 2341 dantur

537 2376 741 2454 prima
774 2375 1001 2437 auxilia
1029 2382 1091 2437 et
1127 2375 1392 2446 vocati0,
1415 2374 1735 2435 interdum
1756 2372 1946 2434 etiam
1973 2372 2103 2433 effi·

540 2486 656 2528 cax
686 2467 893 2547 quoad
920 2469 1187 2549 primam
1208 2467 1750 2547 justificationem;
1786 2472 1847 2527 et
1874 2466 1954 2526 de
1983 2466 2101 2526 illis

541 2562 730 2623 etiam
762 2565 855 2622 est
882 2568 1119 2623 certum
1144 2561 1291 2623 talia
1320 2561 1572 2633 auxilia,
1611 2560 1739 2620 sive
1788 2558 2102 2619 sufficien-

536 2654 646 2726 tia,
679 2655 807 2715 sive
838 2672 952 2715 suo
984 2654 1171 2715 modo
1196 2654 1494 2726 efficacia,
1522 2653 1656 2713 dari
1686 2652 1819 2713 sine
1845 2651 2097 2731 proprio

538 2747 786 2820 meritO,
814 2745 984 2825 quod
1024 2747 1293 2825 primum
1344 2748 1641 2808 auxilium
1678 2747 1892 2823 gratias
1922 2751 2100 2806 ante·-

538 2840 741 2901 cedat.
792 2839 917 2901 Sed
956 2844 1182 2919 praeter
1216 2841 1335 2902 hoc
1380 2840 1645 2902 intendit
1686 2838 2093 2920 Augustiana,

536 2933 689 2995 illud
718 2934 988 3013 primum
1028 2934 1351 3003 auxilium,
1383 2939 1691 3012 quatenus
1721 2934 1786 2993 in
1828 2932 2098 3012 praedes·

534 3026 729 3088 tinato
762 3026 983 3088 efficax
1020 3032 1115 3088 est
1142 3027 1205 3087 in
1236 3026 1455 3088 ordine
1486 3026 1566 3087 ad
1596 3026 1850 3087 finalem
1874 3032 1937 3087 et
1961 3044 2098 3105 per-

536 3127 931 3182 severantem
985 3120 1273 3193 salutem,
1322 3138 1463 3198 quae
1514 3138 1630 3199 per
1682 3120 1837 3182 illud
1886 3120 2095 3200 aliquo

534 3214 722 3276 modo
773 3215 1127 3289 inchoatur,
1157 3231 1297 3276 esse
1346 3233 1423 3276 ex
1470 3214 1748 3293 speciali,
1783 3219 1865 3288 et,
1895 3221 1966 3276 ut
2010 3215 2096 3274 ita

534 3307 764 3382 dicam,
786 3308 1033 3368 formali
1054 3308 1395 3369 intentione
1417 3307 1527 3368 Dei
1547 3327 1563 3379 ;
1589 3325 1737 3369 nam
1762 3310 1883 3369 hoc
1906 3309 2096 3369 etiam

533 3399 887 3479 significant
914 3401 1245 3482 Scripturae
1276 3419 1464 3481 supra
1488 3400 1798 3475 adductae,
1830 3419 1988 3481 quas
2011 3401 2098 3462 ita

534 3494 615 3554 ab
645 3494 995 3572 Augustino
1016 3494 1271 3574 intelligi
1302 3495 1473 3568 satiS,
1506 3499 1574 3554 ut
1594 3494 1806 3568 cred0,
1826 3494 2098 3572 probant

530 3587 887 3648 testimonia
914 3605 1103 3667 supra
1142 3592 1432 3662 tractata,
1476 3605 1617 3665 quae
1660 3587 1761 3648 hic
1806 3593 2093 3667 repetere

530 3699 793 3744 necesse
820 3701 948 3744 non
976 3690 1093 3744 est.
1130 3681 1499 3762 Hujusmodi
1536 3686 1747 3742 autem
1776 3682 2090 3756 voluntate,

529 3795 643 3836 seu
675 3775 899 3837 modus
924 3775 1115 3838 dandi
1142 3776 1267 3837 tale
1310 3775 1609 3836 auxilium
1648 3775 1972 3836 evidenter
1998 3775 2094 3835 in·

527 3865 721 3928 cludit
792 3867 1144 3929 absolutam
1202 3873 1266 3930 et
1324 3869 1643 3929 efficacem
1703 3867 2090 3930 voluntatem

526 3960 717 4020 dandi
766 3961 1059 4024 effectum
1088 3962 1247 4042 ejus,
1278 3980 1409 4022 non
1460 3961 1664 4023 solum
1708 3962 2084 4041 proximum,

524 4054 635 4114 scd
679 4054 868 4116 etiam
914 4055 1225 4128 ultimum,
1252 4061 1507 4134 propter
1554 4073 1747 4134 quem
1800 4055 2088 4116 obtinen-

520 4147 672 4207 dum
700 4147 903 4208 datur.
943 4146 1121 4219 Quod
1160 4147 1415 4226 quidem
1450 4147 1531 4208 de
1572 4147 1819 4208 virtuali
1863 4147 2084 4208 saltem

516 4239 837 4302 voluntate
890 4241 1352 4315 conversioniS,
1413 4259 1527 4300 seu
1570 4239 2034 4320 justificationis
2061 4286 2079 4315 ,

518 4333 704 4394 etiam
730 4339 1017 4395 auctores
1045 4333 1299 4394 alterius
1330 4333 1655 4394 sententiae
1693 4351 1929 4412 negare
1953 4352 2080 4394 non

516 4427 788 4487 audent:
822 4445 890 4487 re
938 4429 1152 4489 tamen
1200 4445 1348 4487 vera
1388 4445 1505 4488 nec
1548 4431 1643 4486 est
1688 4427 1891 4504 major
1921 4426 2084 4486 diffi-

516 4521 716 4582 cultas
741 4521 805 4580 in
824 4521 1069 4582 formali
1102 4539 1293 4600 quam
1322 4521 1391 4582 in
1419 4520 1664 4583 virtuali
1704 4519 2076 4592 intentione,

512 4619 583 4674 ut
632 4613 791 4674 infra
838 4615 1188 4689 ostendam,
1234 4633 1353 4677 nec
1390 4617 1521 4676 Deo
1565 4621 1657 4675 est
1703 4613 2074 4693 deneganda

510 4705 790 4767 formalis
832 4707 1119 4769 voluntas
1152 4713 1214 4768 et
1242 4708 1503 4768 intentio
1532 4707 1695 4781 finis,
1726 4724 2076 4768 accommo-

510 4799 657 4861 data
684 4801 873 4862 modo
908 4801 1177 4882 eligendi
1202 4801 1505 4876 medium,
1533 4821 1675 4862 cum
1708 4801 1807 4863 hic
1834 4802 1915 4862 sit
1939 4819 2075 4862 mo-

506 4893 624 4953 dus
664 4893 933 4956 maxime
962 4895 1249 4975 proprius
1296 4901 1359 4957 et
1397 4895 1713 4974 perfectus
1756 4895 2072 4974 operantis

502 5005 619 5066 per
666 4988 1073 5063 intellectum,
1107 4995 1170 5052 et
1218 4991 1283 5050 in
1326 4991 1456 5051 Deo
1505 4990 1640 5069 ipso
1698 5007 1825 5050 non
1876 4995 2071 5069 ponat

504 5081 1063 5159 imperfectionem,
1096 5084 1221 5144 imo
1246 5082 1693 5162 perfectionem
1722 5088 2064 5162 supponat;

500 5191 709 5253 neque
738 5175 801 5234 in
830 5181 1117 5237 creatura
1142 5175 1403 5236 modum
1424 5175 1727 5255 operandi
1756 5176 2064 5248 immutet,

498 5273 567 5326 ut
606 5268 813 5328 statim
842 5268 1068 5330 dicam.
1103 5271 1233 5331 Neo
1252 5269 1523 5348 denique
1554 5275 1649 5330 est
1676 5269 1880 5347 major
1904 5269 2066 5330 ratio

498 5359 865 5422 admittendi
907 5363 1071 5424 hanc
1117 5363 1533 5424 intentionem
1580 5361 1909 5422 formalem
1965 5381 2067 5424 re-

1386 410 1594 463 OPUSC.
1633 410 1670 471 1,
1708 408 1822 461 Lm.
1859 407 1944 459 111.
1981 406 2062 460 DE
2095 406 2366 459 Auxmls
2399 404 2630 457 DlleAE
2663 404 2927 457 onum.

2187 508 2316 587 pite
2355 506 2598 569 decimo
2627 512 2802 567 sexto
2833 512 3154 579 constann
3181 508 3390 587 magis
3417 512 3612 569 tamen
3633 529 3706 571 oc-

2189 602 2440 663 casione
2511 602 2908 681 sequentium
2973 602 3400 682 objectionum
3476 602 3706 665 declam-

2188 695 2443 757 buntur.

2271 790 2329 849 3.
2379 789 2574 863 Quam
2599 788 2782 853 aliter
2807 790 2952 852 velit
2971 790 3137 853 Deus
3153 775 3430 871 primaint
3457 788 3708 851 auxilium

2185 881 2640 963 proedestinatis
2687 901 2866 962 quam
2909 881 3196 963 reprobis.
3260 914 3346 927 —-
3402 882 3677 941 Praeterea
3691 929 3706 957 ,

2193 994 2271 1036 ex
2323 975 2514 1037 dictis
2549 975 2754 1055 colligi
2794 981 2998 1053 potest
3033 994 3172 1037 esse
3213 980 3466 1035 certum
3507 982 3564 1033 et
3594 992 3708 1035 con-

2189 1074 2361 1129 stans
2383 1068 2860 1129 fundamentum
2889 1068 2954 1128 in
2983 1068 3266 1129 doctrina
3293 1067 3634 1147 Augustini,
3665 1078 3711 1129 et
3816 1118 3818 1121 ,

2185 1163 2456 1222 maxime
2497 1161 2922 1223 necessarium
2953 1162 3020 1221 in
3060 1162 3182 1223 hac
3222 1160 3516 1232 materia,
3549 1161 3708 1222 Deum

2185 1273 2314 1315 non
2355 1254 2556 1315 solum
2603 1254 2874 1331 gratuito
2919 1254 3080 1315 velle
3133 1253 3576 1333 praedestinato
3615 1256 3710 1331 pri-

2185 1365 2359 1407 mum
2403 1346 2726 1419 auxilium,
2775 1346 2946 1425 quod
2987 1350 3082 1407 est
3125 1348 3370 1419 efficax,
3416 1344 3533 1405 sed
3563 1345 3711 1404 etiam

2185 1440 2346 1501 velle
2373 1439 2551 1512 illud,
2583 1446 2892 1517 quatenus
2921 1440 3142 1501 efficax
3169 1446 3285 1512 est,
3317 1456 3434 1499 seu
3465 1443 3534 1498 ut
3559 1440 3626 1499 sit
3649 1438 3710 1497 illi

2191 1534 2428 1595 efficax.
2475 1534 2632 1596 Sunt
2681 1533 2850 1593 enim
2893 1532 3026 1594 haec
3067 1532 3194 1593 duo
3233 1530 3418 1591 valde
3457 1530 3706 1601 diversa;

2187 1642 2336 1685 nam
2379 1626 2546 1686 Deus
2583 1626 2772 1686 etiam
2802 1624 2936 1686 vult
2971 1624 3108 1687 dari
3149 1622 3468 1705 peccatori
3499 1642 3714 1683 concur·

2191 1736 2352 1791 sum,
2401 1718 2508 1797 qui
2539 1718 2604 1779 in
2633 1717 2738 1779 illo
2764 1718 3013 1780 futurus
3049 1724 3146 1780 est
3179 1718 3426 1791 efficax,
3471 1722 3538 1777 et
3561 1716 3714 1777 inter-

2183 1812 2334 1872 dum
2361 1812 2492 1873 vult
2525 1810 2680 1873 dare
2715 1810 3094 1873 heneficium
3135 1810 3305 1889 quod
3341 1810 3619 1871 futurum
3643 1816 3711 1869 est

2183 1905 2426 1967 occasio
2454 1906 2793 1984 peccandi;
2827 1911 2891 1967 et
2917 1911 3132 1967 tamen
3159 1906 3330 1966 Deus
3349 1922 3484 1965 non
3507 1902 3626 1963 vult
3641 1902 3712 1962 di-

2179 2004 2348 2061 recte
2403 1998 2592 2060 talem
2644 1999 2987 2061 efficaciam
3033 1998 3133 2059 vel
3187 1998 3532 2067 effectum;
3579 1996 3710 2057 aliud

2183 2110 2334 2173 ergo
2371 2098 2466 2154 est
2505 2093 2666 2154 velle
2695 2093 2847 2155 dare
2881 2092 2946 2154 id
2983 2091 3153 2171 quod
3183 2092 3466 2153 futurum
3497 2098 3590 2152 est
3613 2092 3712 2151 effi·

2183 2206 2317 2261 cax,
2347 2192 2411 2248 et
2435 2186 2605 2247 aliud
2632 2187 2791 2247 velle
2817 2186 2966 2247 dare
2999 2186 3154 2247 illud
3181 2192 3499 2266 quatenus
3531 2185 3712 2245 efficax

2181 2286 2298 2353 est,
2345 2284 2408 2341 et
2433 2285 2500 2340 ut
2529 2279 2929 2340 infallibiliter
2955 2280 3188 2341 habeat
3213 2280 3553 2349 effectum3
3591 2284 3644 2337 et
3663 2280 3712 2337 in

2179 2373 2300 2434 hoc
2342 2372 2622 2434 consistit
2659 2372 2946 2452 specialis
2991 2372 3238 2433 dilectio
3279 2370 3712 2449 praedestinato-

2179 2484 2318 2527 rum
2347 2466 2412 2526 in
2441 2466 2630 2527 modo
2659 2464 3018 2527 conferendi
3047 2466 3318 2543 primam
3349 2464 3712 2524 vocationem

2181 2577 2546 2639 congruam,
2565 2578 2704 2640 quae
2725 2565 3055 2637 propterea
3071 2558 3350 2631 includit,
3377 2556 3501 2628 vel,
3527 2574 3712 2617 secun·

2179 2653 2330 2713 dum
2379 2652 2712 2725 rationem,
2763 2652 3058 2732 supponit
3097 2652 3418 2713 efficacem
3461 2650 3713 2709 volunta-

2177 2752 2308 2807 tem
2339 2746 2530 2806 dandi
2559 2746 2874 2816 effectum,
2913 2750 3169 2823 propter
3200 2761 3394 2822 quem
3424 2744 3710 2821 prae-cipue

2177 2838 2362 2899 datur
2397 2839 2522 2901 tale
2555 2838 2874 2898 auxilium.
2927 2839 3000 2898 Et
3039 2837 3180 2898 ideo
3225 2838 3610 2917 Augustinus
3637 2836 3712 2895 in·

2179 2933 2542 2995 differenter
2577 2932 2654 2993 de
2685 2932 2781 2991 his
2817 2930 3093 3011 loquitur
3118 2936 3378 3010 propter
3407 2930 3711 2991 connexio-

2175 3044 2326 3087 nem
2357 3044 2577 3087 eorum
2601 3026 2764 3085 inter
2791 3043 2883 3085 se.

2256 3119 2642 3200 Responderi
2665 3125 2871 3198 potest
2897 3121 3180 3182 sufficere
3205 3120 3288 3182 ad
3309 3121 3432 3182 hoc
3453 3119 3712 3181 intentio-

2175 3233 2324 3276 nem
2347 3215 2734 3277 inefficaccm
2759 3215 2902 3276 finis
2920 3235 3037 3294 per
3056 3217 3348 3278 affectum
3371 3215 3710 3295 simplicem,

2177 3326 2302 3388 quo
2347 3311 2513 3371 Deus
2559 3309 2693 3370 vult
2738 3309 3029 3370 omnibus
3080 3309 3559 3372 beatitudinem.
3609 3305 3710 3368 Sed

2176 3403 2296 3464 hoc
2327 3403 2628 3482 imprimis
2654 3421 2769 3482 per
2807 3421 2878 3464 se
2915 3401 3224 3482 displicet,
3267 3422 3390 3464 nec
3427 3403 3498 3464 fit
3523 3401 3710 3461 verisi-

2174 3496 2343 3568 mile,
2388 3513 2531 3556 cum
2567 3495 2827 3557 intentio
2869 3495 3012 3558 finis
3040 3497 3268 3558 debeat
3303 3515 3448 3558 esse
3483 3513 3709 3575 propor-

2173 3590 2410 3650 tionata
2439 3588 2724 3649 electioni
2749 3588 3122 3650 mediorum.
3170 3591 3435 3662 Deinde,
3465 3591 3606 3668 quia
3631 3611 3708 3650 ra-

2173 3681 2258 3742 tio
2283 3681 2447 3742 facta
2467 3681 2690 3761 probat
2707 3682 2772 3742 in
2791 3681 2895 3742 illa
2919 3682 3235 3746 voluntate
3257 3683 3450 3745 dandi
3473 3685 3706 3763 gratiam

2175 3775 2516 3848 efficacem,
2561 3780 2872 3853 quatenus
2905 3775 3050 3836 talis
3077 3781 3192 3848 est,
3233 3777 3464 3838 virtute
3504 3776 3706 3838 includi

2173 3867 2491 3929 efficacem
2531 3867 2944 3928 intentionem
2973 3867 3157 3939 finis;
3205 3875 3270 3930 et
3297 3876 3596 3948 praeterea
3625 3887 3708 3928 os-

2170 3967 2423 4023 tensum
2452 3967 2546 4023 cst
2585 3981 2662 4021 ex
2713 3961 2962 4022 virtuali
3013 3968 3182 4023 recte
3233 3961 3451 4023 inferri
3503 3963 3706 4022 forma-

2168 4053 2294 4115 lem
2324 4053 2388 4114 in
2413 4053 2694 4133 subjecta
2721 4054 2984 4116 materia
3005 4100 3020 4127 ,
3054 4055 3200 4134 quia
3223 4055 3395 4116 Deus
3423 4073 3544 4115 non
3570 4053 3704 4114 indi·

2166 4154 2270 4228 get
2297 4147 2662 4209 virtualibus
2691 4148 3156 4209 intentionibus
3201 4149 3290 4209 Ac
3317 4147 3604 4228 denique,
3633 4165 3702 4206 nc

2161 4242 2529 4304 recedamus
2549 4242 2630 4304 ab
2651 4243 3019 4322 Augustino,
3043 4242 3124 4304 de
3147 4243 3330 4322 cujus
3351 4261 3538 4304 sensu
3555 4260 3701 4301 nunc

2163 4335 2428 4413 agimuS,
2464 4353 2714 4414 semper
2736 4334 2872 4413 ipse
2895 4335 2974 4396 de
2991 4335 3110 4396 hac
3131 4337 3456 4397 voluntate
3480 4335 3604 4397 talis
3627 4334 3700 4394 ef-

2159 4427 2381 4500 fectus,
2407 4433 2476 4488 ut
2497 4427 2574 4489 de
2599 4428 2830 4488 efficaci
2859 4428 3167 4505 loquitur;
3199 4429 3368 4490 illius
3392 4429 3552 4488 enim
3571 4435 3698 4488 sunt

2159 4521 2266 4583 illa
2289 4522 2483 4583 verba
2516 4541 2530 4582 :
2587 4521 2822 4588 Valenti
2842 4523 3082 4586 salvum
3101 4528 3320 4602 facere,
3349 4524 3576 4586 nullum
3597 4523 3698 4583 Im-

2157 4634 2404 4678 mamcm
2425 4617 2661 4679 resistit
2679 4617 3027 4689 arbitrium,
3053 4617 3222 4696 quod
3245 4617 3324 4677 de
3349 4617 3485 4677 sola
3506 4615 3699 4676 volun·

2155 4713 2280 4769 tate
2321 4709 2556 4769 efficaci
2584 4727 2806 4769 verum
2845 4714 2973 4783 est;
3017 4727 3164 4770 nam
3204 4709 3506 4772 inefficaci
3543 4725 3694 4785 saepc

2155 4801 2503 4863 humanum
2529 4803 2758 4864 resistit
2781 4803 3126 4864 arbitrium.
3163 4805 3236 4864 Et
3261 4805 3382 4865 hoc
3411 4809 3505 4864 est
3525 4802 3692 4862 etiam

2153 4895 2542 4975 propositum
2562 4894 2714 4955 illud
2737 4895 2845 4956 Dei
2875 4896 3159 4957 salvandi
3187 4915 3338 4958 suos
3359 4897 3592 4966 electos,
3619 4911 3691 4953 ex

2151 5005 2278 5066 quo
2321 4987 2524 5048 omnis
2565 4986 2850 5068 specialis
2894 4989 3094 5068 gratia
3131 4989 3686 5069 praedestinatorum

2153 5080 2561 5158 proficiscitur
2579 5127 2595 5154 ,
2639 5087 2706 5141 ut
2734 5086 2828 5144 est
2855 5082 3154 5162 frequens
3180 5083 3248 5144 in
3275 5081 3546 5145 doctrina
3574 5084 3688 5141 Au-

2152 5176 2406 5254 gustini.

2229 5269 2496 5346 Alioqui,
2541 5277 2846 5348 quantum
2895 5275 3135 5350 spec-tat
3183 5271 3264 5331 ad
3305 5271 3680 5339 voluntatem,

2145 5361 2246 5422 vel
2276 5362 2670 5424 dilectionem
2701 5364 2834 5436 Dei,
2871 5364 3043 5424 nulla
3067 5370 3234 5425 esset
3264 5364 3396 5425 tere
3418 5363 3686 5424 differen-

497 5459 717 5531 spectu
750 5455 1014 5534 proximi
1044 5457 1325 5528 effectae,
1358 5473 1551 5536 quam
1580 5453 1781 5516 ultimi
1811 5459 2062 5516 aeternae
2143 5456 2232 5516 tia
2260 5456 2423 5516 inter
2445 5456 2956 5534 praedestinatum
2989 5464 3053 5520 et
3083 5457 3422 5538 reprobum
3444 5503 3459 5528 ,
3499 5472 3684 5533 quan-

491 5546 725 5606 salutis.
763 5548 909 5619 Quae
949 5548 1159 5610 omnia
1192 5549 1364 5622 satie,
1413 5555 1483 5610 ut
1538 5549 1779 5629 opinor,
1838 5565 1917 5608 ex
1961 5565 2060 5608 ca·
2143 5554 2274 5610 tum
2319 5549 2401 5610 ad
2438 5549 2812 5612 beneficium
2857 5549 3124 5613 efficacis
3172 5550 3531 5624 vocationiS,
3575 5546 3682 5606 sed
