3850 6225
566 392 687 454 266

565 497 763 579 possit
788 496 928 558 talis
958 496 1179 559 electio
1212 496 1547 559 efficaciter
1572 498 1923 561 executioni
1951 518 2132 561 man-

566 592 743 664 dari3
772 591 1021 652 illorum
1044 609 1195 671 ergo
1224 592 1575 654 mediorum
1604 594 1996 673 praescientia
2022 614 2131 657 ne-

566 686 837 747 cessario
867 686 1277 763 supponenda
1319 692 1413 747 est
1448 687 1513 746 in
1544 688 1698 757 Deo,
1740 688 1849 767 qui
1882 708 2128 749 summa

568 767 971 858 sapientia.
991 778 1380 857 providentia
1408 779 1622 841 omnia
1656 780 1966 861 disponit;
2009 783 2130 843 hu-

559 871 839 952 jusmodi
862 888 1013 948 ergo
1033 876 1127 933 est
1148 872 1251 932 illa
1269 873 1659 951 praescientia
1679 875 2124 952 conditionata,

564 970 636 1026 ut
662 965 727 1025 in
754 964 1003 1045 proprio
1034 983 1225 1043 opere
1252 966 1437 1027 latius
1465 967 1932 1045 explicavimus.

646 1062 708 1119 9.
760 1057 885 1131 Quo
925 1076 1105 1120 sensu
1139 1076 1281 1121 vera
1307 1060 1395 1123 sit
1413 1057 1527 1121 illa
1557 1062 1889 1142 propositio
1916 1090 1940 1125 .·
1963 1064 2126 1125 Deus

567 1150 755 1231 elegit
790 1150 1035 1229 aliquos
1062 1150 1143 1211 ad
1182 1151 1465 1229 gloriam,
1498 1160 1569 1213 ut
1606 1172 1715 1215 eos
1742 1162 1990 1218 sanctos
2037 1156 2128 1217 ef-

564 1242 753 1304 ficiat.
780 1276 860 1291 —
878 1241 1005 1317 Quo
1030 1260 1214 1305 semu
1252 1242 1335 1305 sit
1358 1244 1641 1319 falsa.—
1656 1248 1965 1327 Denique,
1997 1268 2128 1310 non

564 1336 747 1399 video
768 1336 1083 1416 quomodo
1114 1354 1191 1397 ex
1216 1336 1395 1398 dictis
1422 1344 1745 1417 sequatur,
1790 1341 1990 1401 Deum
2023 1342 2129 1403 eli·

567 1448 717 1509 gere
749 1430 994 1507 aliquos
1026 1428 1109 1489 ad
1136 1428 1423 1507 gloriam,
1452 1435 1521 1493 ut
1554 1450 1663 1493 eos
1693 1434 1956 1495 Sanctos
1995 1436 2130 1497 effi-

566 1523 731 1595 ciat;
766 1524 885 1584 hoc
922 1522 1091 1584 enim
1129 1540 1249 1584 nec
1278 1524 1561 1603 sequitur
1575 1543 1653 1586 ex
1684 1526 1982 1605 praedicta
2009 1527 2130 1589 dis-

564 1616 888 1690 tinctione,
918 1634 1111 1695 quam
1138 1636 1307 1677 nunc
1341 1618 1796 1693 examinamus,
1827 1628 1897 1683 ut
1916 1640 2032 1701 per
2059 1640 2128 1684 se

566 1714 832 1783 constat,
860 1728 1067 1788 neque
1096 1728 1172 1770 ex
1202 1710 1338 1771 aliis
1368 1711 1689 1773 sententiis
1710 1715 1961 1788 nostriS,
1984 1732 2125 1793 quae

560 1805 631 1867 in
686 1803 965 1865 medium
1017 1804 1227 1865 afferri
1270 1804 1531 1884 possint.
1576 1806 1857 1868 Breviter
1910 1814 2126 1871 tamen

564 1899 643 1960 de
692 1917 883 1959 sensu
922 1898 1089 1961 illius
1130 1899 1571 1978 propositionis
1612 1899 1951 1963 dicendum
2007 1908 2122 1978 est,

562 1992 615 2051 si
656 1992 909 2053 nomine
954 1992 1293 2054 sanctitatis
1330 1990 1751 2074 intelligamus
1790 2013 1954 2069 eam,
1987 2013 2127 2074 quoe

562 2090 657 2146 est
700 2086 871 2146 omni
918 2104 997 2147 ex
1040 2092 1217 2164 parte
1248 2086 1549 2165 perfecta,
1588 2087 1653 2147 id
1704 2091 1820 2153 est.
1866 2088 2122 2149 omnino

558 2195 741 2257 pura,
766 2177 1221 2252 indefectibilis„
1238 2179 1682 2253 inamissibiliS,
1696 2187 1844 2255 etc.,
1872 2182 1962 2243 sic
1985 2200 2124 2261 pro-

556 2270 931 2349 positionem
947 2273 1118 2332 illam
1130 2290 1351 2333 verum
1366 2291 1549 2351 posse
1572 2273 1807 2336 habere
1833 2294 2118 2338 sensum:

560 2366 685 2425 imo
717 2366 783 2426 in
810 2384 885 2425 eo
914 2372 1083 2427 recte
1110 2384 1298 2444 posse
1326 2366 1587 2447 intelligi
1612 2369 1803 2429 verba
1835 2370 2007 2432 Pauli
2038 2370 2120 2430 ad

556 2458 789 2535 Ephes.
819 2461 849 2518 1
878 2476 893 2517 ε
940 2458 1151 2540 Eleqit
1172 2476 1280 2521 nos
1308 2460 1543 2541 imipw
1572 2467 1713 2525 ante
1739 2464 1952 2525 mundi
1981 2481 2115 2525 oon-

554 2552 948 2626 stz'tutionm,
986 2558 1059 2615 ut
1087 2569 1347 2615 essemus
1390 2554 1594 2617 sancti
1631 2556 1690 2617 et
1739 2554 2118 2617 immaculati

553 2644 621 2705 in
668 2650 981 2725 conspectu
1024 2645 1159 2723 ejus
1186 2646 1255 2705 in
1276 2645 1579 2709 charitate
1600 2667 1627 2718 ,·
1667 2646 1717 2707 si
1760 2653 1975 2708 autem
2013 2648 2118 2707 illa

552 2734 745 2796 verba
774 2737 861 2797 sic
892 2736 1341 2816 intelligantur,
1376 2738 1479 2797 illa
1508 2740 1834 2818 particula,
1862 2745 1956 2809 ut,
1995 2760 2120 2802 non

552 2829 700 2891 dicit
724 2848 981 2891 causam
1010 2830 1264 2891 finalem
1290 2830 1608 2892 electionis
1624 2832 1887 2911 alicujus
1902 2833 2114 2907 medii,

553 2922 666 2983 sed
693 2922 839 2984 dicit
864 2922 1057 2984 finem
1086 2924 1317 3002 ipsum,
1338 2942 1448 2984 seu
1471 2925 1809 2986 terminum
1826 2924 1907 2985 ad
1927 2942 2118 3005 quem

554 3016 867 3095 eliguntur
914 3016 1369 3095 praedestinati;
1407 3024 1469 3079 et
1522 3018 1663 3079 ideo
1724 3020 1954 3079 Paulus
1987 3039 2116 3081 non

552 3108 787 3172 addidit
823 3129 838 3172 ε
890 3110 1103 3194 Eleqit
1150 3129 1261 3174 nos
1306 3114 1388 3175 ad
1408 3110 1691 3195 plor-iam,
1739 3118 1811 3175 ut
1856 3132 2116 3178 essemus

551 3205 773 3276 sancti,
816 3204 976 3265 sicut
998 3204 1061 3264 in
1092 3203 1257 3264 dicta
1296 3205 1722 3284 propositione
1764 3206 2019 3282 dieitur,
2055 3213 2118 3268 et

548 3299 759 3360 minus
786 3299 1034 3378 proprie
1063 3298 1295 3360 dictum
1335 3300 1599 3375 videtur,
1644 3301 1832 3362 etiam
1851 3301 2112 3381 loquen-

550 3391 632 3453 do
660 3391 739 3453 de
768 3391 873 3456 illa
898 3393 1223 3453 sanctitate
1254 3393 1565 3471 perfecta;
1592 3393 1739 3472 quia
1756 3394 1954 3473 gloria
1981 3413 2108 3456 non

552 3491 647 3548 est
682 3486 959 3547 medium
1004 3485 1087 3548 ad
1134 3484 1492 3564 praedictam
1536 3487 1950 3560 sanctitatem,
1997 3487 2111 3548 sed

550 3585 644 3641 est
669 3579 933 3658 ipsamet
960 3579 1233 3657 perfecta
1263 3579 1591 3640 sanctitas:
1632 3581 1859 3659 exponi
1898 3587 2113 3642 tamen

549 3677 777 3752 potest,
813 3671 982 3750 quod
1018 3671 1121 3732 illa
1142 3671 1469 3750 particula,
1502 3677 1595 3746 ut,
1628 3691 1755 3734 non
1781 3673 2114 3736 dicatcau-

550 3785 687 3826 sam
730 3764 1007 3838 finalem,
1059 3763 1171 3824 sed
1206 3763 1555 3838 formalem,
1590 3783 1724 3836 seu,
1758 3765 1930 3844 quod
1971 3785 2115 3846 per-

549 3857 696 3918 inde
748 3862 864 3928 est,
904 3863 973 3918 ut
1018 3875 1147 3918 uon
1182 3857 1347 3918 dicat
1391 3857 1585 3918 linem
1640 3860 2058 3920 extrinsecum
2093 3905 2108 3932 ,

552 3951 665 4014 sed
697 3951 1100 4012 intrinsecam
1129 3951 1435 4012 rationem
1464 3952 1737 4027 volendi,
1768 3959 1835 4014 ut
1866 3971 2008 4014 cum
2025 3953 2114 4014 di-

551 4047 751 4107 cimur
796 4063 1012 4106 amare
1077 4044 1370 4106 virtutem
1417 4051 1672 4123 propter
1720 4045 2114 4107 honestatem

551 4141 712 4220 ejuS,
757 4142 852 4200 est
880 4137 1047 4198 enim
1082 4136 1283 4217 gloria
1310 4137 1577 4215 ipsamet
1626 4139 1921 4200 sanctitas
1977 4157 2115 4220 per-

548 4234 713 4295 fecta
742 4238 804 4292 et
838 4236 1292 4293 consummata.
1337 4231 1402 4292 Si
1441 4236 1653 4292 autem
1676 4230 1740 4292 in
1784 4251 1859 4292 ea
1884 4251 2112 4312 propo-

552 4326 773 4388 sitione
818 4343 1026 4386 sermo
1064 4324 1142 4386 sit
1170 4325 1249 4386 de
1281 4324 1647 4404 imperfecta
1682 4325 2114 4388 sanctificatio·

549 4438 656 4494 ne,
687 4437 827 4498 quai
858 4417 920 4477 in
948 4417 1069 4480 hac
1112 4418 1237 4478 vita
1277 4417 1367 4490 fit,
1402 4419 1489 4478 sie
1536 4418 1695 4479 falsa
1726 4425 1819 4480 est
1857 4420 2112 4480 omnino

553 4511 657 4572 illa
694 4510 1057 4590 propositio,
1101 4511 1247 4589 quia
1274 4511 1409 4572 haec
1454 4513 1750 4573 sanctitas
1790 4513 2115 4574 ordinatur

552 4605 634 4665 ad
670 4603 839 4665 illam
887 4603 1173 4684 gloriam,
1204 4622 1331 4664 non
1362 4621 1397 4664 e
1431 4622 1751 4666 conversa
1785 4607 1914 4667 Nec
1936 4625 2108 4680 vere,

553 4698 605 4760 si
651 4699 819 4760 Deus
848 4699 1019 4777 prius
1058 4697 1299 4759 ratione
1347 4699 1541 4761 voluit
1582 4699 1733 4762 dare
1781 4700 2115 4762 beatitudi-

550 4807 698 4850 nem
726 4808 917 4868 quam
942 4791 1105 4851 hane
1132 4791 1548 4866 sanctitatem,
1578 4793 1863 4871 sequitur
1882 4793 1962 4854 ad
1993 4795 2114 4855 hoc

552 4881 903 4944 decrevisse
944 4884 1093 4946 dare
1122 4884 1600 4960 beatitudinem,
1632 4893 1703 4950 ut
1736 4893 1956 4966 postea
2003 4887 2116 4949 da-

551 4982 648 5038 ret
694 4976 1118 5050 sanctitatem3
1173 4977 1285 5038 sed
1322 4979 1527 5057 potius
1587 4981 1870 5058 sequitur
1924 4999 2004 5043 ex
2053 4981 2114 5042 vi

550 5069 717 5130 illius
760 5069 993 5131 decreti
1034 5071 1309 5132 voluisse
1336 5071 1403 5131 in
1446 5071 1567 5133 hac
1605 5073 1729 5134 vita
1759 5074 1908 5135 dare
1937 5093 2114 5135 sanc-

550 5161 975 5238 tificationem,
1008 5181 1122 5243 per
1154 5181 1345 5242 quam
1372 5164 1629 5226 tandem
1664 5167 1744 5226 ad
1782 5167 2111 5228 beatitudi-

549 5273 696 5317 nem
726 5256 1175 5336 perveniretur.
1212 5257 1381 5318 Sicut
1418 5257 1470 5317 si
1498 5257 1637 5336 quis
1676 5260 1952 5322 decrevit
1997 5261 2112 5320 ha-

549 5351 701 5412 bere
732 5350 1012 5423 domum,
1046 5357 1109 5412 et
1136 5356 1352 5429 postea
1397 5352 1679 5414 decernit
1714 5354 1791 5415 de
1820 5354 1923 5415 illa
1954 5373 2110 5434 pau-

548 5442 725 5506 latim
754 5443 1144 5519 aedificanda,
1186 5463 1315 5505 non
1342 5453 1677 5526 propterea
1723 5447 1971 5509 dicetur
2001 5448 2112 5509 de-

552 5539 821 5601 crevisse
858 5539 1093 5601 habere
1141 5539 1397 5600 domum
1428 5585 1443 5615 ,
1493 5545 1559 5602 ut
1598 5547 1818 5621 postea
1866 5541 1947 5603 de
2003 5541 2111 5603 illa

1402 398 1613 453 OPUSC.
1649 400 1689 462 1,
1725 399 1841 452 LlB.
1876 398 1962 450 111.
1997 397 2079 450 DE
2113 394 2383 455 AuxtLus
2415 394 2645 447 mvmAE
2675 392 2942 447 GRATlAE.

2215 496 2583 559 aedificanda
2631 499 2957 567 tractaret;
3004 492 3222 555 electio
3251 493 3448 567 enim,
3479 513 3572 555 seu
3591 516 3688 557 exe

2211 593 2378 653 cutio
2430 588 2622 652 medii
2659 606 2786 649 non
2833 592 2930 648 est
2955 587 3115 648 ratio
3150 593 3404 666 propter
3429 605 3590 666 quam
3617 590 3688 649 ha-

2209 686 2394 747 betur
2428 682 2690 745 intentio
2721 680 2885 753 finis,
2923 680 3164 741 etiamsi
3203 697 3280 740 ex
3315 679 3618 743 intentione
3645 683 3689 743 fi-

2209 780 2306 839 nis
2365 782 2786 855 consequatur
2839 792 3209 855 progressus
3261 773 3348 835 ad
3397 773 3687 835 electionem

2207 871 2309 933 vel
2339 870 2796 935 executionem.

2211 1072 2405 1147 Quam
2453 1070 2751 1133 immerito
2809 1070 3020 1132 dicant
3083 1084 3190 1130 nec
3241 1066 3566 1130 insinuasse
3601 1074 3688 1149 qm·-

2288 1167 2418 1228 dem
2466 1163 2882 1245 Auqustinum
2939 1160 3278 1226 electionem
3323 1166 3460 1225 ante
3493 1162 3688 1241 proevisa

2287 1256 2530 1322 mma.

2291 1438 2391 1496 10.
2432 1432 2643 1495 Tertio
2671 1433 3024 1493 afferuntur
3051 1436 3116 1493 et
3159 1430 3287 1493 late
3331 1428 3690 1509 expenduntur

2212 1526 2540 1605 Augustini
2584 1525 2961 1597 testimonia,
3014 1524 3082 1583 in
3111 1524 3340 1602 quibus
3369 1522 3538 1583 docet
3577 1524 3688 1583 eloc-

2207 1620 2445 1683 tionem
2487 1618 2650 1679 inter
2701 1617 2989 1679 homines
3033 1616 3168 1679 fieri
3217 1634 3292 1677 ex
3336 1614 3582 1693 praevisis
3601 1634 3688 1677 me·

2207 1714 2361 1775 ritis.
2389 1714 2464 1773 Et
2491 1711 2744 1773 tandem
2797 1710 3050 1773 additur
3085 1708 3308 1769 nullibi
3353 1708 3686 1786 Augustinum

2207 1806 2564 1885 oppositum
2593 1850 2608 1877 ,
2657 1804 2760 1865 vel
2795 1804 3050 1877 leviter,
3102 1802 3470 1863 insinuasse.
3509 1800 3606 1863 Sed
3647 1802 3685 1861 in

2205 1899 2325 1960 hac
2369 1898 2720 1977 objectione
2769 1896 2926 1957 nihil
2979 1902 3074 1958 est
3122 1894 3296 1975 quod
3333 1912 3541 1955 novam
3573 1901 3684 1972 petat

2205 1990 2702 2071 responsionem.
2723 1992 2878 2051 Nam
2905 1988 3236 2069 Augustini
3263 1987 3586 2050 testimonia
3603 2004 3684 2047 om-

2205 2086 2310 2148 nia
2363 2106 2402 2147 a
2447 2086 2628 2147 nobis
2673 2084 2944 2147 adducta
2985 2091 3132 2146 sunt
3167 2084 3234 2145 in
3265 2102 3322 2145 c.
3359 2084 3454 2155 16,
3481 2088 3534 2143 et
3565 2082 3613 2140 in
3645 2100 3680 2141 c.

2206 2182 2284 2241 18
2318 2178 2630 2257 exposita3
2677 2183 2741 2241 et
2765 2180 3070 2257 expositio
3105 2196 3333 2239 revera
3375 2194 3494 2237 non
3531 2180 3606 2235 est
3621 2174 3683 2233 vel

2201 2274 2428 2335 leviter
2461 2272 2850 2350 impugnata.
2909 2272 3110 2333 Nimia
3159 2288 3314 2333 vero
3367 2269 3680 2348 exaggeratio

2207 2372 2320 2436 est,
2359 2384 2505 2426 cum
2533 2365 2759 2427 dicitur
2801 2365 3219 2445 Augustinum
3253 2364 3468 2425 nullibi
3511 2362 3682 2439 opposi-

2199 2466 2358 2531 tum,
2409 2458 2510 2519 vel
2545 2459 2763 2521 leviter
2802 2459 3176 2529 insinuasse,
3209 2476 3356 2517 eum
3403 2454 3680 2517 Scholastici

2198 2552 2330 2613 fere
2377 2570 2598 2613 omnes
2655 2570 2792 2613 eam
2845 2550 3220 2613 seutentiam
3277 2568 3356 2611 ex
3417 2546 3680 2625 Augustino

2199 2646 2605 2725 sumpserint,
2661 2663 2932 2724 eamque
2962 2644 3052 2705 illi
3087 2644 3451 2706 attribuant.
3499 2640 3677 2713 Quodsi

2203 2740 2304 2800 alii
2345 2738 2706 2801 Scholastici
2761 2739 3028 2801 fortasse
3077 2739 3142 2799 in
3191 2738 3318 2799 hae
3359 2742 3520 2815 parre
3563 2732 3676 2809 digni

2200 2831 2426 2893 minori
2471 2832 2594 2893 fide
2625 2832 2998 2905 habeantur,
3037 2838 3205 2893 certe
3233 2832 3308 2891 D.
3337 2832 3562 2891 Thomae
3585 2844 3678 2885 aue-

2197 2926 2415 2987 toritas
2455 2942 2584 2986 non
2613 2932 2820 3004 petest
2853 2926 2936 2987 ita
2964 2926 3029 2985 in
3065 2926 3183 2986 hac
3219 2928 3398 3004 parte
3417 2919 3674 2983 contemni.

2197 3024 2267 3079 ut
2296 3019 2577 3079 dicamus
2615 3018 2714 3080 vel
2741 3036 2871 3079 non
2909 3018 3137 3097 legisse
3167 3017 3576 3097 Augustinum‚
3607 3018 3676 3073 aut

2195 3115 2459 3192 legisse,
2519 3121 2581 3176 et
2627 3132 2756 3175 non
2797 3113 3198 3184 intellexisse,
3231 3111 3322 3173 illi
3365 3105 3676 3173 attribuendo

2199 3207 2577 3272 sententiam
2621 3225 2812 3286 quam
2857 3225 2976 3268 nec
3013 3206 3238 3267 leviter
3263 3205 3573 3272 indicavit;
3607 3208 3673 3260 aut

2197 3303 2602 3375 intellexisse,
2631 3307 2694 3363 et
2723 3302 2803 3362 ab
2847 3303 2983 3380 ejus
3024 3301 3336 3362 sententia
3373 3296 3670 3361 discessise.

2193 3395 2394 3462 Addo.
2439 3403 2662 3475 praeter
2691 3396 3124 3466 ScliolastieoS‚
3177 3395 3392 3474 plures
3427 3393 3558 3454 alios
3579 3391 3673 3450 doc-

2194 3491 2464 3551 tissimos
2503 3490 2694 3562 viros,
2744 3489 2810 3550 in
2853 3488 3202 3568 Augustino
3253 3489 3400 3548 satis
3449 3489 3670 3548 versatos,

2192 3589 2326 3644 tum
2377 3581 2737 3657 modernoS,
2769 3587 2903 3642 tum
2933 3581 3124 3642 etiam
3173 3581 3554 3659 antiqmores,
3577 3593 3672 3653 par-

2195 3677 2306 3737 tim
2335 3677 2522 3736 etiam
2547 3676 3010 3736 consentientes
3037 3673 3122 3734 illi
3149 3673 3216 3734 in
3231 3673 3352 3734 hac
3373 3671 3608 3734 doctrina
3620 3665 3670 3724 de

2197 3767 2769 3839 Proedestinatione,
2807 3767 3034 3846 partim
3071 3765 3564 3832 contradicentes
3588 3762 3668 3820 Au·

2195 3862 2442 3941 gustino
2490 3861 2764 3922 tribuere
2803 3861 2965 3920 hane
3008 3859 3406 3922 sententiam.
3437 3855 3534 3926 Oui
3569 3867 3668 3926 ergo

3765 3675 3768 3817 ἱ

2197 3954 2492 4015 credibile
2549 3960 2646 4014 est
2689 3971 2808 4014 nec
2861 3952 3082 4014 leviter
3125 3951 3353 4012 alieubi
3405 3965 3528 4010 eam
3569 3941 3668 4004 iusi-
3763 4001 3765 4012 .

2194 4067 2423 4110 nuasse
2448 4051 2471 4108 2
2499 4049 2783 4127 Denique
2825 4045 3182 4108 testimonia
3217 4065 3256 4106 a
3301 4043 3469 4105 nobis
3503 4037 3668 4100 adduc-

2193 4145 2280 4214 ta,
2315 4147 2378 4202 et
2421 4142 2514 4202 vis
2564 4159 2705 4221 quae
2761 4139 2882 4201 illis
2929 4139 3192 4200 infertur
3227 4155 3344 4217 per
3377 4131 3666 4197 contrariam

2195 4234 2678 4315 expositionem,
2709 4239 2778 4293 ut
2819 4233 3008 4312 paulo
3059 4236 3207 4292 ante
3267 4231 3530 4296 diximus,
3569 4221 3666 4282 satis

2195 4329 2532 4390 ostendunt
2581 4327 3000 4406 Augustinum
3043 4344 3173 4386 non
3225 4324 3440 4386 leviter
3473 4325 3663 4381 tantum,

2195 4423 2306 4483 sed
2337 4421 2702 4502 gravissime
2719 4421 2884 4481 hanc
2907 4425 3226 4498 receptam
3255 4415 3584 4479 sententiam
3597 4407 3666 4467 do‘

2193 4517 2421 4576 cuisse.
2478 4517 2605 4576 Nec
2641 4514 2718 4574 de
2761 4513 3107 4592 Augustino
3160 4513 3340 4592 plura
3378 4510 3553 4572 dicere
3593 4519 3666 4561 ne·

2193 4627 2368 4670 cesse
2403 4613 2516 4668 est.
3639 4686 3648 4696 Ι

2275 4705 2375 4764 11.
2427 4701 2722 4776 Quomodo
2763 4707 3051 4766 conentur
3091 4701 3170 4764 D.
3219 4701 3488 4764 Phaniam
3531 4685 3666 4769 esph-

2195 4815 2332 4862 care
2373 4814 2485 4877 pro
2531 4813 2644 4858 sua
2691 4795 3011 4858 sententia.
3041 4825 3126 4840 —
3165 4793 3323 4855 lllud
3365 4798 3548 4852 tamen
3577 4795 3662 4840 11011

2197 4890 2475 4952 omittam
2505 4934 2522 4962 ,
2583 4887 2753 4967 quod
2805 4887 2885 4948 ad
2941 4888 3315 4949 sententiam
3365 4885 3430 4944 D.
3477 4879 3660 4940 Thomae

2197 4987 2457 5063 spectat,
2488 4981 2808 5052 nimirum,
2839 4981 3168 5059 praedictos
3187 4977 3512 5054 Theologos
3531 4968 3660 5030 etiam

3763 4047 3766 4183 1

3761 4343 3764 4552 l

2193 5076 2466 5138 voluisse
2505 5075 2578 5134 D.
2627 5074 2935 5134 Thomam
2973 5073 3058 5133 ita
3107 5087 3430 5152 exponere,
3481 5069 3536 5124 ut
3567 5071 3659 5118 nosr
3757 5099 3759 5136 ;

2193 5175 2352 5230 tram
2416 5166 2788 5229 sententiam
2843 5184 2970 5226 non
3021 5167 3240 5228 doceat
3266 5210 3282 5237 ,
3333 5181 3404 5224 eo
3449 5153 3583 5236 quod
3617 5150 3658 5206 in

2196 5265 2223 5323 1
2259 5267 2448 5341 part„
2481 5265 2698 5339 quaest.
2731 5261 2832 5332 23,
2881 5265 2998 5322 art.
3037 5263 3102 5333 4,
3147 5261 3343 5322 solum
3370 5253 3515 5323 dicit,
3536 5247 3659 5310 Pre-

2191 5354 2642 5418 destinationem
2679 5353 3024 5434 aliquorum
3065 5355 3150 5418 ad
3171 5353 3412 5416 salutem
3445 5350 3656 5409 eternam
3755 5339 3757 5348 ²

2191 5465 2542 5528 WPI’OMrc,
2585 5447 2910 5510 secuudum
2941 5449 3254 5517 rationem,
3295 5441 3440 5525 quod
3470 5436 3596 5498 Deus
3609 5425 3656 5488 il-

2191 5541 2390 5604 lorum
2427 5541 2572 5605 velit
2601 5543 2878 5607 salutem.
2927 5542 3106 5613 Quod
3131 5557 3258 5602 non
3283 5537 3499 5616 oportet
3529 5519 3656 5586 intel-
