3850 6225
587 413 723 468 cAP.
758 413 864 464 vn.
900 411 1312 464 DECLARATL'R
1349 411 1556 465 HODUS
1586 411 1710 475 Quo
1743 411 1902 464 DEUS
1936 411 2076 464 HAEG
2107 411 2359 466 FUTURA
2394 413 2748 466 COGNOSCIT.

107 518 478 601 prehensione
522 515 892 590 intellectuS,
927 517 1238 594 repugnat
1280 514 1506 575 divinoe
1548 514 1624 573 li-

105 613 318 682 bertati,
347 609 488 691 quia
515 609 664 669 illud
697 608 1006 688 judicium
1040 614 1134 668 est
1161 626 1334 669 mere
1367 613 1624 668 natura-

104 710 176 778 le;
220 724 378 784 erg0,
410 704 458 764 si
491 721 566 764 ex
603 703 664 763 vi
705 704 842 782 ejus
873 701 1162 762 voluntas
1207 709 1299 762 est
1328 701 1620 763 determi-

107 800 284 860 nanda
309 797 384 858 ad
411 797 525 856 hoc
551 796 758 874 potius
783 813 972 874 quam
1005 794 1086 854 ad
1114 795 1288 864 illud,
1319 813 1442 855 non
1471 794 1625 855 libe-

103 913 158 954 re
185 893 282 952 sed
306 888 646 950 necessario
686 888 1142 950 determinatur
1173 906 1286 966 per
1319 887 1622 948 intluxum

104 983 486 1046 necessarium
525 1000 562 1042 a
603 999 794 1042 causa
821 980 920 1041 vel
950 978 1305 1041 conditione
1334 998 1622 1041 necessa-

103 1079 194 1138 ria.
225 1074 660 1154 Consequentia
687 1077 836 1134 nota
879 1077 973 1133 est
1013 1063 1090 1134 ex
1129 1071 1337 1144 dictis;
1373 1078 1624 1133 antece-

105 1171 233 1230 dens
267 1173 444 1247 patet,
472 1167 617 1244 quia
648 1166 750 1226 illa
782 1165 992 1226 divina
1029 1166 1528 1244 comprehensio,
1556 1169 1626 1226 ut

104 1262 372 1324 antecedit
410 1260 792 1321 voluntatem
816 1305 832 1333 ,
875 1277 1005 1319 non
1049 1265 1142 1318 est
1182 1259 1351 1319 unde
1394 1259 1626 1319 habeat

104 1355 264 1414 ullam
290 1351 786 1422 indifferentiam,
820 1350 933 1410 sed
963 1355 1058 1410 est
1085 1349 1341 1411 'omnino
1373 1356 1627 1411 natura-

101 1449 178 1507 lis
209 1447 487 1507 Praeterea
533 1441 883 1504 ostenditur
927 1442 991 1503 id
1022 1460 1158 1504 esse
1197 1441 1446 1515 falsum,
1479 1443 1628 1522 quia

104 1557 258 1598 omne
283 1539 508 1597 bonum
550 1540 724 1597 extra
754 1535 982 1608 Deum,
1019 1535 1260 1596 etiamsi
1291 1537 1368 1596 sit
1401 1537 1628 1598 melius

105 1637 153 1692 et
177 1630 360 1690 utilius
401 1635 728 1703 creaturoe,
759 1627 878 1708 ipsi
918 1633 1133 1688 tamen
1162 1629 1294 1688 Deo
1335 1646 1628 1689 necessa-

101 1725 234 1784 rium
261 1741 378 1782 non
407 1728 522 1796 est,
553 1738 762 1799 neque
799 1720 879 1780 ad
908 1719 1360 1799 perfectionem
1381 1721 1626 1781 virtutis

102 1817 212 1894 ejus
252 1815 508 1894 pertinet
551 1813 705 1875 illud
749 1813 940 1886 velle3
980 1831 1131 1894 ergo
1178 1813 1422 1874 nullum
1459 1815 1628 1894 judi-

101 1912 255 1982 cium,
278 1910 672 1988 quantumvis
699 1909 1283 1987 comprehensivum
1309 1909 1388 1970 de
1415 1909 1628 1988 hujus-

99 2003 236 2062 modi
274 2003 484 2078 boniS,
533 2001 912 2064 determinat
958 2001 1345 2062 voluntatem
1391 2003 1500 2063 Dei
1548 2002 1630 2062 ad

97 2095 392 2154 volendum
422 2096 541 2155 hoc
570 2094 674 2156 vel
701 2093 876 2155 illud.

165 2187 298 2247 Hinc
327 2193 786 2266 consequenter
812 2190 1056 2248 constat
1084 2183 1367 2248 inutilem
1398 2205 1534 2248 esse
1563 2187 1630 2248 il-

98 2279 197 2339 lam
227 2280 701 2356 distinctionem,
724 2299 895 2352 nam‚
921 2281 1066 2341 licet
1095 2280 1171 2341 sit
1205 2281 1508 2340 connexio
1538 2281 1631 2340 in-

97 2379 174 2434 ter
191 2373 596 2435 conditionem
624 2375 1006 2454 propositam
1031 2380 1094 2435 et
1120 2373 1434 2446 effectum,
1453 2373 1631 2434 dum-

97 2467 254 2526 modo
293 2486 414 2527 non
458 2467 540 2527 sit
574 2465 930 2528 necessaria
970 2465 1295 2538 habitudo,
1329 2465 1440 2526 sed
1486 2483 1631 2527 cum

99 2559 473 2620 indifferentia
505 2559 835 2635 libertatiS,
883 2577 1013 2620 non
1041 2565 1248 2639 potest
1281 2576 1358 2619 ex
1399 2559 1456 2618 vi
1493 2559 1632 2621 talis

98 2654 460 2714 connexionis
497 2653 782 2714 futurum
828 2653 1153 2714 decretum
1197 2653 1526 2732 cognosci3
1561 2657 1634 2713 ut

99 2745 149 2804 in
177 2746 442 2828 exemplo
469 2745 558 2808 de
585 2746 878 2822 Sidoniis,
907 2745 1191 2826 quamvis
1219 2746 1476 2806 effectus
1506 2763 1634 2806 cre-

95 2838 252 2898 dendi
281 2845 440 2900 esset
472 2838 988 2900 accommodatus
1015 2837 1318 2900 voluntati
1349 2837 1633 2900 Sidonio-

94 2948 210 2988 rum
238 2931 294 2989 in
313 2931 416 2992 tali
440 2931 914 3012 opportunitate
935 2932 1308 3008 constitutae,
1332 2950 1459 2991 non
1482 2930 1630 2992 inde

91 3024 147 3085 fit
169 3027 351 3086 Deum
379 3045 842 3088 concursurum
881 3045 1024 3088 cum
1050 3027 1194 3102 illis,
1227 3031 1336 3087 aut
1377 3026 1632 3096 effectu-

92 3138 208 3178 rum
237 3125 298 3181 ut
335 3121 446 3201 ipsi
483 3120 844 3195 crederent,
878 3122 1116 3183 etiamsi
1161 3122 1348 3183 vellet
1390 3126 1461 3181 ut
1491 3111 1631 3181 talis

93 3213 326 3275 conditio
373 3215 438 3276 in
479 3234 559 3277 re
609 3214 1112 3276 constitueretur.
1143 3216 1359 3293 Neque
1403 3231 1552 3275 vero
1595 3232 1630 3275 e

91 3322 354 3367 converso
383 3308 502 3391 dici
535 3313 744 3389 potest
773 3307 965 3386 quod,
995 3308 1268 3368 videndo
1301 3325 1438 3369 esse
1463 3306 1632 3367 futu-

91 3416 204 3458 ram
228 3400 607 3463 voluntatem
637 3399 1058 3473 Sidoniorum,
1092 3400 1142 3461 si
1181 3401 1324 3461 talis
1359 3398 1629 3460 conditio

90 3491 328 3567 adesset,
351 3493 502 3555 vidit
531 3498 1000 3572 consequenter
1025 3512 1212 3553 suum
1255 3510 1630 3554 concursum

91 3600 184 3641 seu
224 3604 396 3646 suum
444 3584 776 3648 decretum
823 3585 922 3647 vel
975 3586 1258 3648 absolute
1291 3585 1584 3647 -futurum
1609 3630 1626 3659 ,

89 3676 212 3751 quia
239 3677 336 3739 ille
363 3679 628 3741 effectus
651 3698 764 3740 seu
788 3685 963 3740 actus
985 3680 1320 3740 voluntatis
1349 3678 1631 3741 Sidonio·

89 3785 206 3828 rum
222 3772 530 3851 supponit,
553 3773 830 3833 maxime
844 3772 1022 3851 juxta
1048 3772 1210 3833 hanc
1231 3771 1626 3845 sententiam,

89 3860 374 3925 decretum
404 3864 636 3926 divinae
681 3865 1020 3927 voluntatis
1051 3866 1350 3938 volentiS,
1383 3864 1482 3927 vel
1525 3882 1630 3924 ac-

89 3959 218 4030 tum,
263 3958 356 4019 vel
397 3959 625 4020 saltem
668 3976 1044 4020 concurrere
1087 3958 1166 4019 ad
1213 3964 1453 4031 actum3
1497 3976 1629 4018 non

90 4064 218 4125 ergo
243 4056 440 4127 potest
465 4050 591 4111 hoc
615 4050 936 4112 decretum
959 4070 996 4113 a
1016 4054 1147 4112 Deo
1175 4052 1238 4113 in
1269 4052 1374 4112 illo
1402 4052 1627 4113 effectu

87 4143 368 4219 cognosci.
416 4144 632 4205 Altera
673 4162 822 4204 vero
862 4162 1030 4223 pare,
1078 4144 1334 4219 scilicet,
1373 4143 1625 4224 quando

90 4235 328 4296 conditio
362 4244 424 4297 et
453 4238 784 4298 decretum
826 4238 934 4299 Dei
963 4256 1092 4298 non
1131 4238 1367 4300 habent
1398 4256 1626 4299 conne-

85 4326 326 4402 xionem,
359 4337 455 4391 est
483 4330 551 4390 in
582 4331 793 4408 aliquo
825 4348 1016 4391 sensu
1045 4350 1216 4404 vera,
1247 4350 1376 4391 non
1416 4338 1627 4392 tamen

86 4416 138 4475 in
167 4420 278 4481 alio
320 4440 510 4502 supra
546 4422 886 4497 declarato,
918 4423 1172 4497 scilicet,
1208 4425 1258 4485 si
1299 4425 1503 4485 solum
1525 4424 1627 4504 ju-

84 4508 296 4574 dicetur
345 4516 829 4578 concomitantia
849 4561 864 4589 ,
919 4516 1066 4596 quia
1116 4517 1269 4577 nihil
1319 4522 1628 4597 repugnat

84 4606 232 4679 quod
276 4608 374 4667 vel
411 4626 586 4669 nunc
633 4608 800 4669 Deus
851 4609 1082 4670 habeat
1114 4610 1238 4671 tale
1277 4610 1621 4683 decretum,

83 4696 166 4755 nel
187 4705 518 4779 cognoscat
543 4718 628 4761 an
655 4702 920 4763 haberet
948 4700 1122 4779 illud,
1152 4702 1355 4783 posita
1385 4703 1502 4763 hac
1528 4702 1628 4763 vel

84 4789 173 4849 illa
205 4794 578 4857 conditione.

153 4886 238 4945 14.
283 4888 389 4948 His
439 4906 596 4966 ergo
645 4888 848 4951 modis
898 4909 1026 4951 non
1069 4896 1239 4952 recte
1287 4890 1630 4970 explicatur

82 4972 200 5036 haec
228 4979 482 5039 scientia
511 4998 628 5059 per
646 4981 928 5043 ordinem
952 4982 1032 5043 ad
1054 4983 1375 5045 decretum
1403 4984 1627 5045 divinoe

81 5068 411 5133 voluntatis.
452 5072 532 5133 Et
560 5074 868 5135 accedunt
907 5082 1208 5154 praeterea
1238 5076 1628 5138 difficultates

81 5178 277 5224 omnes
319 5182 516 5244 supra
560 5173 738 5228 tactae
775 5174 994 5229 contra
1039 5170 1414 5231 sententiam
1462 5187 1628 5230 asse-

81 5261 300 5317 rentem
329 5258 882 5337 praedeterminare
905 5261 1107 5323 Deum
1132 5265 1516 5325 voluntatem
1544 5263 1630 5324 ef-

77 5342 328 5410 ficaciter
357 5350 442 5412 ad
473 5370 621 5413 suos
649 5356 848 5429 actua,
893 5360 956 5416 et
989 5356 1347 5435 hujusmodi
1391 5356 1630 5435 praede-

77 5440 563 5505 terminationem
603 5462 742 5507 esse
770 5449 1197 5509 necessariam
1243 5449 1322 5509 ad
1365 5466 1630 5527 operan-

79 5530 244 5607 dum3
277 5536 577 5615 quoniam
601 5537 738 5599 haec
779 5542 1090 5602 sententia
1131 5541 1458 5603 manifeste
1489 5560 1632 5621 sup·

379 5656 464 5703 11.

3150 413 3267 473 369

1701 514 1878 593 ponit
1914 519 1977 576 et·
2004 515 2281 577 continet
2320 515 2510 575 illam.
2544 514 2719 577 Unde
2758 515 3061 594 sequitur,
3086 517 3267 595 juxta

1702 607 1866 668 hanc
1890 609 2275 687 opinionem,
2299 609 2497 669 Deum
2524 608 2903 688 praescivisse
2926 609 3096 670 illam
3123 629 3268 671 con·

1703 700 2064 762 ditionalem
2100 721 2114 761 :
2149 702 2211 764 Si
2242 701 2442 762 Adam
2470 707 2737 775 creatur,
2773 709 2889 763 etc.
2912 748 2928 776 ,
2959 705 3262 782 peccabit,

1703 793 1849 872 quia
1879 793 2185 872 praescivit
2211 794 2534 855 decretum
2560 795 2892 856 voluntatis
2915 815 3041 856 suoe
3068 797 3269 860 deter-

1703 889 1981 949 minandi
2033 888 2233 949 Adam
2276 888 2358 948 ad
2403 895 2611 949 actum
2659 889 2920 968 peccati,
2959 889 3019 970 si,
3058 889 3121 949 in
3165 888 3269 949 tali

1703 983 2032 1043 occasione
2064 982 2565 1056 constitueretur,
2597 982 2765 1060 quod
2792 1000 2982 1060 quam
3012 981 3090 1042 sit
3118 982 3270 1042 alie-

1703 1093 1856 1135 num
1899 1093 1937 1136 a
1982 1075 2240 1136 veritate
2280 1080 2343 1134 et
2370 1075 2621 1154 pietate,
2653 1089 2841 1156 supra
2872 1074 3106 1135 dictum
3150 1079 3263 1136 est.

1703 1169 1779 1228 Et
1801 1173 2101 1247 praeterea
2122 1166 2374 1246 quando
2400 1168 2605 1230 Sancti
2627 1167 2949 1246 inquirunt
2970 1187 3082 1228 cur
3102 1169 3269 1228 Deus

1706 1260 2008 1320 creavcrit
2055 1260 2275 1332 Adam,
2310 1277 2499 1338 quem
2545 1260 2911 1339 praesciebat
2949 1279 3267 1333 casurum,

1705 1359 1874 1413 certe
1919 1358 2280 1432 supponunt
2311 1370 2436 1412 non
2480 1351 2672 1414 fuisse
2720 1372 3012 1414 casurum
3045 1372 3123 1415 ex
3162 1353 3272 1414 de-

1705 1446 2144 1507 terminatione
2173 1446 2309 1518 Dei‚
2342 1445 2573 1525 alioqui
2614 1465 2738 1506 non
2766 1447 3029 1508 haberet
3065 1447 3271 1507 locum

1706 1538 1812 1598 illa
1841 1539 2121 1617 quaestio,
2148 1537 2259 1598 sed
2288 1539 2411 1598 alia
2440 1538 2640 1618 magis
2670 1540 2989 1618 perplexa,
3014 1540 3268 1611 scilicet,

1707 1649 1819 1691 cur
1857 1631 2065 1691 divina
2102 1631 2389 1692 voluntas
2420 1650 2532 1692 suo
2564 1631 2815 1693 decreto
2853 1631 3273 1692 determinare

1708 1723 1969 1785 deberet
2008 1724 2395 1785 voluntatem
2426 1725 2573 1785 Adae
2614 1723 2695 1785 ad
2736 1725 2927 1786 talem
2974 1731 3182 1786 actum
3215 1729 3277 1784 et

1709 1836 2113 1890 consensum,
2146 1836 2289 1878 cum
2318 1817 2607 1879 voluntas
2646 1817 2794 1879 Adae
2843 1818 2974 1879 sine
3019 1819 3138 1879 hac
3165 1817 3277 1879 de-

1708 1911 2147 1972 terminatione
2176 1910 2403 1972 cadere
2432 1929 2558 1972 non
2586 1917 2818 1990 posset.
2846 1910 3025 1974 Unde
3056 1916 3279 1991 praete-

1709 2023 1818 2065 rea
1847 2004 2093 2082 inquiro
2130 2023 2211 2064 an
2243 2003 2384 2064 talis
2412 2003 2846 2064 determinatio
2878 2005 2956 2064 s‘it
2984 2022 3278 2066 necessa-

1710 2099 1802 2157 ria
1828 2097 1903 2158 ad
1934 2099 2260 2159 veritatem
2287 2097 2455 2158 illius
2480 2097 2935 2174 conditionalis,
2961 2116 3183 2159 necne.
3214 2099 3275 2160 Si

1712 2196 1805 2251 est
1832 2191 2211 2264 necessaria,
2243 2190 2479 2251 tollitur
2508 2189 2761 2251 libertas
2799 2191 2882 2251 ad
2920 2209 3049 2251 non
3091 2210 3279 2270 agen·

1711 2283 1859 2344 dum
1905 2283 1969 2341 in
2013 2283 2389 2344 habentibus
2423 2282 2616 2357 illam,
2659 2283 2831 2344 etad
2872 2284 3186 2364 agendum
3213 2284 3279 2344 in

1712 2394 1840 2436 non
1870 2375 2270 2448 habentibus,
2313 2381 2381 2436 ut
2411 2395 2599 2456 supra
2638 2377 2761 2438 late
2794 2377 3129 2438 deductum
3159 2383 3274 2438 est.

1713 2469 1916 2540 Quare
1971 2469 2090 2528 hoc
2142 2468 2331 2530 modo
2390 2469 2709 2548 explicatae
2767 2469 2955 2548 hujus
3009 2469 3280 2530 scientiae

1711 2561 1882 2622 nulla
1929 2568 2021 2623 est
2060 2562 2290 2622 utilitas
2338 2561 2419 2623 ad
2452 2562 2893 2624 declarandam
2922 2563 3282 2642 praefinitio-

1711 2673 1859 2715 nem
1891 2655 2022 2728 Dei,
2060 2659 2123 2714 et
2161 2654 2283 2714 alia
2313 2673 2501 2733 supra
2532 2655 2717 2716 dicta.
2751 2657 2813 2718 Si
2852 2675 3001 2719 vero
3031 2675 3157 2716 non
3188 2659 3281 2718 cst

1715 2746 2093 2818 necessaria,
2122 2747 2327 2808 adhuc
2366 2747 2556 2808 habet
2583 2749 2792 2809 locum
2818 2749 2950 2810 haec
2980 2749 3285 2810 conditio-

1713 2841 1873 2901 nalis
1907 2860 1921 2901 ε
1959 2840 2019 2900 Si
2050 2840 2239 2900 homo
2281 2847 2529 2900 creetur
2556 2859 2592 2900 a
2621 2842 2749 2901 Deo
2782 2841 2845 2901 in
2874 2841 2983 2902 tali
3014 2841 3282 2902 occasio·

1713 2951 1813 3007 ne,
1857 2938 1918 2993 et
1960 2950 2086 2992 non
2129 2931 2581 2993 determinetur
2627 2933 2709 2993 ad
2740 2933 2860 2994 hoc
2904 2933 3001 2995 vel
3046 2933 3200 2995 illud
3244 2953 3282 2994 a

1713 3027 1863 3100 Dec,
1907 3023 2095 3086 faciet
2124 3025 2241 3085 hoc
2281 3026 2382 3085 vel
2414 3025 2589 3099 illud,
2636 3026 2699 3086 in
2734 3044 2858 3106 quo
2893 3026 3083 3088 altera
3134 3046 3282 3107 pars

1713 3125 1808 3181 est
1825 3138 2006 3191 νει-εις
2032 3136 2181 3197 ergo
2204 3118 2309 3177 illa
2329 3118 2471 3179 sciri
2492 3124 2696 3199 potest
2717 3120 2850 3180 sine
2876 3120 2979 3181 illo
2999 3121 3279 3195 decret0‚

1712 3231 1858 3274 cum
1885 3213 1950 3272 in
1982 3212 2251 3291 ipsamet
2282 3211 2666 3285 excludatur.

2248 3408 2401 3475 Vera
2440 3412 2761 3475 sententia.

1792 3583 1890 3641 15.
1938 3578 2265 3643 Probatur.
2291 3610 2374 3624 -
2398 3578 2744 3639 Dicendum
2773 3597 2925 3659 ergo
2958 3584 3053 3641 est
3080 3580 3279 3640 Deum
3392 3612 3407 3625 ·

1713 3690 2094 3755 cognoscere
2138 3673 2270 3733 haec
2298 3671 2507 3733 futura
2530 3673 2949 3735 conditionata
2995 3692 3107 3734 sua
3138 3674 3281 3734 infi-

1711 3768 1841 3827 nita
1887 3766 2111 3827 virtute
2160 3765 2568 3844 intelligendi,
2618 3767 3007 3846 penetrando
3056 3768 3280 3829 imme-

1709 3861 1876 3922 diate
1913 3860 2243 3921 veritatem
2269 3878 2407 3938 quae
2447 3860 2512 3919 in
2545 3859 2695 3939 ipsis
2728 3866 2845 3935 est,
2887 3878 3000 3921 seu
3033 3862 3274 3941 concipi

1709 3961 1936 4034 potest,
1967 3971 2175 4031 neque
2216 3953 2498 4031 indigere
2540 3952 2750 4031 aliquo
2794 3953 2915 4014 alio
2957 3954 3166 4016 medio
3208 3959 3277 4015 ut

1707 4049 1813 4108 illa
1839 4052 2197 4127 cognoscat.
2227 4044 2342 4116 Qui
2365 4043 2589 4105 modus
2619 4044 2865 4106 dicendi
2896 4052 2989 4106 est
3012 4064 3278 4107 consen-

1707 4146 1932 4201 taneus
1982 4139 2079 4199 his
2130 4137 2507 4222 auctoribuS,
2541 4138 2648 4216 qui
2678 4137 2891 4199 dicunt
2934 4140 3134 4199 Deum
3176 4159 3276 4200 co-

1709 4251 2011 4314 gnoscere
2054 4231 2265 4292 futura
2309 4230 2731 4306 contingentia
2766 4231 3148 4306 immediate,
3180 4232 3276 4292 in-

1708 4327 1942 4389 tuendo
1970 4325 2298 4387 veritatem
2329 4342 2572 4397 eorum,
2605 4342 2764 4403 quos
2793 4343 3005 4406 supra,
3040 4344 3175 4405 cap.
3210 4330 3271 4400 3,

1709 4420 2055 4492 citavimus,
2088 4424 2150 4478 et
2177 4418 2244 4476 in
2271 4416 2441 4477 idem
2477 4416 2609 4477 fere
2646 4418 2809 4478 cedit
2850 4420 3019 4497 quod
3046 4419 3148 4479 alii
3181 4419 3275 4479 di-

1707 4518 1877 4584 cunt,
1909 4527 2288 4589 cognoscere
2328 4510 2531 4569 Deum
2576 4510 2783 4571 futura
2825 4528 2903 4571 ex
2928 4512 2989 4571 vi
3019 4511 3274 4574 intinitae

1706 4603 2272 4685 repraesentationis
2297 4620 2552 4663 suarum
2578 4603 2882 4664 idearum.
2910 4606 3277 4668 Declaratur

1711 4705 1920 4759 autem
1943 4698 2007 4757 in
2032 4698 2198 4757 hunc
2219 4696 2476 4757 modum
2498 4715 2513 4769 ;
2538 4714 2709 4773 nam,
2733 4701 2805 4758 ut
2823 4698 2971 4773 dixi,
2996 4716 3072 4759 ex
3098 4707 3274 4778 parte

1709 4793 1820 4852 Dei
1871 4797 1933 4852 et
1988 4788 2275 4869 principii
2327 4789 2790 4867 cognoscendi,
2846 4809 2973 4850 non
3030 4798 3277 4872 oportet

1711 4902 1989 4963 quoerere
2016 4882 2207 4941 alium
2235 4880 2491 4941 modum
2531 4882 2633 4942 vel
2668 4883 2977 4969 rationem
3016 4902 3275 4964 cognos-

1711 4976 1893 5039 cendi
1940 4993 2126 5054 quam
2175 4973 2381 5052 ipsum
2431 4974 2643 5033 lumen
2687 4974 3000 5035 infinitum
3046 4977 3175 5049 Dei,
3216 4982 3279 5037 et

1710 5069 2155 5151 perfectionem
2182 5084 2255 5126 ac
2279 5066 2689 5127 aeternitatem
2715 5067 2987 5129 scientiae
3014 5070 3172 5147 ejus,
3201 5088 3278 5131 ex

1709 5164 1767 5225 vi
1795 5164 1997 5242 cujux-3,
2030 5160 2426 5241 apprehensa
2449 5178 2845 5239 quacumque
2867 5180 2959 5234 re,
2990 5180 3099 5221 seu
3128 5179 3279 5239 qua-

1711 5274 1979 5333 cumque
2010 5253 2441 5333 complexione
2471 5270 2682 5313 rerum
2712 5271 2749 5313 a
2778 5254 2959 5314 nobis
2988 5256 3279 5314 enuncia-

1708 5352 1838 5423 bili,
1882 5349 2251 5411 naturaliter
2296 5365 2375 5406 ex
2420 5346 2697 5407 efficacia
2746 5346 2998 5407 luminis
3039 5348 3279 5426 judicat

1711 5442 1860 5525 quid
1906 5444 2183 5503 veritatis
2242 5440 2321 5500 sit
2370 5440 2436 5499 in
2490 5458 2871 5518 unaquaque
2922 5458 3016 5512 re,
3055 5458 3168 5501 seu
3214 5459 3281 5500 m

1713 5554 2110 5621 quocumque
2164 5534 2407 5615 objecto
2462 5532 2896 5613 cognoscibili3
2948 5540 3009 5593 et
3053 5533 3116 5593 in
3162 5533 3282 5597 hoc

2879 5642 2959 5703 24
