3850 6225
469 397 592 459 us

467 504 669 567 titiam
709 510 770 566 et
815 506 1102 586 gratiam,
1143 526 1416 588 cumque
1445 508 1654 589 ipsum
1698 508 2043 570 Concilium

461 598 598 678 jam
621 592 958 673 dodinisset,
985 600 1184 679 capite
1215 600 1458 663 decimo
1487 606 1736 681 quarto,
1769 618 1900 674 eOS,
1934 600 2041 679 qui

467 708 584 773 per
603 698 934 772 peccatum
959 712 998 753 a
1019 693 1260 773 justitia
1281 694 1670 769 exciderunt,
1697 714 1812 775 per
1843 694 2045 775 poeni·

466 786 726 849 tentiam
752 786 1098 865 justificari.
1133 787 1382 868 Aliquid
1425 808 1576 867 ergo
1621 788 1892 867 amplius
1934 806 2043 848 vo-

465 880 582 941 luit
617 880 961 941 Concilium
998 880 1064 940 in
1093 879 1212 941 hoc
1247 882 1448 961 eapite
1473 882 1722 943 docere.
1759 882 2041 960 Denique

467 979 802 1053 postquam
829 973 1172 1035 Concilium
1187 974 1373 1035 dixit:
1411 974 1558 1039 Sive
1583 981 1886 1055 aot-aptam
1899 993 2043 1055 yra-

467 1068 912 1148 tiamperpetuo
925 1068 1426 1143 conservaverint,
1434 1069 1560 1131 sivo
1575 1070 1862 1132 amissam
1877 1086 2045 1131 recu·

465 1160 836 1241 perarmat,
853 1160 954 1221 vel
979 1160 1132 1221 nihil
1161 1167 1378 1241 postea
1401 1161 1672 1241 speciale
1697 1163 1898 1235 affert,
1919 1180 2047 1241 quo

467 1252 692 1331 probet
716 1270 846 1325 eos,
876 1253 980 1332 qui
1007 1254 1072 1315 in
1091 1260 1418 1333 peccatum
1438 1254 1592 1335 lapsi
1623 1259 1786 1330 sunt,
1813 1262 1876 1317 et
1895 1274 2045 1335 pos-

467 1350 572 1405 tea
601 1351 962 1425 resurgunt,
992 1366 1180 1426 posse
1225 1366 1342 1427 per
1365 1348 1532 1409 bona
1567 1366 1762 1428 opera
1789 1349 2039 1423 mereri,

465 1438 566 1499 vel
615 1438 666 1497 si
713 1446 1050 1519 utramque
1101 1447 1346 1519 partem
1397 1442 1562 1503 illius
1609 1441 2045 1521 disjunctionis

467 1530 690 1608 probat
739 1530 846 1592 illo
891 1534 1248 1594 testimonio
1299 1534 1470 1612 quod
1516 1534 1728 1609 affert,
1781 1553 2043 1597 necesse

467 1628 562 1685 est
597 1624 776 1685 fateri
819 1625 1162 1687 Concilium
1201 1628 1580 1689 intellexisse
1627 1630 1796 1689 hunc
1831 1628 2043 1689 locum

468 1716 644 1778 Pauli
675 1718 754 1779 de
786 1719 1222 1797 peccatoribus
1265 1728 1406 1800 post
1433 1721 1680 1801 lapsum
1711 1722 2037 1801 reparatis.

468 1811 743 1872 Primum
767 1813 996 1873 horum
1007 1832 1132 1875 non
1153 1814 1394 1876 dicetur
1407 1816 1872 1885 convenienter,
1893 1832 2043 1875 nam

467 1905 808 1967 Concilium
849 1906 939 1967 ait
977 1907 1254 1987 utrisque
1294 1908 1652 1970 hominibus
1687 1908 2041 1988 justificatis

465 1998 944 2079 proponendam
985 2018 1124 2061 esse
1167 2002 1444 2081 Apostoli
1472 2002 1702 2075 verba;
1747 2020 1898 2081 ergo
1930 2021 2043 2063 nc·-

467 2112 642 2154 cesse
673 2099 767 2155 est
791 2100 860 2154 ut
879 2094 1102 2155 afferat
1121 2095 1330 2175 aliqua
1355 2096 1546 2157 verba
1571 2096 1870 2175 Apostoli,
1895 2114 2037 2175 quse

471 2187 717 2266 utrique
737 2188 938 2249 ordini
955 2188 1464 2267 justificatorum,
1483 2189 1716 2251 scilicet
1734 2196 2039 2271 perpetuo

465 2282 1044 2359 perseverantium,
1100 2288 1210 2343 aut
1255 2290 1686 2363 reparatorum
1731 2290 1872 2361 post
1909 2283 2043 2363 lap-

467 2392 629 2446 sum,
681 2374 1028 2453 specialiter
1069 2376 1656 2449 accommodentur;
1703 2394 1848 2437 cum
1887 2394 2041 2456 ergo

465 2466 673 2545 priora
702 2467 894 2528 verba
925 2468 1006 2528 ad
1035 2470 1312 2531 Corinth.
1341 2469 1768 2548 propriissime
1793 2487 2043 2529 accom-

465 2560 802 2621 modentur
829 2560 912 2622 ad
937 2580 1048 2622 cos
1075 2562 1206 2639 qui,
1235 2566 1378 2641 post
1407 2568 1834 2641 comparatam
1859 2563 2043 2641 justi-

465 2652 640 2727 tiam,
669 2654 921 2717 stabiles
951 2658 1012 2717 et
1037 2654 1362 2718 immobiles
1398 2660 1547 2719 sunt
1579 2657 1947 2720 abundantes
1974 2656 2043 2717 in

465 2746 630 2807 omni
685 2764 858 2827 opere
898 2746 1146 2809 Domini
1180 2764 1414 2829 semper
1459 2748 1624 2827 (quse
1663 2754 1812 2809 sunt
1850 2747 2045 2809 verba

469 2838 690 2918 Pauli),
719 2840 1066 2919 posteriora
1091 2840 1304 2915 verba,
1337 2858 1478 2919 quse
1517 2858 1686 2901 nunc
1727 2858 1844 2901 nos
1883 2846 2046 2901 trac-

467 2938 698 3005 tamus,
733 2932 978 2994 videtur
1021 2933 1356 2994 adduxisse
1399 2932 1742 2995 Concilium
1790 2942 2045 3013 propter

465 3026 644 3099 alios,
677 3027 782 3105 qui
811 3032 951 3105 post
979 3026 1276 3087 amissam
1299 3028 1587 3107 gratiam,
1619 3044 1762 3087 eam
1781 3044 2041 3105 recupe-

465 3125 716 3194 rarunt;
745 3139 898 3202 ergo
915 3121 1210 3202 supponit
1233 3121 1573 3184 Concilium
1591 3122 1656 3182 in
1683 3121 1780 3182 his
1799 3121 2037 3184 verbis:

465 3213 612 3278 Non
635 3216 794 3278 enim
833 3216 1108 3295 injustus
1145 3217 1335 3286 Deus,
1387 3220 1536 3287 etc„
1575 3215 1752 3293 loqui
1779 3214 2043 3276 Paulum

465 3325 608 3368 cum
629 3307 722 3368 eis
739 3307 848 3387 qui
865 3325 902 3368 a
919 3308 1120 3386 gratia
1135 3307 1516 3382 exciderant,
1543 3314 1604 3368 et
1620 3308 1750 3386 jam
1773 3325 1888 3387 per
1909 3325 2043 3387 poe-

467 3399 795 3461 nitentiam
825 3401 996 3461 illam
1023 3407 1572 3480 recuperaverant.
1605 3403 1770 3480 Ergo
1795 3401 2041 3462 intelle-

461 3493 554 3554 xit
593 3493 764 3572 loqui
799 3494 1060 3554 Paulum
1093 3495 1279 3556 etiam
1325 3495 1404 3556 de
1443 3495 1742 3576 operibus
1771 3494 1945 3574 prius
1976 3495 2041 3556 in

465 3585 668 3666 gratia
719 3585 920 3659 factis,
973 3593 1038 3650 et
1087 3595 1306 3666 postea
1353 3606 1466 3668 per
1505 3595 1830 3668 peccatum
1873 3607 2041 3650 mor-

465 3678 738 3756 tificatis,
791 3697 864 3740 ac
911 3680 1172 3742 tandem
1211 3699 1325 3760 per
1379 3682 1813 3761 poenitentiam
1852 3699 2036 3762 repa-

463 3772 640 3834 ratis.

545 3869 645 3929 17.
691 3867 1150 3950 Eoepmdaentur
1187 3869 1386 3953 Μαρία
1443 3869 1698 3934 Consilii
1733 3871 1933 3934 verba.
1958 3903 2041 3918 —

465 3961 614 4022 Haec
639 3960 862 4022 ultima
885 3961 1082 4024 illatio
1121 3980 1200 4023 ex
1225 3963 1638 4042 sequentibus
1669 3962 1854 4024 latius
1891 3981 2037 4024 con-

465 4053 689 4126 stabit;
736 4073 906 4116 nunc
953 4060 1124 4134 patet
1165 4055 1440 4118 breviter
1481 4075 1560 4118 ox
1603 4055 1722 4116 illis
1769 4055 1977 4116 verbis
2018 4073 2033 4115 ε

471 4145 664 4220 Qum
689 4147 1038 4211 ostendistis
1061 4148 1130 4210 in
1163 4147 1396 4212 nomine
1427 4150 1650 4232 ipsius,
1680 4149 1786 4230 qui
1819 4149 2041 4211 minis-

465 4238 964 4314 trutinantis,
995 4245 1053 4304 et
1075 4239 1476 4306 adsisto-atis.
1503 4241 1740 4314 Quibus
1771 4241 1920 4302 satis
1944 4240 2039 4301 in·

465 4332 633 4394 dicat
667 4333 896 4395 Paulus
925 4353 1052 4394 non
1093 4333 1296 4396 solum
1339 4353 1530 4414 opera
1571 4353 1712 4416 quoe
1751 4334 1910 4396 fiunt
1960 4352 2039 4396 ex

465 4427 760 4505 praesenti
799 4427 1036 4506 justitia
1083 4435 1476 4508 recuperata,
1511 4428 1626 4490 sed
1671 4429 1862 4490 etiarn
1893 4445 2035 4506 qum

469 4519 634 4580 facta
661 4519 918 4592 fuerunt
945 4539 1022 4580 ex
1052 4522 1360 4599 praeterita
1375 4521 1639 4601 justitia,
1663 4521 1892 4581 amissa
1925 4537 2039 4598 per

467 4611 740 4691 lapsum,
787 4613 1020 4676 habere
1073 4633 1260 4676 suum
1305 4615 1632 4694 praemium
1685 4613 2037 4675 secundum

460 4705 772 4785 justitiam
799 4707 934 4768 Dei.
967 4709 1042 4768 Et
1067 4708 1332 4770 fortasse
1377 4727 1506 4770 non
1557 4708 1690 4770 sine
1739 4706 2039 4787 mysterio

468 4797 840 4872 Concilium,
886 4801 1134 4866 omissls
1175 4801 1296 4863 illis
1339 4801 1576 4862 ultimis
1621 4801 1828 4862 verbis
1871 4819 1884 4859 :
1923 4799 2043 4873 Qun·

467 4891 876 4956 ministrastis
895 4898 954 4956 st
975 4895 1375 4971 ministratis,
1405 4901 1774 4958 contentum
1793 4893 1909 4954 suit
1934 4893 2041 4954 illo

468 4985 664 5046 verbo
688 4985 768 5047 de
797 4988 1110 5066 preterito
1161 4989 1406 5063 :Quam
1441 4988 1792 5053 ostendistis
1823 4989 1891 5050 in
1940 5005 2043 5048 no·

467 5079 630 5141 mine
659 5079 880 5160 ipsius,
915 5081 1070 5158 quia
1103 5082 1222 5142 hoc
1263 5083 1416 5144 satis
1453 5088 1586 5142 erat
1623 5082 1706 5142 ad
1731 5099 1874 5142 eam
1902 5099 2041 5160 par-

470 5177 600 5232 tem
631 5173 1113 5250 ostendendam,
1157 5193 1346 5254 quam
1399 5194 1478 5237 ex
1521 5177 1641 5236 hoc
1687 5174 2041 5236 testimonio

471 5265 766 5345 colligere
807 5267 1076 5341 volebat,
1125 5269 1380 5340 scilicet,
1414 5269 1652 5330 homini
1699 5267 2037 5348 peccatori,

469 5365 614 5436 post
640 5359 888 5439 lapsum
929 5368 1244 5439 reparato,
1277 5362 1466 5422 etiam
1497 5362 1708 5440 priora
1737 5377 1932 5440 opera
1976 5359 2043 5420 in

471 5451 664 5529 priori
683 5453 926 5531 justitia
963 5453 1128 5515 facta
1156 5455 1237 5515 ad
1265 5456 1596 5534 praemium
1625 5453 2037 5516 obtinendum

474 5543 644 5629 apud
660 5545 863 5608 Deum
889 5545 1124 5611 valere.
1151 5549 1278 5612 Nec
1317 5546 1916 5628 praetermittendum
1946 5552 2043 5609 est

1069 404 1277 459 oense.
1317 406 1376 459 v.
1411 372 1718 463 unisono
1751 406 1832 459 os
1861 406 2341 459 nsviviscssrn
2373 406 2755 461 mironem.
2792 409 3029 461 nrsrm.
3066 409 3103 460 1.

2122 508 2313 569 verba
2356 507 2460 569 illa
2510 509 2765 571 Consilii
2819 527 2833 569 :
2892 508 3042 573 Sive
3088 508 3385 573 amissam
3432 508 3683 591 ffatim

2120 604 2627 686 recuperaverint,
2662 603 2729 662 in
2772 603 2979 683 rigore
3028 607 3283 680 sumpta
3330 601 3581 679 aliquid
3610 603 3686 661 in-

2122 693 2333 755 dicare
2362 695 2533 773 quod
2578 696 2725 757 huic
2780 696 3103 756 sententias
3138 694 3345 767 taven
3376 695 3539 773 quia
3578 714 3685 755 non

2122 789 2329 850 solum
2354 788 2503 851 dicit
2528 790 2809 869 reparari
2828 790 3113 869 gratiam,
3132 793 3245 850 ant
3266 789 3519 849 iterum
3542 806 3689 849 com·

2123 883 2355 960 parari,
2386 882 2499 943 sed
2526 884 2821 947 amissam
2864 882 3259 961 recuperari3
3298 881 3491 961 quod
3520 880 3692 951 signi-

2124 975 2267 1037 ficat
2290 982 2485 1036 totam
2520 977 2689 1037 illam
2732 994 2873 1055 qum
2916 976 3145 1035 amissa
3174 976 3421 1047 fuerat,
3456 980 3695 1052 propter

2124 1069 2557 1149 poenitentiam
2584 1068 2866 1141 restitui;
2900 1067 3069 1148 quod
3106 1086 3239 1129 non
3292 1073 3527 1147 posset
3574 1085 3692 1125 esse

2126 1180 2345 1223 verum
2374 1162 2491 1223 nisi
2522 1164 2711 1224 etiam
2736 1162 2945 1242 priora
2974 1180 3173 1241 opera
3204 1160 3689 1232 vivificarentur,

2126 1262 2197 1317 ut
2226 1274 2303 1317 ex
2328 1257 2735 1335 sequentibus
2772 1256 2977 1334 magis
3000 1254 3341 1317 constabit.

2208 1354 2303 1413 ¹8.
2349 1350 2605 1413 Accedit
2654 1350 2912 1411 tandem
2964 1350 3133 1427 quod
3190 1356 3429 1427 postea
3483 1348 3551 1407 in
3588 1348 3699 1406 dis-

2126 1462 2313 1505 cursu
2344 1444 2507 1505 illius
2554 1444 2773 1523 capitis
2816 1442 3131 1505 concludit
3160 1442 3559 1513 Concilium,
3576 1442 3699 1519 jus-

2124 1545 2239 1609 tos,
2274 1556 2389 1617 per
2416 1539 2583 1599 bona
2612 1556 2827 1617 opera,
2858 1554 2997 1617 quse
3032 1554 3145 1616 per
3176 1536 3499 1596 virtutem
3530 1541 3593 1594 et
3620 1535 3699 1593 in·

2122 1633 2361 1693 fluxum
2416 1632 2513 1693 sui
2546 1632 2767 1711 capitis
2816 1630 3071 1707 (Christi
3115 1630 3367 1691 scilicet
3420 1626 3697 1705 Domini}

2124 1732 2487 1805 operantur,
2520 1726 2713 1789 vitam
2738 1728 3027 1787 eunom
3058 1740 3167 1785 sno
3210 1727 3519 1803 tempore,
3542 1720 3601 1783 si
3620 1728 3697 1781 ts·

2122 1836 2257 1881 ‚nen
2296 1820 2363 1880 in
2390 1819 2601 1900 ,qratia
2638 1818 3019 1888 decessor-int,
3052 1816 3453 1879 obtinendam
3472 1832 3631 1896 pron
3650 1832 3699 1875 e-

2121 1913 2271 1975 rari.
2300 1912 2419 1975 Ubi
2448 1912 2731 1972 absolute
2762 1915 2825 1971 ct
2850 1908 3215 1988 simpliciter
3230 1908 3321 1969 de
3344 1908 3547 1967 bonis
3570 1925 3701 1985 ope-

2122 2005 2295 2065 ribus
2326 2022 2403 2065 ex
2438 2005 2639 2083 gratia
2690 2010 2753 2065 et
2802 2004 2867 2064 in
2908 2003 3106 2082 gratia
3154 2000 3347 2063 factis
3400 2000 3700 2079 loquitur,

2122 2099 2251 2159 sive
2278 2097 2654 2159 antecedant
2686 2098 2931 2175 lapsum
2960 2114 2999 2155 a
3032 2096 3235 2174 prima
3264 2092 3545 2172 justitia,
3580 2094 3703 2153 sive

2122 2198 2469 2271 sequantur
2494 2198 2637 2271 post
2662 2191 2911 2270 lapsum
2944 2192 3006 2251 ct
3028 2189 3519 2268 reparationem
3548 2188 3699 2265 ejus,

2122 2284 2467 2346 dummodo
2515 2284 2623 2345 illa
2664 2283 2937 2345 conditio
2980 2282 3323 2361 impleatur
3372 2299 3390 2341 ε
3442 2279 3619 2353 Quod
3642 2282 3701 2339 in

2120 2379 2333 2461 qratia
2358 2379 2597 2441 decedat
2610 2404 2635 2450 ;
2658 2394 2849 2456 quam
2878 2376 3305 2437 conditionem
3330 2373 3505 2433 iufra
3526 2373 3699 2433 latius

2122 2470 2609 2549 ponderabimus
2652 2476 2713 2532 et
2752 2469 3219 2549 explicabimus.
3254 2470 3449 2529 Nunc
3502 2466 3693 2527 mlum

2122 2563 2269 2625 hinc
2294 2564 2647 2643 colligimus
2692 2563 2773 2624 de
2826 2563 3103 2641 utrisque
3154 2561 3475 2641 operibus
3516 2560 3693 2619 fuisse

2124 2656 2405 2719 locutum
2438 2655 2781 2718 Concilium
2823 2656 2889 2716 in
2918 2656 3219 2735 principio
3258 2655 3523 2733 capitis,
3554 2654 3693 2714 etin

2128 2751 2247 2813 hoc
2272 2769 2465 2812 sensu
2488 2749 2825 2811 adduxisse
2854 2748 3307 2810 testimonium.

2203 3004 2513 3067 Probatur
2538 3002 2695 3067 idem
2722 3000 2915 3067 Pauli
2948 3019 3161 3066 sensus
3188 3020 3263 3065 em
3300 3002 3447 3083 ipso
3490 3020 3629 3065 con-

2810 3100 2999 3160 textu.

2206 3311 2304 3372 19.
2349 3308 2833 3375 Nota-Tertio
2862 3308 3287 3388 principaliter
3314 3309 3445 3370 hoe
3494 3315 3703 3370 osten-

2096 3402 2201 3486 ·do
2242 3421 2321 3466 ex
2360 3409 2653 3464 contextu
2682 3403 2882 3480 ipsius
2909 3401 3185 3480 Apostoli
3210 3447 3226 3473 ,
3272 3407 3338 3462 et
3364 3403 3705 3481 conjectu-

2120 3495 2207 3557 ris
2240 3514 2319 3557 ex
2346 3496 2481 3574 ipsa
2508 3495 2719 3556 littera
2750 3495 3119 3574 desumptis.
3156 3495 3273 3556 Pro
3310 3495 3569 3573 quibus
3596 3497 3703 3556 im-

2120 3589 2341 3668 primis
2368 3589 2835 3662 animadverto,
2868 3588 2949 3648 ad
2978 3607 3117 3648 rem
3150 3587 3231 3648 de
3252 3605 3377 3666 qua
3416 3589 3699 3668 agimus,

2122 3700 2347 3762 parum
2374 3682 2609 3744 referre
2636 3682 2809 3761 quod
2838 3681 2922 3744 illi
2950 3682 3218 3756 ΗΘΜ-εἱ,
3242 3679 3323 3742 ad
3344 3699 3529 3759 quos
3556 3685 3703 3744 Pau-

2120 3775 2219 3836 lus
2256 3775 2653 3854 loquebatur,
2688 3775 2841 3854 justi
2880 3779 3095 3836 essent
3118 3780 3181 3835 et
3202 3791 3393 3852 opera
3432 3777 3699 3836 merito-

2118 3869 2212 3930 ria
2238 3868 2449 3947 gloriis
2474 3873 2863 3937 exercerent,
2890 3887 2966 3928 eo
2998 3873 3273 3946 tempore
3300 3885 3435 3945 quo
3464 3869 3555 3928 ad
3598 3887 3697 3928 eos

2122 3961 2351 4024 Paulus
2378 3961 2721 4032 scribebat:
2752 3961 2865 4020 sed
2899 3959 3069 4040 quod
3099 3959 3577 4033 contendimus,
3610 3969 3697 4021 est

2122 4075 2233 4117 eos
2282 4054 2589 4117 excidisse
2640 4054 2983 4132 aliquando
3008 4073 3043 4114 a
3070 4055 3269 4133 prima
3314 4055 3559 4134 gratia,
3588 4075 3695 4135 per

2122 4167 2313 4227 quam
2353 4148 2526 4228 prius
2562 4165 2753 4226 opera
2784 4147 3097 4208 meritoria
3146 4155 3603 4222 exercuerant3
3638 4157 3693 4206 et

2122 4241 2384 4304 Paulum
2418 4259 2527 4302 eos
2568 4239 2879 4301 consolari
2930 4245 2993 4302 et
3038 4240 3411 4311 confortare,
3462 4259 3693 4319 propo-

2118 4335 2333 4398 nendo
2353 4334 2473 4396 illis
2496 4340 2562 4396 et
2579 4333 2867 4396 docendo
2892 4352 3003 4394 eos
3028 4335 3217 4396 etiam
3242 4334 3505 4395 illorum
3536 4336 3695 4414 prio·
3807 4407 3808 4410 Ἴ

2118 4448 2253 4492 rem
2309 4445 2573 4507 opernm
2620 4426 2979 4488 mercedem
3032 4447 3161 4488 non
3202 4427 3561 4488 amissuros
3584 4475 3603 4502 ‚
3645 4429 3691 4488 si

2120 4525 2477 4584 constantes
2524 4520 2587 4580 in
2626 4517 2751 4580 fide
2798 4525 2863 4580 et
2908 4519 3207 4582 charitate
3252 4529 3687 4599 perseverent.

2120 4613 2355 4676 Deinde
2426 4613 2685 4674 adverto
2750 4612 3013 4673 Paulum
3078 4631 3205 4674 non
3264 4612 3555 4675 scribere
3619 4615 3693 4674 ad

2120 4725 2341 4782 unum,
2372 4706 2472 4768 vel
2502 4707 2793 4778 alterum,
2818 4705 2921 4766 vel
2946 4725 3181 4783 paucos
3202 4705 3449 4780 fideles„
3474 4709 3596 4768 sed
3620 4707 3695 4768 ad
3804 4721 3806 4748 ἵ

2116 4801 2431 4890 integram
2462 4799 2869 4860 Bebraeorum
2904 4799 3267 4872 Ecclesiam,
3308 4816 3457 4876 qun
3502 4801 3693 4860 fidem

2124 4896 2190 4954 et
2206 4893 2585 4972 baptismum
2606 4891 2825 4983 Christi
2848 4898 3243 4970 susceperat;
3268 4892 3333 4952 in
3348 4911 3483 4970 qua
3516 4894 3693 4954 multi

2120 4987 2383 5048 fortasse
2412 4991 2593 5047 erant
2620 4985 2707 5046 ita
2740 4985 2958 5058 sancti,
2990 4992 3055 5046 et
3080 4992 3443 5048 constantes
3474 4988 3545 5048 in
3576 4989 3693 5049 fide

2123 5078 2395 5141 ethonis
2422 5077 2741 5157 operibus,
2768 5085 2839 5140 ut
2864 5097 3191 5158 nunquam
3224 5098 3261 5141 a
3294 5080 3509 5159 gratia
3538 5083 3695 5142 exri·
3803 5133 3804 5168 ἰ

2122 5172 2395 5242 dissent;
2421 5171 2577 5230 nibil
2619 5171 2785 5231 enim
2814 5171 2935 5232 hoc
2964 5176 3297 5251 repugnat,
3330 5173 3463 5234 imo
3502 5175 3693 5234 maxi-

2126 5283 2229 5326 me
2254 5263 2589 5325 verisimile
2626 5270 2743 5337 est,
2774 5281 2983 5343 neque
3012 5283 3127 5325 nos
3154 5265 3525 5344 oppositum
3554 5287 3695 5328 con-

2124 5357 2480 5430 tendimus3
2524 5356 2637 5418 sed
2680 5357 2885 5418 solum
2928 5357 2993 5416 in
3048 5375 3123 5417 ea
3170 5357 3451 5418 Ecclesia
3506 5360 3691 5420 fuisse

2122 5450 2355 5512 multos
2383 5450 2491 5528 qui
2532 5468 2569 5508 a
2600 5449 2801 5529 gratia
2830 5449 3215 5523 exciderant,
3260 5469 3421 5529 quos
3464 5451 3691 5514 Paulus
3801 5453 3802 5458 ’

2120 5545 2209 5606 ibi
2235 5543 2663 5629 principaliter
2698 5543 2969 5606 excitare
2992 5547 3283 5619 conatur,
3314 5546 3552 5624 partim
3582 5565 3687 5628 per
