3850 6225
952 437 1120 489 SECT.
1160 437 1217 487 V.
1255 434 1533 498 Quinum
1565 434 1630 488 m
1663 431 1783 486 DEO
1817 432 1914 486 SIT
1948 437 2351 491 vmch‘rth
2382 439 2675 491 Jus‘rlrm.

186 539 386 600 solut.
415 540 498 601 ad
525 543 584 602 Ξ.
621 540 682 603 Si
715 543 928 599 autem
965 537 1100 596 haec
1129 533 1412 596 doctrina
1433 552 1586 596 vera
1640 535 1757 608 est,

185 649 278 694 ex
332 651 408 694 ea
445 635 725 714 sequitur
770 631 968 692 multo
1001 630 1212 690 minus
1269 645 1456 708 posse
1501 627 1568 687 in
1632 627 1762 688 Deo

187 743 342 787 esse
381 726 867 788 vindicationem
921 723 1004 784 ab
1046 721 1302 802 speciali
1347 720 1586 800 justitia
1637 719 1764 780 dis·

183 821 393 883 tincta
421 840 460 882 a
504 817 936 902 providentiali
967 823 1030 878 et
1075 815 1562 888 commutativa3
1613 813 1762 894 quia

183 915 368 976 Deus
396 933 526 976 non
571 919 822 975 exercet
847 911 1352 983 vindicationem,
1400 909 1518 970 nisi
1551 914 1622 970 ut
1648 927 1766 987 pu-

181 1006 363 1068 blica
393 1025 686 1088 persona,
722 1013 785 1068 et
811 1023 1144 1086 supremus
1181 1003 1399 1084 judex.
1443 1001 1574 1064 Dici
1611 1019 1762 1064 vero

183 1107 406 1180 potest
435 1102 660 1174 Deum,
695 1104 1010 1180 quatenus
1060 1103 1156 1159 est
1182 1115 1448 1177 persona
1495 1095 1760 1168 offensa,

183 1193 436 1254 habere
491 1193 678 1254 etiam
721 1211 910 1273 posse
967 1193 1262 1254 affectum
1303 1189 1592 1252 vindictoe
1647 1205 1764 1268 per

181 1286 459 1347 modum
477 1286 734 1366 privatae
758 1303 1065 1366 personoe,
1097 1289 1162 1346 et
1183 1285 1302 1345 hac
1317 1283 1558 1344 ratione
1575 1301 1762 1364 posse

183 1380 436 1442 habere
463 1381 736 1460 speciale
770 1380 1136 1442 attributum
1171 1377 1626 1440 vindicationis.
1657 1378 1758 1452 Ut,

185 1473 244 1534 si
293 1473 458 1537 inter
493 1474 782 1536 homines
817 1477 948 1536 Rex
983 1473 1258 1534 vindicet
1297 1472 1614 1552 propriam
1671 1470 1766 1531 in·-

175 1567 450 1647 juriam,
469 1574 538 1630 ut
557 1574 726 1630 recte
757 1574 819 1629 et
839 1569 1106 1629 honeste
1137 1566 1218 1627 ad
1243 1566 1408 1626 illam
1435 1565 1760 1638 afficiatur,

185 1667 510 1741 quatenus
531 1663 770 1742 privata
787 1679 1061 1742 persona
1089 1667 1204 1734 est,
1237 1659 1546 1738 indigebit
1575 1659 1762 1719 ctiam

185 1755 422 1818 eadem
459 1756 711 1828 virtute,
743 1755 911 1834 quali
951 1754 1239 1815 homines
1295 1752 1518 1833 privati
1575 1757 1762 1813 utun·

183 1851 316 1922 tur,
357 1850 614 1929 quando
651 1849 990 1910 vindictam
1029 1865 1155 1910 suae
1200 1847 1446 1927 injuriae
1489 1845 1570 1908 ab
1621 1845 1760 1906 aliis

175 1943 510 2022 judicibus
552 1944 816 2006 honeste
844 1947 1088 2022 petunt.

183 2119 460 2187 ,Iustitia
493 2122 863 2187 vindicativa
891 2119 960 2182 in
982 2122 1108 2184 Deo
1133 2135 1255 2182 non
1279 2123 1372 2185 m
1397 2118 1757 2184 distinctum

780 2213 1163 2280 attributum.

271 2398 336 2456 5.
381 2392 604 2458 Prima
633 2393 817 2458 ratio.
842 2425 926 2440 —
971 2392 1096 2456 Sed
1135 2400 1204 2455 ut
1244 2392 1518 2455 breviter
1567 2410 1760 2473 expe-

185 2488 366 2550 diam
404 2486 614 2567 quoad
658 2487 826 2549 hanc
874 2493 1120 2568 partem
1153 2532 1170 2560 ,
1225 2505 1376 2548 nam
1437 2487 1518 2550 de
1567 2487 1760 2568 priori

187 2582 481 2642 membro
536 2587 754 2661 postea
812 2581 1110 2656 dicemus,
1149 2579 1502 2660 respondeo
1535 2624 1552 2654 ,
1608 2597 1762 2660 prae-

187 2681 290 2736 ter
319 2676 628 2754 justitiam
657 2675 947 2756 superius
974 2675 1246 2757 positam
1271 2681 1336 2738 et
1362 2676 1754 2748 charitatem,

187 2787 324 2830 non
374 2787 513 2832 esse
569 2771 996 2832 necessarium
1045 2769 1216 2831 aliud
1266 2769 1628 2832 attributum
1677 2767 1760 2832 ad

183 2864 638 2926 rectitudinem
674 2864 862 2943 hujus
903 2863 1162 2926 affectus
1179 2907 1199 2939 ‚
1247 2863 1366 2925 suh
1396 2864 1518 2925 hac
1551 2867 1763 2944 poste-

187 2959 344 3021 riori
372 2960 614 3020 ratioue
643 2958 905 3038 spectati
930 2978 947 3032 ;
981 2959 1150 3039 quod
1181 2959 1371 3021 etiam
1399 2959 1464 3021 in
1492 2958 1761 3021 homini·-

187 3051 314 3115 hns
341 3069 562 3115 verum
605 3070 743 3115 esse
788 3070 1038 3115 censeo.
1067 3053 1284 3131 Neque
1325 3051 1390 3113 in
1431 3069 1507 3113 eo
1555 3049 1762 3132 placet

189 3146 504 3208 sententia
519 3146 822 3225 Cajetani,
852 3146 970 3207 nisi
999 3146 1118 3208 alia
1145 3146 1246 3207 via
1277 3153 1626 3209 excusetur.
1650 3146 1762 3207 Dc-

189 3239 470 3301 claratur
498 3246 564 3301 et
588 3240 888 3319 probatur
913 3258 992 3300 ex
1014 3240 1364 3301 differentia
1391 3239 1556 3302 inter
1573 3239 1762 3317 grati-

187 3333 480 3395 tudinem
535 3340 597 3395 et
647 3334 1179 3407 vindicationem3
1235 3352 1386 3395 nam
1445 3332 1758 3413 gratitudo

185 3426 402 3487 reddit
427 3427 664 3488 honum
707 3444 822 3505 pro
851 3426 1042 3502 bono,
1073 3426 1244 3506 quod
1283 3444 1398 3507 per
1427 3444 1495 3489 se
1533 3428 1760 3489 hones-

187 3526 330 3581 tum
367 3526 496 3592 est,
540 3520 686 3600 quia
733 3526 829 3582 est
883 3524 1382 3583 consentaneum
1420 3520 1647 3582 rationi
1696 3525 1760 3583 et

188 3613 503 3686 charitati,
535 3620 598 3675 et
636 3619 730 3675 est
761 3613 952 3674 etiam
995 3632 1106 3693 per
1159 3632 1230 3675 se
1267 3614 1576 3687 amabile;
1609 3614 1755 3694 quia

189 3712 290 3769 est
317 3706 582 3771 redditio
609 3707 896 3785 ejusdem
927 3706 1212 3787 specialis
1239 3708 1430 3770 debiti
1474 3707 1752 3781 moralis,

187 3806 258 3863 et
289 3800 430 3863 ideo
457 3819 574 3881 per
601 3819 672 3861 se
701 3801 928 3863 sufficit
967 3801 1049 3863 ad
1078 3802 1582 3863 constituendam
1616 3818 1756 3880 spe·

189 3896 418 3957 ciaiem
449 3895 762 3957 virtutem.
792 3895 1139 3957 vindicatio
1169 3901 1379 3958 autem
1417 3900 1514 3956 est
1547 3894 1758 3957 reddi-

189 3988 282 4049 tio
309 3988 458 4049 mali
481 4007 592 4067 pro
622 3987 812 4063 malo,
845 4006 986 4069 quae
1022 4006 1138 4067 per
1179 3980 1246 4051 se
1291 4006 1420 4049 non
1460 3993 1556 4050 est
1582 4004 1758 4049 ama·

187 4081 356 4153 bilis,
397 4080 542 4159 quia
590 4081 830 4142 malum
861 4100 978 4161 per
1009 4100 1078 4143 se
1129 4081 1402 4145 amabile
1451 4099 1577 4143 non
1635 4084 1750 4153 est,

189 4174 417 4235 saltem
463 4175 810 4237 secundum
853 4182 1092 4239 rectam
1133 4176 1464 4248 rationem,
1511 4174 1754 4237 etiamsi

191 4269 273 4330 sit
301 4268 537 4329 malum
565 4270 850 4342 alterius;
882 4270 1028 4347 quia
1071 4270 1121 4331 si
1147 4271 1212 4331 in
1240 4268 1346 4331 illa
1373 4269 1616 4331 ratione
1648 4269 1757 4330 sis-

189 4368 381 4433 tatur,
414 4362 562 4425 illud
603 4365 876 4443 pertinet
903 4363 985 4425 ad
1009 4364 1224 4425 odium
1257 4363 1552 4443 proximi;
1587 4362 1757 4443 quod
1777 4442 1794 4453 .

187 4456 480 4518 charitati
543 4464 606 4519 et
661 4462 850 4519 rectae
917 4456 1144 4519 rationi
1203 4457 1588 4520 contrarium
1635 4462 1750 4519 est.

189 4550 450 4628 Oportet
475 4568 626 4631 ergo
653 4556 722 4611 ut
749 4550 888 4613 talis
919 4550 1250 4611 vindicatio
1291 4568 1406 4611 seu
1431 4549 1580 4611 mali
1609 4549 1756 4611 red·

189 4644 346 4706 ditio
373 4645 742 4723 respiciatur
769 4646 888 4705 suh
914 4644 1154 4707 ratione
1191 4644 1376 4723 justoe
1405 4662 1610 4724 poenoe
1637 4662 1752 4707 seu

191 4738 674 4811 emendationis,
702 4744 768 4800 ut
804 4738 1134 4799 honestam
1171 4738 1480 4798 rationem
1523 4736 1751 4816 objecti

187 4833 422 4895 habeat
445 4878 460 4905 ‚
519 4833 688 4913 quod
742 4838 872 4894 tam
927 4832 996 4893 in
1043 4831 1292 4911 publico
1345 4830 1556 4912 judice
1589 4874 1605 4904 ,
1656 4830 1754 4893 vel

193 4933 552 5001 executore,
599 4946 790 5008 quam
835 4928 899 4988 in
945 4928 1188 5007 privata
1224 4944 1496 5007 persona
1527 4943 1756 5006 procu-

185 5028 395 5097 rante,
425 5022 525 5082 vel
555 5027 890 5101 appetente
923 5020 1286 5094 vindictam,
1309 5037 1528 5081 verum
1551 5026 1667 5081 est.

268 5116 330 5177 6.
373 5117 609 5176 Rursus
625 5120 717 5175 est
737 5114 862 5175 alia
875 5113 1226 5178 differentia
1245 5112 1526 5175 notanda
1540 5158 1555 5187 ,
1581 5112 1753 5192 quod

183 5206 452 5269 redditio
471 5206 622 5269 mali
651 5226 764 5287 pro
790 5205 958 5268 malo
981 5226 1131 5269 -non
1180 5211 1276 5268 est
1305 5205 1514 5267 debita
1543 5224 1578 5267 a
1613 5224 1752 5286 per-

187 5318 346 5363 sona
371 5302 614 5382 privata
655 5319 792 5379 quae
827 5320 1014 5381 passa
1048 5306 1143 5363 est
1175 5300 1492 5381 injuriam,
1541 5316 1750 5379 neque

186 5393 396 5455 debito
423 5393 630 5474 legali,
664 5412 872 5475 neque
899 5396 1146 5469 morali,
1176 5392 1480 5473 quidquid
1513 5394 1748 5473 Cejeta·

183 5506 304 5549 nus
340 5488 527 5550 dicat.
580 5490 738 5551 Nam
783 5506 898 5568 per
941 5488 1322 5551 beneficium
1359 5486 1755 5549 constituitur

183 5582 431 5647 debitor
455 5583 512 5645 is
539 5583 648 5665 qui
694 5582 939 5663 recipit,
983 5600 1110 5643 non
1162 5584 1268 5665 qui
1298 5584 1490 5659 facit3
1541 5582 1754 5645 debito

1843 533 2148 614 (inquam)
2178 555 2309 597 non
2338 537 2549 617 legali,
2600 537 2665 598 id
2704 541 2801 598 est
2824 533 3103 616 justitiae‚
3137 535 3249 597 sed
3278 555 3409 599 mo-

1841 627 1956 690 rali
2004 629 2213 691 debito
2264 631 2687 704 rectitudinis3
2755 647 2869 712 per
2908 629 3209 709 iujuriam
3259 647 3409 694 vero

1845 723 2241 786 constituitur
2256 723 2513 786 debitor
2540 725 2594 784 is
2622 723 2727 805 qui
2757 723 2927 798 facit,
2955 741 3087 784 non
3116 724 3223 802 qui
3256 724 3409 784 reci-

1843 817 1957 898 pit,
1992 821 2059 878 ut
2088 823 2181 878 est
2208 835 2323 896 per
2360 835 2429 878 se
2456 823 2708 891 notum;
2741 833 2890 878 nam
2916 815 3303 895 inaequalitas
3344 817 3407 878 in

1843 929 1920 973 eo
1967 909 2131 972 facta
2158 916 2275 984 est,
2304 911 2413 990 qui
2466 929 2689 990 passus
2747 917 2843 972 est
2894 910 3219 990 injuriam:
3262 910 3408 972 inde

1843 1005 2033 1085 igitur
2058 1004 2301 1066 nullum
2330 1005 2567 1066 morale
2600 1005 2879 1067 debitum
2902 1005 2968 1065 in
2998 1021 3072 1066 eo
3094 1003 3370 1064 nascitur
3384 1020 3405 1082 3

1843 1115 2019 1178 ergo,
2052 1117 2196 1159 cum
2233 1100 2472 1178 appetit
2522 1097 2623 1160 vel
2666 1101 2963 1178 procurat
3008 1095 3248 1157 malum
3296 1115 3407 1177 pro

1843 1192 2035 1267 malo,
2068 1191 2311 1252 nullum
2354 1192 2592 1254 morale
2632 1191 2914 1254 debitum
2957 1190 3091 1252 vult
3138 1189 3406 1269 solvere,

1845 1285 1959 1348 sed
1981 1286 2187 1366 potius
2216 1284 2349 1345 vult
2372 1285 2487 1346 sibi
2511 1285 2687 1346 solvi.
2718 1285 2874 1346 Hinc
2896 1302 3046 1364 ergo
3076 1283 3406 1359 concludo,

1845 1378 1926 1439 ad
1956 1378 2123 1440 hunc
2148 1377 2443 1439 affectum
2469 1377 2939 1440 rectificandum
2986 1395 3114 1436 non
3164 1377 3403 1460 requiri

1847 1470 2181 1552 specialem
2210 1471 2502 1532 virtutem
2518 1469 2910 1550 justitiae,vel
2928 1469 3180 1549 justitiae
3212 1489 3409 1530 anne-

1843 1583 2012 1637 xam,
2054 1566 2215 1626 sicut
2258 1565 2339 1625 ad
2377 1563 2753 1626 beneficium
2790 1563 3269 1643 gratificandum
3310 1582 3412 1626 re·-

1844 1659 2110 1737 quiritur
2150 1657 2497 1738 gratitudo:
2542 1657 2689 1737 quia
2742 1657 2843 1718 ubi
2897 1657 3071 1718 nulla
3106 1658 3265 1720 ratio
3304 1658 3408 1719 de·

1843 1751 1955 1814 biti
1976 1751 2325 1825 intervenit,
2349 1751 2523 1812 nulla
2548 1751 2737 1812 etiam
2756 1750 2995 1830 justitia
3019 1749 3406 1812 intercedere

1841 1851 2067 1926 potest.
2087 1846 2267 1918 Item,
2295 1845 2441 1924 quia
2473 1844 2677 1905 omnis
2704 1844 2896 1904 virtus
2912 1845 3173 1924 requirit
3190 1843 3409 1904 intrin-

1843 1957 2055 2002 secam
2083 1938 2428 1999 bonitatem
2458 1937 2521 1998 in
2548 1938 2791 2016 objecto
2820 1956 2972 2010 su03
3005 1937 3269 1999 reddere
3297 1955 3411 1999 au·-

1843 2039 1972 2094 tem
2030 2031 2266 2092 honum
2306 2049 2419 2109 pro
2458 2029 2765 2092 beneficio
2810 2037 3103 2110 accepto,
3150 2031 3409 2110 praecise

1839 2132 2099 2210 propter
2140 2126 2345 2204 ipsam
2386 2123 2803 2186 redditionem
2827 2123 2999 2198 boni,
3049 2130 3145 2186 est
3184 2141 3298 2204 per
3339 2141 3409 2184 se

1839 2221 2175 2283 intrinsece
2216 2219 2580 2292 honestum3
2614 2216 2881 2279 reddere
2918 2223 3131 2278 autem
3167 2217 3409 2279 malum

1837 2333 1954 2394 pro
1983 2313 2175 2384 malo,
2217 2311 2565 2393 praesertim
2596 2311 2657 2371 in
2692 2311 2935 2392 privata
2958 2329 3250 2391 persona,
3276 2330 3405 2372 non

1841 2415 1937 2470 est
1960 2405 2341 2486 hujusmodi,
2398 2403 2509 2465 sed
2552 2411 2799 2484 oportet
2835 2405 3180 2485 adjungere
3216 2405 3407 2465 alium

1839 2501 2033 2563 finem
2074 2499 2175 2560 vel
2220 2498 2545 2570 motivum,
2590 2504 2659 2560 ut
2684 2497 2949 2560 honeste
2984 2497 3118 2566 fiat,
3148 2515 3263 2560 seu
3300 2517 3409 2578 ap-

1840 2600 2111 2676 petatur.

1920 2691 1981 2748 7.
2029 2685 2207 2759 Quod
2258 2685 2309 2746 si
2364 2703 2479 2766 per
2526 2705 2603 2748 ea
2667 2686 2899 2748 motiva
2947 2685 3402 2758 discurramus,

1838 2787 2099 2864 propter
2134 2799 2276 2861 quae
2316 2783 2525 2860 potest
2566 2781 2805 2861 privata
2830 2797 3101 2860 persona
3140 2781 3407 2860 honeste

1839 2875 2177 2938 vindictam
2202 2877 2499 2954 appetere
2530 2880 2590 2936 et
2616 2892 2978 2954 procurare,
3004 2875 3409 2936 inveniemus

1841 2969 1922 3030 ad
1953 2971 2071 3031 hoc
2126 2984 2359 3029 munus
2384 2987 2511 3029 non
2550 2987 2689 3029 esse
2718 2969 3140 3030 necessariam
3180 2969 3409 3029 forma-

1840 3063 1966 3125 lem
1996 3063 2287 3124 virtutem
2330 3060 2413 3122 ab
2442 3061 2578 3123 aliis
2602 3061 2979 3133 distinctam.
3012 3063 3169 3124 Nam
3194 3061 3409 3142 impri-

1839 3158 1982 3230 miS,
2016 3156 2097 3217 ad
2125 3156 2517 3217 honestatem
2543 3155 2712 3217 illius
2740 3162 2939 3231 actus,
2980 3157 3407 3218 necessarium

1839 3256 1937 3311 est
1964 3255 2033 3311 ut
2056 3250 2293 3311 malum
2318 3249 2574 3311 alterius
2602 3268 2713 3330 per
2738 3268 2805 3310 se
2840 3268 2969 3311 non
2990 3256 3323 3330 appetatur
3341 3254 3411 3310 ut

1839 3343 2075 3404 malum
2104 3344 2264 3422 ejus,
2296 3343 2539 3404 etiamsi
2564 3343 2697 3423 ipse
2714 3342 2896 3404 nobis
2920 3335 3159 3403 malum
3188 3342 3409 3405 intule-

1839 3438 1917 3498 rit
1932 3460 1951 3513 3
1984 3442 2049 3499 et
2074 3435 2195 3498 hoc
2222 3440 2455 3498 munus
2500 3443 2743 3517 spectat
2770 3438 2849 3499 ad
2888 3438 3281 3511 charitatem,
3306 3436 3405 3497 cui

1841 3530 2001 3591 alius
2026 3532 2289 3593 affectus
2314 3530 2661 3592 contrarius
2686 3537 2871 3606 esset,
2916 3548 3104 3610 quern
3130 3532 3403 3591 charitas

1839 3624 2117 3705 corrigit,
2145 3624 2247 3686 vel
2294 3644 2371 3685 ex
2395 3626 2647 3705 proprio
2688 3626 2921 3686 motivo
2956 3624 3149 3687 alium
3200 3627 3409 3685 actum

1841 3717 2169 3792 eliciendo,
2202 3724 2271 3779 ut
2298 3718 2349 3779 si
2378 3718 2519 3796 quis
2544 3718 2693 3779 velit
2722 3718 3057 3781 vindictam
3081 3717 3160 3779 de
3190 3734 3409 3798 pecca-

1839 3816 1973 3871 tore
2003 3812 2168 3871 sumi
2192 3811 2273 3872 ad
2300 3811 2573 3873 divinam
2596 3812 2861 3891 gloriam
2888 3816 2952 3873 et
2976 3812 3409 3891 proximorum

1837 3902 2101 3977 honum,
2130 3907 2193 3964 et
2236 3909 2309 3964 ut
2350 3902 2585 3965 similes
2625 3904 2731 3965 Dei
2782 3905 3162 3965 offensiones
3206 3904 3410 3983 impe-

1837 3994 2127 4072 diantur3
2150 3995 2252 4056 vel
2281 3996 2471 4057 etiam
2503 4002 2709 4076 potest
2750 3998 2867 4059 hoc
2904 3998 3172 4058 charitas
3198 3997 3405 4059 facere

1837 4087 2205 4168 imperando
2250 4089 2429 4151 alteri
2494 4090 2703 4151 virtuti
2752 4090 2931 4152 illum
2981 4090 3274 4152 affectum
3330 4108 3407 4150 ex

1837 4182 2091 4261 proprio
2144 4182 2281 4261 ejus
2319 4183 2574 4258 motivo,
2634 4188 2704 4246 ut
2747 4185 2883 4264 jam
2931 4184 3401 4263 explicabimus.

1835 4278 2075 4337 Rursus
2118 4274 2197 4335 ad
2243 4276 2635 4338 honestatem
2664 4278 2827 4338 illius
2874 4281 3072 4352 actus,
3120 4294 3407 4337 necessa-

1835 4367 2000 4432 rium
2016 4372 2199 4429 estut
2222 4368 2493 4431 vindicta
2518 4388 2645 4431 non
2670 4374 3004 4450 appetatur
3032 4370 3165 4431 sine
3193 4368 3407 4431 debita

1834 4478 2155 4535 mensura,
2206 4462 2319 4523 sed
2341 4462 2521 4541 juxta
2561 4464 3029 4543 proportionem
3064 4463 3309 4535 delicti;
3344 4468 3415 4527 et

1834 4555 2043 4635 quoad
2064 4556 2183 4617 hoc
2196 4558 2447 4637 corrigit
2464 4556 2640 4618 illum
2664 4556 2960 4618 affectum
2972 4556 3210 4635 justitia
3234 4574 3403 4618 com·

1832 4651 2167 4729 mutativa3
2192 4669 2339 4712 nam
2362 4652 2507 4713 licet
2528 4656 2741 4730 petere
2767 4651 3111 4713 vindictam
3136 4652 3407 4731 proprioe

1833 4744 2097 4825 injuriae,
2126 4746 2338 4825 quoad
2358 4747 2718 4807 exercitium
2749 4752 2949 4819 actuS,
2971 4752 3040 4806 ut
3063 4745 3150 4807 sic
3173 4745 3402 4819 dicam,

1833 4857 1965 4899 non
1990 4844 2231 4918 spectet
2260 4840 2340 4901 ad
2363 4840 2668 4919 justitiam
2692 4840 3229 4913 commutativam,
3258 4838 3407 4919 quia

1833 4932 2039 5010 magis
2064 4950 2201 4993 esse
2232 4932 2479 4995 videtur
2500 4950 2579 4995 ex
2616 4934 2843 4995 affectu
2872 4934 3104 5014 proprii
3130 4950 3408 4994 commo-

1836 5024 1920 5098 di,
1952 5043 2143 5103 quam
2181 5045 2257 5088 ex
2310 5028 2539 5090 affectu
2581 5028 2876 5108 justitioe;
2908 5028 3222 5089 moderari
3254 5044 3403 5089 vero

1831 5119 2011 5181 illum
2054 5120 2370 5195 affectum,
2420 5128 2491 5182 ut
2518 5140 2647 5183 non
2676 5122 2937 5185 excedat
2962 5123 3191 5183 limites
3214 5122 3401 5201 justi-

1831 5212 1957 5286 tiae,
1988 5219 2178 5293 atque
2224 5214 2311 5276 ita
2336 5214 2611 5295 dirigere
2633 5214 2809 5277 illum
2837 5216 3049 5295 quoad
3078 5214 3406 5294 specifica·

1830 5306 2092 5379 tionem‚
2112 5306 2434 5381 nimirum,
2452 5314 2539 5379 ut,
2567 5308 2767 5382 sitiat,
2802 5327 2944 5369 cum
2961 5308 3253 5387 aequitate
3270 5307 3402 5377 fiat,

1833 5399 1918 5459 ad
1943 5400 2254 5480 justitiam
2281 5400 2791 5462 commutativam
2816 5402 3105 5481 pertinet.
3134 5403 3267 5462 Hoc
3294 5420 3403 5461 au-

1835 5498 1963 5553 tem
1994 5499 2197 5572 potest
2225 5494 2361 5574 ipsa
2388 5500 2709 5575 praestare,
2747 5513 2876 5556 non
2920 5498 3051 5557 tam
3096 5492 3403 5557 eliciendo

1837 5585 1937 5647 vel
1976 5586 2347 5669 imperando
2397 5588 2573 5652 illum
2600 5588 2917 5663 affectum,
2964 5606 3157 5673 quam
3206 5587 3405 5653 conti-
