3850 6225
769 411 905 463 CAP.
943 412 1024 465 vt.
1061 410 1306 465 CAUSAn
1339 410 1576 463 Palmati
1609 408 1778 462 mnu.
1809 407 2191 463 Nsscssssamo
2223 408 2547 467 JNFLUERE.
2582 408 2719 461 mc,

133 510 714 575 subordinationem
739 514 902 574 inter
923 534 990 575 se
1015 515 1274 585 habent,
1305 520 1374 575 ut
1401 517 1524 577 late
1549 516 1700 576 Doc-

133 612 224 665 tor
249 612 513 667 sanctus
538 607 604 667 in
637 612 694 667 l.
727 609 790 680 2,
824 627 888 687 q.
923 611 986 683 9,
1015 608 1220 671 docet.
1251 609 1453 679 Unde,
1486 609 1552 668 in
1589 626 1702 687 ge-

129 717 300 770 nere,
339 702 552 761 omnis
589 701 726 762 haec
771 703 1262 782 applicationum
1303 703 1572 764 varietas
1617 702 1700 764 ad

128 792 246 853 duo
269 794 482 873 capita
509 794 728 855 reduci
751 802 980 875 potest.
1009 797 1105 869 Et,
1135 802 1206 857 ut
1221 796 1446 857 breves
1465 797 1702 859 habea-

127 907 258 947 mus
285 888 604 949 terminos
631 890 860 969 quibus
894 896 1167 967 utamur,
1211 892 1472 953 alteram
1506 896 1704 953 mate-

129 980 336 1041 rialem
377 999 500 1045 seu
547 982 838 1055 localem,
883 985 1148 1046 alteram
1201 984 1538 1047 animalem
1587 1002 1702 1047 seu

126 1075 600 1136 intentionalem
635 1076 1051 1157 appellemus.
1118 1064 1134 1079 ⁹

195 1170 254 1229 6.
306 1166 608 1239 Quoelibet
659 1169 899 1252 proevia
961 1172 1290 1251 applicatio
1347 1190 1386 1235 a
1440 1172 1564 1236 Deo
1620 1175 1702 1251 fit

123 1279 368 1341 semper,
396 1264 495 1323 cel
513 1264 664 1336 solo,
691 1264 786 1327 vel
807 1270 1089 1346 operante
1109 1282 1242 1327 cum
1261 1284 1447 1329 causa
1469 1272 1690 1329 creata.

121 1386 194 1399 -—
223 1352 476 1415 Deinde
519 1374 812 1435 suppono
853 1374 1106 1417 omnem
1142 1358 1308 1419 hanc
1341 1358 1697 1439 applicatio-

125 1466 258 1507 nem
287 1448 606 1527 praeviam
632 1449 768 1511 fieri
803 1470 842 1511 a
869 1451 998 1511 Deo
1027 1496 1044 1523 ,
1087 1451 1186 1511 vel
1211 1468 1324 1529 per
1347 1468 1570 1513 causas
1598 1470 1694 1513 sc·-

125 1540 376 1611 cundas,
415 1542 518 1603 vel
548 1542 871 1605 interdum
897 1562 1014 1623 per
1043 1562 1108 1605 se
1141 1544 1458 1629 solum,‚si
1490 1564 1696 1607 causae

127 1634 412 1695 secundas
442 1636 678 1696 desint.
722 1637 898 1697 Ratio
931 1636 1240 1717 generalis
1273 1644 1367 1699 est
1395 1638 1651 1699 evidens
1673 1686 1690 1713 ,

126 1728 254 1805 quia
285 1728 432 1788 haee
461 1728 804 1808 applicatio
839 1736 934 1791 est
965 1730 1200 1809 aliquid
1229 1730 1294 1790 in
1332 1750 1543 1791 rerum
1580 1750 1696 1792 na-

127 1829 246 1881 tura
275 1840 290 1892 ;
324 1828 428 1883 est
455 1821 632 1882 enim
659 1823 764 1883 vel
789 1828 998 1883 motus
1027 1822 1263 1896 localia,
1291 1830 1400 1884 aut
1431 1826 1551 1885 alia
1575 1825 1694 1885 loci

129 1914 464 1992 acquisitio,
501 1915 799 1993 cognitio,
833 1915 1154 1995 appetitiO,
1187 1915 1501 1995 aliquidve
1529 1916 1697 1977 simi-

125 2008 208 2074 le:
241 2026 400 2083 ergo
429 2025 699 2069 neeesse
729 2014 824 2069 est
853 2028 889 2069 a
921 2010 1050 2069 Deo
1079 2008 1236 2071 fieri.
1279 2012 1437 2071 Item
1467 2028 1544 2070 ex
1575 2012 1694 2071 hac

125 2100 536 2179 applicatione
590 2102 1012 2163 diversimode
1077 2102 1242 2165 facta
1301 2105 1366 2164 in
1431 2104 1692 2165 diversis

127 2194 444 2271 agentibus
477 2200 545 2255 et
577 2195 986 2273 patientibuS,
1021 2196 1296 2259 exoritur
1325 2196 1456 2259 fere
1488 2198 1692 2259 omnis

125 2288 374 2349 varietas
401 2288 750 2349 effectuum
781 2307 922 2369 quae
953 2289 1014 2349 in
1044 2290 1336 2351 universo
1365 2290 1688 2367 contingit,

123 2384 236 2441 tam
261 2381 322 2439 in
349 2382 782 2455 naturalibuS,
819 2401 1012 2461 quam
1042 2383 1106 2443 in
1134 2382 1478 2444 moralibus
1515 2402 1528 2442 :
1563 2383 1690 2445 imo

123 2480 408 2551 perpetua
445 2476 850 2536 conservatio
890 2476 1163 2537 universi
1207 2495 1322 2555 per
1359 2478 1687 2539 continuas

125 2567 548 2644 generationes
580 2574 644 2629 et
673 2570 1126 2646 corruptiones,
1157 2588 1234 2629 ex
1263 2571 1381 2631 hac
1411 2572 1686 2649 applica-

129 2662 270 2721 tione
293 2664 580 2724 maxime
611 2663 882 2741 pendet;
933 2664 1048 2725 sed
1077 2666 1243 2725 Deus
1275 2672 1368 2725 cst
1398 2666 1502 2744 qui
1539 2684 1686 2743 pro—

132 2754 374 2815 videntia
407 2776 532 2817 sua
573 2761 638 2818 et
679 2756 954 2817 maxima
995 2757 1269 2817 efficacia
1302 2759 1440 2819 haec
1474 2758 1686 2820 omnia

133 2848 414 2925 gubernat
441 2856 510 2911 et
537 2850 859 2923 continet;
887 2868 1040 2929 ergo
1065 2868 1324 2911 necesse
1351 2857 1532 2913 estut
1551 2853 1684 2931 ipse

137 2942 200 2999 sit
221 2960 398 3001 causa
433 2943 652 3021 prima
689 2944 892 3005 omnis
923 2943 1280 3023 hujusmodi
1323 2944 1684 3023 applicatio-

141 3034 236 3093 nis.
271 3034 420 3106 Quia
444 3054 607 3097 vero
642 3037 810 3097 Deus
837 3038 1110 3097 suaviter
1139 3038 1352 3099 omnia
1381 3037 1678 3118 disponit,

139 3129 473 3204 regulariter
499 3131 674 3190 hanc
705 3130 1016 3190 actionem
1046 3149 1172 3191 non
1201 3131 1368 3204 facit,
1417 3131 1536 3192 nisi
1569 3151 1684 3210 per

139 3241 330 3282 causas
355 3223 720 3296 secundas;
759 3229 818 3284 ct
845 3229 992 3284 tunc
1021 3243 1148 3285 non
1175 3225 1356 3284 aliter
1377 3225 1511 3304 ipse
1539 3244 1684 3286 con·

135 3316 294 3375 currit
319 3335 521 3395 quam
549 3317 764 3378 dando
789 3317 1060 3396 priorem
1087 3335 1460 3379 concursum
1493 3336 1682 3396 gene-

135 3411 304 3470 ralem
341 3411 428 3470 illi
469 3429 684 3472 causae
711 3411 1026 3477 secundae,
1063 3428 1204 3488 quie
1235 3429 1350 3489 per
1377 3429 1444 3472 se
1475 3417 1537 3473 et
1569 3412 1686 3473 im-

133 3503 378 3564 mediate
415 3504 612 3564 efficit
651 3505 815 3564 hanc
843 3503 1356 3581 applicationem,
1401 3508 1470 3565 ut
1495 3504 1548 3565 si
1576 3523 1686 3565 an-

131 3597 284 3672 gelus
303 3643 320 3670 ,
371 3597 654 3677 exempli
711 3615 900 3658 causa
927 3644 945 3669 ‚
1001 3597 1078 3656 sit
1127 3615 1316 3657 causa
1363 3598 1684 3676 applicans

127 3689 318 3767 ignem
345 3690 644 3752 Sodomae
669 3694 744 3750 ut
770 3689 1196 3763 comburatur,
1231 3691 1394 3752 Deus
1425 3709 1684 3752 concur-

129 3783 192 3841 rit
229 3801 372 3844 cum
407 3784 644 3862 angelo
691 3783 774 3843 ad
819 3782 1222 3844 efficientiam
1268 3783 1434 3844 illius
1475 3791 1684 3846 motus

129 3891 222 3950 per
249 3877 617 3955 generalem
647 3879 1024 3936 concursum
1052 3893 1246 3955 supra
1277 3877 1680 3956 explicatum,

131 3975 180 4027 et
203 3969 384 4028 simili
414 3968 608 4030 modo
643 3987 784 4030 cum
817 3969 976 4030 aliis.
1025 3969 1236 4030 Potest
1264 3975 1478 4030 autem
1516 3971 1682 4030 Deus

129 4060 312 4122 facere
341 4062 666 4123 interdum
693 4063 858 4123 hanc
891 4062 1376 4142 applicationem
1407 4082 1516 4126 sua
1549 4065 1684 4126 sola

133 4155 502 4226 efficacitate,
531 4155 648 4216 sed
674 4155 742 4216 id
769 4155 862 4234 (ut
888 4155 1186 4234 creditur)
1213 4156 1524 4219 ordinarie
1553 4177 1682 4218 non

131 4245 278 4321 facit,
311 4249 430 4308 nisi
459 4248 562 4310 vel
589 4249 658 4308 in
688 4249 984 4327 operibus
1009 4247 1320 4328 aliquibus
1349 4250 1682 4311 miraculo-

135 4340 224 4412 εἰς,
253 4341 352 4402 vel
375 4341 696 4402 interdum
725 4343 788 4402 in
820 4341 1116 4420 operibus
1151 4343 1392 4422 gratiae,
1425 4342 1680 4420 quando

133 4433 492 4496 intellectum
525 4439 636 4496 aut
657 4435 1046 4497 voluntatem
1073 4435 1345 4496 hominis
1369 4437 1434 4496 in
1459 4437 1680 4516 seipsis

133 4525 420 4600 immutat,
447 4527 864 4589 illuminando
889 4527 990 4589 vel
1014 4528 1378 4608 inspirando
1405 4529 1679 4610 aliquem

133 4627 372 4692 motum,
422 4640 550 4700 quo
591 4622 722 4701 ipsa
765 4622 1058 4683 voluntas
1100 4623 1178 4682 ad
1227 4623 1420 4684 alium
1467 4628 1676 4685 actum

137 4713 484 4790 applicetur3
513 4715 616 4776 hic
643 4715 812 4776 enim
840 4715 1066 4776 modus
1091 4716 1524 4794 applicationis
1546 4737 1678 4778 ma-

137 4807 278 4868 xime
317 4810 588 4886 pertinet
628 4809 710 4869 ad
755 4809 1042 4872 ordinem
1083 4809 1318 4889 gratiae,
1361 4811 1678 4892 explican-

139 4897 268 4960 dum
292 4901 450 4962 infra
473 4901 630 4962 libro
661 4903 864 4964 tertio.

203 4997 256 5052 ἵ.
299 4992 582 5057 Omnibus
622 4993 1072 5076 praerequisitis
1125 4997 1212 5058 ad
1251 4999 1546 5078 ayendum
1595 5015 1672 5060 σω

137 5093 286 5162 porte
309 5092 724 5152 ereaturarum
752 5089 1084 5168 suppositis
1105 5133 1122 5162 ‚
1153 5089 1328 5152 nulla
1355 5089 1472 5152 Dei
1501 5109 1672 5170 proe-

142 5179 226 5239 via
257 5181 568 5262 applicatio
623 5185 713 5244 est
737 5182 1058 5261 possibilis
1081 5228 1098 5256 ,
1147 5183 1362 5246 nedum
1405 5201 1670 5246 necessa-

143 5271 540 5333 ria—Omnia
565 5291 718 5334 vero
743 5273 883 5335 haec
915 5274 1400 5353 applicationem
1432 5293 1666 5355 genera

147 5369 262 5422 sunt
281 5366 524 5426 omnino
553 5370 728 5428 extra
755 5384 1016 5427 causam
1035 5373 1098 5428 et
1123 5366 1368 5428 rem-de
1397 5385 1524 5447 qua
1547 5367 1669 5429 dis-

145 5461 398 5530 putamus
424 5505 444 5534 ,
497 5458 784 5538 quamvis
830 5460 1122 5520 nonnulli
1168 5459 1456 5520 doctores
1503 5460 1666 5522 circa

147 5545 280 5608 hanc
301 5551 770 5632 applicationem
807 5553 1176 5617 mirabiliter
1202 5551 1666 5616 hallucinantur

3269 402 3348 465 2¹1

1781 510 1864 571 ob
1913 511 2086 572 vocis
2132 510 2714 589 aequivocationem.
2772 508 3019 571 Etenim
3067 526 3351 587 praesens

1781 605 2043 687 quaestio
2060 605 2137 667 de
2160 606 2530 667 necessitate
2552 604 2741 665 divini
2760 620 3125 676 concursus,
3140 602 3347 664 solum

1781 705 2069 761 versatur
2116 698 2455 779 suppositis
2504 698 2643 759 aliis
2692 696 2981 757 omnibus
3030 694 3347 775 requisitis

1783 791 2245 853 conditionibus
2284 790 2365 853 ad
2399 790 2789 871 operandum
2832 808 2909 851 ex
2946 794 3123 869 parte
3154 788 3347 868 ipsius

1783 901 1987 943 causae
2036 883 2349 957 secundm,
2398 883 2571 945 verbi
2615 881 2836 963 gratia,
2882 886 3217 961 postquam
3254 878 3347 941 sol

1781 994 2061 1055 praesens
2090 982 2185 1037 est
2214 976 2359 1037 huic
2388 976 2855 1056 hemisphaerio,
2898 980 2961 1035 et
2988 973 3201 1035 omnia
3229 972 3348 1033 im-

1777 1070 2143 1149 pedimenta
2168 1069 2381 1131 ablata
2406 1076 2549 1130 sunt
2568 1114 2585 1143 ‚
2628 1086 2753 1147 quo
2781 1068 2889 1129 Dei
2919 1084 3227 1128 concursu
3251 1066 3349 1125 in-

1781 1162 1991 1243 digeat
2014 1164 2097 1223 ad
2124 1162 2625 1224 illuminandum.
2670 1163 2745 1223 Et
2772 1162 2835 1222 in
2863 1179 2932 1221 re
2962 1160 3127 1221 circa
3156 1178 3345 1239 quam

1777 1274 2127 1329 versamur,
2172 1262 2506 1335 postquam
2536 1255 2823 1316 voluntas
2851 1252 3043 1315 habet
3068 1269 3345 1331 proesens

1780 1350 2097 1428 objectum
2116 1368 2229 1429 per
2244 1350 2551 1429 judicium
2572 1347 2852 1421 rationis,
2878 1352 2941 1408 et
2966 1346 3125 1425 ipsa,
3150 1364 3347 1424 quan-

1779 1450 1914 1505 tum
1946 1449 2040 1506 est
2076 1444 2157 1505 de
2205 1462 2273 1505 se
2292 1492 2307 1517 ,
2348 1449 2495 1523 apta
2526 1450 2619 1505 est
2648 1442 2727 1503 ad
2758 1440 3149 1519 operandum
3180 1440 3344 1501 circa

1777 1538 1900 1599 tale
1947 1537 2303 1615 objectum,
2350 1536 2685 1615 inquiritur
2726 1534 2877 1615 quid
2918 1534 2997 1596 sit
3044 1552 3343 1596 necessa-

1775 1631 1939 1693 rium
1962 1636 2235 1711 exparte
2258 1632 2365 1693 Dei
2392 1650 2407 1705 ;
2444 1636 2505 1693 et
2528 1632 2645 1691 hoc
2667 1648 2857 1691 sensu
2882 1628 3145 1690 dicimus
3172 1628 3341 1691 illam

1778 1723 2259 1805 applicationem
2282 1724 2580 1803 praeviam
2610 1724 2845 1783 nullam
2878 1740 3039 1785 esse.

1861 1820 2017 1879 Nam
2066 1816 2372 1895 imprimis
2426 1817 2673 1897 inquiro
2714 1816 2855 1894 quis
2910 1816 2987 1877 sit
3036 1814 3341 1877 terminus

1777 1912 1967 1991 hujus
2006 1909 2477 1990 applicationis3
2522 1926 2667 1970 cum
2702 1908 2871 1969 enim
2904 1909 3037 1969 hoec
3066 1907 3343 1986 applica-

1779 2005 1887 2076 tic,
1920 2004 2083 2065 actio
2116 2003 2325 2081 aliqua
2365 2020 2502 2063 csse
2538 2002 2803 2075 dicatur,
2848 2009 2911 2062 ct
2938 2019 3065 2061 non
3098 2000 3175 2061 sit
3200 2005 3341 2061 tan-

1775 2102 1910 2157 tum
1940 2096 2294 2157 immanens
2322 2096 2389 2157 in
2420 2096 2573 2169 Dec,
2614 2093 2727 2156 sed
2754 2094 3063 2155 transiens
3093 2094 3157 2153 in
3192 2111 3340 2153 cau-

1775 2208 1910 2251 sam
1970 2190 2337 2261 secundam,
2390 2189 2729 2250 terminum
2778 2188 3051 2267 aliquem
3106 2186 3337 2247 habere

1773 2304 2033 2346 necesse
2070 2290 2163 2346 est
2192 2285 2404 2358 ;·im0‚
2444 2284 2623 2362 juxta
2656 2284 3015 2364 opinionem
3056 2298 3337 2343 asseren-

1771 2385 1902 2441 tem
1936 2379 2245 2440 actionem
2270 2378 2382 2439 Dci
2412 2396 2541 2439 non
2570 2376 2835 2439 transire
2861 2374 3109 2455 proprie
3140 2374 3203 2435 in
3234 2392 3337 2433 ex-

1769 2474 2107 2535 trinsecam
2164 2472 2493 2533 materiam
2528 2516 2545 2545 ,
2606 2470 2727 2531 nisi
2780 2469 2991 2550 quoad
3043 2467 3337 2530 effectum

1769 2586 1979 2638 suum,
2022 2567 2153 2627 hoec
2200 2564 2553 2645 applicati0‚
2600 2582 2743 2626 cum
2788 2563 2867 2623 sit
2910 2582 2949 2623 a
3001 2562 3134 2622 solo
3175 2563 3331 2633 Det),

1769 2667 1955 2741 prout
1984 2660 2281 2739 recipitur
2318 2660 2379 2719 in
2406 2677 2595 2721 causa
2632 2657 2909 2721 secunda
2938 2676 3065 2719 non
3098 2656 3213 2717 erit
3240 2674 3337 2717 ac-

1769 2757 1854 2817 tio
1895 2754 2031 2827 Dei,
2079 2754 2191 2815 sed
2222 2754 2527 2814 terminus
2564 2752 2791 2831 aliquis
2833 2752 2931 2813 vel
2960 2752 3217 2817 effectus
3248 2749 3337 2809 di·

1765 2848 1924 2909 vime
1952 2847 2289 2909 voluntatis
2312 2866 2327 2919 3
2364 2849 2429 2907 at
2454 2846 2663 2907 nullus
2684 2845 2823 2906 talis
2850 2844 3156 2907 terminus
3182 2842 3334 2920 fingi

1764 2942 1864 3002 vel
1911 2941 2249 3022 excogitari
2294 2946 2521 3021 potest.
2576 2938 2757 3001 Dices
2802 2938 3145 3000 terminum
3196 2952 3335 2997 esse

1767 3036 2077 3097 actionem
2106 3052 2312 3095 causae
2344 3032 2673 3107 secundas;
2712 3034 2845 3094 hoec
2872 3032 3038 3093 enim
3066 3030 3335 3110 applica·

1763 3131 1848 3192 tio
1877 3129 1959 3192 ad
1994 3131 2111 3190 hoc
2150 3129 2220 3190 fit
2256 3135 2327 3190 ut
2366 3147 2559 3190 causa
2598 3127 2874 3190 secunda
2922 3145 3103 3188 suam
3148 3125 3337 3186 actio-

1763 3242 1912 3284 nem
1943 3229 2250 3284 exerceat.
2282 3222 2405 3284 Sed
2436 3224 2555 3284 hoc
2580 3239 2706 3282 non
2728 3227 2895 3282 recte
2920 3220 3171 3294 dicitur;
3202 3219 3334 3280 haec

1767 3318 1935 3378 enim
1974 3316 2307 3396 applicatio
2348 3315 2573 3378 dicitur
2614 3333 2751 3376 esse
2782 3314 3015 3394 aliquid
3045 3315 3111 3375 in
3142 3331 3333 3374 causa

1766 3411 2041 3472 secunda
2088 3411 2385 3490 praevium
2431 3409 2513 3470 ad
2553 3409 2902 3481 actionem3
2958 3407 3127 3468 unde
3170 3405 3331 3467 actio

1763 3504 1904 3565 talis
1933 3523 1999 3564 ca
2012 3523 2135 3564 usoe
2162 3549 2177 3576 ,
2218 3503 2302 3564 ad
2324 3521 2641 3564 summum
2671 3501 2817 3561 dicit
2842 3502 3039 3580 poteri
3068 3499 3211 3562 finis
3250 3498 3331 3559 ad

1766 3615 1955 3676 quom
1986 3597 2307 3658 ordinatur
2340 3597 2481 3658 talis
2514 3595 2871 3676 applicatio,
2918 3595 3076 3654 sicut
3102 3591 3327 3653 illumi·

1765 3692 1935 3752 natio
1964 3691 2112 3752 solis
2140 3691 2261 3752 dici
2292 3696 2497 3769 potest
2522 3689 2859 3764 terminus,
2906 3706 3017 3750 seu
3050 3687 3195 3748 finis
3222 3704 3331 3746 ex-

1763 3783 2071 3844 trinsecus
2114 3783 2545 3863 applicationis
2572 3782 2729 3862 ejuS,
2778 3799 2917 3862 quae
2946 3800 3061 3860 per
3088 3787 3329 3840 motum

1763 3876 2031 3939 localem
2072 3877 2187 3950 fit;
2241 3883 2307 3937 at
2356 3877 2457 3939 hic
2504 3877 2877 3956 inquirimus
2924 3876 3330 3937 intrinsecum

1763 3972 2104 4032 terminum
2131 3971 2319 4050 hujus
2348 3971 2799 4050 applicationis,
2837 3970 2947 4050 qui
2972 3970 3071 4030 vel
3098 3969 3331 4030 forma·-

1762 4064 1906 4126 liter
1934 4065 2011 4126 sit
2038 4065 2173 4144 ipsa
2202 4065 2553 4144 applicatio,
2583 4064 2683 4124 vel
2712 4064 3017 4142 perillam
3046 4062 3327 4143 proxime

1765 4157 1894 4218 fiat.
1929 4159 2087 4218 Nam
2112 4157 2270 4218 sicut
2297 4175 2411 4238 per
2434 4157 2911 4236 applicationem
2938 4155 3089 4216 solis
3114 4155 3328 4216 imme·

1763 4251 1933 4312 diate
1962 4249 2033 4310 fit
2060 4250 2384 4312 existentia
2416 4251 2551 4328 ejus
2580 4249 2643 4310 in
2673 4250 2793 4310 hoc
2821 4249 2977 4324 loco,
3026 4248 3107 4309 ad
3136 4267 3327 4327 quam

1764 4341 1992 4404 deinde
2018 4344 2302 4422 sequitur
2320 4343 2713 4416 illuminatiO,
2736 4343 2819 4404 ita
2840 4347 3155 4423 oporteret
3176 4343 3327 4404 dare

1763 4436 1999 4516 aliquid
2027 4438 2225 4498 simile
2254 4438 2319 4497 in
2348 4438 2466 4498 bac
2492 4437 2944 4516 applicatione3
2978 4442 3213 4498 atvero
3240 4437 3329 4496 ni-

1761 4529 1848 4588 hil
1894 4531 2020 4592 tale
2068 4530 2219 4608 fingi
2260 4535 2503 4610 potest;
2538 4548 2689 4590 nam
2734 4531 3026 4609 ponimus
3074 4547 3326 4590 omnem

1761 4623 2265 4701 applicationem,
2297 4622 2347 4684 si
2377 4623 2733 4685 necessaria
2763 4623 2862 4696 sit,
2896 4641 3032 4684 esse
3060 4623 3322 4696 factam;

1759 4716 2044 4778 similiter
2086 4733 2343 4777 omnem
2386 4716 2609 4795 objecti
2652 4716 3165 4796 applicationem,
3212 4735 3327 4776 seu

1756 4807 2260 4881 intentionalem3
2295 4808 2448 4887 quid
2472 4809 2657 4887 igitur
2684 4827 2821 4871 esse
2843 4811 3048 4889 potest
3071 4809 3176 4870 illa
3202 4809 3327 4870 alia

1756 4902 2113 4982 applicatio,
2148 4906 2259 4962 aut
2287 4921 2401 4982 per
2429 4921 2571 4964 eam
2597 4902 2733 4964 fieri
2770 4903 2919 4982 quid
2947 4906 3199 4983 potest?

1834 4996 1892 5055 8.
1943 4993 2304 5059 Oscum-itur
2341 4995 2629 5060 evasioni.
2674 5027 2759 5042 —··
2806 4996 2985 5058 Dices
3021 5015 3135 5075 per
3181 5015 3324 5058 eam

1750 5088 2063 5150 actionem
2102 5088 2238 5150 fieri
2286 5093 2593 5168 majorem
2636 5090 2979 5168 quamdam
3020 5091 3325 5170 conjunc-

1751 5180 1987 5241 tionem
2023 5183 2267 5260 agentis
2309 5183 2391 5244 ad
2432 5200 2713 5260 passum,
2762 5183 2862 5244 vel
2904 5184 3198 5262 potentiae
3240 5184 3322 5244 ad

1751 5273 1852 5352 obj
1863 5281 2105 5347 ectum;
2138 5274 2643 5354 conjunctionem
2670 5277 2973 5356 (inquam)
3006 5295 3138 5338 non
3158 5277 3323 5338 loca-

1748 5366 1898 5441 lem,
1927 5367 2041 5429 sed
2058 5369 2415 5442 virtualem,
2442 5374 2555 5430 aut
2579 5369 2927 5432 secundum
2950 5371 3321 5449 propensio-

1747 5478 1896 5522 nem
1950 5461 2255 5542 majorem
2304 5462 2490 5522 unius
2540 5463 2621 5524 ad
2674 5464 2959 5526 alterum.
3012 5462 3151 5526 'Sed
3200 5463 3320 5526 hoc

1749 5554 1941 5618 etiam
1962 5555 2120 5618 nihil
2147 5573 2287 5616 esse
2310 5561 2517 5638 potest
2539 5556 2711 5642 quod
2730 5557 2971 5620 ratione
2996 5556 3321 5636 fundetur,

3314 5341 3389 5378 ι’.
