3850 6225
726 395 861 447 mr.
893 395 1001 447 ΧΠ.
1038 392 1345 449 Anxium!
1376 394 1640 447 Efficax
1674 386 1797 443 NON
1829 384 2209 447 consts‘fflnss
2242 390 2304 446 m
2339 395 2588 459 ALlQuA,
2619 397 2754 452 mc.

150 496 341 555 solum
377 514 455 555 ea
483 496 706 556 auxilia
737 497 967 575 gratiae,
1002 504 1067 559 et
1092 516 1203 559 eas
1228 516 1438 571 voce8‚
1472 495 1698 576 quibus

148 590 243 649 illa
272 589 701 668 significantur
726 636 741 663 ,
788 610 925 670 (1010
954 591 1021 651 in
1050 592 1363 671 prioribus
1392 590 1699 670 capitibus

148 685 321 763 hujus
358 684 501 745 libri
536 686 839 764 explicata
880 685 1271 764 reliquimus,
1309 686 1589 765 reperire
1626 683 1701 744 li-

148 785 265 849 cet3
299 784 359 839 et
388 780 599 840 omnia
628 782 1149 843 sufficientissime
1176 783 1495 843 salvantur
1520 786 1581 842 et
1604 780 1699 840 in-

148 873 517 951 telliguntur,
550 874 797 935 secluso
827 876 946 936 hoc
980 876 1234 948 auxilio,
1277 875 1446 954 quod
1475 892 1593 935 nec
1621 873 1699 934 sit

148 972 309 1025 actus
330 972 563 1039 noster,
590 986 797 1047 neque
818 968 1095 1043 habituS,
1126 967 1238 1029 sed
1261 975 1437 1030 actus
1457 968 1698 1046 primus

148 1058 444 1118 transiens
465 1076 577 1119 seu
599 1061 823 1121 tluens.
848 1063 1049 1139 Atque
1068 1060 1239 1121 idem
1258 1065 1697 1139 argumentum

146 1150 267 1209 fieri
297 1158 501 1229 potest
530 1152 609 1214 de
636 1154 918 1214 doctrina
948 1155 1022 1215 D.
1047 1156 1342 1229 Thomae3
1374 1170 1702 1233 nunquam

148 1245 299 1304 enim
329 1244 539 1305 docuit
568 1246 823 1325 aliquod
849 1248 1029 1309 nobis
1056 1246 1299 1309 infundi
1329 1251 1701 1327 supernatu-

146 1337 265 1397 rale
292 1336 527 1399 donum
560 1345 791 1417 praeter
820 1347 1000 1403 actus
1032 1340 1131 1401 vel
1166 1341 1413 1401 habitus
1431 1362 1451 1415 ;
1488 1356 1697 1418 neque

151 1430 257 1491 alia
286 1431 589 1511 principia
628 1434 835 1512 posuit
871 1435 1053 1496 nobis
1080 1434 1453 1495 inhaerentia
1482 1433 1565 1495 ad
1596 1451 1701 1493 sn-

146 1526 561 1602 pernaturales
590 1532 767 1586 actus
797 1534 1027 1605 praeter
1050 1528 1304 1589 habitus
1335 1526 1598 1599 infusos,
1625 1530 1696 1585 ut

150 1638 217 1678 ex
252 1622 304 1679 1.
334 1620 395 1689 2,
449 1627 679 1699 quaest.
734 1623 871 1696 109,
918 1623 1081 1682 sumi
1130 1627 1355 1700 potest,
1404 1621 1696 1701 adjuncta

152 1713 543 1790 explicatione
574 1713 739 1774 illius
768 1714 911 1787 loci,
948 1733 1137 1793 quam
1166 1716 1271 1775 lib.
1305 1718 1365 1787 1,
1394 1732 1534 1795 cap.
1566 1716 1607 1776 6
1634 1719 1698 1775 et

150 1808 237 1880 11,
262 1806 650 1867 tradidimus.
688 1808 763 1869 Et
791 1826 869 1868 ex
902 1812 955 1867 1.
984 1809 1049 1884 Ξ,
1078 1813 1301 1887 quaest.
1332 1810 1473 1881 111,
1514 1808 1689 1869 artic.

148 1900 199 1967 Ξ,
224 1906 477 1972 constat,
510 1900 683 1978 apud
710 1902 779 1961 D.
801 1902 1107 1963 Thomam
1129 1901 1369 1961 nullam
1396 1918 1533 1963 esse
1557 1920 1697 1981 gra·

146 1992 277 2051 tiam
306 1999 675 2072 operantem
716 2011 831 2072 per
864 1994 1121 2055 modum
1154 1998 1329 2055 actus
1360 1995 1543 2074 primi
1578 1995 1695 2055 nisi

150 2085 423 2147 habitum.
474 2086 873 2167 Quapropter
914 2088 1137 2150 merito
1183 2087 1538 2162 Waldens.,
1583 2089 1691 2150 lib.

153 2180 217 2240 10
247 2182 413 2240 Doct.
454 2179 569 2242 fid.
621 2181 815 2259 antiq.
840 2226 857 2254 ,
902 2200 1039 2261 cap.
1091 2184 1208 2255 25,
1262 2180 1543 2244 referens
1582 2200 1697 2243 suo

153 2279 409 2352 tempore
438 2275 755 2354 quosdam
784 2275 1071 2336 docuisse
1098 2276 1261 2336 hanc
1294 2276 1693 2349 sententiam,

153 2384 317 2444 quam
344 2368 814 2448 impugnamus,
840 2368 940 2428 vel
969 2368 1159 2430 aliam
1188 2370 1243 2429 ei
1274 2368 1563 2442 similem,
1588 2369 1695 2443 ait,

154 2461 475 2537 periculose
504 2461 652 2522 illos
678 2461 963 2540 posuisse
994 2461 1331 2540 quamdam
1362 2462 1700 2523 necessita-

154 2558 260 2613 tem
286 2554 765 2615 antecedentem
794 2555 859 2613 in
886 2554 1179 2615 humanis
1204 2556 1523 2635 operibuS,
1564 2572 1699 2617 eos-

154 2664 257 2723 que
286 2647 430 2706 nihil
454 2647 741 2727 reperire
770 2648 1048 2727 potuisse
1090 2666 1203 2727 pro
1242 2668 1357 2710 sua
1388 2652 1696 2711 sententia

155 2756 470 2800 consonum
510 2740 815 2819 antiquis,
860 2746 919 2802 et
949 2742 1239 2804 Ecclesiae
1269 2742 1587 2817 Patribus3
1634 2748 1697 2804 et.

156 2835 476 2912 oppositum
503 2836 600 2896 ait
628 2834 915 2897 docuisse
945 2836 1335 2911 anselmum,
1368 2841 1433 2897 et
1452 2837 1515 2898 S.
1537 2838 1697 2897 Tho-

156 2944 319 2986 mam.

221 3023 273 3079 4.
292 3022 461 3083 Addo
490 3023 773 3103 denique
791 3024 961 3103 quod
988 3024 1225 3085 dictum
1240 3029 1358 3095 est,
1377 3040 1545 3083 nunc
1569 3039 1697 3083 non

156 3115 473 3191 specialiter
492 3118 751 3178 tmctari
773 3137 809 3178 a
838 3119 1019 3179 nobis
1042 3135 1125 3178 au
1148 3119 1269 3178 hoc
1296 3135 1497 3196 genus
1524 3117 1697 3178 auxi-

156 3205 229 3277 lii,
254 3225 359 3286 per
380 3210 646 3271 modum
670 3217 847 3272 actus
864 3211 1047 3290 primi
1074 3211 1348 3281 fluentis,
1375 3209 1693 3271 interdum

158 3303 477 3365 conferatur
503 3305 596 3366 ob
628 3305 941 3367 defectum
972 3305 1227 3366 alterius
1260 3304 1545 3385 principii
1576 3322 1689 3365 seu

158 3394 415 3471 habitus;
465 3398 587 3460 sed
626 3417 707 3459 an
738 3401 799 3460 in
830 3399 1193 3460 universum
1232 3415 1307 3458 ac
1334 3416 1451 3477 per
1488 3416 1555 3458 se
1586 3415 1695 3458 ne-

159 3491 459 3552 cessarium
486 3493 575 3554 sit
604 3493 685 3552 ad
714 3493 1225 3571 supernaturales
1256 3499 1464 3564 actuS‚
1506 3491 1693 3552 etiam

159 3583 223 3641 ad
247 3583 373 3645 illos
398 3587 502 3664 qui
532 3585 871 3647 eliciuntur
898 3604 933 3646 a
964 3585 1241 3665 potentia
1270 3585 1601 3646 informata
1629 3588 1691 3644 et

160 3675 363 3736 elevata
390 3697 501 3756 per
526 3679 1075 3756 supernaturalem
1116 3679 1441 3754 habitum3
1482 3677 1547 3737 in
1575 3679 1695 3737 hoc

160 3768 301 3828 enim
340 3789 521 3832 sensu
579 3772 909 3849 requirunt
960 3770 1318 3850 hujusmodi
1362 3769 1691 3842 auxilium,

162 3862 247 3937 qui
274 3862 332 3921 in
368 3883 440 3924 eo
474 3865 869 3926 constituunt
897 3865 1206 3926 rationem
1238 3864 1453 3943 gratiae
1487 3863 1696 3924 effica-

163 3954 253 4027 cis,
274 3957 407 4035 quia
436 3959 639 4037 gratia
666 3957 881 4018 efficax
906 3957 989 4018 ad
1016 3975 1237 4018 omnes
1267 3961 1445 4017 actus
1472 3975 1693 4017 neces-

166 4049 299 4108 saria
322 4057 431 4122 est,
456 4056 518 4112 et
546 4051 629 4112 de
655 4052 946 4112 omnibus
968 4069 1188 4112 verum
1214 4057 1307 4111 est
1329 4052 1527 4110 Deum
1555 4067 1693 4110 esse

166 4143 251 4218 qui
278 4142 405 4204 illos
430 4145 493 4204 in
525 4145 713 4205 nobis
742 4151 1058 4224 operatur,
1094 4149 1159 4204 et
1187 4144 1292 4222 qui
1318 4143 1467 4205 facit
1494 4149 1560 4203 ut
1586 4161 1692 4202 eos

166 4234 395 4297 velimus
428 4244 487 4298 et
512 4238 867 4313 faciamus3
910 4255 1051 4316 quoe
1086 4237 1297 4296 omnia
1336 4236 1693 4298 existimant

168 4343 283 4386 esse
306 4329 457 4390 dicta
480 4333 723 4391 ratione
748 4332 939 4409 huJ'us
966 4331 1213 4390 fluentis
1242 4329 1479 4390 auxilii.
1510 4328 1690 4391 Unde

168 4419 295 4480 illud
338 4425 693 4502 requirunt,
743 4443 872 4484 non
918 4429 1163 4484 tantum
1208 4441 1287 4482 ex
1331 4421 1579 4483 defectu
1634 4427 1695 4482 et

168 4512 595 4592 imperfectione
636 4517 922 4596 principii
960 4516 1263 4596 proximi,
1308 4515 1423 4576 sed
1465 4533 1543 4575 ex
1582 4533 1694 4575 ne-

172 4611 405 4670 cessario
432 4612 667 4673 influxu
692 4613 827 4685 Dei,
860 4617 929 4671 ut
950 4615 1045 4672 031
1067 4609 1265 4689 prima
1295 4627 1484 4670 causa
1508 4609 1575 4669 in
1600 4627 1695 4669 or-

174 4699 293 4762 dine
320 4705 550 4780 gratiae,
598 4712 657 4766 et
688 4706 769 4764 ob
802 4703 1289 4764 indifferentiam
1334 4701 1691 4774 voluntatiS,

175 4809 334 4868 quam
371 4797 641 4877 indigere
678 4799 853 4859 aiunt
882 4796 1231 4858 extrinseco
1266 4795 1697 4875 praedetermi-

174 4894 352 4949 nante.
392 4893 465 4952 At
490 4910 639 4952 vero
666 4893 726 4951 in
752 4891 873 4952 11οο
902 4909 1113 4961 301130,
1142 4907 1260 4950 nec
1291 4891 1361 4949 D.
1394 4890 1691 4959 ThomaS,

176 4994 348 5056 neque
385 4983 543 5044 ullus
582 4985 983 5062 antiquorum
1013 4982 1477 5061 Theologorum
1514 4999 1693 5042 men-

178 5071 377 5135 tionem
400 5077 538 5138 neit
560 5079 745 5157 hujus
774 5078 1028 5154 auxilii,
1046 5082 1109 5138 et
1138 5094 1213 5136 ex
1242 5075 1561 5155 principiis
1584 5095 1695 5155 po-

178 5162 287 5224 sitis
310 5168 367 5226 in
394 5171 587 5247 primo
612 5172 793 5245 libro,
838 5179 899 5232 et
930 5189 1007 5231 ex
1033 5170 1393 5230 auctoribus
1418 5187 1577 5247 quos
1610 5169 1693 5230 ibi

180 5255 353 5332 citavi,
394 5264 663 5324 existimo
694 5265 843 5324 satis
870 5281 1009 5325 esse
1038 5262 1535 5324 demonstratum
1556 5306 1572 5334 ,
1615 5280 1694 5323 ex

181 5349 643 5418 subordinatione
684 5375 891 5418 causae
932 5355 1227 5418 secundae
1273 5355 1350 5416 ad
1398 5355 1687 5434 primam,

184 5457 291 5501 non
322 5463 448 5508 esse
484 5451 901 5511 necessariam
942 5449 1131 5511 talem
1167 5448 1457 5509 virtutem
1499 5449 1692 5510 fluen-

182 5537 312 5610 tem,
336 5539 437 5601 sed
462 5559 592 5604 esse
622 5545 875 5606 omuino
904 5543 1097 5623 gratis
1124 5541 1477 5617 confictam,
1498 5559 1693 5621 quan-

3231 396 3406 459 205.

1782 493 1863 555 do
1894 512 2084 557 causa
2123 499 2406 575 proxima
2446 500 2640 563 habet
2669 502 3206 581 proportionatam
3231 506 3349 564 vir-

1780 594 1980 649 tutem
2009 590 2485 667 permanentem
2511 595 2576 654 in
2607 612 2722 655 suo
2753 613 3009 675 genere.
3049 598 3352 659 Demons-

1778 686 2010 743 tratum
2046 683 2234 745 etiam
2275 691 2370 747 est
2415 687 2822 760 voluntatem,
2875 689 2956 749 ob
2989 689 3351 751 indifferen-

1778 774 1932 835 tiam
1959 792 2162 849 suam,
2188 796 2318 839 non
2339 778 2620 859 indigere
2650 782 2998 843 extrinseco
3018 783 3351 861 praedeter-

1779 868 2058 931 minante
2082 870 2372 949 physice..
2387 871 2512 933 imo
2533 892 2888 955 repugnare
2915 876 3034 937 hoc
3053 876 3342 937 libertati.

1782 962 1958 1025 Unde
1995 964 2270 1025 Concilia
2301 970 2366 1027 et
2404 967 2616 1027 Patres
2645 986 2972 1047 nunquam
3007 968 3350 1031 fundarunt

1782 1056 1997 1134 gratiae
2041 1058 2480 1121 necessitatem
2511 1060 2576 1119 in
2618 1060 2956 1123 voluntatis
2993 1062 3350 1123 indifferen-

1781 1148 1885 1223 tia,
1922 1149 2128 1211 sedin
2157 1149 2488 1231 fragilitate
2513 1153 2783 1215 hominis
2811 1154 2994 1233 lapsi,
3025 1154 3128 1215 vel
3151 1155 3214 1215 in
3239 1154 3350 1217 de·-

1780 1240 1950 1303 t'ectu
1980 1243 2229 1304 virium.
2260 1245 2476 1323 Igitur,
2509 1246 2560 1306 si
2599 1247 2736 1308 11100
2769 1247 2992 1327 gratia,
3029 1264 3236 1325 neque
3271 1266 3352 1309 ex

1780 1332 2200 1397 indifferentia
2255 1337 2612 1412 voluntati3‚
2667 1358 2878 1418 neque
2929 1359 3006 1402 ex
3066 1340 3347 1420 generali

1780 1426 2022 1489 ratione
2065 1430 2593 1493 subordinationis
2637 1432 2720 1494 ad
2752 1436 2952 1495 Deum
2993 1435 3348 1497 necessaria

1782 1524 1879 1580 est
1897 1564 1914 1592 ‚
1957 1538 2084 1581 non
2117 1528 2212 1581 est
2240 1542 2356 1583 cur
2379 1525 2736 1604 requiratur
2763 1526 2846 1588 ad
2875 1543 3094 1588 omnes
3131 1544 3351 1606 super-

1780 1616 2098 1677 naturales
2141 1623 2338 1691 actuS,
2386 1620 2730 1698 praesertim
2776 1621 3030 1701 quando
3060 1622 3352 1683 voluntas

1774 1707 1906 1786 jam
1950 1709 2141 1771 habet
2181 1712 2494 1775 sufficiens
2531 1714 2905 1794 principium
2941 1714 3350 1778 intrinsecum

1776 1801 2006 1863 talibus
2055 1804 2298 1866 actibus
2356 1808 2918 1886 proportionatum.
2976 1809 3126 1881 Quis
3179 1810 3350 1872 enim

1776 1895 2132 1977 Theologus
2157 1917 2438 1977 unquam
2463 1900 2616 1961 dixit
2634 1903 3022 1964 voluntatem
3045 1904 3348 1966 charitate

1776 1986 2200 2065 informatam,
2233 1998 2296 2053 et
2323 1992 2660 2056 habentem
2685 1995 3004 2073 objectum
3031 1997 3347 2059 sufficien-

1780 2086 1875 2143 ter
1904 2086 2294 2163 propositum
2323 2104 2438 2164 per
2464 2086 2873 2163 intellectum,
2905 2106 3036 2151 non
3057 2108 3197 2152 esse
3223 2090 3352 2151 suf-

1778 2172 1998 2237 ficiens
2025 2177 2398 2257 principium
2425 2180 2677 2243 amandi
2703 2182 2904 2243 Deum
2925 2200 3070 2243 cum
3091 2201 3350 2245 concur-

1780 2285 1857 2329 su
1897 2270 2111 2349 gratiae
2154 2274 2676 2350 proportionato?
2717 2276 2854 2337 Nou
2889 2282 3102 2354 posset
3135 2282 3350 2339 autem

1780 2360 1903 2422 dici
1937 2364 2252 2425 sufficiens
2292 2366 2664 2445 principium
2711 2367 2763 2429 si
2801 2367 3010 2430 adhuc
3041 2370 3352 2449 indigeret

1780 2452 1991 2533 aliqua
2051 2458 2308 2519 entitate
2359 2460 2764 2539 superaddita
2795 2506 2812 2535 ,
2861 2480 3005 2541 quae
3053 2462 3347 2525 virtutem

1778 2548 2008 2627 agendi
2049 2551 2416 2629 compleret.

1860 2644 1919 2703 5.
1971 2641 2272 2713 Quocirca
2329 2645 2668 2723 plurimum
2717 2666 2758 2709 a
2805 2648 3178 2712 Sanctorum
3233 2650 3349 2712 Pa-

1778 2741 1966 2808 trum‚
2001 2738 2347 2815 praesertim
2375 2740 2743 2819 Augustini,
2789 2748 3000 2803 mente
3027 2742 3347 2819 aberrant,

1778 2828 1887 2908 qui
1916 2828 1994 2891 de
2029 2830 2146 2889 hac
2172 2830 2434 2910 physica
2462 2832 3118 2911 praedeterminatione
3153 2835 3350 2897 inter-

1778 2929 2106 3001 pretantur
2131 2924 2478 2987 locutiones
2499 2926 2660 2999 illas,
2689 2944 2832 3006 quoe
2855 2948 2932 2990 ex
2957 2930 3164 2991 divina
3188 2930 3346 2993 Scri-

1777 3023 1964 3093 ptura
2014 3024 2384 3092 sumuutur,
2419 3026 2484 3081 et
2527 3020 2702 3100 apud
2755 3023 3176 3103 Augustinum
3203 3030 3350 3085 sunt

1775 3108 2139 3190 frequentes
2172 3129 2186 3172 :
2232 3113 2402 3174 Deus
2441 3113 2590 3177 facit
2633 3121 2704 3176 ut
2740 3115 3040 3190 velimus;
3089 3118 3239 3178 facit
3281 3123 3348 3179 ut

1774 3204 2116 3278 faciamu83
2157 3212 2454 3284 operatur
2480 3208 2546 3268 in
2574 3209 2757 3270 nobis
2785 3209 2946 3271 velle
2974 3230 2990 3282 ;
3041 3212 3344 3272 convertit

1774 3297 1964 3358 corda
2003 3303 2238 3372 nostra,
2287 3303 2351 3360 et
2391 3300 2648 3362 similes.
2695 3303 2840 3364 Haec
2883 3305 3052 3364 enim
3103 3305 3338 3378 omnia,

1776 3397 2086 3469 quatenus
2123 3392 2334 3472 aliqua
2365 3395 2604 3456 ratione
2647 3395 2762 3456 soli
2790 3397 2922 3457 Deo
2959 3397 3338 3470 tribuuntur,

1776 3483 1942 3544 dicta
1971 3491 2116 3545 sunt
2143 3486 2386 3547 ratione
2415 3487 2630 3566 gratiae
2659 3489 3007 3563 excitantis,
3040 3497 3104 3552 et
3134 3509 3344 3552 mora-

1774 3574 1913 3635 liter
1962 3578 2242 3656 regentis
2288 3585 2350 3641 et
2394 3581 2720 3662 >dirigentis
2769 3601 3024 3660 gressus
3069 3590 3338 3658 nostros,

1774 3669 2096 3742 vocando,-
2116 3671 2504 3749 inspirandO,
2535 3681 2599 3736 et
2627 3675 2989 3748 excitaiid0;
3031 3671 3340 3754 quatenus

1774 3778 1923 3822 vero
1953 3769 2168 3824 nostra
2211 3768 2570 3845 cooperatio
2599 3774 2662 3830 et
2693 3769 2852 3830 liber
2887 3788 3231 3832 consensus
3261 3770 3344 3832 ad

1775 3855 1911 3932 haec
1941 3875 2134 3936 opera
2163 3861 2522 3938 requiritur,
2549 3862 2908 3924 tribuuntur
2929 3865 3060 3925 Deo
3087 3870 3156 3924 ut
3179 3865 3344 3943 prin-

1776 3947 1960 4026 cipali
2012 3955 2428 4030 cooperatori,
2487 3973 2627 4034 quae
2687 3956 2896 4018 omnia
2945 3975 3024 4018 ex
3069 3958 3342 4019 Concilio

1776 4042 2161 4105 Arausicano
2196 4047 2274 4120 ΙΙ,
2325 4048 2660 4109 Caelestino
2703 4039 2894 4128 Papa,
2947 4055 3009 4110 et
3055 4050 3213 4126 aliis,
3265 4067 3340 4111 ac

1773 4135 2119 4212 praesertim
2163 4155 2242 4199 ex
2283 4140 2630 4220 Augustino
2657 4185 2672 4214 ,
2725 4143 3150 4205 demonstrata
3196 4149 3342 4204 sunt

1774 4227 2084 4305 superiuS,
2114 4248 2252 4311 cap.
2284 4237 2508 4310 quarto
2533 4237 2595 4295 et
2623 4235 2840 4312 quinto
2869 4236 3057 4315 hujus
3085 4236 3250 4310 libri,
3277 4243 3342 4298 et

1774 4321 2000 4382 iterum
2044 4324 2582 4388 confirmabuntur
2629 4347 2766 4408 cap.
2799 4328 3041 4390 decimo
3073 4337 3335 4408 quarto,

1776 4414 2146 4493 explicando
2179 4419 2470 4496 quaedam
2499 4421 2828 4500 Scripturas
2851 4423 3230 4487 testimonia.

1854 4507 1944 4567 Ex
1977 4510 2070 4570 his
2113 4530 2262 4590 ergo
2303 4513 2594 4574 omnibus
2637 4515 3028 4576 concluditur
3061 4517 3218 4578 ratio
3257 4516 3339 4576 ab

1780 4607 2166 4678 auctoritate,
2209 4624 2402 4685 quam
2435 4614 2660 4670 vocant
2693 4609 3074 4688 negativam,
3107 4628 3244 4688 quae
3273 4611 3342 4671 in

1777 4701 1875 4762 bis
1901 4700 2482 4779 supernaturalibus
2509 4702 2828 4781 mysteriis
2851 4720 3155 4782 magnum
3183 4721 3341 4782 pon-

1778 4796 1895 4856 dus
1918 4796 2114 4856 habet
2136 4840 2150 4867 ‚
2197 4802 2266 4857 ut
2289 4794 2422 4856 sine
2453 4796 2558 4856 illa
2586 4795 2740 4856 nihil
2769 4805 3088 4858 asseratur
3114 4798 3216 4860 vel
3243 4798 3340 4858 in-

1776 4888 2140 4949 troducatur
2171 4906 2187 4959 ;
2231 4889 2578 4967 praesertim
2606 4889 2859 4966 quando
2895 4909 2974 4952 ex
3007 4891 3142 4952 aliis
3169 4909 3341 4971 mys-

1774 4983 1946 5044 teriis
1965 4981 2066 5042 vel
2092 4981 2410 5060 principiis
2435 4983 2790 5042 necessaria
2813 4983 3056 5045 ratione
3087 5002 3214 5044 uon
3235 4985 3340 5044 de-

1772 5075 2041 5136 ducitur.
2086 5075 2232 5135 Haec
2268 5075 2436 5134 enim
2473 5093 2576 5136 res
2605 5075 2684 5136 de
2710 5093 2836 5154 qua
2867 5082 3206 5138 tractamus
3233 5095 3341 5137 su-

1774 5168 2192 5248 pernaturalis
2222 5175 2315 5229 est
2347 5184 2366 5244 ;
2418 5187 2566 5229 nam
2592 5169 2696 5230 illa
2726 5170 2993 5249 qualitas
3019 5171 3121 5231 vel
3145 5171 3338 5231 motio

1778 5261 2066 5323 distincta
2095 5261 2176 5322 ab
2201 5261 2492 5322 omuibus
2517 5263 2758 5324 actibus
2778 5263 3064 5324 vitalibus
3087 5269 3150 5324 et
3168 5263 3341 5324 habi-

1775 5354 1942 5416 tibus
1972 5353 2223 5426 animae,
2263 5363 2326 5416 et
2351 5355 2432 5415 ad
2461 5356 2970 5433 supernaturales
2997 5361 3174 5416 actus
3207 5357 3341 5416 effi-

1776 5448 2032 5510 ciendos
2083 5447 2312 5518 indita,
2375 5449 2866 5528 supernaturalis
2915 5467 3052 5509 esse
3105 5448 3334 5523 debet3

1778 5559 1930 5622 ergo
1969 5559 2099 5603 non
2139 5547 2343 5620 potest
2385 5541 2676 5602 affirmari
2699 5587 2714 5614 ,
2760 5541 3102 5620 przrsertim
3133 5546 3202 5602 ut
3228 5560 3340 5603 ne·
