3850 6225
652 378 864 431 OPUSC.
901 379 988 431 111.
1021 376 1246 430 BREVIS
1281 375 1622 430 RESOLUTIO
1656 376 2143 431 CONTROVERSIAE
2175 379 2257 432 m«)
2288 379 2543 434 AUXILIO
2575 379 2767 432 EFFIC.

117 475 276 536 venit
316 480 532 538 tamen
579 495 698 538 nos
757 477 1080 538 vocatione
1132 494 1246 536 sua
1303 480 1558 552 sancta,
1609 481 1672 536 et

3198 373 3317 436 385

1831 476 1932 535 ΔΟ.
1981 474 2304 554 Quocirca,
2338 497 2481 538 cum
2501 496 2578 538 ex
2600 483 2779 556 parte
2809 476 3021 557 gratiae
3051 479 3321 540 excitan-

121 568 303 648 tangit
349 569 540 630 corda
584 575 818 642 nostra,
870 569 1237 648 priusquam
1266 586 1380 630 nos
1417 567 1670 648 aliquod
1751 568 1829 631 tis
1859 587 1988 630 non
2014 569 2282 632 sufficiat
2310 571 2445 632 sola
2470 569 2712 632 vocatio
2744 569 3034 643 exterior,
3068 570 3179 632 sed
3204 571 3317 632 ali-

119 662 584 741 supernaturale
626 662 862 723 honum
907 662 1154 743 operari
1199 663 1510 742 possimus
1545 682 1560 734 ;
1608 667 1670 723 et
1750 681 1875 742 qua
1930 664 2119 725 etiam
2164 664 2423 727 interior
2472 664 2840 725 illuminatio
2886 670 2949 726 et
2996 664 3315 745 inspiratio

117 763 448 833 antequam
477 756 960 829 consentiamuS,
992 755 1186 835 ipsius
1215 761 1449 817 tactum
1478 753 1667 816 corda

115 853 314 910 nostra
363 849 790 926 praesentiunt.
846 849 994 908 Haec
1047 867 1197 928 ergo
1255 849 1497 910 vocatio
1554 867 1667 928 per

119 943 482 1002 excitantem
521 941 786 1022 gratiam
830 941 901 1002 fit
928 946 984 1016 ’ς
1035 948 1099 1003 et
1137 942 1270 1004 haec
1313 943 1536 1004 eadem
1573 947 1666 1004 est

119 1035 304 1114 gratia
335 1052 606 1114 operans
623 1079 640 1108 ,
681 1052 798 1113 per
825 1053 1018 1114 quam
1047 1034 1213 1096 Deus
1241 1035 1412 1096 solus
1440 1053 1667 1113 opera-

117 1135 208 1190 tur
229 1129 291 1188 in
311 1129 514 1202 nobis,
535 1135 608 1190 ut
623 1129 886 1190 velimus
901 1148 917 1202 ;
945 1130 1230 1208 quamvis
1247 1130 1458 1209 ipsum
1475 1129 1660 1203 velle,

117 1241 233 1283 non
260 1223 390 1302 ipse
420 1222 592 1283 solus
630 1228 926 1300 operetur
957 1223 1022 1282 in
1049 1223 1254 1298 nobiS,
1298 1223 1410 1284 sed
1437 1240 1666 1302 coope-

119 1322 274 1376 retur
321 1315 648 1376 nobiseum
681 1359 700 1388 ,
771 1320 837 1377 ut
887 1315 1232 1394 saepissime
1279 1315 1664 1394 Augustinus

119 1408 278 1470 dixit.
1035 1449 1044 1457 -

189 1503 280 1562 39.
327 1501 543 1564 Tertia
565 1499 921 1584 propositio.
961 1534 1043 1548 —
1082 1502 1320 1578 TertiO,
1359 1520 1503 1562 cum
1532 1519 1667 1578 cer-

120 1601 234 1654 tum
263 1596 336 1654 sit
367 1595 761 1656 vocationem
788 1595 951 1656 hanc
979 1596 1190 1657 nonin
1221 1595 1534 1668 omnihuS,
1557 1594 1664 1674 qui

115 1694 418 1759 vocantur,
460 1686 699 1748 habere
729 1688 1044 1761 effectum,
1091 1706 1298 1766 neque
1328 1688 1496 1748 enim
1531 1706 1663 1748 om·

119 1799 240 1852 nes,
263 1781 364 1859 qui
392 1780 474 1840 ad
507 1798 754 1840 coenam
780 1780 1034 1842 fuerunt
1064 1781 1290 1854 vocati,
1318 1781 1532 1841 venire
1559 1798 1662 1840 vo-

115 1874 368 1944 luerunt,
389 1873 802 1934 nihilominus
829 1874 1222 1936 vocationem
1252 1873 1520 1946 illorum,
1554 1873 1660 1952 qui

115 1986 224 2028 non
248 1967 511 2028 veniunt
529 2011 544 2040 ,
581 1968 666 2027 ita
693 1985 1022 2028 censemus
1053 1986 1190 2029 esse
1220 1967 1656 2041 sufficientem,

115 2067 172 2120 ut
199 2079 336 2122 vere
371 2065 432 2120 et
461 2060 718 2140 proprie
751 2060 816 2120 in
857 2078 1079 2122 eorum
1117 2065 1422 2139 potestate
1455 2077 1529 2120 ac
1558 2077 1660 2119 ar-

115 2154 277 2214 bitrio
305 2154 382 2214 sit
409 2153 689 2232 positum
717 2156 929 2214 venire
959 2153 1010 2214 si
1038 2153 1251 2213 velint.
1298 2153 1395 2226 Et,
1433 2157 1503 2214 ut
1531 2154 1660 2213 Au·-

117 2248 324 2325 gustini
366 2247 393 2284 ²
430 2245 644 2306 verbis
680 2252 843 2317 utar,
885 2245 992 2325 qui
1039 2245 1377 2306 noluerunt
1414 2245 1654 2316 venire,

115 2358 216 2400 nec
259 2339 509 2411 debent,
559 2357 678 2399 nec
717 2344 980 2418 possunt
1019 2337 1085 2398 id
1131 2337 1308 2398 alteri
1352 2337 1652 2412 tribuere,

118 2431 212 2492 sed
240 2438 476 2492 tantum
507 2431 650 2502 sibi,
693 2429 989 2510 quoniam
1015 2436 1084 2491 ut
1111 2430 1397 2491 venirent
1429 2431 1653 2503 vocati,

121 2531 236 2584 erat
261 2527 320 2585 in
346 2525 552 2586 libera
577 2523 917 2586 voluntate.
956 2523 1133 2595 Quod
1159 2543 1288 2584 non
1312 2523 1492 2584 aliter
1519 2542 1659 2602 pro-

118 2619 350 2693 bamus,
389 2636 586 2697 quam
616 2617 959 2678 rationibus
987 2617 1054 2676 in
1082 2616 1281 2696 prima
1311 2617 1655 2677 assertione

119 2718 311 2770 eontra
361 2709 826 2790 praecedentem
877 2710 1249 2770 sententiam
1301 2709 1650 2770 insinuatis

117 2801 222 2862 111ae
243 2803 403 2864 enim
417 2820 642 2864 revera
667 2801 1067 2875 concludunt,
1087 2801 1206 2862 nisi
1227 2801 1494 2874 vocatiO,
1515 2818 1655 2880 quae

117 2895 170 2953 in
193 2914 254 2954 re
284 2913 406 2956 non
443 2895 643 2956 habet
670 2895 960 2956 effectum
994 2940 1009 2969 ,
1057 2912 1129 2954 ex
1161 2912 1228 2954 se
1259 2895 1337 2954 sit
1359 2893 1656 2974 praedicto

117 2987 282 3048 modo
307 3007 450 3050 vere
473 2995 538 3050 et
555 2987 623 3048 'ln
643 3007 711 3048 re
737 2988 1072 3062 sufficienS,
1091 3007 1208 3049 nec
1237 2987 1657 3048 sufficientem

119 3081 391 3160 appellari
435 3100 658 3161 posse,
704 3099 822 3143 nec
859 3081 1100 3143 ratione
1131 3080 1293 3142 illius
1328 3098 1512 3160 posse
1543 3081 1658 3141 ho-

118 3174 248 3234 mini
273 3175 606 3255 imputari,
638 3174 807 3253 quod
839 3182 1093 3235 vocatus
1121 3192 1250 3235 non
1279 3174 1508 3234 veniat.
1552 3175 1657 3235 At-

118 3284 222 3343 que
249 3269 385 3329 hinc
415 3268 486 3330 fit
513 3269 910 3329 vocationem
941 3270 1104 3327 hanc
1139 3267 1502 3347 simpliciter
1532 3266 1654 3327 suf-

117 3359 436 3436 ficientem,
489 3368 622 3421 tam
674 3380 752 3422 ex
793 3366 968 3439 parte
1021 3360 1235 3421 auxilii
1281 3360 1604 3421 excitantis
1633 3404 1655 3435 ,

118 3472 284 3531 quam
313 3476 386 3517 ex
415 3460 596 3536 parte
631 3455 1004 3535 adjuvanti8‚
1036 3455 1266 3517 debere
1293 3455 1500 3534 aliquo
1527 3472 1658 3515 mo·

118 3547 185 3608 do
209 3550 542 3623 includere,
577 3567 690 3609 seu
720 3548 1028 3621 conferre,
1059 3548 1160 3610 vel
1185 3548 1404 3608 saltem
1434 3547 1656 3608 offerre

117 3640 325 3701 homini
346 3650 594 3715 vocatO,
630 3646 692 3703 et
720 3642 782 3701 in
804 3647 1106 3722 potestate
1127 3642 1263 3721 ejus
1283 3640 1658 3701 constituere

118 3734 390 3813 quidquid
419 3736 502 3796 ad
531 3734 871 3795 volendum
907 3739 968 3795 et
997 3733 1514 3795 consentiendum
1545 3749 1658 3791 ne-

119 3828 430 3887 cessarium
473 3834 596 3889 est.
645 3828 803 3889 Nam
842 3845 985 3887 cum
1018 3834 1284 3906 utraque
1323 3826 1424 3887 illa
1458 3824 1655 3906 gratia

119 3919 364 3981 excitans
383 3926 443 3981 et
469 3920 802 4000 adjuvans,
825 3920 1004 3999 juxta
1029 3920 1376 3981 doctrinam
1401 3916 1652 3979 Concilii

116 4010 448 4086 Tridentini,
482 4014 563 4075 sit
595 4013 974 4087 necessaria,
1017 4011 1284 4091 exempli
1316 4029 1526 4086 eausa,
1572 4010 1652 4071 ad

117 4104 354 4179 primam
397 4108 790 4169 voluntatem
842 4105 1139 4167 credendi
1189 4122 1302 4165 seu
1348 4104 1652 4183 poeniten-

117 4196 246 4256 tiam
268 4200 514 4278 agendi,
551 4200 601 4260 si
626 4198 822 4260 altera
845 4197 1090 4258 illarum
1111 4197 1452 4277 gratiarum
1475 4196 1651 4256 dees-

119 4294 198 4349 set
221 4291 470 4366 homini,
511 4292 600 4353 ita
638 4298 705 4353 ut
736 4290 908 4351 nullo
938 4290 1127 4351 modo
1158 4295 1321 4350 esset
1349 4288 1413 4349 in
1444 4292 1652 4367 potes-

119 4386 224 4443 tate
261 4383 390 4463 ejus
418 4385 656 4446 hahere
688 4384 880 4457 illam,
915 4382 1275 4462 simpliciter
1301 4400 1428 4441 non
1457 4382 1652 4441 habe-

119 4478 197 4533 ret
221 4483 586 4553 potestatem
610 4477 859 4538 volendi
889 4476 1170 4553 credere,
1198 4473 1654 4555 poenitentiam-

117 4584 182 4627 ve
219 4571 455 4649 agendi,
491 4588 612 4632 nec
655 4570 957 4631 auxilium
998 4570 1080 4631 ad
1120 4570 1236 4630 hos
1274 4572 1447 4629 actus
1486 4567 1652 4627 suffi-

119 4658 288 4721 ciens,
339 4664 518 4726 Unde
564 4664 665 4725 ille
715 4664 904 4725 homo
949 4663 1171 4725 merito
1216 4666 1432 4741 posset
1475 4660 1652 4721 alteri

121 4752 368 4817 tribuere
413 4757 606 4837 quod,
647 4764 904 4819 vocatus
937 4774 1080 4817 cum
1126 4762 1310 4827 esset,
1355 4754 1488 4834 ipse
1526 4772 1653 4814 non

121 4848 369 4923 venerit3
410 4850 466 4911 ei
498 4850 802 4930 (inquam)
829 4854 1040 4929 posset
1066 4847 1364 4921 tribuere,
1409 4846 1516 4925 qui
1543 4865 1654 4907 ne-

122 4940 268 5013 gaxit
289 4943 488 5021 majus
515 4941 769 5022 aliquod
797 4942 1093 5003 auxilium
1126 4939 1548 5001 necessarium
1575 4938 1656 5000 ad

119 5031 496 5109 veniendum,
531 5042 592 5097 et
616 5036 854 5096 nullam
884 5035 1050 5095 viam
1078 5034 1177 5095 vel
1206 5032 1466 5093 modum
1497 5031 1655 5093 ohti-

124 5124 288 5185 nendi
317 5128 436 5189 tale
477 5128 776 5200 auxilium
817 5129 882 5189 in
925 5128 1063 5209 ejus
1107 5125 1362 5187 arbitrio
1405 5144 1517 5186 seu
1547 5143 1654 5185 vo·-

123 5210 334 5279 luntate
361 5220 695 5283 constituit.

197 5398 210 5431 ¹
251 5398 564 5461 Tractatur
589 5400 710 5462 hoc
735 5399 858 5461 late
887 5398 997 5461 lib.
1032 5400 1094 5475 3,
1130 5418 1184 5461 c.
1221 5400 1280 5460 6.

194 5486 218 5523 ²
256 5490 376 5551 Lib.
409 5494 486 5555 83
517 5494 770 5570 Quaest.,
802 5510 864 5573 q.
897 5495 1000 5555 68.

414 5612 496 5663 11.

1748 757 2104 818 necessaria
2152 758 2253 830 sit,
2298 763 2367 818 ut
2405 758 2648 821 vocatio
2699 757 2778 818 sit
2819 757 3135 818 sufficiens
3186 777 3313 821 non

1748 851 1898 912 satis
1952 857 2047 912 est
2096 853 2366 934 exterior
2413 851 2719 924 doctrina,
2780 851 2890 912 sed
2935 858 3180 932 oportet
3224 859 3315 927 ut,

1745 943 2063 1006 mediante
2090 944 2221 1016 illa,
2252 944 2353 1006 vel
2379 944 2695 1006 interdum
2729 945 2865 1006 sine
2891 945 3018 1017 illa,
3056 946 3317 1025 Spiritus

1746 1037 2011 1099 Sanctus
2040 1037 2299 1098 interius
2329 1044 2625 1118 operetur
2645 1083 2662 1112 ,
2706 1045 2768 1099 et
2794 1039 3117 1100 hominem
3149 1039 3314 1100 exci-

1744 1135 1856 1206 tet,
1902 1147 2143 1208 suoque
2184 1130 2373 1191 modo
2417 1129 2639 1192 doceat
2683 1134 2745 1192 et
2787 1131 2999 1203 vocet;
3042 1149 3313 1212 cumque

1746 1228 1888 1284 ante
1919 1224 2083 1284 hanc
2112 1222 2505 1284 vocationem
2538 1224 2688 1284 nibil
2724 1224 2919 1304 possit
2948 1223 3135 1285 homo
3166 1245 3315 1306 ope-

1744 1315 1870 1375 rari
1900 1314 2229 1377 conferens
2256 1314 2339 1376 ad
2366 1333 2549 1376 suam
2579 1317 2848 1378 salutem
2869 1361 2891 1393 ,
2934 1317 2983 1376 si
3010 1317 3175 1378 Deus
3201 1319 3314 1380 da-

1745 1414 1842 1468 ret
1870 1408 2245 1469 exteriorem
2272 1409 2690 1484 vocationem,
2726 1414 2789 1470 et
2814 1409 3172 1472 interiorem
3201 1429 3314 1474 ne·-

1744 1504 1941 1578 garet‚
1983 1518 2111 1560 non
2136 1509 2391 1562 vocaret
2419 1501 2799 1562 sufficienter
2826 1521 2840 1574 ;
2878 1521 3006 1563 non
3037 1509 3131 1563 est
3158 1522 3311 1584 ergo

1742 1593 1986 1653 vocatio
2018 1592 2359 1666 sufficiens,
2398 1593 2600 1655 donec
2642 1593 2903 1655 interior
2942 1601 3144 1656 tactus
3176 1595 3310 1675 Spi-

1743 1685 1897 1746 ritus
1943 1687 2155 1748 Sancti
2198 1687 2566 1762 intercedat,
2612 1689 2717 1766 qui
2762 1688 2826 1748 in
2870 1707 2943 1749 eo
2986 1707 3219 1769 genere
3250 1696 3312 1751 et

1744 1778 1964 1839 ordine
2000 1780 2214 1858 gratiae
2252 1779 2577 1840 excitantis
2609 1781 2687 1841 sit
2728 1781 3042 1843 sufficiens
3085 1783 3165 1843 ad
3206 1783 3311 1843 ali-

1743 1869 1895 1948 quid
1939 1869 2133 1932 libere
2181 1875 2242 1932 et
2286 1874 2847 1952 supernaturaliter
2891 1875 3305 1954 operandum.

1742 1964 1945 2043 Atque
1991 1965 2109 2024 hoc
2152 1964 2341 2027 modo
2388 1964 2653 2026 dicimus
2694 1965 3087 2028 vocationem
3140 1969 3312 2030 suffi-

1739 2056 2011 2118 cientem
2051 2057 2373 2120 includere
2423 2075 2678 2120 omnem
2726 2057 2991 2140 gratiam
3038 2062 3312 2124 excitan-

1737 2154 1866 2210 tem
1923 2150 2283 2212 interiorem
2342 2151 2703 2232 simpliciter
2758 2154 3179 2215 necessariam
3230 2155 3311 2216 ad

1738 2243 2098 2305 volendum.

1819 2339 1918 2397 41.
1966 2339 2203 2399 Rursus
2243 2356 2320 2398 ex
2362 2345 2539 2418 parte
2582 2339 2797 2420 gratiae
2829 2339 3182 2420 adjuvantis
3214 2341 3311 2402 in-

1738 2430 1929 2510 telligi
1964 2436 2169 2510 potest
2198 2432 2622 2492 necessarium
2644 2479 2659 2506 ,
2700 2433 2799 2494 vel
2843 2433 3097 2512 aliquod
3132 2435 3310 2495 auxi-

1738 2523 1912 2597 lium,
1944 2523 2113 2604 quod
2141 2524 2217 2584 sit
2242 2543 2352 2604 per
2380 2525 2639 2585 modum
2662 2526 2951 2605 principii
2987 2525 3085 2586 vel
3122 2531 3307 2587 actus

1737 2616 1943 2694 primi,
1975 2635 2088 2676 seu
2112 2617 2280 2695 quod
2306 2636 2419 2696 per
2444 2617 2700 2677 modum
2726 2625 2902 2680 actus
2926 2619 3110 2699 primi
3135 2638 3307 2681 com-

1737 2716 1992 2788 paretur
2018 2710 2101 2770 ad
2125 2709 2392 2770 liberum
2419 2728 2795 2771 consensum
2818 2712 3175 2788 voluntatiS,
3208 2713 3308 2773 vel

1739 2807 1941 2880 potest
1996 2801 2260 2881 intelligi
2313 2803 2607 2880 ipsemet,
2648 2822 2989 2866 concursus
3045 2806 3306 2866 actualis

1738 2895 1872 2968 Dei,
1905 2895 2012 2973 qui
2053 2895 2445 2955 necessarius
2482 2889 2803 2957 est'etialn
2835 2897 2917 2958 ad
2945 2895 3139 2978 opera
3168 2919 3308 2978 gra·

1738 2986 1862 3060 tiae,
1899 2993 1960 3047 et
1986 2987 2494 3067 proportionatus
2526 3006 2667 3049 esse
2691 2988 2880 3051 debet
2917 2990 3067 3069 ipsis
3100 2992 3307 3070 operi-

1736 3079 1874 3153 buS,
1911 3085 1974 3141 et
2002 3079 2287 3159 ejusdem
2316 3079 2549 3142 ordinis
2579 3099 2721 3143 cum
2752 3082 2894 3157 illis,
2927 3089 3116 3163 atque
3146 3084 3305 3147 adeo

1737 3172 2231 3250 supernaturalis
2277 3173 2501 3245 etiam,
2546 3179 2609 3235 et
2644 3176 2973 3255 gratuitus,
3022 3176 3140 3236 sub
3182 3195 3307 3254 qua

1735 3266 1976 3327 ratione
2017 3265 2313 3353 auxilium
2362 3265 2551 3345 etiam
2597 3268 2809 3347 gratiae
2858 3266 2983 3328 dici
3024 3268 3201 3329 solet.
3242 3269 3304 3330 Si

1741 3378 1891 3441 ergo
1938 3358 2016 3420 de
2060 3359 2250 3441 priori
2294 3359 2523 3419 auxilio
2560 3378 2674 3440 per
2714 3362 2975 3422 modum
3016 3362 3305 3442 principii

1738 3453 2093 3533 loquamur,
2126 3471 2386 3514 necesse
2411 3460 2506 3515 est
2528 3460 2597 3514 ut
2615 3456 2858 3516 vocatio
2885 3455 3199 3517 sufficiens
3224 3456 3309 3516 ad

1739 3546 1957 3621 fidem,
1985 3546 2159 3608 verbi
2188 3546 2409 3626 gratia,
2443 3546 2719 3608 includat
2742 3566 2928 3610 omne
2954 3547 3106 3609 illud
3137 3548 3308 3609 auxi-

1738 3638 1931 3713 lium,
1977 3639 2147 3718 quod
2190 3646 2282 3700 est
2331 3640 2757 3701 necessarium
2803 3640 3181 3720 principium
3224 3642 3307 3703 ad

1740 3732 2114 3793 eliciendam
2154 3731 2539 3793 voluntatem
2588 3732 2932 3807 credendi,
2978 3735 3107 3795 sive
3153 3733 3303 3795 illud

1737 3823 2111 3903 principium
2160 3824 2236 3883 sit
2277 3824 2544 3903 ipsamet
2582 3825 2781 3903 gratia
2822 3826 3121 3900 excitanS,
3172 3827 3302 3886 sive

1738 3917 1816 3977 sit
1845 3916 2053 3995 aliqua
2082 3916 2350 3994 qualitas
2378 3932 2779 3994 permanenS,
2826 3923 2935 3978 aut
2968 3917 3300 3989 transiens,

1734 4011 1862 4071 sive
1910 4010 1991 4071 sit
2035 4008 2303 4087 ipsamet
2354 4009 2549 4069 virtus
2605 4007 2814 4069 divina
2865 4011 3145 4089 exposita
3175 4056 3191 4083 ,
3243 4016 3307 4071 et

1733 4103 1912 4183 quasi
1942 4108 2291 4181 prteparata
2317 4101 2396 4162 ad
2414 4102 2767 4181 juvandum
2796 4102 3140 4176 hominem,
3175 4103 3304 4163 sive

1733 4196 2057 4276 quippiam
2102 4194 2273 4255 aliud
2326 4212 2463 4255 esse
2518 4195 2955 4273 excogitetur3
3005 4194 3308 4275 quidquid

1733 4289 1903 4349 enim
1927 4288 2053 4349 tale
2082 4286 2457 4367 principium
2486 4288 2584 4362 sit,
2630 4287 2991 4366 simpliciter
3016 4307 3307 4350 necessa-

1730 4382 1893 4442 rium
1914 4386 2009 4441 est
2029 4387 2099 4441 ut
2125 4380 2316 4440 homo
2340 4380 2504 4442 velle
2526 4375 2747 4461 possit,
2776 4386 2837 4441 et
2861 4378 3109 4441 efficere
3135 4380 3198 4441 id
3226 4381 3308 4442 ad

1734 4473 1914 4553 quod.
1930 4479 2189 4535 vocatur
2213 4492 2229 4547 ;
2260 4472 2372 4534 sed
2398 4473 2451 4533 is
2479 4472 2586 4551 qui
2617 4472 2998 4534 sufficienter
3022 4480 3304 4548 vocatur,

1737 4565 2101 4645 simpliciter
2131 4566 2529 4627 constituitur
2556 4570 2781 4645 potens
2811 4563 2891 4624 ad
2919 4564 3257 4627 volendum
3286 4611 3301 4640 ,

1736 4660 1890 4720 alias
1934 4677 2063 4719 non
2110 4663 2405 4739 peccaret
2445 4676 2575 4719 non
2622 4657 2935 4731 volend03
2980 4664 3042 4719 et
3080 4659 3306 4720 merito

1733 4758 1979 4832 posset,
2017 4770 2147 4813 non
2178 4752 2317 4826 sibi,
2358 4751 2470 4813 sed
2510 4750 2688 4813 alteri
2732 4750 3045 4825 tribuere,
3092 4752 3143 4811 si
3182 4770 3311 4813 non

1734 4846 2272 4919 veniretvocatuS,
2302 4844 2595 4925 quianon
2613 4861 2690 4904 ex
2713 4844 3057 4917 voluntate,
3084 4844 3195 4905 sed
3232 4863 3308 4906 ex

1736 4939 2100 5018 impotentia
2147 4957 2275 4998 non
2311 4938 2575 4998 veniret.
2611 4936 2805 5011 Sicut,
2841 4936 2892 4997 si
2914 4936 3153 4997 homini
3181 4954 3311 4998 non

1736 5032 1993 5092 daretur
2022 5030 2261 5105 lumen,
2292 5029 2392 5091 vel
2420 5029 2663 5109 species
2700 5028 2958 5090 visibilis
2988 5028 3069 5089 ad
3097 5028 3313 5091 viden-

1735 5122 1911 5197 dum,
1944 5141 2071 5182 non
2116 5128 2327 5202 posset
2366 5122 2425 5184 ei
2464 5122 2651 5183 tribui
2680 5122 2852 5202 quod
2880 5140 3011 5183 non
3033 5122 3308 5196 videret3

1735 5214 1880 5295 quia
1907 5215 2149 5295 species
2180 5221 2241 5277 et
2262 5215 2480 5276 lumen
2508 5220 2601 5276 est
2623 5215 3056 5277 necessarium
3087 5215 3312 5294 princi-

1733 5310 1933 5388 pium,
1966 5314 2036 5369 ut
2064 5309 2253 5369 homo
2282 5308 2515 5369 habeat
2545 5308 2907 5387 proximam
2935 5312 2996 5368 et
3030 5307 3307 5386 comple-

1731 5409 1862 5463 tam
1891 5402 2141 5464 videndi
2168 5402 2550 5464 facultatem.
2594 5403 2693 5463 Sic
2721 5402 2932 5481 igitur,
2971 5407 3035 5462 ut
3064 5400 3307 5462 vocatio

1733 5494 1810 5556 sit
1858 5496 2197 5570 sufficiens,
2230 5512 2491 5557 necesse
2524 5499 2619 5555 est
2646 5500 2715 5554 ut
2748 5491 3029 5555 includat
3055 5510 3310 5555 omnem

2900 5598 2981 5659 25
