3850 6225
507 372 586 431 22

504 480 567 536 te
607 478 1077 547 immediatione
1127 485 1450 564 suppositi,
1502 506 1629 547 non
1695 491 1908 547 tamen
1948 487 2070 565 pri-

505 588 699 633 mam.
730 576 967 639 Dicitur
1006 598 1156 658 ergo
1195 596 1384 639 causa
1412 580 1613 657 prima
1648 580 2068 641 immediatius

505 682 876 731 concurrere
916 670 1115 731 solum
1143 671 1227 731 ob
1269 670 1574 749 majorem
1605 671 1739 751 ejus
1765 672 2069 733 excellen-

503 760 654 819 tiam
689 779 762 821 ae
793 762 1188 825 nobilitatem
1219 810 1234 837 ,
1274 765 1872 845 necessitatemque;
1917 784 2067 825 nam

503 858 770 933 utraque
796 856 1036 917 ratione
1066 856 1312 917 videtur
1335 856 1613 917 intimius
1640 878 1776 919 esse
1803 860 1866 919 in
1893 860 2065 919 omni

501 963 570 1005 re
623 952 684 1007 et
731 947 976 1010 effectu,
1009 951 1102 1011 Ad
1148 969 1297 1010 eum
1351 968 1500 1029 ergo
1539 952 2067 1012 modum-dieitur

500 1039 673 1116 prius
709 1047 931 1101 natura
984 1044 1246 1104 influere
1307 1044 1652 1105 secundum
1693 1045 1863 1106 hune
1915 1064 2068 1105 eon-

501 1149 776 1194 cursum.
821 1136 910 1195 De
945 1152 1072 1215 qua
1107 1154 1176 1198 re
1223 1136 1404 1215 plura
1459 1136 1740 1213 inferius,
1785 1156 1925 1217 cap.
1961 1141 2055 1213 11,

501 1224 804 1289 dicemus.

1101 1418 1350 1483 CAPUT
1392 1420 1464 1482 V.

499 1618 604 1678 AN,
635 1620 888 1665 PRAETER
915 1621 1256 1667 coNcnnstm
1293 1622 1396 1666 DEI
1423 1623 1814 1669 IMMEDIATUM
1853 1624 1916 1671 IN
1960 1626 2062 1671 EF-

577 1712 810 1757 FEGTUM
866 1714 945 1759 m·
1001 1714 1302 1760 ACTIONEM
1349 1715 1548 1761 cAUsAE
1606 1717 1880 1763 SECUNDA:
1902 1748 1922 1779 ,
1970 1720 2061 1765 sn·

579 1806 972 1853 NECESSARIUS
1031 1808 1200 1855 ALms
1239 1810 1526 1855 INFLUXUS
1581 1812 1641 1857 m
1697 1812 1874 1857 lrsax
1918 1813 2061 1858 CAU-

578 1900 729 1961 SAM3
760 1902 837 1945 ΕΤ
869 1902 1186 1947 REFERTUR
1215 1903 1547 1949 SENTENTIA
1575 1904 1935 1951 AFHRMANS.

581 2075 636 2133 1.
683 2072 1102 2150 Difficidtatis
1125 2078 1389 2157 punctus
1413 2076 1515 2138 ubi
1539 2075 2059 2140 sitm.—Constat

499 2184 575 2225 ex
615 2164 740 2225 fine
778 2167 996 2245 capitis
1044 2168 1381 2246 superioris
1442 2188 1700 2229 causam
1744 2169 2055 2249 primam,

498 2277 576 2318 ex
609 2258 667 2317 vi
703 2258 868 2319 illius
913 2278 1276 2333 concursuS,
1309 2261 1415 2341 qui
1457 2262 1814 2321 immediate
1845 2262 2057 2321 termi-

495 2357 683 2411 natur
715 2351 796 2412 ad
822 2352 1116 2413 effectum
1142 2354 1345 2433 ipsum
1381 2372 1584 2414 causae
1613 2354 1930 2428 secundae,
1961 2356 2059 2415 ni-

495 2445 582 2505 hil
611 2444 676 2505 in
707 2445 906 2525 ipsam
937 2447 1234 2520 influere,
1263 2448 1705 2526 inquirendum
1736 2448 1921 2526 igitur
1954 2468 2058 2509 su-

495 2546 708 2617 perest
737 2557 841 2614 an,
889 2558 965 2599 ex
1015 2540 1074 2601 vi
1129 2540 1654 2602 subordinationis
1705 2542 2057 2603 essentialis

496 2650 702 2691 causae
738 2634 1030 2693 secunda}
1083 2634 1166 2694 ad
1203 2634 1492 2714 primam,
1539 2636 1932 2696 necessarius
1979 2636 2057 2697 sit

498 2724 656 2785 alius
685 2725 956 2787 influxus
1007 2728 1072 2787 in
1115 2746 1373 2788 eausam
1415 2730 1780 2803 secundam,
1827 2729 1936 2809 qui
1980 2730 2056 2791 sit

495 2819 766 2897 praevius
805 2820 885 2881 ad
914 2820 1207 2883 effectum
1237 2840 1348 2883 seu
1377 2823 1688 2883 actionem
1717 2840 1923 2884 causae
1963 2842 2057 2884 se-

496 2911 716 2972 cundae
737 2932 752 2986 ;
773 2913 918 2973 hinc
949 2914 1116 2973 enim
1142 2920 1409 2992 punctus
1439 2916 1875 2976 controversiae
1901 2934 2055 2995 prae-

497 3006 689 3067 sentis
735 3026 966 3086 magna
1012 3025 1088 3068 ex
1125 3015 1302 3087 parte
1330 3009 1582 3087 pendet.
1616 3010 1697 3073 Ut
1737 3029 1885 3071 vero
1918 3011 2051 3071 sine

495 3100 983 3178 aequivocatione
1023 3101 1150 3163 ulla
1197 3108 1496 3182 punctum
1543 3102 1919 3166 difficultatis
1962 3110 2054 3166 at-

449 3191 458 3201 '
492 3193 832 3272 tingamuS,
858 3213 1143 3274 suppono
1170 3196 1474 3275 imprimis
1500 3215 1628 3257 non
1657 3215 1794 3258 esse
1821 3216 2054 3258 sermo-

495 3303 641 3347 nem
672 3287 752 3347 de
791 3287 898 3349 illo
948 3289 1186 3350 influxu
1215 3308 1418 3350 causae
1455 3290 1666 3371 primae
1721 3291 1786 3350 in
1827 3310 2053 3352 secun-

493 3379 664 3454 dam,
697 3398 820 3460 quo
855 3380 964 3442 dat
1001 3387 1062 3442 et
1089 3388 1414 3443 conservat
1442 3401 1580 3444 esse
1609 3383 1792 3444 illiue.
1820 3385 2053 3446 Omnes

496 3472 666 3532 enim
700 3474 1028 3534 statuimus
1055 3473 1222 3535 hunc
1251 3474 1556 3536 inlluxum
1583 3476 1649 3536 in
1677 3495 1933 3538 causam
1958 3479 2055 3557 ip-

495 3583 632 3625 sam
679 3584 815 3628 esse
870 3569 1225 3630 necessario
1277 3569 1804 3648 supponendum;
1865 3571 2050 3650 quia,

495 3676 613 3720 nec
641 3677 832 3720 causa
863 3660 1138 3722 secunda
1169 3667 1374 3740 potest
1411 3680 1600 3740 agere
1635 3663 1751 3723 nisi
1787 3663 1884 3736 sit,
1936 3683 2054 3726 nec

493 3757 698 3831 potest
731 3771 868 3814 esse
921 3754 1040 3813 nisi
1071 3773 1108 3814 a
1135 3754 1337 3834 prima
1387 3773 1574 3815 causa
1623 3763 2047 3817 conservetur.

493 3845 569 3905 Et
605 3846 846 3908 ratione
897 3846 1085 3926 hujus
1133 3847 1405 3909 influxus
1453 3853 1658 3928 potest
1695 3849 1812 3910 dici
1861 3868 2051 3911 causa

491 3935 692 4014 prima
722 3983 738 4012 ,
799 3957 987 4000 causa
1043 3939 1324 4000 omnium
1367 3941 1702 4002 effectuum
1757 3943 2051 4004 secundae

492 4047 722 4105 causae,
753 4050 881 4092 non
907 4037 1120 4094 tamen
1147 4051 1262 4112 per
1289 4051 1357 4094 se
1385 4053 1459 4095 ac
1483 4035 1756 4114 proprie,
1799 4035 1910 4096 sed
1938 4055 2053 4115 per

491 4123 802 4198 accidens,
836 4132 1074 4187 remote
1115 4133 1178 4187 et
1215 4127 1764 4207 impropriissime,
1812 4127 1890 4190 de
1930 4129 2053 4190 hoc

492 4234 642 4294 ergo
678 4219 984 4280 efficiendi
1016 4219 1204 4280 modo
1234 4239 1361 4282 non
1403 4227 1496 4282 est
1523 4222 1807 4300 quaestio,
1831 4221 1944 4282 sed
1968 4240 2053 4282 an

489 4309 833 4388 quidquam
872 4312 1041 4373 aliud
1073 4313 1550 4392 superaddatur,
1584 4319 1645 4373 et
1675 4313 1753 4374 sit
1791 4313 1912 4374 alia
1947 4331 2052 4376 ac-

487 4401 575 4463 tio
617 4403 728 4464 Dei
777 4405 942 4466 eirca
991 4423 1248 4467 causam
1281 4407 1644 4481 secundam,
1681 4412 1910 4484 praeter
1950 4427 2050 4468 ac-

486 4493 722 4556 tionem
754 4515 878 4576 qua
917 4497 1087 4558 illam
1115 4505 1463 4569 conservat,
1497 4505 1560 4560 et
1593 4500 1903 4562 actionem
1922 4519 2049 4580 qua

485 4589 773 4666 producit
807 4610 949 4652 cum
979 4592 1080 4652 illa
1114 4593 1402 4654 effectum
1425 4593 1582 4672 ejus,

566 4683 626 4745 2.
686 4683 926 4746 Deinde
987 4703 1271 4764 suppono
1331 4704 1470 4746 esse
1541 4702 1896 4746 sermonem
1967 4685 2047 4748 de

486 4793 679 4836 causa
732 4779 1006 4839 secunda
1047 4779 1114 4840 in
1164 4797 1278 4840 suo
1325 4779 1542 4840 ordine
1593 4778 1926 4840 constituta
1982 4779 2047 4839 in

484 4873 626 4928 actu
655 4869 854 4946 primo
904 4871 1246 4934 sufficiente
1293 4871 1376 4932 ad
1413 4871 1754 4951 agendum,
1789 4875 1852 4932 et
1900 4889 2045 4932 cum

483 4961 773 5022 omnibus
830 4964 1287 5026 conditionibus
1359 4964 1672 5043 requisitis
1725 4983 1804 5025 ex
1863 4971 2043 5043 parte

480 5052 746 5114 aliarum
773 5073 1104 5118 causarum
1135 5055 1575 5119 secundarum.
1599 5059 1692 5130 Et,
1719 5059 1788 5117 ut
1816 5058 2043 5118 clarius

479 5146 920 5222 procedamus,
961 5149 1296 5228 loquamur
1323 5150 1402 5211 de
1426 5151 1746 5211 voluntate
1775 5150 1841 5209 in
1877 5149 2045 5211 ordi-

480 5257 560 5298 ne
587 5237 668 5298 ad
698 5241 1006 5302 actionem
1036 5243 1589 5322 proportionatam,
1613 5243 1695 5303 ad
1717 5259 1907 5322 quam
1932 5245 2043 5304 ha-

477 5329 586 5392 bet
609 5330 736 5390 vim
762 5335 1082 5413 propriam
1109 5355 1182 5397 ae
1210 5339 1710 5416 permanentem,
1745 5341 1806 5396 et
1834 5336 1898 5395 in
1923 5353 2038 5396 suo

1250 382 1461 436 Ol‘L'SC.
1498 384 1536 447 Ι,
1577 385 1692 438 Lm.
1735 391 1771 441 1.
1808 388 1888 439 DE
1922 385 2243 438 CONCURSU
2278 388 2379 439 DEl
2414 386 2539 439 CUM
2572 387 2963 440 voLUNTA‘rE.

2152 485 2431 562 aliunde,
2470 492 2539 547 ut
2586 488 2747 547 actio
2795 486 2973 565 sequi
3016 486 3234 565 possit,
3273 494 3459 566 prout
3495 488 3575 550 de
3606 508 3721 550 ae-

2148 578 2423 639 tionibus
2453 579 3031 659 supernaturalibus
3072 580 3229 641 infra
3259 581 3569 653 dicemus;
3608 583 3715 643 illa

2148 691 2298 734 vero
2339 674 2679 735 necessitas
2720 680 2869 734 tune
2906 692 3033 733 non
3066 680 3158 734 est
3210 692 3285 734 ex
3342 675 3721 735 subordina-

2148 767 2319 827 tione
2358 767 2671 827 essentiali
2700 784 2906 827 eausae
2954 766 3247 828 seeundae
3298 767 3379 827 ad
3411 768 3715 847 primam,

2148 878 2337 939 quam
2367 860 2467 921 hic
2503 859 3005 933 consideramus;
3042 859 3153 920 sed
3200 878 3278 920 ex
3308 860 3563 939 speciali
3604 861 3719 921 dc-

2146 952 2313 1015 fectu
2363 962 2425 1015 et
2471 953 2813 1032 indigentia
2852 952 2991 1015 talis
3030 971 3235 1013 causae
3274 953 3563 1014 secundae
3614 973 3719 1014 re-

2148 1054 2361 1126 spectu
2386 1047 2526 1109 talis
2554 1047 2837 1107 aetionis.
2866 1046 3158 1105 Similiter
3176 1046 3589 1125 supponenda
3616 1053 3721 1107 est

2143 1141 2432 1202 voluntas
2462 1140 2705 1205 habens
2754 1140 3071 1219 objectum
3121 1140 3270 1200 satis
3316 1142 3717 1219 propositum

2144 1253 2258 1314 per
2284 1234 2702 1306 intellectum;
2748 1234 2918 1312 quia,
2974 1234 3023 1293 si
3062 1233 3183 1295 hoc
3216 1233 3412 1307 desit,
3464 1234 3717 1295 clarum

2144 1336 2239 1389 est
2276 1327 2699 1390 neeessariam
2730 1346 2867 1389 esse
2898 1328 3174 1407 aliquam
3212 1327 3520 1389 actionem
3547 1348 3721 1407 prze-

2140 1421 2330 1494 viam,
2367 1441 2491 1501 qua
2539 1422 2852 1500 objectum
2882 1420 3250 1500 applicetur,
3280 1420 3456 1499 cujus
3488 1428 3723 1481 auctor

2144 1516 2262 1575 erit
2307 1517 2499 1589 Deus,
2548 1515 2648 1573 vel
2702 1520 2771 1574 ut
2822 1514 3025 1594 prima
3080 1534 3271 1575 causa
3327 1534 3721 1577 concurrens

2143 1628 2285 1670 cum
2326 1608 2462 1669 aliis
2508 1608 2797 1669 secundis
2834 1607 3060 1680 causiS,
3106 1627 3142 1669 a
3183 1608 3408 1686 quibus
3448 1610 3554 1670 illa
3594 1630 3719 1687 ap-

2144 1702 2393 1781 plicatio
2438 1708 2499 1762 et
2532 1702 2951 1780 apprehensio
2996 1701 3221 1781 objecti
3266 1702 3551 1772 efficitur,
3606 1704 3717 1763 vel

2141 1800 2211 1853 ut
2242 1813 2430 1853 eausa
2464 1794 2748 1872 specialis
2777 1794 3081 1865 tribuens,
3104 1795 3202 1855 vel
3230 1795 3507 1856 efficiens
3533 1796 3717 1857 illam

2142 1886 2369 1966 objecti
2399 1888 2911 1967 applicationem;
2946 1889 3068 1949 hoc
3104 1888 3273 1949 enim
3296 1888 3475 1950 facile
3500 1896 3717 1970 potest

2138 1978 2346 2041 facere
2392 1980 2555 2040 Deus
2588 2026 2603 2053 ‚
2668 1980 2813 2041 licet
2868 1980 3228 2059 simpliciter
3276 1984 3715 2043 necessarium

2138 2092 2266 2133 non
2295 2074 2391 2136 sit.
2434 2076 2672 2153 Itaque,
2714 2076 3048 2155 suppositis
3088 2076 3187 2135 his
3218 2076 3531 2149 omnibus,
3564 2096 3715 2156 quae

2140 2184 2217 2227 ex
2264 2170 2439 2245 parte
2490 2186 2822 2227 causarum
2874 2168 3291 2229 secundarum
3342 2170 3713 2231 necessaria

2140 2278 2277 2320 esse
2305 2267 2585 2339 possunt,
2622 2262 2876 2339 quaestio
2910 2270 3004 2323 est
3032 2282 3136 2333 an,
3170 2268 3239 2323 ut
3276 2262 3567 2323 voluntas
3600 2282 3716 2323 ve-

2138 2354 2209 2414 lit
2237 2354 2361 2414 tale
2388 2355 2725 2433 objectum,
2760 2355 2839 2417 sit
2879 2355 3115 2434 aliquid
3157 2356 3459 2436 praevium
3486 2374 3715 2416 neees-

2139 2448 2373 2507 sarium
2404 2466 2479 2507 ex
2508 2452 2684 2525 parte
2706 2448 2815 2507 Dei
2844 2466 2968 2527 quo
2997 2448 3167 2525 illam
3194 2467 3449 2509 causam
3480 2467 3711 2509 seeun-

2136 2539 2281 2599 dam
2326 2539 2534 2619 aliquo
2576 2540 2764 2601 modo
2804 2547 3088 2615 moveat,
3138 2548 3199 2603 et
3254 2542 3335 2601 ad
3378 2543 3709 2621 agendum

2139 2632 2428 2712 applicet,
2486 2634 2583 2693 vel
2630 2633 3039 2707 determinem
3086 2634 3188 2695 vel
3242 2634 3392 2695 satis
3432 2636 3511 2695 sit
3548 2653 3713 2695 con-

2137 2743 2357 2787 cursus
2414 2746 2447 2788 a
2498 2727 2678 2789 nobis
2726 2728 3069 2807 explicatus
3133 2728 3199 2787 in
3244 2727 3555 2791 actionem
3606 2729 3713 2807 ip-

2138 2837 2294 2880 sam.

2544 2934 2949 3011 Quorumdam
2966 2937 3305 3021 placitum:

2216 3098 2275 3159 3.
2320 3094 2668 3177 Dupliciter
2710 3096 3030 3160 secundum
3064 3115 3248 3180 aym-s
3287 3117 3327 3162 a
3352 3097 3555 3180 primo
3582 3117 3713 3180 po-

2136 3195 2254 3254 test
2298 3189 2841 3271 proedeterminari.
2864 3222 2946 3238 -
2995 3191 3103 3252 Est
3147 3191 3334 3272 igitur
3386 3193 3713 3252 sententia

2134 3283 2425 3363 quaedam
2464 3283 2783 3344 affirmans
2816 3283 3242 3345 necessarium
3278 3303 3417 3345 esse
3461 3285 3717 3362 aliquid

2132 3377 2427 3460 praevium
2476 3378 2545 3436 in
2595 3377 2795 3456 ipsam
2846 3395 3102 3440 causam
3144 3378 3507 3439 secundam.
3542 3378 3713 3450 Quae

2133 3471 2441 3533 sententia
2471 3477 2542 3532 ut
2569 3488 2697 3530 una
2732 3470 2889 3532 solet
2930 3469 3147 3532 referri
3194 3478 3256 3532 et
3282 3473 3565 3543 tractari;
3608 3477 3717 3531 ta-

2133 3583 2281 3627 men
2306 3581 2527 3624 revera
2564 3569 2659 3625 est
2687 3562 2947 3642 duplex3
2984 3570 3044 3624 et
3070 3565 3237 3640 ide0,
3263 3572 3331 3626 ut
3353 3565 3548 3645 possit
3566 3583 3717 3624 me-

2132 3658 2253 3718 lius
2280 3656 2511 3718 veritas
2546 3658 2911 3730 examinari,
2944 3657 3385 3738 distinguenda
3428 3677 3465 3718 a
3512 3657 3715 3718 nobis

2135 3757 2249 3812 est.
2281 3751 2535 3811 Duobus
2574 3769 2725 3830 ergo
2757 3750 2962 3812 modis
2996 3752 3257 3831 intelligi
3288 3758 3511 3831 potest,
3546 3771 3715 3812 cau-

2133 3862 2268 3905 sam
2298 3843 2559 3924 primam
2584 3861 2862 3918 movere,
2890 3863 3005 3905 seu
3032 3844 3449 3905 determinare
3475 3862 3715 3906 secun-

2136 3938 2303 3999 dam.
2342 3938 2574 4012 Prim0,
2615 3954 2730 4016 per
2758 3955 2972 3998 veram
3014 3939 3325 3999 actionem
3361 3938 3427 3998 in
3454 3940 3707 4018 ipsam,

2133 4029 2549 4111 imprimendo
2586 4030 2643 4090 ei
2684 4029 2917 4109 aliquid
2946 4049 3070 4110 quo
3104 4031 3446 4092 formaliter
3484 4031 3711 4092 deter-

2133 4124 2407 4185 minetur
2444 4121 2525 4184 ad
2560 4121 2751 4184 talem
2794 4123 3142 4197 actionem;
3178 4123 3335 4186 sicut
3374 4124 3531 4204 lapis
3579 4143 3713 4203 per

2133 4217 2509 4296 impressum
2551 4217 2858 4294 impetum
2904 4215 2987 4276 ad
3016 4223 3257 4277 motum
3288 4235 3537 4278 sursum
3582 4217 3711 4278 de—

2132 4309 2519 4370 terminatur.
2554 4307 2865 4380 Secunde,
2895 4327 3011 4388 per
3041 4308 3237 4371 solam
3278 4309 3709 4370 extrinsecam

2130 4402 2475 4463 motionem
2515 4401 2693 4482 quasi
2734 4401 3107 4477 effectivam,
3150 4403 3214 4464 id
3253 4408 3369 4477 est,
3402 4422 3531 4464 non
3578 4423 3711 4484 per

2129 4495 2607 4574 impressionem
2641 4495 2905 4576 alicujus
2928 4496 3019 4556 rei
3046 4495 3317 4574 praeviae,
3346 4497 3458 4558 sed
3486 4498 3705 4558 solum

2126 4607 2241 4667 per
2268 4587 2747 4649 antecedentem
2774 4593 2983 4648 actum
3006 4589 3321 4650 efficacem
3353 4589 3705 4652 voluntatis

2127 4681 2379 4754 divinae,
2412 4699 2535 4760 quo
2574 4681 2706 4742 vult
2748 4699 3005 4742 causam
3042 4683 3385 4744 secundam
3430 4690 3540 4745 aut
3578 4703 3703 4744 vo—

2126 4773 2429 4834 luntatem
2462 4774 2805 4835 humanam
2834 4791 3045 4853 agere,
3076 4775 3156 4836 ad
3194 4793 3385 4853 quam
3416 4777 3529 4838 Dei
3574 4795 3701 4837 vo-

2124 4845 2635 4929 litionem⁰statim
2655 4867 2937 4946 sequitur
2958 4868 3117 4930 actio
3138 4887 3343 4929 eausae
3367 4869 3691 4943 secundae,

2126 4977 2255 5020 non
2282 4967 2538 5042 propter
2565 4979 2700 5022 rem
2722 4961 2997 5040 aliquam
3021 4963 3319 5040 praeviam
3344 4963 3399 5026 ei
3427 4963 3699 5044 impres-

2126 5073 2286 5128 sam,
2305 5055 2416 5116 sed
2428 5061 2683 5134 propter
2703 5055 3052 5116 naturalem
3080 5055 3691 5134 subordinationem,

2126 5152 2189 5208 et
2216 5148 2393 5226 quasi
2423 5147 2841 5227 sympathiam
2869 5149 3096 5208 harum
3122 5167 3475 5211 causarum.
3514 5151 3693 5213 Sicut

2124 5241 2205 5301 ad
2255 5246 2474 5300 nutum
2528 5245 2755 5301 nostrae
2808 5241 3143 5302 voluntatis
3197 5249 3485 5303 movetur
3538 5243 3693 5304 bra-

2121 5333 2333 5395 chium
2368 5339 2477 5394 ant
2513 5351 2647 5413 pes,
2676 5339 2739 5394 et
2756 5333 3035 5413 potent-ia
3062 5333 3295 5396 motiva
3316 5335 3589 5397 existens
3620 5338 3683 5398 in

477 5440 710 5500 genere
768 5427 1211 5502 sufficientem3
1264 5447 1412 5490 nam
1464 5429 1513 5489 si
1573 5429 1733 5490 actio
1776 5427 2039 5490 excedat
2118 5425 2217 5487 his
2245 5425 2543 5486 membris
2587 5426 2775 5486 efficit
2809 5426 2986 5488 illum
3040 5433 3302 5501 motum,
3350 5447 3482 5490 non
3532 5429 3681 5508 quia

473 5515 601 5576 vim
657 5517 924 5580 activam
963 5527 1290 5595 creaturae,
1354 5521 1458 5582 illa
1517 5521 1868 5602 supplenda
1915 5521 2035 5584 erit
2116 5519 2351 5599 aliquid
2402 5519 2704 5598 praevium
2752 5537 2868 5598 per
2918 5537 3061 5582 eam
3086 5521 3445 5582 volitionem
3488 5522 3555 5582 in
3604 5543 3679 5586 ea
