3850 6225
808 405 1347 460 CAP.v1.cAUSAM
1380 405 1615 458 Palm
1644 405 1815 458 mnu.
1844 405 2224 460 NECEssAmo
2255 405 2578 466 mFLtJERE,
2613 404 2749 458 mc.

168 505 423 567 difficile
471 506 551 569 sit
593 525 733 570 eam
776 509 1149 570 sententiam
1210 510 1557 590 intelligere
1600 509 1763 570 abs-

168 617 297 678 que
328 600 983 677 praedetcrminafione
1016 603 1116 664 vel
1146 603 1577 682 praefinitione.
1613 601 1739 663 Sed

168 710 341 752 nunc
372 692 456 753 1111
486 701 703 755 nostra
736 696 855 756 hoc
889 694 1101 770 refert,
1139 697 1415 776 satisque
1470 702 1565 757 est
1604 695 1736 756 fere

168 786 419 846 nullum
457 793 777 848 auctorem
806 789 1137 868 antiquum
1164 791 1437 870 aliquem
1475 787 1735 849 modum

166 877 399 940 harum
425 880 1149 960 praedeterminatiouum
1170 901 1463 963 expresse
1494 881 1737 943 docuis-

172 990 266 1031 se.
296 972 531 1044 Quibus
556 978 769 1036 autem
794 975 1243 1054 apparentibus
1264 975 1609 1037 rationibus
1633 973 1736 1036 hic

166 1065 401 1126 modus
446 1067 1109 1146 pra-,determinationis
1159 1087 1274 1149 per
1324 1070 1735 1132 extrinsecam

166 1160 283 1220 Dei
344 1163 729 1224 voluntatem
790 1163 1041 1224 fundari
1094 1164 1331 1244 possit,
1387 1164 1738 1226 videbimus

165 1260 413 1332 postea,
460 1256 645 1336 eique
686 1257 875 1319 simul
899 1257 1376 1320 satisfaciemus.

745 1495 999 1560 CAPUT
1041 1497 1164 1559 vl:

165 1720 407 1768 ausu
446 1721 679 1767 PRIMA!
718 1723 883 1769 unm.
930 1723 1291 1770 NsscnssAluo
1346 1725 1635 1774 munzun·
1676 1727 1740 1774 m

251 1813 587 1874 smmffmn,
624 1815 705 1860 Ex
742 1817 811 1861 vl
850 1816 1371 1865 sunonmnuloxls
1411 1819 1737 1866 Essnu'ru-

250 1908 339 1954 us
377 1909 585 1954 CAUSAE
637 1909 939 1970 smmis,
973 1911 1055 1957 Al)
1101 1911 1335 1960 riuum
1392 1913 1505 1966 Quo
1552 1913 1733 1960 ILLAM

248 2000 333 2046 Al)
358 2000 645 2048 Amisum(
664 2001 879 2050 JUVBT.

254 2191 311 2249 1.
360 2187 659 2260 Quamvis
702 2188 1011 2251 sententia
1054 2189 1358 2271 superiori
1400 2190 1601 2269 capite
1628 2209 1735 2253 ex-

164 2281 393 2360 posita,
424 2299 553 2342 non
584 2282 753 2342 omni
796 2301 874 2343 ex
910 2288 1087 2362 parte
1130 2282 1212 2343 ad
1241 2283 1592 2344 institutum
1620 2303 1735 2346 no-

164 2378 371 2435 strum
414 2381 477 2436 et
530 2373 611 2435 ad
658 2375 1103 2456 Theologicam
1146 2376 1497 2438 doctrinam
1547 2378 1735 2456 perti·

164 2485 323 2528 nere
352 2467 659 2540 videatur,
690 2468 1095 2530 nihilominus
1136 2475 1374 2543 tamen,
1402 2475 1473 2530 ut
1511 2471 1739 2532 radici-

166 2567 273 2621 tus
304 2560 631 2636 evellatur,
665 2561 748 2621 ah
774 2562 923 2642 ipsis
947 2561 1395 2642 philosophicis
1420 2562 1737 2644 principiis

165 2653 477 2715 sumenda
504 2673 607 2716 res
634 2657 750 2716 est.

268 2746 647 2813 Voluntatem
700 2747 783 2810 ad
824 2753 1027 2812 actm
1067 2747 1321 2811 liberum
1360 2748 1527 2812 nullo
1570 2768 1737 2832 prceb

165 2842 267 2904 tio
302 2845 533 2923 proeter
558 2842 821 2923 quietam
848 2846 1409 2924 maestumque
1447 2843 1735 2907 virtutem

166 2935 459 3015 imiimi-e,
494 2935 811 3016 probatur.
840 2966 922 2982 --
972 2934 1241 3018 Leyatm·
1288 2934 1471 3000 θεῶν.
1484 2981 1499 3010 ,
1548 2935 1616 2998 in
1672 2939 1729 3010 1,

170 3028 317 3089 dist.
362 3029 463 3100 45,
492 3033 551 3091 ot
576 3028 645 3090 in
668 3030 732 3101 2,
764 3029 910 3092 dist.
947 3031 1005 3102 1,
1036 3032 1250 3108 qwst.
1281 3029 1347 3102 2,
1376 3033 1435 3092 et
1461 3028 1605 3092 dist.
1626 3031 1729 3105 373

168 3122 425 3204 AE'qid„
454 3123 523 3184 in
548 3124 611 3197 2,
642 3124 787 3187 dist.
822 3126 878 3197 1,
900 3126 1115 3204 quer-st.
1149 3124 1207 3197 2,
1228 3126 1350 3185 art.
1383 3122 1445 3196 6,
1470 3128 1529 3185 et
1557 3124 1736 3186 dees-

164 3232 233 3276 se
263 3220 323 3278 et
353 3216 633 3291 1133611ιί0,
662 3222 875 3297 quoest.
908 3218 974 3288 ις
999 3214 1303 3286 Αληκιὶπ.,
1344 3216 1446 3279 tit.
1479 3218 1507 3275 1
1538 3216 1731 3291 Mor„

166 3326 305 3390 cap.
342 3312 369 3368 1
390 3328 408 3383 ;
432 3306 711 3373 Andreas
740 3310 811 3373 de
840 3308 1227 3383 Casto-anona,
1263 3307 1329 3371 in
1368 3311 1425 3383 1,
1450 3308 1595 3372 dist.
1625 3312 1729 3383 22,

160 3420 279 3483 per
323 3402 536 3482 plures
595 3408 811 3485 quoest.
846 3434 931 3451 -
972 3400 1257 3484 Cajaetani
1300 3403 1730 3467 testimonium.

172 3526 254 3541 —
298 3496 607 3575 Principio
663 3514 817 3578 ergo
860 3514 939 3559 ex
978 3496 1255 3577 generali
1302 3496 1545 3557 ratione
1589 3514 1737 3557 cau-

171 3606 257 3648 sae
286 3588 605 3662 secundae,
638 3588 1096 3651 ostendendum
1122 3608 1159 3649 a
1187 3588 1369 3649 nobis
1398 3588 1737 3649 6311101011-

168 3686 367 3743 tatem
393 3680 685 3755 liberam,
710 3682 793 3743 ad
834 3699 1019 3743 suum
1060 3688 1271 3744 actum
1310 3680 1579 3743 liberum
1608 3682 1737 3743 effi-

169 3774 489 3849 ciendum,
522 3793 651 3837 non
681 3774 963 3857 indigere
1011 3774 1263 3859 speciali
1309 3775 1548 3835 influxu
1596 3775 1731 3849 Dei,

168 3868 461 3929 distincto
496 3868 579 3929 ab
602 3867 737 3948 ipso
764 3876 905 3931 actu
936 3886 1049 3931 seu
1076 3870 1321 3931 actione
1346 3886 1483 3943 sua,
1516 3886 1639 3947 quo
1676 3868 1734 3929 ei

168 3962 409 4041 aliquid
432 3961 515 4022 ad
546 3963 857 4025 actionem
883 3963 1181 4042 praevium
1211 3962 1586 4033 conferatur,
1614 3962 1735 4023 dis-

168 4056 433 4116 tinctum
472 4055 663 4117 etiam
704 4056 787 4118 ab
828 4056 965 4137 ejus
994 4057 1221 4118 virtute
1248 4056 1447 4117 activa
1486 4074 1737 4135 perma-

170 4154 387 4223 nente,
430 4150 698 4212 naturali
734 4150 835 4212 vel
872 4150 1100 4211 infusa.
1148 4150 1221 4211 Et
1274 4149 1529 4229 quidem
1572 4150 1734 4211 hanc

172 4262 313 4305 esse
346 4244 719 4307 sententiam
748 4244 937 4317 Scoti,
968 4250 1030 4306 et
1065 4247 1385 4323 receptam
1410 4244 1477 4305 in
1520 4244 1734 4305 3011016

173 4336 315 4416 ejus
333 4381 349 4409 ,
404 4337 555 4399 satis
600 4336 1037 4399 demonstrant
1092 4354 1233 4417 quae
1288 4338 1353 4398 in
1404 4337 1731 4417 posteriori

172 4434 352 4507 parte
384 4429 791 4507 praecedentis
818 4429 1037 4509 capitis
1064 4430 1354 4491 diximus·
1384 4430 1563 4502 Quod
1582 4447 1735 4491 vero

170 4522 253 4583 sit
308 4523 659 4584 communis
720 4522 985 4585 aliorum
1043 4524 1505 4603 Theologomm
1562 4528 1737 4585 extra

168 4614 455 4675 scholam
500 4616 575 4676 D.
622 4616 903 4690 Thomae,
949 4622 1197 4679 constat
1248 4623 1465 4697 aperte
1514 4634 1593 4679 ex
1632 4616 1737 4695 ‚his

168 4726 311 4789 quae
338 4707 419 4769 de
460 4726 771 4771 concursu
797 4710 1016 4789 primae
1054 4728 1259 4771 causae
1300 4710 1552 4783 docent,
1596 4727 1739 4790 quae

168 4800 563 4863 commodius
602 4802 939 4866 afferemus
966 4802 1149 4878 infra,
1184 4821 1323 4883 cap.
1358 4805 1457 4864 14.
1500 4804 1737 4865 Rursus

168 4914 249 4956 ex
278 4895 637 4969 Themistis‚
668 4896 755 4957 ita
784 4898 973 4959 etiam
1010 4896 1298 4959 docuisse
1338 4897 1733 4977 Cajetanum,

167 4994 387 5067 aperte
412 4994 658 5051 constat
680 5006 759 5051 ex
780 4991 985 5069 prima
1012 4996 1217 5071 parte,
1241 4996 1459 5071 quaest.
1488 4992 1587 5063 14,
1610 4992 1728 5050 art.

168 5084 231 5153 3,
278 5088 341 5145 et
386 5086 611 5162 quaest.
645 5085 745 5157 19,
798 5090 914 5146 art.
961 5084 1024 5157 8,
1080 5083 1189 5145 ubi
1240 5089 1515 5147 tractans
1554 5084 1734 5155 ,hanc

164 5176 695 5257 propositionem:
732 5176 933 5239 Causa
972 5177 1252 5240 secunda
1289 5196 1417 5239 nou
1446 5177 1577 5257 agit
1612 5176 1731 5237 nisi

164 5276 336 5331 mota
368 5286 405 5329 0
432 5269 659 5351 prima,
688 5269 1013 5351 distinguit
1050 5270 1129 5333 de
1178 5260 1455 5333 motione
1500 5270 1733 5349 praevia

163 5362 435 5443 propriae
465 5363 715 5437 actioni,
762 5368 873 5424 aut
917 5363 997 5426 de
1040 5364 1319 5425 motione
1352 5366 1729 5444 cooperante

161 5457 503 5519 intrinsece
540 5456 622 5519 ad
658 5456 981 5537 propriam
1027 5457 1371 5531 001101161ος
1422 5463 1485 5519 61
1520 5456 1730 5519 subdit

162 5552 337 5611 illam
362 5549 855 5631 propositionem
876 5566 1007 5611 uon
1036 5568 1175 5613 6336
1200 5568 1419 5613 veram
1451 5550 1531 5613 de
1559 5551 1729 5632 prio-

3299 394 3380 456 25

1817 510 1869 569 ri
1893 508 2196 584 motione,
2223 508 2478 582 scilicet,
2505 505 2761 587 praevia,
2789 503 2903 567 sed
2922 502 3002 567 de
3023 501 3375 583 posteriori,

1818 602 2054 663 scilicet
2091 606 2492 682 cooperante.
2527 599 2704 664 Talis
2747 604 2838 664 est
2885 603 3084 664 autom
3128 594 3379 675 (inquit)

1816 694 2149 778 cooperatio
2169 695 2390 776 primoe
2428 711 2646 768 oausoe,
2673 693 2742 756 de
2767 709 2888 774 qua
2914 689 3213 770 scriptum
3255 693 3372 760 ost,

1814 791 1977 868 quod
1999 789 2255 870 attinyit
2278 807 2318 852 a
2335 790 2460 869 fine
2481 804 2666 868 usquo
2697 788 2780 850 ad
2800 787 2986 864 finem
3012 783 3280 862 sortiter,
3323 786 3382 846 et

1814 880 2082 963 disponit
2123 881 2326 944 omnia
2369 878 2657 954 suaviter,
2701 879 2916 958 juxta,
2965 876 3222 950 scilicet,
3257 892 3386 936 mo-

1816 975 1958 1036 dum
1997 975 2285 1056 cujusque
2307 971 2628 1055 coo'p0ram
2663 970 3002 1053 unicuique.
3036 968 3183 1041 Quae
3205 967 3384 1048 Caje-

1816 1068 1947 1129 tani
1971 1067 2168 1129 verba
2203 1067 2543 1146 plurimum
2579 1064 2856 1126 notanda
2891 1069 3070 1136 sunt3
3103 1079 3233 1124 non
3270 1079 3384 1140 po-

1819 1165 1937 1226 tuit
1959 1165 2130 1226 6111111
2151 1163 2407 1226 brevius
2431 1168 2492 1225 61
2521 1163 2750 1225 clarius
2779 1165 2974 1223 totam
3003 1157 3380 1220 sententiam

1818 1264 2098 1320 nostram
2129 1258 2690 1338 comprehendere,
2721 1262 2783 1319 et
2804 1254 3128 1316 insinuare
3164 1253 3230 1314 in
3253 1269 3380 1332 quo

1816 1351 2118 1412 consistat
2161 1351 2342 1412 fortis
2394 1356 2458 1412 et
2516 1350 2726 1411 suavis
2771 1347 3090 1428 dispositio
3151 1345 3264 1407 Dei
3317 1345 3382 1406 in

1820 1444 2016 1506 nostri
2065 1444 2248 1506 liberi
2283 1443 2521 1505 arbitrii
2557 1444 2866 1516 motione3
2902 1442 3049 1520 quia
3093 1444 3382 1501 auctores

1823 1537 2146 1598 contrariae
2181 1536 2500 1598 sententia}
2545 1537 2697 1599 nihil
2736 1535 3128 1616 frequentius
3168 1533 3235 1594 in
3271 1550 3380 1592 ore

1824 1629 2080 1702 habent,
2125 1631 2294 1708 quod
2339 1631 2498 1692 infra
2548 1631 2920 1703 videbimus,
2970 1646 3110 1706 cap.
3150 1629 3264 1699 11;
3316 1625 3382 1686 10

1827 1724 2052 1786 eadem
2081 1725 2388 1786 sententia
2423 1730 2520 1788 est
2557 1724 2916 1804 Capreolus,
2961 1739 3152 1802 quem
3187 1720 3253 1781 in
3287 1735 3383 1780 se-

1820 1817 2158 1897 quentibus
2188 1835 2334 1878 cum
2361 1817 2498 1878 aliis
2525 1817 2860 1898 Theologis
2889 1816 3172 1878 afferam.

1899 1911 1960 1970 2.
1994 1912 2165 1974 Idem
2193 1911 2260 1973 do
2286 1912 2366 1972 D.
2399 1911 2642 1975 Thomoe
2667 1915 2862 1975 niente
2887 1909 3236 1974 censendum
3279 1925 3383 1971 ao-

1820 2009 2030 2066 curato
2056 2005 2415 2068 ostenditur.
2437 2035 2518 2050 -
2545 2005 2722 2064 Nunc
2763 2021 2912 2064 vero
2959 2002 3147 2064 etiam
3184 2003 3380 2083 ipsius

1812 2098 1888 2157 D.
1929 2097 2184 2157 Thomas
2212 2097 2404 2157 fuisse
2427 2097 2590 2157 hanc
2621 2101 2898 2158 mentem
2917 2100 3107 2176 atque
3126 2100 3383 2156 senten-

1813 2189 1985 2262 tiam,
2023 2189 2110 2251 sic
2141 2189 2405 2252 ostendo
2437 2207 2516 2250 ex
2548 2189 2744 2270 ipsius
2777 2189 3082 2262 doctrina,
3115 2193 3175 2252 1.
3214 2190 3276 2264 2,
3313 2207 3375 2266 q.

1816 2283 1956 2356 109,
1987 2287 2104 2344 art.
2140 2286 2200 2356 1,
2239 2284 2278 2344 2
2305 2288 2366 2344 61
2394 2283 2454 2356 3,
2486 2281 2595 2342 ubi
2625 2282 2969 2362 saepissime
3012 2282 3262 2362 repetit,
3311 2281 3380 2342 in

1814 2376 1986 2437 omni
2015 2379 2240 2456 agente
2271 2381 2482 2438 creato
2509 2374 2636 2437 duo
2662 2376 2896 2455 requiri
2921 2375 3003 2438 ad
3032 2375 3376 2456 agendum,

1816 2469 2074 2542 scilicet,
2114 2469 2432 2548 propriam
2459 2469 2750 2530 virtutem
2779 2469 3032 2548 agendi,
3070 2473 3134 2531 et
3155 2468 3383 2530 motio-

1819 2580 1964 2623 nem
1997 2562 2177 2641 primi
2208 2562 2472 2642 agentis,
2500 2561 2671 2642 quod
2698 2568 2792 2624 est
2813 2564 3013 2635 Deus3
3039 2579 3228 2642 quam
3249 2578 3382 2622 mo·

1816 2657 2054 2718 tionem
2097 2661 2279 2716 vocat
2329 2656 2626 2716 auxilium
2665 2656 2776 2718 Dei
2819 2655 3152 2716 1001611113.
3200 2653 3379 2716 Unde

1818 2749 1883 2809 in
1909 2749 2006 2810 his
2036 2767 2176 2828 quae
2217 2767 2254 2810 a
2283 2749 2416 2810 solo
2445 2750 2574 2810 Deo
2613 2767 2726 2828 per
2753 2767 2822 2810 se
2859 2746 3138 2828 pendent
3164 2747 3232 2808 in
3252 2746 3382 2808 suis

1818 2840 2194 2914 111-1101111103,
2229 2841 2385 2902 011111
2411 2840 2580 2902 aliud
2605 2841 2887 2920 requirit,
2919 2841 3038 2902 nisi
3067 2841 3134 2901 in
3161 2839 3381 2901 ordine

1817 2934 1897 2995 ad
1939 2935 2218 2997 actiones
2261 2951 2402 3014 quae
2441 2934 2795 2996 naturalem
2834 2934 2960 2995 vim
3001 2932 3246 3016 agentis
3283 2951 3383 2992 su·

1813 3033 2058 3108 perant,
2093 3045 2224 3089 non
2269 3027 2350 3089 ob
2395 3027 2975 3090 subordinationem
3019 3043 3376 3101 causarum,

1814 3120 1929 3183 sed
1952 3121 2032 3183 ob
2057 3120 2596 3201 imperfectionem
2617 3120 2903 3202 principii
2924 3122 3128 3193 activi,
3157 3120 3235 3182 de
3255 3139 3382 3201 qua

1813 3234 1883 3278 re
1914 3216 2074 3276 libro
2103 3215 2285 3277 tertio
2315 3214 2652 3277 dicendum
2691 3220 2808 3276 est.
2841 3214 3000 3287 Quid
3045 3220 3256 3279 autem
3303 3214 3377 3275 D.

1812 3310 2087 3371 Thomas
2115 3309 2424 3389 intelligat
2454 3309 2710 3370 nomine
2740 3309 2952 3370 auxilii
2982 3309 3094 3370 Dei
3122 3326 3383 3369 moven-

1816 3404 1917 3475 tis,
1963 3403 2298 3463 obscurum
2337 3408 2454 3463 est.
2485 3401 2748 3465 Videtur
2773 3408 2986 3464 autem
3025 3401 3382 3463 necessario

1818 3494 2321 3574 intelligendum,
2349 3496 2470 3563 11οο
2496 3495 2796 3557 00111ἰὶ0111
2841 3496 2996 3557 1111111
3035 3495 3206 3557 aliud
3242 3513 3382 3557 esse

1818 3607 2014 3668 quam
2039 3606 2414 3650 concursum
2437 3606 2475 3649 a
2499 3588 2682 3649 nobis
2713 3588 3125 3664 declaratum,
3155 3606 3304 3651 nam
3329 3588 3386 3649 si

1817 3683 1897 3745 de
1916 3683 2038 3743 alia
2057 3682 2332 3744 motione
2347 3681 2582 3761 praevia
2609 3682 3012 3763 intelligatur,
3030 3682 3131 3745 vel
3152 3688 3382 3763 praeter

1820 3775 1990 3836 iliam
2008 3782 2101 3836 est
2117 3774 2274 3835 alius
2288 3792 2630 3836 concursus
2644 3777 3056 3850 necessarius,
3077 3781 3139 3837 et
3153 3776 3242 3837 sic
3248 3777 3384 3855 jam

1816 3887 1946 3931 non
1973 3875 2118 3931 sunt
2142 3868 2291 3942 duc,
2321 3866 2435 3929 sed
2473 3869 2592 3930 1110
2635 3870 2717 3931 ad
2757 3870 3066 3931 actionem
3096 3869 3384 3931 volunta-

1814 3963 1893 4023 tis
1917 3963 2298 4037 necessaria,
2329 3961 2501 4041 quod
2525 3963 2600 4025 D.
2633 3964 2908 4025 Thomas
2935 3963 3164 4025 virtute
3193 3980 3384 4042 nega-

1814 4057 1923 4129 vit,
1979 4056 2132 4117 dum
2169 4073 2426 4136 prorsus
2467 4055 2530 4117 id
2591 4058 2786 4119 tacuit
2829 4062 2892 4120 et
2943 4057 3377 4138 proetermisit;

1812 4150 1912 4211 vel
1953 4154 2184 4229 praeter
2210 4150 2382 4211 illam
2411 4150 2754 4212 motionem
2783 4166 2912 4212 non
2951 4154 3047 4213 631
3090 4168 3383 4213 necessa-

1814 4243 1944 4304 rius
1974 4243 2131 4304 alius
2167 4260 2548 4317 concursus;
2584 4248 2646 4305 et
2673 4243 2760 4305 ita
2797 4243 3100 4323 sequitur,
3136 4248 3382 4305 tantum

1815 4340 2057 4395 remote
2122 4340 2186 4395 et
2241 4335 2420 4415 quasi
2483 4352 2598 4416 per
2651 4336 2942 4398 accidens
3003 4354 3382 4399 concurrere

1815 4428 2018 4489 Deum
2048 4426 2130 4489 ad
2153 4428 2466 4491 actionem
2485 4434 2810 4505 creaturae,
2837 4429 3042 4493 solum
3067 4429 3383 4512 applican-

1816 4522 1898 4583 do
1929 4540 2184 4582 causam
2213 4520 2558 4585 secundam
2580 4522 2662 4585 ad
2690 4540 2882 4603 opus3
2917 4522 3088 4603 quod
3123 4530 3218 4585 est
3259 4522 3384 4585 vir-

1816 4621 1950 4677 tute
1995 4615 2238 4678 devolvi
2287 4617 2352 4677 in
2409 4617 2772 4696 opinionem
2817 4617 3094 4680 Durandi
3116 4663 3134 4692 ,
3179 4618 3279 4679 vel
3315 4617 3382 4679 in

1816 4709 2006 4769 aliam
2043 4708 2310 4769 similem
2345 4726 2468 4771 non
2511 4710 2722 4773 minus
2753 4708 3002 4785 falsam,
3035 4716 3105 4773 ut
3143 4728 3222 4773 ex
3255 4714 3384 4773 tes-
3449 4733 3458 4740 ·

1818 4802 2091 4864 timoniis
2118 4806 2182 4865 et
2205 4803 2552 4865 rationibus
2581 4804 2868 4867 adductis
2914 4804 3064 4867 satis
3111 4810 3378 4868 constat.

1816 4898 1890 4959 Et
1914 4915 2070 4958 sane
2097 4916 2242 4959 cum
2270 4898 2340 4958 D.
2363 4898 2636 4960 Thomas
2658 4899 2828 4960 hunc
2857 4900 3212 4979 proximum
3237 4917 3384 4961 con-

1816 5009 2074 5053 cursum
2099 5009 2335 5072 negare
2361 5010 2490 5054 non
2527 4994 2820 5075 potuerit,
2857 4993 3080 5056 saltem
3108 4992 3381 5057 diminu-

1818 5090 1875 5145 te
1904 5084 2087 5146 valde
2103 5090 2166 5147 et
2193 5084 2460 5147 obscure
2479 5103 2556 5148 eo
2586 5088 2722 5149 loco
2743 5087 3176 5169 processisset,
3207 5087 3382 5149 nulla

1814 5178 1954 5258 ejus
1987 5179 2152 5241 facta
2175 5182 2520 5255 mentione,
2551 5182 2676 5244 alia
2708 5182 3162 5246 enumerando.
3188 5182 3266 5243 Et
3293 5182 3380 5243 ita

1812 5272 2146 5352 Cajetanus
2189 5292 2265 5335 eo
2303 5274 2440 5336 loco
2481 5274 2730 5337 videtur
2768 5274 3185 5349 intellexisse,
3230 5292 3382 5337 nam

1810 5366 1964 5427 illud
1992 5368 2315 5443 auxilium,
2346 5369 2853 5448 cooperationem
2879 5367 2992 5430 Dei
3019 5384 3159 5429 esse
3187 5366 3380 5429 inter-

1808 5466 2110 5539 pretatur.
2139 5462 2264 5523 Cur
2310 5468 2524 5523 autem
2570 5462 2744 5523 illum
2769 5477 3170 5535 concursum,
3202 5461 3380 5524 eumi-

1806 5549 1962 5619 lium
1984 5552 2100 5618 Dei
2131 5552 2426 5619 mentis
2451 5555 2786 5630 vocaverit,
2831 5571 2978 5617 00111
3007 5552 3088 5617 ad
3131 5570 3366 5617 nomen
