3850 6225
802 392 972 445 SECT.
1009 394 1048 446 1.
1083 393 1297 447 UTRUH
1331 393 1590 457 ramus,
1626 396 1708 447 An
1739 395 1920 449 EEBR.
1956 399 2005 460 θ,
2040 397 2121 451 DE
2152 398 2603 455 non‘rmcffls.
2634 398 2771 453 mc,

167 490 344 549 recte
371 495 831 554 connectuntur
851 493 1042 555 etiam
1061 494 1388 572 sequentia
1406 512 1428 554 ε·
1451 491 1738 577 Cupimm

169 586 398 655 autem,
434 589 580 657 etc„
609 603 682 645 ac
712 585 762 646 si
787 586 1062 648 diceret:
1098 586 1274 659 Quod
1302 606 1453 648 vero
1487 588 1568 649 ad
1597 607 1741 667 per-

169 676 600 739 severantiam
627 679 870 750 attinet,
917 681 1204 760 cupimus
1238 699 1349 743 vos
1391 682 1469 743 de
1509 682 1617 743 illa
1647 700 1741 743 es-

169 786 238 829 se
297 769 596 833 sollieitos
621 816 638 846 ,
687 775 770 837 ad
819 774 1205 855 expletionem
1255 776 1384 856 spei
1429 793 1612 856 usque
1663 777 1745 838 ad

159 864 374 939 finem.
411 867 612 945 Atque
651 867 816 928 haue
857 869 1311 947 expositionem
1350 868 1583 930 indicat
1610 870 1741 929 Hu-

169 973 251 1035 go
297 956 668 1034 CardinaliS,
715 958 1002 1039 quamvis
1039 980 1168 1022 non
1209 960 1516 1041 intelligat
1571 962 1740 1023 hunc

167 1047 388 1109 locum
424 1050 502 1112 de
543 1052 692 1115 solis
739 1054 1036 1133 operibus
1072 1054 1356 1129 mortuis,
1389 1054 1503 1116 sed
1550 1054 1740 1116 etiam

169 1140 250 1201 de
288 1144 700 1218 mortificatiS,
731 1166 869 1225 quoe
885 1148 1034 1209 dicit
1050 1148 1258 1209 valere
1296 1147 1484 1209 etiam
1511 1148 1595 1209 ad
1621 1148 1742 1208 im-

169 1237 556 1313 petrandum
579 1240 1076 1319 resipiscentiam
1097 1242 1178 1301 ab
1200 1240 1306 1301 illo
1321 1244 1601 1320 peccato,
1625 1258 1740 1321 per

167 1328 346 1407 quod
385 1332 757 1395 mortificata
793 1332 996 1408 fuere,
1023 1335 1368 1413 praesertim
1395 1334 1448 1395 si
1483 1334 1740 1395 fuerunt

167 1440 371 1501 opera
400 1424 872 1500 misericordiam
925 1428 1072 1506 quia
1100 1433 1356 1507 propter
1387 1445 1579 1507 opera
1605 1427 1740 1533 pie-

167 1516 316 1577 tatis
362 1524 546 1579 orant
577 1538 888 1625 pauperes
923 1540 1037 1601 pro
1069 1520 1186 1582 illis
1219 1521 1326 1599 qui
1365 1540 1439 1581 ea
1469 1520 1588 1581 sibi
1627 1522 1738 1581 im-

165 1608 551 1688 penderunt,
583 1617 645 1673 et
675 1613 764 1674 sic
791 1613 1074 1675 obtinent
1101 1615 1188 1675 eis
1221 1592 1508 1693 gratiam,
1543 1620 1612 1675 ut
1637 1632 1738 1675 re·

165 1710 437 1783 surgant
477 1706 663 1766 etiam
696 1724 734 1767 a
760 1713 1018 1787 peccato
1065 1706 1355 1769 mortali
1339 1726 1404 1767 m
1433 1706 1601 1786 quod
1647 1706 1738 1767 in-

167 1796 485 1859 ciderunt.
529 1800 606 1859 Et
661 1799 726 1859 in
784 1800 954 1862 hunc
1011 1818 1268 1861 sensum
1307 1800 1559 1879 exponit
1598 1816 1739 1861 ver-

162 1890 350 1966 bum,
395 1892 876 1957 administrasti-5
897 1918 924 1965 ;
977 1894 1189 1973 sicque
1233 1893 1522 1955 conciliat
1584 1890 1738 1952 illud

166 2003 320 2045 cum
361 1986 570 2049 verbis
617 1976 949 2062 Ezechiel„
991 1988 1236 2049 decimo
1277 1992 1494 2047 octavo
1525 2004 1540 2046 ε
1587 1984 1738 2051 Cmn

160 2082 466 2143 averterit
501 2098 568 2151 se,
595 2082 844 2161 justus,
885 2089 1032 2157 etc.,
1069 2099 1268 2145 omnes
1301 2079 1574 2159 ,iustitiae
1603 2080 1738 2159 ejus

159 2189 288 2233 non
327 2176 806 2238 recordabuntur
853 2176 1158 2258 amplim;
1196 2175 1368 2255 quia,
1414 2174 1560 2235 licet
1605 2190 1735 2234 non

159 2268 584 2330 recordentur
615 2274 686 2331 ut
717 2290 832 2350 per
867 2289 936 2331 se
963 2269 1213 2331 valeant
1236 2269 1319 2332 ad
1345 2268 1640 2329 meritum
1673 2272 1736 2329 et

159 2361 525 2438 praemium,
565 2362 978 2425 recordantur
1004 2369 1216 2425 tamen
1254 2369 1324 2424 ut
1356 2362 1567 2441 aliquo
1603 2379 1734 2422 mo-

162 2452 248 2513 do
293 2454 548 2515 valeant
575 2454 658 2516 ad
683 2456 1169 2536 resurgendum,
1193 2455 1415 2517 saltem
1440 2472 1555 2533 per
1581 2454 1735 2515 allo-

159 2564 310 2607 rum
355 2548 882 2627 impetrationem.
924 2550 1200 2611 Verbum
1248 2554 1460 2610 autem
1521 2546 1733 2610 mainis-

160 2639 390 2718 tratis,
439 2643 728 2724 intelligit
781 2644 970 2705 etiam
1009 2644 1088 2707 de
1143 2644 1438 2724 operibus
1485 2641 1732 2721 pietatis

156 2732 394 2795 factis'
379 2754 444 2795 m
471 2744 730 2814 peccato
759 2737 1032 2812 mortali,
1071 2756 1212 2817 quae
1251 2736 1580 2798 habilitant
1617 2736 1734 2797 ho-

157 2826 414 2889 minem
457 2828 540 2889 ad
581 2830 848 2909 gratiam
874 2831 1322 2911 recipiendam.

245 2924 352 2981 24.
398 2921 706 2987 Solvitur.
753 2958 834 2971 —
887 2925 1299 2987 Nihilominus
1365 2892 1732 3005 persuaderi

157 3018 342 3079 nulla
383 3020 626 3079 ratione
675 3038 954 3099 possum,
985 3027 1240 3101 propter
1283 3020 1487 3081 solum
1543 3019 1733 3081 meri-

156 3120 302 3172 tum
335 3111 416 3174 de
444 3131 744 3194 congruo,
769 3115 869 3175 vel
897 3120 1205 3176 remotam
1232 3114 1728 3192 dispositionem,

159 3225 306 3286 quae
364 3224 494 3266 non
544 3207 738 3268 habet
783 3207 1168 3269 infallibilem
1213 3208 1324 3268 Dei
1379 3207 1732 3286 promissio-

159 3317 343 3372 nem,
365 3298 594 3361 dixisse
627 3300 888 3360 Paulum
917 3301 1099 3366 :Non
1127 3307 1219 3364 est
1242 3302 1516 3380 injustus
1537 3301 1728 3375 Dm,

159 3397 240 3456 ut
266 3393 669 3456 obliviscatur
699 3393 892 3474 operis
920 3395 1108 3457 vestri
1124 3419 1152 3467 ,·
1179 3399 1314 3454 tum
1343 3399 1598 3474 propter
1630 3393 1733 3454 illa

157 3505 310 3564 quoe
337 3487 522 3566 paulo
549 3492 694 3548 ante
724 3488 1032 3560 dicebam,
1065 3487 1318 3560 scilicet,
1341 3489 1534 3548 Deum
1559 3487 1736 3548 nulla

157 3598 318 3640 vera
362 3579 606 3643 ratione
647 3598 832 3660 posse
861 3581 979 3642 dici
1011 3580 1350 3659 injustum,
1401 3585 1736 3658 propterea

160 3661 344 3752 duod
373 3673 646 3753 deneget
683 3691 756 3736 ea
787 3691 925 3753 quse
971 3673 1174 3736 solum
1201 3673 1434 3735 cadunt
1461 3672 1578 3734 sub
1604 3690 1736 3732 me·-

159 3767 360 3828 1itum
405 3767 484 3828 de
524 3785 802 3847 congruo
835 3811 852 3841 ,
898 3786 1015 3828 nec
1069 3767 1216 3846 quia
1263 3785 1392 3828 non
1434 3765 1734 3828 convertit

163 3861 514 3922 efficaciter
560 3868 954 3940 peccatorem
1013 3867 1272 3941 propter
1315 3859 1734 3941 praecedentia

161 3955 312 4033 ejus
361 3955 608 4036 merita,
637 3954 735 4015 vel
773 3961 1032 4033 propter
1076 3954 1342 4014 aliorum
1385 3952 1730 4027 orationeS,

163 4067 288 4109 nec
333 4049 520 4110 etiam
561 4051 816 4128 propter
837 4047 1042 4127 aliqua
1076 4065 1266 4126 opera
1296 4046 1735 4108 misericordiae

161 4142 340 4202 faeta
395 4141 464 4202 in
517 4148 680 4204 statu
732 4142 973 4220 peccati
1027 4141 1338 4215 mortalis3
1379 4149 1510 4202 tum
1546 4141 1735 4202 etiam

161 4236 322 4312 quia
361 4235 592 4296 Paulus
619 4241 833 4313 aperte
885 4233 1162 4314 loquitur
1216 4234 1296 4296 de
1331 4233 1572 4314 justitia
1621 4233 1735 4294 Dei

157 4328 476 4389 infallibili
503 4328 764 4390 fundata
812 4329 876 4390 in
927 4329 1066 4407 ejus
1103 4327 1556 4405 promissione;
1587 4326 1731 4387 ideo

160 4424 342 4483 enim
368 4424 576 4484 statim
595 4423 959 4482 exhortatur
982 4420 1064 4482 ad
1092 4419 1644 4501 perseverantiam,
1671 4424 1734 4480 et

161 4519 586 4578 imitationem
603 4533 858 4591 ‚eoi-um,
887 4517 992 4596 qui
1031 4515 1148 4593 fide
1194 4517 1250 4576 et
1287 4512 1593 4596 patientia
1618 4513 1733 4576 71oe-

157 4615 522 4676 rediturum
548 4610 1000 4693 promissiones,
1050 4608 1220 4687 quod
1272 4625 1490 4668 omnes
1543 4607 1734 4668 inter-

163 4713 410 4786 pretes.
442 4706 796 4767 advertunt.
831 4703 1054 4765 Verius
1089 4703 1278 4783 igitur
1323 4707 1418 4762 est
1472 4700 1734 4762 Paulum

163 4803 343 4884 loqui
395 4803 474 4864 de
504 4803 758 4882 proemio
806 4801 1084 4879 priorum
1109 4815 1392 4877 operum,
1423 4815 1565 4876 quae
1593 4815 1736 4875 pro·

163 4905 312 4980 pter
351 4897 464 4958 Dei
505 4902 568 4957 et
595 4893 860 4973 proximi
905 4909 1190 4954 amorem
1225 4890 1290 4950 in
1319 4894 1482 4952 statu
1521 4888 1734 4969 gratiss

158 4993 586 5074 perfecerant,
613 4987 784 5068 quod
820 4987 968 5048 dicit
1003 4986 1206 5047 Deum
1235 5001 1364 5044 non
1389 4983 1736 5062 denegatu-

161 5106 308 5148 rum
354 5102 500 5146 cum
555 5083 826 5162 injustus
876 5097 1006 5142 non
1033 5079 1148 5150 sit;
1199 5075 1605 5154 subintelligit
1639 5080 1734 5136 ta-

162 5199 316 5240 men
356 5176 808 5248 conditionem,
851 5191 992 5254 quoe
1021 5173 1085 5232 in
1113 5170 1406 5232 omnibus
1435 5169 1532 5229 his
1587 5186 1734 5247 pro-

163 5271 572 5334 missionibus
623 5265 982 5340 includitur,
1032 5264 1304 5326 scilieet:
1342 5263 1402 5325 Si
1445 5263 1732 5324 homines

164 5385 294 5428 non
341 5368 588 5444 ponant
635 5359 874 5441 peccati
920 5359 1164 5421 obicem
1189 5403 1210 5434 ‚
1261 5375 1376 5418 seu
1411 5355 1627 5435 (quod
1663 5355 1730 5416 in

164 5458 462 5541 praesenti
489 5456 658 5518 idem
683 5456 812 5534 est)
843 5472 858 5514 ε
893 5454 954 5514 Si
989 5453 1068 5514 de
1097 5449 1370 5531 peccatis
1397 5454 1538 5528 post
1561 5449 1730 5511 bona

165 5554 390 5617 merita
421 5547 775 5614 commissis
809 5546 1238 5630 poenitentiam
1271 5547 1480 5624 agant.

469 5655 514 5698 a

3258 397 3378 459 4⁴5

1899 498 2001 559 25.
2053 498 2245 573 Quam
2270 500 2357 563 sit
2392 502 2606 580 efficax
2642 502 2803 565 ratio
2829 500 3023 565 Pauli
3044 502 3381 567 ostenditur

1818 607 1894 655 esc
1938 597 2237 656 contextu.
2260 594 2455 655 —Ad
2481 594 2915 672 explicandum
2965 601 3177 656 autem
3222 616 3380 677 quo-

1819 684 2009 745 modo
2070 686 2203 747 haec
2242 685 2436 747 ratio:
2482 686 2627 751 Non
2663 686 2819 749 enim
2862 686 3133 769 injustus
3174 690 3375 763 Dm,

1823 782 1971 853 etc„
2016 780 2433 859 conjungatur
2469 798 2613 840 cum
2657 779 2779 841 illis
2832 782 3073 841 verbis:
3108 780 3380 861 Considi·-

1817 888 1955 933 mus
1990 876 2191 935 autom
2218 873 2287 933 de
2313 872 2477 935 vobis
2500 873 2774 948 meliora,
2806 873 3255 935 advertendum
3284 880 3381 938 est

1821 964 2083 1025 Paulum
2125 964 2211 1025 ita
2239 964 2534 1026 terruisse
2562 965 2703 1027 illos
2742 966 2825 1028 ad
2853 984 3013 1047 quos
3043 968 3373 1043 scribebat,

1822 1063 1892 1118 ut
1920 1057 2305 1135 impossibile
2353 1076 2493 1121 esse
2527 1058 2783 1121 dixisset
2828 1077 2937 1121 eos
2980 1062 3271 1122 renovari
3296 1060 3379 1123 ad

1819 1151 2287 1229 poenitentiam,
2319 1152 2489 1230 quod
2531 1153 2631 1214 vel
2672 1153 3036 1233 intelligitur
3068 1154 3145 1216 de
3190 1172 3377 1216 reno-

1816 1244 2066 1305 vatione
2106 1263 2221 1323 per
2250 1244 2537 1306 iteratum
2567 1246 2969 1327 baptismum,
3002 1248 3051 1308 si
3088 1248 3371 1319 verbum,

1817 1338 2207 1418 impossibile,
2236 1337 2300 1397 in
2322 1340 2701 1417 proprietate
2732 1346 2794 1401 et
2820 1340 3025 1419 rigore
3055 1346 3370 1414 sumatur-3

1819 1430 1918 1489 tel
1960 1430 2039 1490 de
2087 1432 2491 1492 renovatione
2522 1432 2603 1493 ad
2629 1433 2957 1511 pristinum
2994 1438 3245 1507 statum,
3279 1433 3379 1495 vel

1821 1522 2291 1601 perfectionem,
2313 1525 2363 1585 si
2392 1525 2655 1587 verbum
2676 1526 3041 1609 impossibile
3066 1528 3251 1590 latius
3274 1547 3379 1589 ex-

1803 1623 2111 1695 ponatur,
2138 1625 2323 1696 prout
2354 1618 2663 1702 dici-solet
2692 1619 2769 1681 de
2788 1638 2859 1681 re
2896 1621 3233 1683 admodum
3264 1621 3379 1683 dif-

1817 1708 1987 1771 ficili.
2032 1710 2229 1783 Quam
2272 1710 2699 1774 difficultatem
2755 1715 2973 1793 augeri
3021 1714 3273 1789 indicat,
3324 1716 3375 1775 si

1816 1809 1960 1881 post
1982 1808 2213 1865 statum
2242 1805 2456 1883 gratias
2500 1824 2629 1866 non
2656 1805 2861 1867 solum
2886 1807 3077 1869 homo
3102 1808 3373 1881 labatur,

1817 1894 1933 1956 sed
1980 1896 2173 1957 etiam
2198 1896 2263 1957 in
2308 1915 2385 1959 eo
2418 1903 2580 1960 statu
2610 1898 2815 1972 duret,
2848 1906 2911 1962 et
2934 1908 3191 1979 peccata
3217 1902 3377 1963 mul-

1815 1987 2053 2065 tiplicet
2084 2034 2101 2063 ,
2154 1994 2459 2070 tanquam
2504 1996 2675 2055 terra
2726 1993 2937 2073 spinas
2986 2011 3060 2054 ac
3115 1994 3373 2057 tribulos

1819 2082 2202 2160 germinans.
2236 2086 2314 2147 Ut
2342 2102 2493 2165 ergo
2524 2086 2693 2147 hune
2723 2086 2999 2167 rigorem
3026 2086 3255 2149 Paulus
3288 2087 3377 2149 le-

1816 2174 2003 2252 niret,
2046 2176 2284 2238 subdit:
2330 2176 2700 2256 Confidimus
2730 2186 2929 2245 autem
2964 2182 3033 2243 de
3058 2179 3221 2243 volis
3258 2198 3376 2243 me-

1815 2266 1977 2331 liora
2003 2274 2063 2333 et
2086 2270 2385 2335 viciniora
2420 2272 2633 2347 saluti,
2677 2272 3035 2353 significans
3060 2292 3191 2334 non
3218 2274 3375 2335 exis-

1815 2360 2039 2423 timare
2078 2362 2159 2423 de
2207 2362 2327 2427 illis
2371 2364 2455 2425 ita
2504 2383 2643 2427 esse
2684 2367 2957 2445 peccatis
2997 2366 3367 2445 implicatoe,

1815 2460 1884 2517 ut
1932 2455 2093 2517 adeo
2126 2456 2373 2519 difficile
2407 2458 2526 2519 illis
2556 2464 2722 2521 esset
2744 2459 3010 2523 salutem
3039 2478 3375 2540 recupera-

1811 2550 2021 2623 re‚vel
2044 2550 2233 2611 etiam
2250 2549 2441 2629 quod,
2460 2551 2605 2614 lieet
2632 2559 2798 2615 esset
2814 2553 3195 2633 impossibile
3216 2554 3373 2634 bap-

1811 2640 2125 2703 tismalem
2156 2646 2629 2707 renovationem
2644 2646 2871 2707 iterum
2904 2646 3211 2726 accipere,
3242 2664 3373 2709 non

1812 2740 2027 2795 tamen
2077 2740 2245 2797 esset
2290 2736 2669 2817 impossibile
2714 2738 2923 2819 aliquo
2960 2739 3373 2801 modo‘reno-

1811 2828 1967 2902 vari,
1996 2831 2431 2909 recuperando
2469 2850 2597 2893 non
2624 2833 2827 2893 solum
2852 2832 3159 2912 justitiam
3188 2832 3371 2895 amis-

1813 2940 1974 2996 sam,
1998 2923 2315 2985 sedetiam
2336 2923 2573 2987 fructus
2602 2926 2758 3003 ojus.
2780 2927 2855 2987 Et
2880 2926 2960 2987 ad
2989 2928 3151 2987 hanc
3166 2944 3366 3005 spem,

1815 3022 2121 3094 quantum
2176 3018 2260 3078 ad
2316 3019 2479 3079 hanc
2534 3026 2797 3098 partem,
2852 3019 3368 3092 confirmandam,

1814 3109 2061 3172 subdit:
2108 3111 2257 3174 Non
2284 3115 2445 3174 enim
2475 3110 2747 3194 injustus
2786 3115 2969 3178 Deus.
2998 3115 3215 3193 Itaque
3242 3131 3373 3174 non

1813 3205 1999 3264 affert
2028 3205 2189 3264 hanc
2208 3205 2516 3272 rationem
2550 3209 2619 3267 ut
2645 3224 2760 3285 per
2794 3223 2935 3268 eam
2955 3207 3176 3285 probet
3224 3224 3374 3268 con-

1812 3296 2135 3358 fidentiam
2160 3314 2349 3375 quam
2391 3298 2666 3361 habebat
2694 3299 2773 3360 ‹le
2806 3299 3199 3378 reparatione
3233 3305 3374 3378 post

1813 3390 2084 3468 lapsum,
2121 3390 2234 3452 sed
2290 3393 2451 3454 hanc
2492 3393 2787 3472 supponit
2824 3393 3031 3472 potius
3071 3411 3147 3454 ex
3186 3411 3374 3472 gene-

1815 3483 1933 3544 rali
1980 3483 2121 3561 lege
2162 3483 2389 3545 divinae
2424 3487 2658 3566 gratiae,
2702 3503 2844 3565 quae
2882 3485 3175 3548 omnibus
3215 3505 3375 3565 prse-

1815 3582 1911 3636 sto
1958 3582 2091 3649 est;
2142 3595 2263 3638 nec
2312 3579 2500 3640 etiam
2554 3579 2725 3640 illam
2760 3580 2943 3641 affert
2996 3585 3067 3642 ut
3119 3586 3373 3660 propter

1816 3669 1987 3730 illam
2038 3670 2119 3731 de
2158 3674 2623 3749 perseverantia
2678 3691 2895 3736 eorum
2944 3691 3011 3735 se
3057 3673 3372 3736 confidere

1815 3763 2147 3837 ostendat3
2198 3783 2346 3826 nam
2386 3765 2522 3828 haee
2564 3766 2798 3830 incerta
2832 3774 2947 3842 est,
3003 3775 3065 3831 et
3108 3768 3191 3830 ad
3232 3786 3371 3830 eam

1813 3864 2032 3935 postea
2080 3859 2478 3933 exhortatur-3
2512 3861 2622 3920 sed
2654 3860 2833 3922 affert
2870 3861 3041 3922 illam
3082 3879 3165 3922 ne
3212 3859 3371 3922 forte

1815 3957 2111 4028 putarent
2152 3972 2218 4014 se
2240 3954 2375 4032 jam
2404 3953 2689 4016 amisisse
2718 3955 2929 4016 omnia
2970 3956 3137 4016 bona
3178 3973 3373 4034 opera

1813 4048 2004 4122 facta,
2036 4063 2155 4107 nec
2200 4065 2385 4126 posse
2429 4067 2507 4108 ex
2549 4047 2639 4108 eis
2676 4049 2951 4125 aliquem
2982 4048 3253 4110 fructum
3277 4067 3373 4108 re-

1815 4158 2147 4219 cuperare,
2194 4145 2263 4200 ut
2306 4141 2427 4202 hoc
2460 4140 2647 4202 modo
2686 4143 2961 4220 majores
3002 4141 3243 4202 animos
3286 4139 3371 4200 ad

1813 4232 2273 4314 resurgendum
2320 4251 2357 4294 a
2386 4234 2655 4311 peccatis
2704 4233 2823 4296 illis
2854 4235 3151 4313 praebeat.
3188 4235 3369 4304 Nam,

1813 4327 1961 4390 licet
1995 4346 2111 4406 per
2138 4345 2279 4390 eam
2320 4328 2757 4405 poenitentiam
2784 4345 2913 4388 non
2938 4327 3049 4388 fiat
3080 4333 3211 4389 tam
3234 4345 3373 4405 per-

1812 4419 1974 4482 fecta
2024 4420 2371 4492 renovati0,
2403 4427 2635 4499 quauta
2676 4420 2898 4500 fitfper
2937 4420 3375 4500 baptismalem

1813 4513 2269 4592 poenitentiam,
2302 4513 2373 4574 fit
2417 4520 2629 4574 tamen
2666 4531 2929 4592 magna,
2978 4513 3376 4592 quandoqui-

1815 4607 1963 4668 dem
2006 4607 2174 4668 Deus
2213 4624 2339 4668 non
2372 4606 2750 4668 obliviscitur
2775 4606 3053 4685 priorum
3082 4625 3369 4686 operum,

1815 4711 1955 4780 quoe
1984 4719 2099 4778 per
2143 4700 2333 4762 talem
2373 4699 2806 4780 poenitentiam
2842 4707 3235 4778 reparantur.

1894 4795 1995 4856 26.
2046 4793 2171 4856 Cur
2198 4795 2382 4858 addat
2416 4793 2659 4856 Paulus
2683 4792 2798 4856 illa
2820 4795 2999 4858 verba
3064 4793 3388 4856 Adminisr

1813 4887 2045 4960 trastis,
2080 4892 2142 4947 et
2170 4886 2871 4948 administratis.-Sed
2901 4887 3052 4966 quid
3082 4887 3372 4966 estquod

1816 4982 2043 5044 Paulus
2066 4999 2195 5042 non
2216 4987 2459 5044 tantum
2483 4981 2793 5059 praeterita
2817 4998 3031 5060 opera,
3050 4983 3163 5044 sed
3183 4983 3371 5046 etiam

1811 5075 2143 5155 praesentia
2166 5081 2615 5138 commemorat
2641 5074 2882 5136 dicens:
2920 5074 3373 5138 Administras-

1813 5171 1918 5242 tis,
1947 5175 2005 5232 et
2032 5167 2505 5242 administrati-3,
2537 5186 2683 5228 cum
2706 5167 3043 5248 praesentia
3072 5187 3288 5248 opera,
3314 5169 3371 5230 si

1813 5263 1900 5324 illi
1934 5263 1999 5322 in
2038 5267 2297 5342 peccato
2348 5260 2597 5322 mortali
2638 5268 2837 5334 erant,
2868 5261 3199 5339 praemium
3232 5263 3371 5340 jus-

1811 5356 1963 5417 titiae
1982 5373 2113 5416 non
2138 5358 2572 5416 mererentur?
2614 5355 2745 5415 Hoc
2786 5355 2955 5415 enim
2994 5361 3368 5436 argumento

1809 5447 2084 5510 maxime
2113 5453 2375 5509 utuntur
2412 5447 2519 5527 qui
2541 5453 2777 5527 negant
2804 5448 3067 5510 Paulum
3092 5449 3265 5527 loqui
3286 5449 3372 5512 ad

1807 5543 2153 5624 baptizatos
2170 5543 2235 5604 iu
2266 5549 2591 5623 peccatum
2614 5541 2845 5621 lapsos.
2878 5542 3129 5604 Duobus
3156 5548 3371 5608 tamen
