3850 6225
483 345 600 408 102

476 449 914 527 terminatum,
960 459 1145 532 prout
1190 451 1635 514 determinatus
1686 459 1811 528 est3
1862 471 2031 532 ergo,

477 547 675 625 Major
698 545 942 608 videtur
964 546 1215 608 evidens
1240 564 1319 608 ex
1346 547 1651 622 terminis,
1677 548 1845 627 quia,
1880 565 2038 627 proe·

480 641 632 702 scito
653 641 865 700 futuro
884 645 1050 715 actu,
1065 640 1386 719 praescitur
1404 658 1532 702 esse
1554 641 1834 702 futurum
1857 640 2036 720 quid·

478 735 627 814 quid
658 738 751 794 est
775 735 1117 795 necessario
1140 737 1539 813 conjunctum
1567 751 1709 796 cum
1734 734 1863 810 illo,
1892 752 2036 795 cum

476 846 605 889 non
620 827 809 907 possit
828 845 957 888 esse
971 845 1168 888 unum
1185 828 1317 890 sine
1340 828 1460 889 alio
1476 827 1611 889 :sed
1626 833 1797 888 actus
1808 827 2038 887 dicitur

477 921 743 1002 praesciri
759 921 1004 981 futurus
1022 921 1089 982 in
1107 921 1755 1000 praedeterminatione
1766 937 1786 997 ;
1806 937 1956 998 ergo
1975 925 2040 982 et

477 1032 661 1076 omne
686 1013 747 1074 id
776 1013 937 1094 quod
968 1013 1062 1074 illi
1086 1014 1429 1075 necessario
1447 1012 1829 1092 adjungitur.
1862 1013 2038 1088 Quod

475 1125 623 1168 vero
662 1108 747 1168 ita
772 1125 836 1168 se
874 1106 1099 1169 habeat
1126 1106 1235 1168 illa
1272 1105 1633 1168 deformitas
1678 1112 1741 1168 et
1772 1105 2034 1182 malitia,

476 1207 646 1281 patet
672 1219 746 1262 ex
774 1199 1076 1274 terminis,
1103 1200 1253 1280 quia
1284 1200 1387 1262 ille
1410 1206 1605 1277 actus,
1636 1205 1710 1260 ut
1730 1217 2033 1280 suppono,

474 1301 568 1356 est
587 1295 918 1354 intrinsece
937 1293 1157 1368 malua,
1176 1293 1276 1354 vol
1289 1291 1393 1354 bic
1407 1298 1469 1354 et
1482 1311 1651 1354 nunc
1663 1292 2034 1373 prohibitus,

474 1395 537 1450 et
570 1387 1144 1468 proedeterminatur
1164 1392 1235 1446 ut
1260 1385 1369 1447 fiat
1391 1405 1533 1447 cum
1562 1386 1948 1448 advertentis
1976 1391 2038 1447 et

474 1479 782 1555 libertate,
804 1478 1063 1558 aliisque
1096 1479 1554 1540 conditionibus
1580 1479 1659 1539 ad
1688 1479 2036 1539 humanum

472 1579 681 1635 actum
706 1573 1015 1652 requisitis
1030 1589 1049 1650 3
1073 1590 1221 1650 ergo
1248 1572 1327 1633 ab
1354 1571 1462 1632 illo
1488 1570 1918 1652 inseparabilis
1947 1577 2039 1632 est

474 1666 713 1728 malitia
738 1665 1036 1736 formali5‚
1068 1666 1317 1744 quando
1338 1665 1417 1726 ab
1446 1665 1690 1744 objecto
1724 1665 2035 1745 insepara-

472 1759 618 1820 bilis
656 1765 771 1833 est,
801 1758 901 1820 vel
934 1776 1059 1820 non
1088 1763 1406 1838 separatur
1436 1757 1677 1819 malitia
1712 1757 2034 1837 objectiva.

474 1852 645 1927 Quod
674 1853 723 1912 si
752 1851 1397 1927 tandemssconcedatur
1426 1851 1691 1929 praesciri
1730 1850 2038 1911 sufficien-

474 1955 571 2006 ter
606 1945 875 2006 futuram
906 1945 1358 2006 deformitatem
1390 1945 1455 2004 in
1494 1945 1685 2024 priori
1718 1943 2040 2004 voluntate

478 2038 935 2119 praeordinante
958 2085 978 2114 ,
1028 2039 1308 2117 sequitur
1357 2039 1677 2099 evidenter
1729 2055 1857 2098 non
1908 2055 2038 2098 esse

475 2131 881 2194 necessariam
900 2131 1365 2211 permissionem
1388 2131 1579 2192 futuri
1602 2131 1836 2212 peccati
1848 2147 1867 2206 ;
1890 2130 2040 2210 quid

474 2231 643 2286 enim
698 2242 938 2285 neccsse
986 2230 1077 2284 est
1122 2225 1476 2302 permittere
1517 2224 1647 2284 fore
1694 2222 1857 2302 qnod
1906 2223 2038 2302 jam

475 2319 793 2398 praescitur
818 2318 1095 2380 absolute
1120 2318 1433 2392 futurum,
1464 2322 1593 2377 tam
1620 2317 1822 2396 quoad
1848 2324 2041 2378 mate-

474 2411 649 2486 riale,
681 2429 867 2491 quam
897 2411 1099 2490 quoad
1126 2410 1423 2472 formale?
1450 2409 1737 2490 Sequitur
1776 2407 2040 2468 subinde

474 2507 744 2587 priorem
775 2505 1159 2566 voluntatem
1185 2504 1729 2586 praeordinantem‚
1751 2503 1895 2563 licet
1916 2502 2040 2563 for·

477 2598 721 2661 maliter
741 2605 804 2660 et
821 2599 1051 2660 directe
1075 2605 1354 2660 versetur
1374 2604 1617 2658 tantum
1646 2597 1809 2658 circa
1828 2602 2039 2656 actum

476 2693 882 2769 materialem,
911 2698 1145 2766 tamen,
1175 2691 1321 2771 quia
1347 2708 1475 2752 non
1504 2690 1667 2751 circa
1698 2690 1876 2750 illum
1904 2688 2044 2750 abs·

478 2793 692 2861 tracte,
724 2787 829 2848 sed
855 2787 921 2847 in
949 2785 1307 2860 individuo,
1340 2791 1403 2847 et
1428 2802 1570 2846 cum
1608 2785 1895 2844 omnibus
1923 2784 2042 2844 cir-

478 2882 865 2944 cumstantiis
904 2879 1243 2941 moralibus
1278 2885 1579 2953 versatur,
1614 2879 1891 2958 sequitur
1921 2878 2038 2956 (in-

478 2979 688 3055 quam)
727 2975 955 3035 virtute
984 2981 1046 3034 et
1074 2973 1367 3035 indirecte
1402 2990 1533 3033 esse
1574 2971 2038 3052 praeordinatio-

476 3085 623 3130 nem
670 3068 860 3131 etiam
904 3067 1139 3148 peccati
1189 3084 1301 3148 pro
1350 3065 1621 3127 formali.
1663 3066 1749 3127 Ac
1788 3064 2040 3125 tandem

478 3161 758 3240 sequitur
804 3166 1122 3241 peccatum
1175 3178 1391 3222 revera
1435 3178 1564 3220 non
1608 3176 1735 3220 esse
1783 3158 2041 3238 permis·

478 3273 642 3331 sum,
692 3256 797 3316 sed
844 3253 1325 3334 praeordinatum
1370 3271 1409 3313 a
1450 3255 1593 3328 Deo,
1627 3252 1795 3331 quod
1836 3252 2041 3313 dicere

479 3346 909 3429 blasphemum
938 3352 1051 3409 est.

644 3549 920 3614 Assertio
962 3568 1036 3612 ex
1072 3550 1429 3613 Tridentino
1470 3552 1879 3631 confirmatur.

560 3722 856 3787 22.·Uude
871 3730 1035 3787 recte
1054 3724 1239 3786 etiam
1256 3724 1641 3786 concluditur
1662 3724 1800 3789 haee
1816 3726 2046 3788 veritas

480 3836 559 3878 ex
600 3817 879 3879 doctriua
922 3817 1175 3879 Concilii
1212 3817 1599 3896 Tridentini;
1640 3820 1727 3879 sic
1756 3819 1925 3880 enim
1957 3823 2046 3881 ait

480 3910 744 3972 sessione
773 3915 967 3985 sexta,
994 3928 1227 3971 canone
1268 3916 1441 3971 sexto
1474 3931 1488 3971 :
1526 3910 1609 3974 Si
1648 3913 1787 3992 quis
1815 3912 2045 3976 dixerit

480 4020 597 4065 non
626 4021 745 4066 esse
790 4004 857 4065 in
890 4007 1179 4082 potestate
1214 4002 1473 4065 hominis
1510 4004 1649 4067 vias
1675 4022 1820 4067 suas
1846 4004 2044 4069 malas

482 4098 704 4173 facere,
736 4098 840 4159 sed
863 4096 1029 4159 mala
1066 4113 1267 4174 opera,
1294 4098 1386 4159 ita
1416 4103 1487 4159 ut
1512 4098 1661 4159 bona
1691 4098 1885 4160 Deum
1912 4116 2044 4177 ope·

480 4190 643 4264 rari,
677 4210 793 4251 non
817 4191 1171 4269 permissive
1206 4189 1421 4263 solum,
1456 4192 1559 4253 sed
1581 4191 1765 4253 etiam
1797 4192 2044 4271 proprie

479 4290 535 4346 et
558 4302 667 4363 per
697 4303 757 4347 se
774 4307 799 4355 ;
820 4285 960 4346 adeo
997 4288 1065 4344 ut
1086 4284 1169 4345 sit
1190 4284 1511 4361 proprium
1546 4284 1673 4361 ejus
1712 4302 1881 4363 opus,
1923 4303 2042 4349 non

479 4378 683 4438 minus
701 4377 964 4456 proditio
977 4376 1031 4438 J
1030 4374 1163 4437 udae
1186 4392 1365 4454 quam
1388 4376 1620 4437 vocatio
1651 4375 1862 4452 Pauli,
1895 4395 2042 4439 atza-

480 4470 677 4531 thema
703 4471 811 4532 sit.
844 4470 913 4528 ln
953 4468 1073 4529 hoc
1118 4484 1267 4545 ergo
1310 4464 1578 4542 decreto,
1615 4468 1886 4547 primum
1937 4488 2041 4531 ex-

480 4562 681 4642 pendo
708 4560 818 4622 illa
850 4562 1097 4640 propria
1128 4559 1339 4634 verba,
1369 4578 1491 4623 esse
1518 4560 1586 4621 in
1609 4567 1899 4639 potestate
1938 4564 2040 4624 Ito-

478 4655 668 4718 mim's
694 4655 831 4717 vias
853 4672 999 4717 suas
1034 4652 1228 4715 malas
1272 4658 1493 4729 facere,
1526 4660 1587 4715 et
1610 4655 1859 4733 inquiro
1887 4675 2040 4735 quo-

482 4747 666 4808 modo
696 4746 775 4807 sit
802 4748 869 4806 in
898 4752 1196 4826 potestate
1216 4746 1487 4807 hominis
1514 4746 1643 4808 vias
1671 4766 1811 4809 suas
1844 4748 2040 4809 malas

481 4840 704 4916 facere,
736 4857 877 4901 cum
924 4858 1053 4901 non
1084 4840 1165 4900 sit
1203 4839 1271 4899 in
1304 4845 1600 4917 potestate
1645 4840 1779 4919 ejus
1826 4841 2040 4903 divina

482 4933 935 5009 determinatio,
978 4932 1083 4994 sed
1120 4950 1194 4994 ex
1242 4933 1371 4994 solo
1424 4932 1530 4994 Dei
1580 4933 1839 4995 arbitrio
1890 4952 2040 5014 pen-

482 5026 647 5101 deat,
681 5033 752 5088 ut
779 5044 965 5105 supra
992 5025 1399 5087 conclusimus
1414 5041 1435 5104 3
1466 5032 1527 5087 et
1554 5026 1783 5107 alioqui
1808 5028 2041 5107 impos-

479 5118 655 5181 sibile
700 5118 941 5182 homini
972 5120 1053 5179 sit
1099 5119 1233 5181 sine
1281 5118 1492 5182 divina
1540 5120 2041 5201 praedetermina—

480 5214 648 5273 tione
683 5212 815 5273 vias
840 5230 981 5273 suas
1008 5212 1201 5274 malas
1225 5212 1447 5275 facere.
1493 5214 1704 5293 Neque
1744 5214 1847 5275 hic
1868 5213 2040 5275 locus

479 5305 855 5386 relinquitur
881 5306 1259 5369 distinctioni
1281 5306 1358 5368 de
1384 5306 1692 5369 materiali
1716 5312 1779 5369 et
1804 5307 2040 5369 forma-

477 5399 521 5460 li
536 5414 558 5477 ;
584 5400 733 5480 quia
752 5399 898 5461 satis
926 5398 1105 5461 nobis
1126 5406 1219 5461 est
1237 5418 1362 5460 non
1389 5418 1566 5480 posse
1596 5400 1879 5462 homines
1910 5400 2042 5463 vias

476 5510 618 5553 suas
643 5490 989 5553 formaliter
1017 5491 1212 5555 malas
1248 5492 1472 5566 facere,
1502 5493 1655 5573 quin
1690 5494 1861 5573 prius
1882 5494 2042 5555 Deus

1036 351 1245 404 OPUSG.
1278 352 1317 415 Ι,
1356 351 1471 404 Lm.
1508 353 1569 404 ll.
1604 353 1685 405 m:
1718 351 2038 405 CONCURSU
2069 352 2172 405 lit-:1
2204 353 2288 404 An
2321 353 2520 405 AcTus
2553 353 2796 406 onmms
2829 353 3114 407 NATURAE.

2119 452 2282 533 ipsos
2307 453 2678 514 determinet
2695 453 2774 513 ad
2791 471 2894 514 eas
2916 451 3318 516 materialiter
3337 452 3668 530 faciendas,

2118 566 2268 609 nam
2289 549 2342 609 si
2369 548 2487 609 hoc
2511 546 2992 608 fundamentum
3017 565 3144 608 non
3170 549 3350 608 estin
3379 553 3674 627 potestate

2116 641 2410 718 hominis,
2441 659 2570 702 non
2611 647 2704 702 est
2741 641 3100 720 simpliciter
3121 642 3189 702 in
3219 642 3354 720 ejus
3383 647 3674 720 potestate

2117 735 2250 796 vias
2275 753 2418 796 suas
2445 734 2636 795 malas
2657 733 2878 798 facere.
2907 736 3056 810 imo,
3087 752 3232 796 cum
3261 734 3464 814 posito
3493 740 3676 794 mate-

2116 827 2260 888 riali
2301 829 2640 890 necessario
2675 835 3086 908 consequatur
3135 827 3424 902 formale,
3467 833 3542 887 ut
3583 828 3675 890 de-

2117 921 2378 982 ductum
2405 929 2520 996 est,
2555 938 2875 1001 nunquam
2905 920 3024 981 hoc
3060 927 3154 982 est
3181 921 3246 982 in
3277 926 3584 1001 potestate
3609 921 3676 980 li-

2117 1012 2265 1075 bera
2302 1013 2637 1075 voluntatis
2653 1059 2674 1089 ,
2717 1015 2796 1076 de
2832 1033 2958 1094 qua
2997 1013 3338 1076 Concilium
3381 1013 3674 1094 loquitur,

2117 1106 2225 1168 sed
2251 1113 2496 1168 tantum
2529 1107 2590 1168 id
2617 1107 2736 1168 erit
2761 1108 2828 1169 in
2857 1114 3158 1188 potestate
3185 1109 3315 1170 Dei.

2196 1200 2429 1262 Deinde
2464 1201 2780 1281 perpendo
2807 1201 2912 1263 illa
2938 1201 3151 1276 verba,
3181 1203 3344 1265 mala
3369 1219 3574 1280 opera,
3605 1219 3674 1262 ex

2117 1293 2344 1374 quibus
2371 1299 2650 1356 constare
2673 1299 2876 1374 potest
2911 1295 3256 1356 Concilium
3281 1313 3412 1356 non
3441 1301 3679 1356 tantum

2119 1405 2304 1465 agere
2338 1386 2414 1448 de
2445 1386 2686 1454 mlitia
2711 1405 2998 1467 operum,
3033 1387 3142 1449 sed
3185 1388 3378 1449 etiam
3421 1388 3502 1449 de
3547 1389 3680 1467 ipsis

2117 1480 2299 1542 malis
2323 1480 2637 1560 operibus,
2662 1499 2802 1560 quae
2823 1483 3070 1560 proprie
3099 1499 3226 1542 non
3247 1481 3546 1541 dicuntur
3571 1482 3682 1541 nisi

2117 1579 2290 1634 actus
2319 1573 2436 1654 ipsi
2469 1573 2684 1648 reales,
2718 1573 2826 1653 qui
2850 1592 2888 1634 a
2911 1573 3230 1634 voluntate
3261 1573 3446 1634 fiunt.
3479 1574 3682 1653 Neque

2119 1667 2290 1728 enim
2319 1666 2530 1727 debuit
2557 1666 2896 1727 Concilium
2924 1665 3303 1744 distinguere
3328 1665 3594 1727 formale
3625 1672 3682 1726 et

2117 1759 2461 1835 materiale,
2485 1777 2600 1820 nec
2615 1758 2814 1838 potuit
2833 1759 3060 1820 clarius
3084 1759 3500 1820 intentionem
3517 1777 3684 1819 suam

2119 1854 2413 1916 indicare.
2467 1853 2615 1926 Qnoe
2663 1852 3014 1915 evidentius
3065 1853 3372 1916 constabit
3413 1853 3684 1914 conside·

2117 1946 2308 2021 renti,
2325 1945 2669 2008 Concilium
2690 1946 2954 2007 voluisse
2978 1945 3236 2007 definire
3259 1952 3480 2006 contra
3505 1945 3680 2022 hujus

2119 2041 2415 2120 temporis
2435 2039 2780 2114 haereticos,
2813 2043 3070 2119 quinon
3108 2040 3327 2101 dicunt
3348 2041 3554 2100 Deum
3583 2057 3682 2117 per

2119 2153 2184 2196 se
2203 2141 2266 2196 et
2282 2134 2512 2195 directe
2535 2135 2854 2196 intendere
2883 2134 3141 2196 formale
3165 2133 3422 2214 peccati,
3447 2140 3568 2194 aut
3587 2151 3684 2212 per

2119 2248 2184 2290 se
2208 2229 2356 2290 illud
2385 2229 2652 2307 operari,
2683 2228 2788 2290 sed
2813 2228 3174 2290 volitionem
3199 2229 3395 2309 ipsam
3427 2227 3680 2300 malam,

2120 2323 2198 2384 ad
2229 2341 2367 2384 eam
2395 2323 2768 2402 instigandO,
2797 2321 2896 2384 vel
2919 2323 3245 2384 efficaciter
3269 2321 3685 2402 proedetermi·

2119 2416 2328 2477 nando
2357 2415 2762 2476 voluntatem.
2810 2417 2964 2491 Imo,
2995 2424 3070 2477 ut
3099 2414 3399 2476 Catholici
3427 2416 3682 2492 scripto-

2119 2529 2216 2570 res
2253 2509 2553 2584 referunt‚
2601 2510 2720 2589 ipsi
2764 2512 2953 2570 etiam
3005 2509 3278 2570 haeretici
3319 2509 3687 2570 erubescunt

2120 2603 2348 2682 apertis
2403 2601 2608 2662 verbis
2655 2602 2886 2673 dicere,
2952 2602 3145 2662 Deum
3195 2619 3324 2662 esse
3369 2611 3684 2660 auctorem

2120 2696 2378 2775 peccati,
2410 2694 2508 2755 vel
2536 2696 2832 2774 instigare
2859 2695 2938 2756 ad
2967 2707 3287 2775 peccatum
3310 2709 3330 2771 ;
3373 2693 3480 2754 sed
3515 2693 3687 2754 aiunt

2122 2789 2314 2849 Deum
2371 2805 2500 2849 esse
2544 2793 2862 2850 auctorem
2916 2783 3082 2847 illius
3131 2785 3470 2846 voluntatis
3495 2829 3519 2860 ,
3571 2803 3686 2862 qua

2118 2881 2307 2942 homo
2335 2881 2664 2956 consentit,
2694 2881 2846 2941 dum
2869 2885 3079 2961 peccat
3105 2887 3170 2940 et
3191 2878 3530 2939 tentationi
3559 2895 3686 2939 suc-

2120 2975 2376 3049 cumbit,
2409 2981 2472 3035 et
2509 2974 2588 3036 ad
2633 2974 2805 3034 illam
2849 2973 2946 3034 vel
2994 2972 3278 3050 instigari
3322 2989 3361 3032 a
3407 2971 3564 3045 Deo,
3595 2970 3686 3031 vel

2121 3070 2544 3132 determinari.
2576 3070 2652 3131 Et
2691 3069 2809 3130 hoc
2858 3067 3108 3129 nomine
3150 3066 3504 3146 impugnati
3535 3083 3686 3127 sem-

2120 3182 2232 3245 per
2259 3170 2405 3225 sunt
2426 3180 2464 3223 a
2490 3162 2852 3236 Catholicis;
2883 3162 3000 3223 boc
3019 3178 3166 3241 ergo
3185 3162 3388 3241 ipsum
3415 3159 3690 3220 intendit

2123 3257 2422 3318 damnare
2451 3254 2819 3317 Concilium.

2207 3351 2491 3430 objectio.
2527 3380 2610 3396 -
2661 3347 2963 3412 Soltitur.
3013 3379 3098 3395 —
3142 3348 3378 3409 Rursus
3429 3346 3690 3407 scrutari

2122 3449 2366 3524 oportet
2387 3443 2496 3504 illa
2523 3442 2736 3517 verba,
2765 3460 2885 3505 non
2911 3440 3271 3521 permissite
3306 3440 3527 3514 solum,
3560 3440 3692 3517 qui-

2122 3536 2240 3597 hus
2285 3536 2432 3597 satis
2469 3534 2819 3597 excluditur
2863 3534 3074 3595 evasio
3111 3534 3480 3607 dicentium,
3527 3532 3690 3593 Con-

2127 3628 2344 3691 cilium
2411 3628 2613 3689 solum
2669 3625 2994 3688 excludere
3053 3626 3530 3707 praemotionem
3589 3624 3690 3685 Dei

2124 3722 2426 3783 moralem
2459 3720 2538 3782 ad
2566 3727 2910 3801 peccatum,
2938 3738 3052 3800 per
3091 3718 3444 3793 consilium,
3498 3717 3688 3797 inspi-

2123 3816 2432 3877 rationem
2454 3859 2470 3888 ,
2519 3814 2958 3875 excitationem
2979 3857 3000 3887 ,
3030 3818 3093 3873 et
3139 3810 3398 3883 similia,
3427 3828 3564 3871 non
3595 3829 3691 3871 ve-

2122 3926 2195 3968 ro
2231 3906 2550 3988 physicam
2596 3904 3332 3987 praedeterminationem.
3372 3904 3692 3985 Imprimis

2125 4003 2294 4063 enim
2321 4020 2448 4062 non
2476 4008 2568 4062 est
2611 4001 2728 4062 hoc
2767 4004 3216 4079 consequenter
3241 3998 3480 4059 dictum
3493 4014 3513 4075 ;
3547 4014 3691 4059 nam

2123 4094 2233 4156 illa
2267 4094 2591 4175 praemotio
2627 4099 2718 4155 est
2757 4092 3006 4154 moralis
3047 4110 3125 4154 ex
3171 4096 3346 4173 parte
3379 4092 3512 4167 Dei,
3551 4108 3694 4151 cum

2122 4188 2314 4251 libere
2337 4188 2469 4265 fiat,
2505 4193 2568 4249 et
2594 4206 2673 4249 ex
2697 4192 2874 4267 parte
2907 4186 3163 4247 termini
3199 4186 3390 4247 etiam
3435 4189 3532 4246 est
3562 4202 3694 4244 mo·-

2121 4281 2303 4358 ralis3
2351 4300 2499 4344 nam
2543 4281 2622 4343 ad
2665 4281 2976 4341 actionem
3019 4278 3319 4340 moralem
3369 4277 3692 4338 hominem

2122 4376 2426 4457 applicat3
2461 4393 2539 4437 ex
2572 4380 2746 4455 parte
2771 4380 2980 4435 autem
3012 4372 3203 4446 modi,
3233 4371 3380 4432 licet
3421 4389 3554 4431 non
3585 4370 3694 4431 fiat

2121 4486 2232 4548 per
2247 4467 2545 4529 moralem
2565 4466 2899 4541 influxum,
2913 4466 3016 4527 sed
3035 4464 3391 4545 physicum,
3409 4470 3694 4543 respectu

2122 4579 2319 4623 causae
2349 4560 2670 4641 applicatae
2702 4566 2766 4621 et
2801 4566 3006 4633 motae,
3034 4558 3153 4619 hoc
3175 4562 3388 4617 tamen
3417 4574 3549 4616 uon
3580 4554 3694 4614 mi·

2119 4656 2261 4717 nuit
2313 4654 2771 4716 deformitatem
2821 4651 3114 4727 actionis;
3177 4666 3328 4711 nam
3387 4649 3696 4709 efficacior

2119 4766 2306 4811 causa
2327 4748 2584 4808 malitiae
2627 4753 2739 4821 est,
2788 4763 2925 4825 quae
2953 4745 3040 4805 ita
3067 4750 3298 4817 movet,
3329 4760 3526 4821 quam
3553 4760 3692 4820 qum

2117 4842 2318 4903 solum
2344 4840 2566 4902 morali
2585 4840 2768 4901 modo
2785 4844 3016 4913 movet,
3043 4844 3114 4897 ut
3135 4854 3214 4899 ex
3241 4836 3418 4897 dictis
3437 4841 3536 4896 est
3565 4834 3694 4896 evi-

2118 4935 2292 4998 dens.
2333 4934 2566 4996 Deinde
2606 4934 2713 4994 illa
2747 4931 3173 5013 interpretatio
3209 4936 3520 5011 repugnat
3561 4929 3689 4989 dic-

2119 5028 2276 5090 tioni
2321 5026 2648 5089 exclusivoe
2661 5070 2682 5103 ‚
2709 5044 2900 5106 quam
2941 5022 3288 5087 Concilium
3335 5022 3516 5102 ponit
3539 5045 3558 5097 3
3585 5020 3691 5082 illa

2119 5124 2289 5183 enim
2318 5120 2588 5183 excludit
2614 5136 2865 5181 omnem
2913 5118 3336 5180 causalitatem
3373 5134 3489 5195 per
3517 5134 3582 5176 se
3627 5120 3690 5175 et

2119 5214 2456 5294 propriam.
2505 5214 2582 5275 Et
2627 5218 2891 5292 augetur
2936 5212 3030 5272 vis
3079 5211 3270 5290 huius
3317 5208 3686 5281 testimonii,

2119 5307 2267 5388 quia
2334 5305 2715 5369 ostendimus
2768 5307 2950 5386 juxta
3013 5305 3378 5387 praedictam
3443 5308 3690 5365 senten-

2119 5400 2275 5461 tiam
2305 5399 2464 5462 nihil
2491 5418 2624 5462 esse
2655 5400 2722 5460 in
2763 5404 3039 5479 peccato,
3078 5398 3244 5478 quod
3283 5398 3536 5479 proprie
3567 5396 3689 5456 dici

2121 5494 2312 5574 possit
2343 5492 2702 5574 permissive
2739 5510 2870 5554 esse
2911 5510 2950 5552 a
2983 5492 3128 5568 Dec,
3174 5490 3282 5555 sed
3313 5489 3688 5573 praefinitive
