3850 6225
492 372 618 436 :³44

487 478 666 557 logos
718 494 845 538 non
904 477 1195 552 inveni03
1230 496 1371 541 eam
1416 486 1627 543 tamen
1686 482 1914 543 docent
1953 480 2052 542 his

488 572 877 651 temporibus
898 572 1089 651 aliqui
1108 572 1412 647 Moderni,
1444 581 1507 636 et
1530 575 2050 729 equJcriptoribus

486 664 763 729 insinuat
784 665 956 727 illam
978 667 1251 741 Cather.,
1276 686 1490 747 opusc.
1523 668 1601 729 de
1676 668 1854 739 reid„
1882 674 2044 747 part.

486 762 549 833 2,
598 760 761 823 circa
796 761 1012 835 finem,
1062 768 1123 822 et
1162 760 1395 823 indicat
1446 751 1634 823 etiam
1686 762 2042 834 Jansenius,

488 872 627 933 cap.
660 856 739 915 47
774 854 1105 929 concord„
1138 858 1412 916 tractans
1444 855 1635 917 illud:
1668 855 1751 920 Si
1785 854 1853 917 in
1880 854 2046 935 Tyro

486 953 545 1011 et
571 946 821 1021 Sidone,
856 950 1001 1020 etc„
1030 955 1093 1009 et
1122 948 1379 1027 quidam
1404 949 1530 1009 alii.
1786 1014 1789 1019 ,
1896 1026 1901 1033 ,

561 1040 1043 1105 Fundamentum
1084 1058 1303 1103 eorum.
1332 1074 1415 1088 —
1454 1040 1889 1103 Fundamenta
1935 1042 2048 1101 hu·

480 1136 587 1215 jus
612 1135 935 1197 sententiae
978 1134 1058 1195 ad
1099 1142 1371 1213 quatuor
1398 1136 1600 1215 capita
1623 1140 1997 1195 revocantur
2029 1152 2042 1193 ε

488 1228 569 1288 ad
611 1228 1041 1289 auctoritatem
1080 1228 1431 1308 Scripturae,
1464 1246 1604 1308 quae
1644 1228 1725 1289 de
1761 1228 1859 1287 his
1900 1245 2052 1289 con-

481 1321 865 1400 tingentibus
911 1322 1186 1399 loquitur
1236 1328 1538 1402 tanquam
1584 1322 1661 1383 de
1714 1339 1783 1382 re
1829 1320 2046 1395 dubia,

484 1413 727 1475 addens
753 1414 1122 1494 particulam
1144 1420 1300 1494 sorte
1329 1422 1391 1487 01
1420 1422 1675 1493 for-cam
1720 1415 2050 1477 auctorita·

483 1514 613 1570 tem
658 1514 1015 1569 sanctorum
1044 1509 1295 1569 Patrum
1326 1528 1342 1583 ;
1388 1509 1819 1571 auctoritatem
1862 1509 2052 1570 etiam

486 1594 1047 1675 Scholasticorum;
1096 1604 1246 1663 item
1287 1603 1370 1664 ad
1406 1604 1701 1665 rationes.
1734 1601 1883 1674 Quae
1922 1619 2054 1663 om-

482 1695 585 1756 nia
628 1696 1019 1758 commodius
1068 1699 1404 1759 afferemus
1454 1696 1779 1758 tractando
1828 1696 2053 1758 similia

482 1789 683 1868 capita
712 1808 824 1869 pro
860 1792 1171 1851 contraria
1198 1790 1529 1866 sententia,
1552 1797 1615 1853 et
1639 1790 1888 1869 singula
1912 1808 2052 1851 sen-

484 1883 645 1965 gulis
680 1883 1081 1945 conferendo,

562 1980 621 2038 2.
683 1976 834 2043 Vera
863 1978 1179 2041 sententia.
1215 2010 1295 2025 —
1324 1980 1513 2040 Nobis
1562 1978 1871 2039 contraria
1906 1994 2050 2039 sen-

479 2073 669 2132 tentia
702 2073 1043 2133 maximum
1082 2072 1146 2132 in
1188 2074 1527 2153 Theologia
1565 2074 2046 2135 fundamentum

478 2164 709 2225 habere
738 2164 1005 2237 videtur,
1026 2165 1293 2245 ideoque
1326 2168 1717 2228 verissimam
1742 2166 1915 2226 illam
1947 2182 2048 2226 es-

478 2274 547 2318 se
581 2262 641 2318 et
666 2259 746 2318 ab
772 2258 1064 2324 omnibus
1088 2266 1257 2321 recte
1284 2260 1361 2321 de
1388 2260 1613 2321 divinis
1634 2258 2044 2322 sentientibus

480 2350 831 2412 docendam
854 2370 991 2413 esse
1027 2370 1379 2425 censemuS,
1416 2354 1735 2428 nimirum,
1780 2358 1949 2414 certa
1985 2360 2048 2413 et

474 2444 777 2505 infallibili
828 2444 1085 2505 scientia
1134 2446 1676 2525 comprehendere
1721 2448 1919 2507 Deum
1967 2446 2047 2507 de

480 2537 771 2597 omnibus
797 2538 1001 2598 causis
1026 2538 1257 2612 liberiS,
1280 2558 1409 2600 nou
1435 2539 1640 2600 solum
1662 2539 1812 2618 quid
1839 2538 2047 2600 facere

476 2637 753 2709 possent,
807 2631 920 2691 sed
976 2632 1163 2692 etiam
1208 2633 1361 2710 quid
1416 2639 1626 2694 essent
1680 2634 1939 2693 facturae
1995 2632 2046 2693 si

478 2742 621 2783 cum
652 2722 749 2783 his
776 2725 876 2784 vel
920 2724 1041 2786 illis
1071 2725 1531 2787 conditionibus
1562 2733 1951 2800 crearentur,
1985 2732 2048 2786 01

480 2818 728 2895 operari
758 2817 1134 2892 sinerentur,
1168 2818 1409 2880 etiamsi
1452 2820 1551 2879 vel
1600 2818 1887 2880 creandae
1918 2836 2044 2879 non

475 2910 619 2979 sint,
654 2910 753 2970 vel
786 2910 865 2971 de
906 2911 1071 2971 facto
1098 2922 1227 2971 nou
1272 2912 1395 2973 sint
1424 2912 1855 2991 permittenda}
1902 2930 2046 2973 cum

472 3002 699 3063 talibus
728 3004 1207 3065 circumstantiis
1240 3006 1510 3083 operari.
1548 3008 1690 3066 Hoec
1726 3006 1915 3086 igitur
1953 3019 2048 3065 as-

477 3096 666 3158 sertio
700 3115 776 3158 ex
798 3096 1022 3158 divinis
1051 3097 1389 3178 Scripturis
1427 3099 1489 3160 in
1518 3098 1641 3160 hoc
1675 3098 1879 3179 capite
1904 3115 2050 3178 pro—

478 3189 689 3252 banda
712 3194 826 3251 est.
878 3191 1035 3252 Sunt
1082 3197 1296 3252 autem
1342 3191 1643 3270 pleraque
1694 3191 2048 3252 testimonia

480 3285 811 3364 Scripturae
842 3301 1057 3358 sacrae,
1102 3302 1264 3364 quae,
1289 3284 1433 3346 licet
1460 3285 1737 3346 habeant
1780 3303 1925 3345 suas
1953 3301 2049 3344 re-

481 3377 851 3456 sponsiones
877 3383 938 3438 01
962 3377 1309 3451 evasiones,
1342 3383 1597 3457 propter
1622 3395 1781 3456 quas
1804 3396 1932 3438 non
1955 3377 2048 3438 fa-

480 3471 652 3533 ciunt
683 3475 915 3532 certam
956 3469 1171 3542 fidem,
1202 3474 1416 3530 tamen
1448 3471 1496 3530 si
1536 3471 1779 3532 sincere
1810 3476 1873 3531 et
1908 3489 2048 3550 pro·

480 3563 614 3642 prie
665 3563 1111 3643 intelligantur,
1146 3567 1208 3623 et
1258 3563 1467 3624 omnia
1512 3565 1673 3625 inter
1720 3581 1788 3626 se
1840 3563 2049 3624 confe-

479 3662 719 3727 rantur,
736 3657 1044 3736 simulque
1068 3657 1439 3718 Sanctorum
1464 3657 1881 3736 expositiones
1896 3675 2048 3736 pon-

479 3749 799 3821 derentur,
824 3749 1059 3811 faciunt
1084 3751 1519 3810 vehementem
1545 3750 2043 3827 persuasionem.

558 3844 615 3902 3.
654 3843 967 3907 Probatur
992 3861 1065 3905 0oe
1092 3842 1427 3924 Scriptura
1444 3861 1645 3906 sacra.
1672 3844 2048 3906 —Primum

473 3936 904 4002 testinnonium,
931 3955 1005 3998 ex
1032 3939 1057 3996 1
1094 3937 1244 4019 Rey.
1274 3968 1354 3982 -
1382 3937 1457 3996 Et
1486 3935 1788 4015 imprimis
1818 3937 2044 4015 incipio

482 4045 519 4088 a
568 4028 806 4108 vulgari
858 4029 1209 4089 testimonio
1268 4032 1293 4090 1
1347 4031 1499 4108 Rog.
1556 4031 1657 4098 23,
1702 4029 1809 4089 ubi
1849 4027 2047 4088 David

478 4121 787 4182 consuluit
808 4123 1007 4182 Deum
1040 4140 1145 4194 an,
1180 4121 1227 4182 si
1250 4129 1533 4183 maneret
1554 4123 1614 4181 in
1643 4121 1887 4183 civitate
1910 4120 2047 4184 Cei-

477 4213 573 4284 loe,
619 4218 921 4275 venturus
954 4219 1121 4275 esset
1151 4215 1321 4288 Saul,
1356 4221 1546 4289 etan,
1584 4216 1633 4275 si
1664 4215 1795 4294 ipse
1830 4233 2045 4274 mane·

470 4313 588 4378 ret,
618 4313 679 4368 et
720 4307 823 4368 ille
862 4308 1104 4368 veniret
1142 4326 1213 4368 ac
1246 4309 1661 4369 circumdaret
1703 4307 2038 4378 civitatem,

470 4400 701 4461 Geilitoe
734 4405 943 4462 essent
972 4401 1146 4461 illum
1178 4401 1489 4474 tradituri3
1524 4409 1583 4464 et
1604 4401 1685 4462 ad
1704 4409 2040 4480 utrumque

472 4493 793 4571 respondit
821 4495 988 4554 Deus
1022 4512 1035 4553 t
1076 4495 1164 4557 Et
1192 4494 1351 4558 Saul
1378 4497 1593 4568 venat,
1628 4498 1689 4558 et
1716 4496 1782 4558 1ιί
1804 4497 2043 4558 tradent

470 4590 547 4646 te.
580 4585 713 4657 Quo
744 4587 975 4654 audito,
1012 4587 1249 4666 auffugit
1286 4587 1503 4657 David,
1552 4593 1611 4648 et
1644 4607 1849 4666 neque
1892 4587 2038 4650 Saul

472 4679 665 4750 venit,
698 4697 907 4756 neque
950 4679 1178 4740 ceilitae
1208 4679 1601 4740 tradiderunt
1642 4680 1852 4741 David.
1884 4681 2039 4740 Tota

466 4769 656 4845 igitur
682 4771 912 4831 veritas
949 4771 1113 4832 illius
1162 4773 1560 4835 revelationis
1606 4775 1808 4852 posita
1854 4774 2040 4834 estin

464 4860 585 4920 illis
626 4861 1147 4925 conditionalibus
1196 4885 1209 4927 :
1266 4865 1343 4928 Si
1374 4867 1817 4947 expectaveris,
1846 4867 2042 4930 veniet

471 4952 671 5026 Saul,·
701 4953 757 5016 si
783 4955 943 5018 Saul
970 4961 1219 5030 venerit,
1246 4961 1489 5021 tradent
1512 4965 1593 5030 to,
1624 4977 1763 5038 quse
1792 4966 1940 5019 sunt
1969 4959 2043 5020 li-

462 5045 631 5107 beras
674 5055 733 5109 ct
766 5050 1221 5128 contingentes.
1282 5055 1485 5131 Atque
1536 5054 1621 5112 ita
1672 5053 2041 5131 simpliciter

472 5139 911 5204 intellexerunt
960 5144 1126 5205 hunc
1181 5145 1391 5206 locum
1442 5145 1651 5218 Abul.,
1702 5164 1766 5225 q.
1822 5149 1921 5218 13,
1979 5151 2042 5206 01

470 5230 723 5312 Dionys.
755 5237 1172 5311 carthusiam,
1202 5245 1261 5300 et
1288 5240 1577 5300 Nicotaus
1600 5239 1677 5300 de
1722 5240 1883 5312 Lira,
1930 5239 2038 5306 ibi,

470 5327 577 5404 qui
606 5327 778 5388 addit
805 5347 1101 5407 expresse
1128 5331 1611 5393 conditionalem
1640 5331 1835 5392 fuisse
1864 5349 2046 5392 reve-

472 5418 688 5490 latam,
723 5440 863 5501 quae
892 5424 973 5484 ad
1004 5424 1100 5484 sni
1132 5426 1457 5486 veritatem
1506 5443 1633 5486 non
1684 5425 1938 5504 requirit
1973 5435 2041 5490 ut

473 5513 709 5594 aliquid
748 5515 809 5576 in
854 5535 993 5578 esse
1022 5523 1311 5597 ponatur.

1012 375 1220 433 owse.
1259 380 1320 439 ll.
1354 380 1467 432 ΗΒ.
1504 381 1565 433 11.
1605 382 1683 433 DE
1718 380 2000 433 SctENTLx
2036 380 2493 435 coan'rlos’ATA
2527 380 2748 434 wrm.
2785 380 3188 435 commem.

2209 480 2432 546 Prima
2462 483 2718 563 praefati
2749 482 3080 547 testimonii
3103 484 3326 548 comio.
3359 514 3443 530 —
3463 484 3683 547 Nihilo-

2129 574 2338 637 minus
2367 575 2450 635 ad
2475 576 2794 638 vitandam
2815 574 3157 639 efficaciam
3177 577 3370 657 hujus
3395 576 3516 638 loci
3541 578 3681 639 mul·

2129 676 2192 731 ta
2241 669 2589 749 excogitata
2635 674 2804 731 sunt.
2849 670 3052 731 Unum
3094 677 3210 743 est,
3257 670 3524 733 revelari
3561 672 3682 749 qui-

2127 762 2274 824 dem
2316 761 2401 825 ibi
2451 762 2733 825 futurum
2785 763 3174 843 contingens,
3223 763 3340 825 sed
3386 764 3457 824 in
3509 782 3678 825 causa

2127 856 2360 937 aliqua,
2394 874 2472 919 ex
2509 875 2640 937 qua
2659 856 3014 919 necessario
3043 864 3444 939 sequeretur,
3475 858 3528 917 si
3549 875 3679 919 con-

2127 948 2278 1011 ditio
2309 954 2476 1012 esset
2519 950 2744 1029 posita,
2791 949 2964 1029 quod
3011 968 3149 1012 esse
3177 956 3387 1030 potest
3435 950 3566 1010 sine
3591 968 3678 1010 re·

2129 1042 2502 1123 pugnantia3
2537 1044 2680 1105 licet
2705 1045 2874 1106 enim
2903 1062 3094 1105 causa
3133 1044 3329 1105 libera
3359 1043 3462 1119 sit,
3495 1044 3675 1123 posito

2128 1142 2342 1199 tamen
2381 1154 2508 1197 uno
2551 1143 2696 1197 actu
2735 1138 2955 1211 libero,
2985 1144 3192 1216 potest
3217 1137 3378 1199 alius
3411 1154 3676 1197 necessa-

2129 1230 2224 1291 rio
2269 1230 2483 1309 sequi3
2533 1230 2618 1291 ita
2671 1246 2822 1310 ergo
2873 1230 2940 1291 in
2987 1232 3279 1309 praesenti
3325 1230 3450 1291 dici
3495 1235 3676 1308 potest

2129 1321 2384 1383 Saulem
2411 1320 2602 1384 talem
2625 1322 2919 1383 habuisse
2943 1322 3418 1403 dispositionem
3437 1321 3676 1382 liberam

2133 1433 2262 1477 suae
2283 1415 2586 1477 voluntati
2609 1416 2922 1490 traditam,
2946 1423 3037 1491 ut,
3067 1416 3200 1477 visa
3226 1416 3334 1477 illa
3349 1414 3678 1493 dispositio·

2130 1526 2239 1585 ne,
2273 1526 2404 1570 non
2426 1515 2728 1588 tanquam
2769 1508 3271 1571 conditionaliter
3303 1508 3540 1581 futura,
3573 1509 3670 1569 sed

2130 1608 2434 1683 tanquam
2449 1609 2784 1682 praesente,
2797 1602 2862 1662 iu
2877 1620 2952 1663 ea
2969 1602 3334 1681 cognoverit
3345 1603 3516 1663 Deus
3527 1603 3678 1680 quod

2135 1696 2186 1756 si
2229 1696 2423 1757 David
2453 1715 2580 1757 non
2619 1696 2969 1775 aufugeret,
3011 1694 3422 1757 infallibiliter
3449 1696 3588 1757 Saul
3611 1714 3680 1755 ex

2131 1788 2360 1849 vitalis
2391 1788 2656 1850 affectus
2699 1789 2818 1849 iret
2859 1788 2940 1849 ad
2986 1789 3368 1868 capiendum
3389 1788 3584 1849 illum.
3613 1791 3680 1849 Et

2131 1881 2300 1942 idem
2329 1881 2942 1962 proportionabiliter
2979 1882 3317 1943 dicendum
3347 1888 3442 1943 est
3468 1882 3544 1942 de
3565 1883 3682 1943 Gei-

2127 1974 2288 2037 litis:
2317 1976 2425 2050 ita,
2456 1975 2773 2049 videlicet,
2810 1976 3000 2037 fuisse
3043 1976 3320 2051 affectos,
3355 1976 3454 2037 vel
3480 1976 3682 2037 timore

2127 2069 2300 2145 Saul,
2333 2070 2434 2129 vel
2459 2086 2674 2131 amore
2715 2086 2844 2129 suae
2875 2069 3160 2141 civitatis,
3209 2072 3301 2141 ut,
3349 2069 3556 2130 oblata
3587 2070 3682 2129 illa

2127 2164 2482 2235 occasione,
2515 2181 2594 2223 ex
2619 2163 2723 2223 illo
2753 2164 2982 2225 affectu
3005 2164 3274 2224 oriretur
3297 2162 3684 2223 infallibiliter

2125 2257 2270 2319 talis
2299 2256 2582 2319 effectae.

2209 2354 2270 2412 4.
2315 2354 2626 2433 Rojicitwr
2687 2351 2884 2415 evasio
2922 2350 3246 2432 praedicta.
3277 2382 3364 2397 —
3405 2352 3546 2412 Haec
3593 2370 3682 2411 re—

2131 2447 2384 2525 sponsio
2433 2446 2624 2506 habet
2670 2446 2906 2523 aliquid
2955 2445 3346 2517 subtilitatis;
3399 2446 3682 2525 imprimis

2129 2544 2344 2600 tamen
2409 2537 2669 2599 omnino
2721 2540 3070 2599 voluntarie
3095 2544 3190 2599 est
3239 2537 3506 2600 conficta
3557 2538 3676 2597 sinc

2129 2632 2540 2693 fundamento
2575 2632 2636 2691 in
2669 2632 3008 2711 Scriptura.
3039 2632 3278 2692 Deinde
3309 2632 3564 2692 assumit
3585 2632 3682 2691 ali-

2127 2725 2280 2805 quid
2307 2724 2598 2804 possibile
2621 2725 2900 2802 quidem,
2923 2724 3036 2785 sed
3065 2743 3194 2784 uon
3223 2724 3568 2785 admodum
3589 2744 3680 2785 ve-

2125 2818 2405 2891 risimile,
2449 2818 2596 2897 quia
2625 2818 2709 2879 ad
2737 2817 3254 2897 cognoscendum
3295 2816 3683 2877 infallibiliter

2127 2930 2327 2973 unum
2357 2911 2648 2972 effectum
2681 2911 2947 2973 liberum
2991 2911 3054 2969 in
3101 2910 3332 2988 praevio
3364 2910 3576 2989 aliquo
3603 2910 3684 2969 as-

2129 3004 2321 3076 fectu‚
2352 3022 2482 3063 nou
2515 3006 2664 3065 satis
2692 3010 2786 3065 est
2825 3004 3036 3064 videre
3075 3003 3268 3064 talem
3297 3003 3590 3065 affectum
3627 3004 3686 3063 in

2129 3098 2450 3159 voluntate
2475 3117 2590 3177 pro
2617 3097 2826 3177 aliquo
2861 3102 3164 3176 tempore,
3201 3096 3317 3159 sed
3347 3096 3562 3158 videre
3587 3115 3684 3158 ue-

2129 3209 2305 3252 cesse
2337 3197 2430 3252 est
2457 3191 2752 3252 affectum
2779 3191 2956 3253 illum
2989 3191 3217 3252 durare
3243 3191 3306 3250 in
3341 3191 3452 3251 tali
3485 3191 3684 3250 volun-

2127 3289 2256 3346 tate
2288 3302 2490 3364 usque
2527 3285 2608 3344 ad
2651 3284 2714 3345 id
2755 3291 3004 3364 tempus
3033 3303 3144 3363 pro
3169 3301 3296 3363 quo
3325 3284 3575 3344 videtur
3597 3284 3684 3344 vel

2127 3379 2485 3458 praedicitur
2509 3378 2754 3439 futurus
2781 3379 2920 3439 talis
2949 3377 3236 3449 effectus3
3258 3377 3435 3437 verbi
3463 3378 3676 3456 gratia,

2127 3472 2182 3532 si
2203 3471 2342 3551 quis
2367 3490 2536 3532 nunc
2561 3473 2717 3532 hora
2747 3477 2922 3532 sexta
2963 3469 3041 3531 sit
3069 3469 3133 3530 in
3163 3469 3396 3531 actuali
3421 3469 3566 3530 odio
3600 3471 3686 3528 sui

2127 3564 2396 3638 inimici,
2447 3570 2510 3626 et
2561 3583 2706 3625 cum
2757 3563 2995 3625 efficaci
3038 3564 3360 3642 proposito
3404 3564 3682 3624 sumendi

2127 3659 2490 3732 vindictam,
2523 3676 2648 3746 non
2675 3659 2906 3742 poterit
2929 3659 2994 3718 in
3017 3658 3126 3719 tali
3147 3658 3378 3719 affectu
3405 3657 3682 3736 cognosci

2129 3753 2298 3831 quod
2327 3754 2401 3828 si,
2447 3755 2604 3815 hora
2655 3753 2922 3825 decima,
2979 3759 3268 3814 occurrat
3311 3753 3370 3813 ei
3411 3753 3687 3812 inimicus

2129 3863 2272 3906 cum
2315 3846 2484 3906 omni
2539 3847 2868 3907 occasione
2909 3845 3198 3906 sumendi
3244 3845 3588 3906 vindictam
3617 3845 3684 3904 de

2129 3938 2256 4011 illo,
2289 3944 2493 4000 sumet
2523 3939 2713 4011 illam,
2762 3939 2880 3999 nisi
2927 3939 3116 4000 simul
3147 3939 3442 4000 videatur
3475 3939 3580 3999 ille
3607 3937 3686 3998 af-

2126 4031 2325 4092 fectus
2359 4036 2427 4091 ut
2451 4033 2685 4093 durans
2719 4051 2916 4112 usque
2943 4033 3024 4092 ad
3055 4033 3227 4092 illam
3257 4033 3523 4102 horam;
3553 4031 3686 4108 quia

2125 4129 2328 4203 potest
2355 4124 2538 4184 facile
2561 4125 2792 4186 mutari
2819 4125 3132 4199 voluntas,
3157 4143 3366 4204 neque
3398 4125 3500 4184 hic
3519 4124 3684 4184 effec-

2125 4223 2226 4277 tus
2277 4217 2558 4295 sequitur
2605 4217 3006 4279 infallibiliter
3051 4235 3132 4278 ex
3183 4217 3290 4278 illo
3345 4217 3580 4278 affectu
3627 4223 3684 4274 ut

2123 4309 2462 4390 praecessit,
2493 4309 2604 4370 sed
2635 4315 2704 4372 ut
2729 4311 2915 4371 simul
2945 4315 3040 4372 est
3077 4329 3220 4371 cum
3262 4310 3400 4390 ipso
3445 4310 3678 4371 effectu.

2127 4404 2203 4462 At
2231 4419 2380 4462 vero
2429 4397 2502 4462 in'
2541 4409 2758 4463 nostro
2809 4423 2958 4464 casu
2999 4409 3064 4464 et
3105 4403 3488 4463 revelatione
3535 4403 3680 4462 facta

2123 4496 2343 4570 David,
2376 4511 2502 4555 non
2547 4501 2642 4555 est
2685 4497 3038 4567 verisimile,
3088 4500 3196 4556 aut
3223 4495 3396 4566 Saul,
3443 4501 3558 4555 aut
3593 4497 3682 4554 ha·

2123 4588 2422 4648 bitatores
2453 4589 2661 4662 Ceilae,
2689 4589 3062 4667 perdurasse
3089 4589 3158 4648 in
3187 4589 3290 4648 illa
3335 4588 3565 4650 actuali
3593 4607 3682 4648 ro-

2124 4681 2421 4760 gitatione
2454 4686 2516 4742 et
2543 4681 2774 4741 actuali
2801 4681 2966 4752 odio,
2999 4681 3096 4740 vel
3139 4681 3264 4741 alio
3295 4681 3480 4741 simili
3527 4687 3676 4744 actu,

2121 4791 2234 4854 pro
2263 4774 2368 4834 illo
2409 4781 2692 4853 tempore
2741 4793 2856 4853 pro
2899 4793 3024 4853 qno
3069 4774 3316 4834 futurus
3371 4781 3541 4834 esset
3589 4774 3678 4832 ille

2123 4869 2420 4940 effectus,
2467 4867 2518 4928 si
2569 4867 2758 4929 David
2803 4868 2986 4930 Ceiloe
3029 4869 3500 4947 permansisset.
3535 4866 3676 4938 Quin

2123 4963 2331 5042 potius
2359 4961 2716 5023 credibilius
2765 4969 2880 5034 est,
2921 4969 3256 5041 postquam
3283 4962 3484 5023 David
3519 4961 3675 5021 aufu-

2125 5055 2234 5134 git,
2265 5055 2413 5116 Saul
2461 5062 2526 5115 et
2559 5061 2816 5116 caeteros
2858 5056 2940 5116 ad
2981 5074 3083 5116 res
3127 5055 3284 5116 alias
3325 5056 3672 5117 attendisse.

2123 5149 2254 5209 Imo
2305 5167 2382 5208 cx
2423 5147 2712 5208 discursu
2757 5147 3088 5226 Scripturas
3130 5147 3196 5207 id
3223 5148 3430 5228 colligi
3462 5152 3670 5228 potest.

2131 5241 2256 5301 Nec
2291 5259 2438 5301 vcro
2468 5243 2617 5302 satis
2645 5247 2739 5302 cst
2767 5241 2936 5320 quod
2963 5241 3283 5302 habituale
3311 5259 3424 5302 seu
3451 5241 3674 5302 radica-

2127 5335 2186 5395 le
2215 5336 2429 5395 odium
2455 5335 2970 5415 perseveraverit,
2997 5335 3170 5414 quia,
3195 5354 3272 5396 eo
3293 5355 3424 5396 uon
3445 5337 3672 5396 obstan-

2124 5434 2210 5500 te,
2245 5432 2450 5507 potest
2479 5428 2764 5488 voluntas
2793 5429 3042 5490 mutari.
3074 5428 3348 5490 Ulterius
3383 5428 3550 5489 addo
3575 5443 3672 5506 per

2125 5539 2192 5580 se
2241 5539 2378 5583 esse
2427 5521 2607 5582 valde
2657 5521 2954 5583 indecens
3003 5527 3065 5582 et
3109 5521 3320 5582 minus
3367 5518 3665 5599 probabile
