3850 6225
733 384 900 438 SECT.
936 385 1019 438 vl.
1056 385 1350 449 Quouono
1382 385 1912 440 SA'nSFAOEENnun
1946 385 2047 438 SIT
2080 385 2644 450 DIFFICULTATlBUS,
2679 385 2814 440 E'rc.

172 483 705 557 commutativam,
739 485 790 544 si
819 489 950 546 tota
975 485 1080 545 illa
1109 487 1356 564 gravior
1395 503 1584 565 poena
1611 504 1740 546 non

171 577 420 638 excedit
447 578 738 638 meritum
783 577 984 656 culpae
1027 579 1164 657 ejus
1197 580 1302 658 qui
1335 580 1422 639 sic
1459 579 1736 659 punitur.

173 672 390 746 Neque
421 669 608 730 etiam
641 669 925 748 peccabit
952 676 1167 731 contra
1203 673 1540 752 specialem
1563 672 1736 752 justi-

171 763 322 823 tiam
343 763 822 834 distributivam,
846 753 990 840 q‘uia
1013 763 1252 824 nullum
1269 766 1374 844 jus
1393 765 1584 826 violat
1605 765 1659 842 ej
1671 782 1741 824 us

171 873 364 934 quem
391 856 480 918 sic
511 857 762 936 gravius
790 857 1002 934 punit;
1027 875 1156 918 non
1184 876 1335 939 ergo
1363 859 1449 918 illi
1478 859 1622 920 facit
1653 858 1742 918 in-

167 948 424 1026 juriam,
465 949 578 1008 sed
614 948 1014 1027 Reipublicae,
1044 956 1106 1011 et
1138 952 1457 1012 communi
1483 952 1650 1012 bono
1677 951 1745 1010 in

171 1041 278 1100 illa
321 1059 736 1130 personarum
783 1043 1170 1120 acceptione,
1215 1062 1356 1122 quae
1407 1044 1744 1122 aliquando

171 1153 316 1196 esse
343 1141 549 1214 potest
577 1141 794 1196 contra
810 1136 1116 1214 justitiam
1145 1137 1434 1217 legalem,
1464 1139 1741 1218 quande,

173 1228 436 1303 scilicet,
481 1228 751 1307 ipsamet
795 1229 1070 1308 postulat
1116 1230 1347 1292 dictam
1395 1231 1745 1309 proportio-

171 1341 345 1383 nem.
379 1323 574 1385 Secus
603 1329 813 1384 autem
845 1327 1012 1385 esset
1044 1325 1094 1385 si
1127 1325 1234 1386 illa
1269 1326 1594 1405 inaequalis
1629 1344 1747 1405 pu-

173 1417 332 1477 nitio
359 1421 422 1477 et
449 1416 702 1478 omissio
717 1417 1150 1496 proportionis
1179 1419 1360 1480 fieret
1389 1437 1464 1480 ex
1492 1419 1612 1480 alia
1646 1437 1748 1479 ra-

173 1510 348 1570 tione
377 1509 728 1570 communis
757 1509 939 1582 boni;
972 1516 1122 1572 tunc
1155 1511 1321 1571 enim
1345 1513 1482 1590 jam
1507 1512 1747 1591 justitia

171 1603 398 1681 legalis
424 1621 554 1664 non
575 1601 880 1681 obligaret
903 1602 984 1663 ad
1007 1603 1476 1683 proportionem
1496 1621 1746 1666 servan·-

174 1691 346 1768 dam,
378 1699 442 1755 et
475 1700 934 1772 consequenter
961 1695 1068 1756 illa
1107 1714 1236 1757 non
1273 1702 1439 1758 esset
1467 1695 1745 1776 acceptio

171 1805 589 1867 personarum
632 1806 994 1867 repugnans
1049 1789 1160 1850 tali
1209 1791 1486 1869 justitiae.
1541 1793 1746 1870 Atque

173 1883 298 1942 hoc
330 1881 518 1942 etiam
547 1882 735 1943 modo
765 1881 993 1943 dicitur
1021 1883 1184 1943 Deus
1211 1885 1275 1944 in
1300 1885 1619 1964 Scriptura
1654 1901 1749 1944 sa-

173 1991 282 2036 cra
307 1992 438 2036 non
467 1974 750 2052 accipere
775 1992 1102 2054 personae,
1123 1993 1254 2036 non
1275 1977 1478 2042 solum
1503 1977 1566 2037 in
1594 1993 1749 2056 prte-

171 2067 342 2139 miis,
373 2085 598 2129 verum
637 2067 826 2129 etiam
854 2068 918 2130 in
959 2070 1166 2148 poenis
1192 2069 1530 2132 reddendis
1559 2089 1574 2130 :
1602 2069 1750 2150 quia

173 2159 344 2222 inter
375 2179 484 2222 eas
513 2161 932 2239 aequalitatem
979 2167 1207 2236 servat,
1237 2162 1457 2225 saltem
1493 2181 1752 2242 propor-

173 2254 389 2315 tionis.
425 2254 717 2334 Acceptio
757 2255 926 2316 enim
963 2273 1400 2334 personarum,
1439 2256 1584 2318 licet
1619 2274 1749 2318 non

185 2363 443 2426 semper
484 2353 838 2426 opponatur
873 2348 1126 2427 justitiae
1167 2348 1569 2410 distributivae
1611 2367 1756 2429 spe-

185 2441 433 2502 cialiter
454 2447 737 2519 sumptae,
761 2458 1012 2520 semper
1035 2448 1248 2503 tamen
1275 2444 1610 2522 opponitur
1635 2441 1757 2504 for-

185 2553 310 2596 mae
359 2541 426 2596 et
474 2537 859 2614 proportioni
908 2536 1074 2597 illius
1091 2557 1118 2608 ς
1161 2536 1412 2616 signum
1461 2554 1611 2615 ergo
1661 2543 1758 2598 est

183 2628 380 2688 etiam
413 2629 576 2688 hanc
609 2627 880 2690 formam
909 2637 970 2690 et
1005 2629 1476 2708 proportionem
1505 2647 1756 2692 servare

177 2721 386 2781 Deum
419 2719 482 2780 in
511 2719 932 2783 vindicatione
961 2721 1309 2801 culparum.
1343 2721 1630 2803 sicergo
1660 2741 1762 2785 sa-

179 2813 260 2874 tis
295 2818 542 2874 constat
568 2831 710 2892 quoe
738 2813 934 2875 virtus
957 2813 1023 2874 in
1047 2814 1177 2876 Deo
1207 2814 1286 2875 sit
1308 2814 1544 2894 justitia
1571 2815 1758 2895 puni-

181 2907 338 2978 tiva,
373 2913 436 2968 et
475 2908 614 2985 quis
653 2909 880 2970 modus
927 2908 1382 2970 commutativae
1429 2908 1530 2968 vel
1559 2907 1760 2970 distri-

181 2998 420 3060 butivae
439 2999 696 3077 justitiae
724 3001 788 3060 iu
817 3019 894 3062 ea
929 3013 1232 3064 servetur.

265 3093 370 3153 20.
420 3093 506 3155 In
521 3110 726 3175 poma,
765 3111 946 3175 quam
973 3113 1014 3157 a
1050 3111 1115 3157 se
1139 3095 1278 3175 quis
1305 3092 1522 3176 emiqit,
1566 3093 1760 3158 locum

185 3189 402 3251 habero
422 3192 624 3269 potest
649 3194 904 3269 utraque
916 3188 1520 3269 justitia—Ultimo
1549 3196 1762 3251 tamen

187 3279 648 3343 advertendum
677 3286 772 3343 est
799 3282 932 3343 haec
957 3280 1170 3343 omnia
1195 3281 1457 3362 intelligi
1483 3283 1563 3344 de
1583 3284 1762 3363 justi-

187 3374 276 3435 tia
306 3372 608 3452 punitiva,
628 3373 696 3433 in
722 3392 848 3453 qua
868 3374 1036 3435 Deus
1058 3391 1126 3435 se
1150 3374 1344 3437 habet
1366 3376 1758 3450 utefficiens,

189 3473 254 3529 et
285 3484 434 3527 reus
461 3468 709 3527 tantum
731 3472 802 3527 ut
827 3467 1106 3545 patiens;
1129 3486 1281 3529 nam
1315 3472 1410 3529 est
1439 3468 1597 3529 alius
1633 3486 1765 3529 mo—

189 3559 316 3619 dus
344 3556 648 3638 puniendi
675 3557 904 3621 delicta
933 3568 1150 3621 contra
1177 3562 1378 3623 Deum
1405 3562 1760 3635 commissa,

191 3672 318 3734 per
357 3652 772 3715 voluntariam
819 3653 1327 3728 satisfactionem,
1363 3672 1477 3716 seu
1525 3672 1768 3716 assum·-

191 3748 479 3827 ptionem
508 3764 736 3824 prenae,
758 3748 1096 3812 exhibitam
1123 3748 1208 3809 ab
1231 3750 1499 3827 ipsomet
1525 3748 1630 3825 φὶ
1655 3747 1768 3809 de-

190 3840 400 3919 liquit,
435 3840 535 3902 vel
569 3840 652 3901 ab
691 3841 814 3901 alio
841 3842 980 3903 loco
1022 3842 1208 3916 illius,
1241 3847 1304 3904 et
1348 3861 1386 3903 a
1426 3842 1556 3903 Deo
1589 3860 1766 3903 acce-

191 3936 460 4012 ptatam.
485 3932 600 4005 Qui
628 3933 854 3995 modus
875 3934 1164 3997 vindictoe
1189 3934 1268 3997 de
1297 3934 1568 4014 peccatis
1591 3933 1663 3995 fit
1687 3932 1768 3993 ab

193 4024 762 4105 hominibusjustis
792 4027 859 4087 in
885 4028 1004 4089 hac
1031 4028 1177 4089 vita.
1200 4028 1276 4089 Et
1304 4028 1446 4089 licet
1473 4026 1771 4106 procedat

195 4136 234 4179 a
277 4118 516 4197 justitia
546 4119 828 4198 punitiva
861 4120 996 4194 Dei,
1026 4126 1331 4199 tanquam
1371 4120 1454 4182 ab
1481 4119 1768 4199 exigente

198 4215 266 4273 et
295 4213 667 4291 imperante,
699 4214 982 4292 proxime
1010 4219 1222 4277 tamen
1249 4211 1532 4294 procedit
1557 4213 1637 4274 ab
1677 4212 1772 4292 ip—

199 4309 412 4366 somet
436 4322 548 4367 reo
575 4324 688 4367 seu
718 4304 1160 4380 satisfaciente,
1193 4305 1342 4385 quia
1369 4324 1494 4367 non
1523 4304 1770 4383 passive

195 4403 473 4472 tantum,
508 4399 620 4461 sed
662 4400 860 4461 active
903 4399 986 4461 ad
1033 4418 1174 4461 eam
1218 4397 1548 4461 concurrit.
1593 4400 1668 4458 Et
1705 4398 1780 4459 in·

197 4492 328 4553 hoc
375 4510 604 4570 genere
651 4492 992 4571 punitionis
1041 4492 1277 4553 habere
1327 4497 1534 4571 potest
1563 4490 1772 4553 locum

199 4586 458 4667 propria
481 4586 724 4663 justitia
755 4585 870 4647 Dei
908 4586 1350 4647 commutativa
1375 4591 1451 4647 ‘et
1479 4585 1773 4647 distribu-

201 4681 356 4741 tiva.
377 4680 556 4751 Nam,
581 4678 630 4739 si
654 4684 1046 4757 supponatur
1062 4679 1393 4757 promissio
1411 4684 1474 4740 et
1492 4684 1769 4758 pactum,

204 4792 292 4835 ex
310 4772 552 4851 justitia
589 4772 1032 4832 commutativa
1065 4772 1374 4851 obligatur
1400 4772 1565 4833 Deus
1593 4772 1676 4833 ad
1703 4771 1774 4832 il·-

203 4865 338 4926 lam
365 4864 852 4926 satisfactionem
881 4864 964 4925 ita
993 4863 1460 4944 acceptandam,
1489 4870 1559 4925 ut
1587 4864 1774 4925 aliam

203 4974 464 5037 poenam
507 4976 624 5037 pro
671 4956 779 5018 tali
825 4960 1086 5035 peccato
1121 4974 1252 5017 non
1300 4956 1566 5037 infligat,
1605 4963 1676 5017 ut
1711 4957 1778 5019 in

207 5051 642 5131 superioribus
679 5050 1069 5113 declaratum
1095 5058 1214 5113 est.
1251 5053 1454 5131 Atque
1493 5051 1626 5112 haec
1659 5051 1782 5111 sint

210 5163 251 5205 a
280 5143 464 5205 nobis
500 5143 664 5205 dicta
694 5144 772 5207 de
803 5144 1100 5205 attributo
1140 5142 1364 5204 divinae
1387 5144 1668 5222 justitias,
1703 5162 1781 5205 ex

211 5237 444 5315 quibus
471 5243 731 5313 constat,
761 5254 890 5299 non
917 5236 1124 5299 solum
1154 5235 1234 5297 ad
1259 5254 1449 5315 quam
1471 5236 1780 5315 justitiam

211 5329 526 5409 pertineat
559 5330 908 5391 distributio
937 5328 1364 5409 praemiorum,
1393 5329 1564 5409 quod
1601 5348 1638 5389 a
1667 5347 1783 5389 no-

213 5423 316 5493 bis
343 5423 768 5501 principaliter
789 5424 1175 5503 propositum
1205 5422 1430 5495 fuerat,
1459 5421 1571 5483 sed
1596 5422 1786 5484 etiam

216 5515 474 5577 inflictio
501 5532 856 5595 poenarum,
889 5522 951 5577 et
978 5533 1198 5577 omnes
1240 5516 1346 5576 alii
1377 5521 1552 5577 actus
1579 5516 1788 5595 provi-

548 5636 633 5681 ιι.

3264 383 3381 444 577

1821 487 2049 548 dentiae
2085 487 2332 560 divinae,
2364 488 2471 567 qui
2510 487 2783 567 aliquam
2806 487 3113 549 rationem
3132 489 3383 568 justitiae

1821 581 2229 659 participant;
2260 581 2397 642 haec
2426 581 2593 642 enim
2636 581 2847 641 omnia
2890 598 3171 642 connexa
3216 587 3382 655 sunt,

1825 679 1887 733 et
1913 673 1995 734 ad
2022 673 2549 753 complementum
2578 674 2872 735 doctrinae
2890 674 3146 735 fuerunt
3170 693 3388 736 neces-

1823 785 2011 827 saria.

2440 971 2657 1026 SEGTlO
2692 973 2773 1024 Vl.

1825 1143 2061 1190 cuonone
2086 1142 2495 1182 sansucium!
2518 1143 2593 1178 811·
2618 1141 3045 1180 nmmumntws
3072 1141 3121 1178 ut
3150 1139 3392 1180 rainelmo

2510 1217 2707 1254 rosiris.

1909 1419 1937 1476 ⁴
1954 1462 1969 1476 .
2014 1415 2121 1478 Ad
2150 1415 2388 1479 auctori
2392 1416 2575 1478 tatem
2610 1412 3127 1478 Scholasticmm
3151 1429 3399 1495 respon-

1829 1510 2024 1574 detur.
2066 1539 2151 1554 -
2192 1509 2491 1587 Superest
2528 1513 2596 1568 ut
2630 1506 3041 1568 fundamenta
3068 1505 3394 1568 contrarioe

1828 1602 2153 1664 sententiae
2188 1620 2328 1682 quie
2356 1603 2420 1661 in
2466 1601 2769 1681 principio
2806 1599 3152 1679 posuimuS,
3184 1598 3399 1660 dissol-

1824 1713 2071 1756 vamus.
2095 1695 2369 1756 Primum
2397 1693 2781 1754 fundabatur
2804 1694 3120 1772 praecipue
3158 1693 3223 1753 in
3251 1709 3401 1753 auc-

1825 1789 2075 1851 toritate
2106 1789 2653 1864 Scholasticorum,
2683 1786 2761 1849 de
2793 1787 3021 1866 quibus
3048 1805 3175 1849 non
3206 1803 3402 1867 nega-

1827 1882 1911 1944 bo
1939 1883 2265 1944 obscurius
2287 1882 2531 1943 locutos
2564 1882 2758 1942 fuisse
2785 1881 2867 1942 de
2896 1882 3017 1943 hac
3040 1881 3249 1942 divina
3269 1881 3403 1960 jus-

1827 1977 1987 2052 titia,
2010 1977 2337 2058 magisque
2358 1977 2679 2038 insinuare
2695 1975 3000 2055 justitiam
3020 1975 3191 2035 illam
3212 1991 3404 2055 quam

1831 2089 1949 2132 nos
1988 2070 2466 2150 gubernativam
2500 2087 2615 2130 seu
2642 2067 3164 2149 providentialem
3192 2067 3409 2148 appel-

1831 2165 2066 2236 lamus;
2092 2163 2170 2224 de
2196 2163 2317 2224 alia
2346 2181 2497 2225 vero
2524 2161 2779 2242 propria
2795 2161 3035 2240 justitia
3066 2167 3409 2222 commuta·

1833 2258 1959 2318 tiva
1980 2257 2081 2317 vel
2112 2257 2502 2317 distributiva
2531 2273 2851 2336 perpauca
2878 2255 3108 2317 dicere.
3137 2255 3280 2318 Jam
3302 2272 3409 2316 ve·-

1836 2367 1907 2412 ro
1958 2349 2345 2411 ostendimus
2394 2349 2735 2409 nonnullos
2784 2366 3009 2428 graves
3056 2348 3409 2427 Theologos

1837 2441 1989 2505 satis
2028 2442 2197 2503 clare
2230 2441 2309 2502 de
2338 2441 2579 2521 justitia
2609 2441 2999 2503 distributiva
3024 2443 3137 2502 Dei
3166 2441 3409 2504 locutos

1836 2537 2053 2610 fuisse,
2074 2537 2413 2598 nonnullos
2438 2536 2622 2597 etiam
2650 2535 2727 2598 de
2760 2537 3224 2611 commutativa,
3250 2555 3411 2617 prae-

1838 2631 2054 2706 sertim
2081 2631 2155 2690 D.
2181 2631 2488 2691 Thomam
2519 2635 2583 2690 et
2606 2631 3009 2710 Capreolum;
3040 2630 3195 2692 alios
3233 2649 3408 2706 vem,

1841 2725 1949 2804 qui
1990 2724 2161 2784 illam
2205 2730 2463 2804 negant,
2509 2723 2681 2802 loqui
2714 2723 2795 2785 de
2836 2727 3289 2809 commutativa·
3318 2743 3412 2787 se-

1840 2817 2118 2879 cundum
2148 2835 2295 2878 eum
2324 2818 2619 2896 rigorem,
2650 2823 2711 2878 et
2742 2819 3190 2895 proprietatem
3218 2835 3411 2896 quam

1839 2910 2032 2971 habet
2088 2910 2153 2970 in
2196 2909 2578 2980 hominihuS,
2630 2927 2759 2970 non
2803 2915 3017 2970 tamen
3064 2911 3411 2971 secundum

1839 3003 2171 3065 formalem
2215 3009 2589 3083 conceptum
2633 3003 3037 3075 abstractum,
3068 3020 3257 3082 quern
3296 3021 3414 3064 nos

1840 3097 2319 3159 declaravimus
2343 3096 2467 3175 Ipsi
2486 3114 2635 3157 vero
2656 3095 3219 3159 considerationem
3242 3097 3412 3158 illam

1840 3189 1973 3253 fere
2016 3189 2487 3272 praetermisisse
2529 3189 2844 3263 videntne,
2878 3208 3007 3251 non
3050 3196 3261 3251 tamen
3302 3208 3417 3251 ne-

1843 3302 2049 3365 gesse.

1923 3378 1985 3437 Ξ.
2032 3374 2135 3437 Aa
2178 3376 2261 3437 D.
2311 3374 2665 3439 Amelmwm
2710 3377 3124 3456 respondetur,
3172 3378 3418 3459 ejusque

1843 3470 2021 3533 verba
2044 3466 2449 3549 explicantur.
2468 3469 2645 3529 -In
2672 3466 2937 3530 decentia
2963 3466 3181 3531 dirime
3206 3470 3417 3531 volm-

1849 3564 2001 3626 tatis
2025 3578 2251 3641 maym
2290 3566 2381 3623 eet
2410 3559 2961 3631 laticum—Quod
2986 3579 3135 3622 vero
3176 3568 3418 3643 spectat

1847 3654 1929 3715 ad
1966 3654 2157 3715 verba
2200 3655 2273 3714 D.
2318 3652 2619 3726 Anselmi‚
2657 3656 2901 3714 constat
2938 3654 3293 3729 manifeste,
3340 3676 3417 3717 ex

1843 3752 1977 3809 toto
2003 3746 2107 3808 illo
2136 3766 2274 3825 cap.
2302 3750 2405 3823 10,
2430 3748 2795 3808 Anselmum
2816 3748 2990 3826 loqui
3014 3748 3097 3808 ibi
3118 3749 3417 3810 latissime

1847 3842 1926 3903 de
1960 3841 2199 3920 justitia
2227 3840 2339 3900 Dei
2381 3845 2567 3918 prout
2602 3840 2913 3919 significat
2956 3860 3417 3922 quamcumque

1847 3934 2162 4006 virtutem,
2196 3950 2309 3993 seu
2345 3938 2589 3993 rectum
2624 3933 2919 3993 affectum
2964 3935 3417 4008 benefaciendi,

1851 4044 1968 4088 seu
2010 4026 2311 4105 operandi
2343 4026 2507 4087 circa
2548 4024 2725 4086 alios.
2760 4024 2937 4097 Quod
2982 4032 3155 4104 patet
3194 4026 3422 4089 exiliis

1850 4120 2097 4181 verbis:
2124 4120 2378 4182 ,Iustum
2404 4122 2495 4181 est
2522 4122 2593 4181 ut
2614 4119 2805 4180 malos
2826 4118 3087 4199 punias,-
3108 4125 3165 4182 et
3176 4122 3421 4200 justum

1850 4218 1943 4276 eet
1970 4214 2043 4275 ut
2077 4211 2263 4274 malis
2293 4228 2559 4292 parmi,-
2589 4228 2738 4271 nam
2774 4216 3012 4271 certum
3044 4218 3139 4273 est
3180 4220 3423 4274 utrum-

1853 4322 1981 4385 que
2004 4304 2231 4365 horum
2256 4322 2383 4365 non
2410 4304 2725 4382 pertinere
2752 4302 2833 4362 ad
2850 4303 3157 4381 justitiam
3183 4307 3422 4385 specia-

1851 4398 1995 4459 liter
2018 4402 2353 4476 sumptam,
2386 4395 2497 4456 sed
2535 4396 2903 4475 generatim.
2934 4398 3171 4459 Deinde
3206 4400 3285 4459 de
3328 4399 3423 4461 di-

1853 4491 1997 4551 vina
2036 4489 2275 4569 justitia
2324 4488 2412 4549 sic
2452 4495 2725 4567 sumpta,
2760 4495 2821 4549 et
2864 4490 2941 4550 de
2985 4492 3153 4551 omni
3196 4492 3422 4554 virtute

1853 4584 1971 4644 sub
1998 4582 2103 4643 illa
2130 4582 2609 4661 comprehensa,
2627 4600 2845 4644 verum
2871 4588 2987 4657 est,
3014 4584 3185 4661 quod
3205 4586 3426 4648 Ansel-

1851 4696 1997 4738 mus
2024 4675 2109 4737 ad
2138 4676 2340 4737 Deum
2380 4676 2467 4738 ait
2500 4694 2513 4735 :
2546 4676 2771 4738 Justus
2798 4694 2881 4749 es,
2914 4666 3073 4757 quia·
3090 4678 3249 4757 sacis
3274 4680 3433 4759 quod

1855 4773 2017 4835 decet
2038 4776 2093 4833 te
2116 4786 2345 4832 summe
2372 4770 2604 4831 bonum.
2632 4770 2779 4829 Haec
2805 4788 2954 4830 vero
2984 4769 3273 4831 decentia
3298 4790 3426 4833 non

1857 4869 1953 4925 est
1990 4862 2215 4925 eadem
2258 4863 2323 4921 in
2352 4862 2643 4922 omnibus
2692 4863 3001 4924 attributis
3046 4863 3270 4925 divinae
3316 4884 3428 4927 vo-

1859 4956 2151 5028 luntatis3
2178 4953 2607 5017 misericordia
2648 4955 2841 5029 enim,
2871 4956 3099 5017 veritas
3142 4963 3208 5018 et
3244 4958 3431 5036 justi-

1858 5048 1969 5123 tia,
1994 5054 2143 5121 etc„
2172 5046 2400 5109 decent
2424 5046 2697 5108 divinam
2727 5048 3103 5121 bonitatem;
3134 5049 3315 5111 aliter
3342 5058 3429 5111 ta-

1860 5158 2011 5203 men
2048 5147 2113 5203 et
2162 5140 2365 5213 aliter,
2421 5140 2768 5201 secundum
2814 5142 3107 5221 praecisas
3154 5144 3431 5205 rationes

1863 5252 2081 5297 eorum
2110 5233 2451 5313 loquendo.
2478 5234 2569 5294 Ex
2602 5235 2722 5295 boc
2746 5252 2897 5314 ergo
2926 5252 3053 5295 non
3086 5236 3434 5299 excluditur

1863 5330 2017 5410 quin
2056 5330 2119 5389 in
2151 5328 2282 5389 Deo
2311 5328 2507 5407 possit
2532 5346 2671 5390 esse
2712 5330 2964 5408 propria
2986 5330 3247 5408 justitia,
3274 5332 3436 5392 sicut

1863 5439 1993 5483 non
2020 5421 2369 5483 excluditur
2390 5421 2561 5500 quod
2580 5422 2644 5481 in
2664 5440 2739 5483 eo
2760 5422 2839 5483 sit
2859 5425 3110 5503 propria
3132 5424 3431 5497 fidelitas;

1865 5532 2039 5589 nam,
2072 5514 2231 5575 sicut
2270 5511 2452 5575 decet
2488 5512 2761 5575 divinam
2791 5515 3137 5578 bonitatem
3174 5517 3437 5597 implere

3037 5622 3113 5685 37
