<?xml version="1.0" encoding="UTF-8"?>
<!DOCTYPE html PUBLIC "-//W3C//DTD XHTML 1.0 Transitional//EN"
    "http://www.w3.org/TR/xhtml1/DTD/xhtml1-transitional.dtd">
<html xmlns="http://www.w3.org/1999/xhtml" xml:lang="en" lang="en">
 <head>
  <title>
</title>
<meta http-equiv="Content-Type" content="text/html;charset=utf-8" />
  <meta name='ocr-system' content='tesseract 3.04.00' />
  <meta name='ocr-capabilities' content='ocr_page ocr_carea ocr_par ocr_line ocrx_word'/>
</head>
<body>
  <div class='ocr_page' id='page_1' title='image "./rpfranciscisuar01duvagoog_0603.png"; bbox 0 0 3850 6225; ppageno 0'>
   <div class='ocr_carea' id='block_1_1' title="bbox 1585 413 2037 471">
    <p class='ocr_par' dir='ltr' id='par_1_1' title="bbox 1585 413 2037 471">
     <span class='ocr_line' id='line_1_1' title="bbox 1585 413 2037 471; baseline 0.002 -1"><span class='ocrx_word' id='word_1_1' title='bbox 1585 413 1778 470; x_wconf 80' lang='lat' dir='ltr'><strong>INDEX</strong></span> <span class='ocrx_word' id='word_1_2' title='bbox 1807 413 2037 471; x_wconf 66' lang='lat' dir='ltr'><strong>RERUM.</strong></span> 
     </span>
    </p>
   </div>
   <div class='ocr_carea' id='block_1_2' title="bbox 187 514 1767 2101">
    <p class='ocr_par' dir='ltr' id='par_1_2' title="bbox 188 514 1760 662">
     <span class='ocr_line' id='line_1_2' title="bbox 188 514 1760 585; baseline -0.003 -12"><span class='ocrx_word' id='word_1_3' title='bbox 188 518 334 574; x_wconf 85' lang='lat' dir='ltr'><strong>Deus</strong></span> <span class='ocrx_word' id='word_1_4' title='bbox 355 533 418 574; x_wconf 84' lang='lat' dir='ltr'><strong>ex</strong></span> <span class='ocrx_word' id='word_1_5' title='bbox 443 531 504 572; x_wconf 88' lang='lat' dir='ltr'><strong>se</strong></span> <span class='ocrx_word' id='word_1_6' title='bbox 531 514 737 571; x_wconf 88' lang='lat' dir='ltr'><strong>nullum</strong></span> <span class='ocrx_word' id='word_1_7' title='bbox 761 515 1106 585; x_wconf 78' lang='lat' dir='ltr'><strong>praedestinat</strong></span> <span class='ocrx_word' id='word_1_8' title='bbox 1135 516 1206 570; x_wconf 85' lang='lat' dir='ltr'><strong>ad</strong></span> <span class='ocrx_word' id='word_1_9' title='bbox 1239 516 1439 570; x_wconf 83' lang='lat' dir='ltr'><strong>matum</strong></span> <span class='ocrx_word' id='word_1_10' title='bbox 1465 516 1637 582; x_wconf 79' lang='lat' dir='ltr'><strong>culpae</strong></span> <span class='ocrx_word' id='word_1_11' title='bbox 1666 521 1760 570; x_wconf 86' lang='lat' dir='ltr'><strong>aut</strong></span> 
     </span>
     <span class='ocr_line' id='line_1_3' title="bbox 258 595 916 662; baseline -0.003 -14"><span class='ocrx_word' id='word_1_12' title='bbox 258 609 449 662; x_wconf 85' lang='lat' dir='ltr'><strong>poenae,</strong></span> <span class='ocrx_word' id='word_1_13' title='bbox 478 607 565 660; x_wconf 92' lang='lat' dir='ltr'><strong>op.</strong></span> <span class='ocrx_word' id='word_1_14' title='bbox 590 595 696 654; x_wconf 84' lang='grc'><strong>1,1.</strong></span> <span class='ocrx_word' id='word_1_15' title='bbox 719 598 767 655; x_wconf 78' lang='lat'><strong>2,</strong></span> <span class='ocrx_word' id='word_1_16' title='bbox 798 607 844 646; x_wconf 91' lang='lat' dir='ltr'><strong>c.</strong></span> <span class='ocrx_word' id='word_1_17' title='bbox 873 600 916 646; x_wconf 71' lang='lat'><strong>5.</strong></span> 
     </span>
    </p>

    <p class='ocr_par' dir='ltr' id='par_1_3' title="bbox 187 667 1753 810">
     <span class='ocr_line' id='line_1_4' title="bbox 187 667 1753 737; baseline -0.003 -13"><span class='ocrx_word' id='word_1_18' title='bbox 187 673 434 737; x_wconf 75' lang='lat' dir='ltr'><strong>implicat</strong></span> <span class='ocrx_word' id='word_1_19' title='bbox 454 670 600 736; x_wconf 87' lang='lat' dir='ltr'><strong>quod</strong></span> <span class='ocrx_word' id='word_1_20' title='bbox 623 672 760 723; x_wconf 90' lang='lat' dir='ltr'><strong>Deus</strong></span> <span class='ocrx_word' id='word_1_21' title='bbox 783 670 910 724; x_wconf 86' lang='lat' dir='ltr'><strong>velit</strong></span> <span class='ocrx_word' id='word_1_22' title='bbox 929 668 1290 723; x_wconf 85' lang='lat' dir='ltr'><strong>determinare</strong></span> <span class='ocrx_word' id='word_1_23' title='bbox 1313 668 1536 736; x_wconf 78' lang='lat' dir='ltr'>physice</span> <span class='ocrx_word' id='word_1_24' title='bbox 1559 667 1753 720; x_wconf 80' lang='lat' dir='ltr'><strong>volun-</strong></span> 
     </span>
     <span class='ocr_line' id='line_1_5' title="bbox 256 746 1512 810; baseline -0.006 -9"><span class='ocrx_word' id='word_1_25' title='bbox 256 753 418 801; x_wconf 86' lang='lat' dir='ltr'><strong>tatem</strong></span> <span class='ocrx_word' id='word_1_26' title='bbox 450 753 504 798; x_wconf 88' lang='lat' dir='ltr'><strong>ut</strong></span> <span class='ocrx_word' id='word_1_27' title='bbox 534 747 700 798; x_wconf 88' lang='lat' dir='ltr'><strong>libere</strong></span> <span class='ocrx_word' id='word_1_28' title='bbox 728 752 998 810; x_wconf 82' lang='lat' dir='ltr'><strong>operetur,</strong></span> <span class='ocrx_word' id='word_1_29' title='bbox 1021 757 1110 810; x_wconf 89' lang='lat' dir='ltr'><strong>op.</strong></span> <span class='ocrx_word' id='word_1_30' title='bbox 1138 751 1182 808; x_wconf 88' lang='lat' dir='ltr'><strong>t,</strong></span> <span class='ocrx_word' id='word_1_31' title='bbox 1216 746 1251 796; x_wconf 89' lang='grc'><strong>1.</strong></span> <span class='ocrx_word' id='word_1_32' title='bbox 1281 749 1327 805; x_wconf 89' lang='grc'><strong>1,</strong></span> <span class='ocrx_word' id='word_1_33' title='bbox 1355 757 1401 797; x_wconf 83' lang='lat' dir='ltr'><strong>c.</strong></span> <span class='ocrx_word' id='word_1_34' title='bbox 1435 748 1512 795; x_wconf 81' lang='grc'><strong>13.</strong></span> 
     </span>
    </p>

    <p class='ocr_par' dir='ltr' id='par_1_4' title="bbox 189 819 1753 959">
     <span class='ocr_line' id='line_1_6' title="bbox 189 819 1753 887; baseline -0.004 -11"><span class='ocrx_word' id='word_1_35' title='bbox 189 823 295 876; x_wconf 88' lang='lat' dir='ltr'><strong>Sed</strong></span> <span class='ocrx_word' id='word_1_36' title='bbox 318 835 430 876; x_wconf 88' lang='lat' dir='ltr'><strong>non</strong></span> <span class='ocrx_word' id='word_1_37' title='bbox 463 821 699 887; x_wconf 88' lang='lat' dir='ltr'><strong>implicat</strong></span> <span class='ocrx_word' id='word_1_38' title='bbox 718 821 1002 874; x_wconf 82' lang='lat' dir='ltr'><strong>efficaciter</strong></span> <span class='ocrx_word' id='word_1_39' title='bbox 1023 819 1198 874; x_wconf 78' lang='lat' dir='ltr'><strong>facere</strong></span> <span class='ocrx_word' id='word_1_40' title='bbox 1224 825 1282 872; x_wconf 89' lang='lat' dir='ltr'><strong>ut</strong></span> <span class='ocrx_word' id='word_1_41' title='bbox 1312 819 1478 871; x_wconf 89' lang='lat' dir='ltr'><strong>libere</strong></span> <span class='ocrx_word' id='word_1_42' title='bbox 1503 823 1753 884; x_wconf 84' lang='lat' dir='ltr'><strong>operetur</strong></span> 
     </span>
     <span class='ocr_line' id='line_1_7' title="bbox 259 896 640 959; baseline -0.005 -9"><span class='ocrx_word' id='word_1_43' title='bbox 259 899 529 959; x_wconf 74' lang='lat' dir='ltr'><strong>voluntaS,</strong></span> <span class='ocrx_word' id='word_1_44' title='bbox 567 896 640 948; x_wconf 92' lang='lat' dir='ltr'><strong>ib.</strong></span> 
     </span>
    </p>

    <p class='ocr_par' dir='ltr' id='par_1_5' title="bbox 191 971 1757 1114">
     <span class='ocr_line' id='line_1_8' title="bbox 191 971 1757 1037; baseline -0.004 -10"><span class='ocrx_word' id='word_1_45' title='bbox 191 975 475 1037; x_wconf 85' lang='lat' dir='ltr'>Quomodo</span> <span class='ocrx_word' id='word_1_46' title='bbox 517 979 728 1025; x_wconf 85' lang='lat' dir='ltr'><strong>moveat</strong></span> <span class='ocrx_word' id='word_1_47' title='bbox 756 975 896 1026; x_wconf 92' lang='lat' dir='ltr'><strong>Deus</strong></span> <span class='ocrx_word' id='word_1_48' title='bbox 933 971 1260 1025; x_wconf 80' lang='lat' dir='ltr'><strong>voluntatem</strong></span> <span class='ocrx_word' id='word_1_49' title='bbox 1303 975 1555 1031; x_wconf 88' lang='lat' dir='ltr'><strong>creatam,</strong></span> <span class='ocrx_word' id='word_1_50' title='bbox 1591 980 1680 1035; x_wconf 91' lang='lat' dir='ltr'><strong>op.</strong></span> <span class='ocrx_word' id='word_1_51' title='bbox 1706 972 1757 1034; x_wconf 87' lang='lat'><strong>1,</strong></span> 
     </span>
     <span class='ocr_line' id='line_1_9' title="bbox 258 1052 513 1114; baseline -0.008 -12"><span class='ocrx_word' id='word_1_52' title='bbox 258 1052 296 1104; x_wconf 91' lang='lat' dir='ltr'><strong>l.</strong></span> <span class='ocrx_word' id='word_1_53' title='bbox 321 1057 368 1114; x_wconf 67' lang='grc' dir='ltr'><strong>Β,</strong></span> <span class='ocrx_word' id='word_1_54' title='bbox 393 1065 441 1104; x_wconf 90' lang='lat' dir='ltr'><strong>c.</strong></span> <span class='ocrx_word' id='word_1_55' title='bbox 465 1057 513 1101; x_wconf 75' lang='lat'><strong>2.</strong></span> 
     </span>
    </p>

    <p class='ocr_par' dir='ltr' id='par_1_6' title="bbox 191 1121 1756 1269">
     <span class='ocr_line' id='line_1_10' title="bbox 191 1121 1756 1186; baseline -0.005 -4"><span class='ocrx_word' id='word_1_56' title='bbox 191 1131 336 1182; x_wconf 90' lang='lat' dir='ltr'><strong>Deus</strong></span> <span class='ocrx_word' id='word_1_57' title='bbox 375 1143 473 1182; x_wconf 88' lang='lat' dir='ltr'><strong>sua</strong></span> <span class='ocrx_word' id='word_1_58' title='bbox 501 1128 771 1182; x_wconf 82' lang='lat' dir='ltr'><strong>voluntate</strong></span> <span class='ocrx_word' id='word_1_59' title='bbox 799 1139 910 1180; x_wconf 90' lang='lat' dir='ltr'><strong>non</strong></span> <span class='ocrx_word' id='word_1_60' title='bbox 943 1125 1266 1178; x_wconf 80' lang='lat' dir='ltr'><strong>determinat</strong></span> <span class='ocrx_word' id='word_1_61' title='bbox 1299 1129 1560 1186; x_wconf 85' lang='lat' dir='ltr'><strong>nostram,</strong></span> <span class='ocrx_word' id='word_1_62' title='bbox 1595 1121 1756 1175; x_wconf 86' lang='lat' dir='ltr'><strong>etiam</strong></span> 
     </span>
     <span class='ocr_line' id='line_1_11' title="bbox 259 1201 1608 1269; baseline -0.007 -12"><span class='ocrx_word' id='word_1_63' title='bbox 259 1207 315 1258; x_wconf 92' lang='lat' dir='ltr'><strong>in</strong></span> <span class='ocrx_word' id='word_1_64' title='bbox 344 1205 550 1258; x_wconf 83' lang='lat' dir='ltr'><strong>actibus</strong></span> <span class='ocrx_word' id='word_1_65' title='bbox 574 1202 1198 1269; x_wconf 84' lang='lat' dir='ltr'><strong>supernaturalibus,op.</strong></span> <span class='ocrx_word' id='word_1_66' title='bbox 1237 1205 1284 1259; x_wconf 86' lang='lat'><strong>1.</strong></span> <span class='ocrx_word' id='word_1_67' title='bbox 1313 1201 1346 1252; x_wconf 92' lang='lat' dir='ltr'><strong>t.</strong></span> <span class='ocrx_word' id='word_1_68' title='bbox 1376 1205 1423 1261; x_wconf 79' lang='grc'><strong>3,</strong></span> <span class='ocrx_word' id='word_1_69' title='bbox 1454 1211 1502 1252; x_wconf 90' lang='lat' dir='ltr'><strong>c.</strong></span> <span class='ocrx_word' id='word_1_70' title='bbox 1529 1203 1608 1249; x_wconf 80' lang='lat'><strong>18.</strong></span> 
     </span>
    </p>

    <p class='ocr_par' dir='ltr' id='par_1_7' title="bbox 193 1272 1762 1498">
     <span class='ocr_line' id='line_1_12' title="bbox 193 1272 1761 1340; baseline -0.006 -8"><span class='ocrx_word' id='word_1_71' title='bbox 193 1281 320 1334; x_wconf 88' lang='lat' dir='ltr'><strong>Sola</strong></span> <span class='ocrx_word' id='word_1_72' title='bbox 342 1280 590 1333; x_wconf 83' lang='lat' dir='ltr'><strong>voluntas</strong></span> <span class='ocrx_word' id='word_1_73' title='bbox 619 1279 786 1331; x_wconf 87' lang='lat' dir='ltr'><strong>libera</strong></span> <span class='ocrx_word' id='word_1_74' title='bbox 808 1278 897 1330; x_wconf 91' lang='lat' dir='ltr'><strong>Dei</strong></span> <span class='ocrx_word' id='word_1_75' title='bbox 928 1285 1010 1330; x_wconf 80' lang='lat' dir='ltr'><strong>est</strong></span> <span class='ocrx_word' id='word_1_76' title='bbox 1042 1276 1175 1330; x_wconf 89' lang='lat' dir='ltr'><strong>ratio</strong></span> <span class='ocrx_word' id='word_1_77' title='bbox 1209 1275 1280 1328; x_wconf 88' lang='lat' dir='ltr'><strong>ob</strong></span> <span class='ocrx_word' id='word_1_78' title='bbox 1309 1288 1472 1340; x_wconf 84' lang='lat' dir='ltr'><strong>qnam</strong></span> <span class='ocrx_word' id='word_1_79' title='bbox 1505 1287 1568 1326; x_wconf 82' lang='lat' dir='ltr'><strong>ex</strong></span> <span class='ocrx_word' id='word_1_80' title='bbox 1599 1272 1761 1326; x_wconf 88' lang='lat' dir='ltr'><strong>rebus</strong></span> 
     </span>
     <span class='ocr_line' id='line_1_13' title="bbox 259 1349 1762 1419; baseline -0.006 -11"><span class='ocrx_word' id='word_1_81' title='bbox 259 1356 535 1418; x_wconf 74' lang='lat' dir='ltr'><strong>aequaliter</strong></span> <span class='ocrx_word' id='word_1_82' title='bbox 577 1355 661 1406; x_wconf 77' lang='lat' dir='ltr'><strong>vel</strong></span> <span class='ocrx_word' id='word_1_83' title='bbox 701 1353 1032 1419; x_wconf 69' lang='lat' dir='ltr'><strong>inaequaliter</strong></span> <span class='ocrx_word' id='word_1_84' title='bbox 1071 1352 1231 1405; x_wconf 89' lang='lat' dir='ltr'><strong>bonis</strong></span> <span class='ocrx_word' id='word_1_85' title='bbox 1271 1363 1434 1405; x_wconf 85' lang='lat' dir='ltr'><strong>unam</strong></span> <span class='ocrx_word' id='word_1_86' title='bbox 1467 1349 1630 1417; x_wconf 83' lang='lat' dir='ltr'><strong>eligat</strong></span> <span class='ocrx_word' id='word_1_87' title='bbox 1653 1359 1762 1414; x_wconf 83' lang='lat' dir='ltr'><strong>prae</strong></span> 
     </span>
     <span class='ocr_line' id='line_1_14' title="bbox 259 1431 1059 1498; baseline -0.003 -14"><span class='ocrx_word' id='word_1_88' title='bbox 259 1431 382 1490; x_wconf 86' lang='lat' dir='ltr'><strong>alia.</strong></span> <span class='ocrx_word' id='word_1_89' title='bbox 406 1447 492 1498; x_wconf 86' lang='lat' dir='ltr'><strong>op.</strong></span> <span class='ocrx_word' id='word_1_90' title='bbox 527 1437 571 1493; x_wconf 84' lang='lat' dir='ltr'><strong>t,</strong></span> <span class='ocrx_word' id='word_1_91' title='bbox 599 1431 737 1496; x_wconf 84' lang='lat' dir='ltr'>disp.</span> <span class='ocrx_word' id='word_1_92' title='bbox 766 1436 816 1492; x_wconf 83' lang='lat'><strong>1,</strong></span> <span class='ocrx_word' id='word_1_93' title='bbox 845 1435 974 1483; x_wconf 89' lang='lat' dir='ltr'><strong>sect.</strong></span> <span class='ocrx_word' id='word_1_94' title='bbox 1011 1435 1059 1482; x_wconf 76' lang='lat'><strong>2.</strong></span> 
     </span>
    </p>

    <p class='ocr_par' dir='ltr' id='par_1_8' title="bbox 197 1501 1762 1798">
     <span class='ocr_line' id='line_1_15' title="bbox 197 1501 1761 1572; baseline -0.003 -14"><span class='ocrx_word' id='word_1_95' title='bbox 197 1508 296 1570; x_wconf 87' lang='lat' dir='ltr'><strong>Ea,</strong></span> <span class='ocrx_word' id='word_1_96' title='bbox 327 1520 446 1572; x_wconf 85' lang='lat' dir='ltr'><strong>quae</strong></span> <span class='ocrx_word' id='word_1_97' title='bbox 475 1507 542 1558; x_wconf 84' lang='lat' dir='ltr'><strong>ad</strong></span> <span class='ocrx_word' id='word_1_98' title='bbox 578 1505 986 1559; x_wconf 87' lang='lat' dir='ltr'><strong>convenientem</strong></span> <span class='ocrx_word' id='word_1_99' title='bbox 1020 1509 1384 1560; x_wconf 82' lang='lat' dir='ltr'><strong>creaturarum</strong></span> <span class='ocrx_word' id='word_1_100' title='bbox 1413 1501 1761 1568; x_wconf 83' lang='lat' dir='ltr'><strong>gubernatio·</strong></span> 
     </span>
     <span class='ocr_line' id='line_1_16' title="bbox 261 1577 1762 1648; baseline -0.005 -14"><span class='ocrx_word' id='word_1_101' title='bbox 261 1596 387 1635; x_wconf 85' lang='lat' dir='ltr'><strong>uem</strong></span> <span class='ocrx_word' id='word_1_102' title='bbox 413 1583 696 1648; x_wconf 86' lang='lat' dir='ltr'><strong>pertinent,</strong></span> <span class='ocrx_word' id='word_1_103' title='bbox 728 1580 833 1634; x_wconf 89' lang='lat' dir='ltr'><strong>illis</strong></span> <span class='ocrx_word' id='word_1_104' title='bbox 855 1594 1051 1648; x_wconf 79' lang='lat' dir='ltr'><strong>negare</strong></span> <span class='ocrx_word' id='word_1_105' title='bbox 1074 1587 1249 1646; x_wconf 86' lang='lat' dir='ltr'><strong>potest</strong></span> <span class='ocrx_word' id='word_1_106' title='bbox 1275 1582 1410 1632; x_wconf 88' lang='lat' dir='ltr'><strong>Deus</strong></span> <span class='ocrx_word' id='word_1_107' title='bbox 1435 1577 1553 1632; x_wconf 89' lang='lat' dir='ltr'><strong>sine</strong></span> <span class='ocrx_word' id='word_1_108' title='bbox 1582 1577 1762 1642; x_wconf 86' lang='lat' dir='ltr'><strong>aliqua</strong></span> 
     </span>
     <span class='ocr_line' id='line_1_17' title="bbox 259 1654 1760 1722; baseline -0.004 -12"><span class='ocrx_word' id='word_1_109' title='bbox 259 1658 555 1711; x_wconf 81' lang='lat' dir='ltr'><strong>violatione</strong></span> <span class='ocrx_word' id='word_1_110' title='bbox 603 1657 798 1720; x_wconf 85' lang='lat' dir='ltr'><strong>debiti,</strong></span> <span class='ocrx_word' id='word_1_111' title='bbox 843 1656 928 1709; x_wconf 83' lang='lat' dir='ltr'><strong>vel</strong></span> <span class='ocrx_word' id='word_1_112' title='bbox 971 1656 1080 1710; x_wconf 85' lang='lat' dir='ltr'><strong>ulla</strong></span> <span class='ocrx_word' id='word_1_113' title='bbox 1121 1654 1554 1722; x_wconf 76' lang='lat' dir='ltr'><strong>imperfectione,</strong></span> <span class='ocrx_word' id='word_1_114' title='bbox 1589 1665 1675 1719; x_wconf 92' lang='lat' dir='ltr'><strong>op.</strong></span> <span class='ocrx_word' id='word_1_115' title='bbox 1715 1657 1760 1716; x_wconf 78' lang='lat' dir='ltr'><strong>ti,</strong></span> 
     </span>
     <span class='ocr_line' id='line_1_18' title="bbox 263 1733 723 1798; baseline -0.004 -13"><span class='ocrx_word' id='word_1_116' title='bbox 263 1733 406 1798; x_wconf 87' lang='lat' dir='ltr'><strong>disp.</strong></span> <span class='ocrx_word' id='word_1_117' title='bbox 434 1739 480 1796; x_wconf 83' lang='lat'><strong>1,</strong></span> <span class='ocrx_word' id='word_1_118' title='bbox 513 1739 642 1786; x_wconf 87' lang='lat' dir='ltr'><strong>sect.</strong></span> <span class='ocrx_word' id='word_1_119' title='bbox 675 1737 723 1784; x_wconf 87' lang='grc'><strong>1.</strong></span> 
     </span>
    </p>

    <p class='ocr_par' dir='ltr' id='par_1_9' title="bbox 194 1803 1766 1950">
     <span class='ocr_line' id='line_1_19' title="bbox 194 1803 1766 1876; baseline -0.004 -14"><span class='ocrx_word' id='word_1_120' title='bbox 194 1808 399 1862; x_wconf 82' lang='lat' dir='ltr'><strong>Eadem</strong></span> <span class='ocrx_word' id='word_1_121' title='bbox 421 1822 616 1876; x_wconf 79' lang='lat' dir='ltr'><strong>negare</strong></span> <span class='ocrx_word' id='word_1_122' title='bbox 637 1813 816 1873; x_wconf 87' lang='lat' dir='ltr'><strong>posset</strong></span> <span class='ocrx_word' id='word_1_123' title='bbox 839 1807 1065 1867; x_wconf 88' lang='lat' dir='ltr'><strong>Christo,</strong></span> <span class='ocrx_word' id='word_1_124' title='bbox 1090 1820 1200 1859; x_wconf 90' lang='lat' dir='ltr'><strong>non</strong></span> <span class='ocrx_word' id='word_1_125' title='bbox 1222 1811 1400 1858; x_wconf 85' lang='lat' dir='ltr'><strong>tamen</strong></span> <span class='ocrx_word' id='word_1_126' title='bbox 1425 1803 1664 1870; x_wconf 80' lang='lat' dir='ltr'><strong>regimen</strong></span> <span class='ocrx_word' id='word_1_127' title='bbox 1685 1816 1766 1856; x_wconf 87' lang='lat' dir='ltr'><strong>re·</strong></span> 
     </span>
     <span class='ocr_line' id='line_1_20' title="bbox 275 1881 1561 1950; baseline -0.005 -12"><span class='ocrx_word' id='word_1_128' title='bbox 275 1886 530 1950; x_wconf 84' lang='lat' dir='ltr'><strong>quisitum</strong></span> <span class='ocrx_word' id='word_1_129' title='bbox 561 1885 628 1938; x_wconf 85' lang='lat' dir='ltr'><strong>ad</strong></span> <span class='ocrx_word' id='word_1_130' title='bbox 655 1886 758 1938; x_wconf 83' lang='lat' dir='ltr'><strong>hoc</strong></span> <span class='ocrx_word' id='word_1_131' title='bbox 784 1890 842 1936; x_wconf 85' lang='lat' dir='ltr'><strong>ut</strong></span> <span class='ocrx_word' id='word_1_132' title='bbox 870 1897 1093 1949; x_wconf 84' lang='lat' dir='ltr'><strong>peecare</strong></span> <span class='ocrx_word' id='word_1_133' title='bbox 1123 1894 1233 1936; x_wconf 90' lang='lat' dir='ltr'><strong>non</strong></span> <span class='ocrx_word' id='word_1_134' title='bbox 1258 1886 1458 1947; x_wconf 85' lang='lat' dir='ltr'><strong>posset,</strong></span> <span class='ocrx_word' id='word_1_135' title='bbox 1489 1881 1561 1932; x_wconf 89' lang='lat' dir='ltr'><strong>ib.</strong></span> 
     </span>
    </p>

    <p class='ocr_par' dir='ltr' id='par_1_10' title="bbox 193 1958 1767 2101">
     <span class='ocr_line' id='line_1_21' title="bbox 193 1958 1767 2026; baseline -0.005 -12"><span class='ocrx_word' id='word_1_136' title='bbox 193 1963 318 2016; x_wconf 84' lang='lat' dir='ltr'><strong>Non</strong></span> <span class='ocrx_word' id='word_1_137' title='bbox 341 1967 653 2026; x_wconf 87' lang='lat' dir='ltr'><strong>operaretur</strong></span> <span class='ocrx_word' id='word_1_138' title='bbox 673 1963 808 2012; x_wconf 86' lang='lat' dir='ltr'><strong>Deus</strong></span> <span class='ocrx_word' id='word_1_139' title='bbox 825 1959 1008 2020; x_wconf 79' lang='lat' dir='ltr'><strong>libere,</strong></span> <span class='ocrx_word' id='word_1_140' title='bbox 1027 1961 1072 2010; x_wconf 87' lang='lat' dir='ltr'><strong>si</strong></span> <span class='ocrx_word' id='word_1_141' title='bbox 1101 1958 1548 2012; x_wconf 69' lang='lat' dir='ltr'><strong>determinaretur</strong></span> <span class='ocrx_word' id='word_1_142' title='bbox 1575 1967 1767 2008; x_wconf 89' lang='lat' dir='ltr'><strong>neces-</strong></span> 
     </span>
     <span class='ocr_line' id='line_1_22' title="bbox 265 2033 1760 2101; baseline -0.007 -9"><span class='ocrx_word' id='word_1_143' title='bbox 265 2038 412 2092; x_wconf 87' lang='lat' dir='ltr'><strong>sario</strong></span> <span class='ocrx_word' id='word_1_144' title='bbox 435 2037 508 2092; x_wconf 79' lang='lat' dir='ltr'><strong>ab</strong></span> <span class='ocrx_word' id='word_1_145' title='bbox 531 2035 798 2090; x_wconf 86' lang='lat' dir='ltr'><strong>intellectu</strong></span> <span class='ocrx_word' id='word_1_146' title='bbox 818 2043 870 2089; x_wconf 93' lang='lat' dir='ltr'><strong>et</strong></span> <span class='ocrx_word' id='word_1_147' title='bbox 885 2036 1130 2098; x_wconf 88' lang='lat' dir='ltr'><strong>consilio,</strong></span> <span class='ocrx_word' id='word_1_148' title='bbox 1151 2047 1238 2100; x_wconf 90' lang='lat' dir='ltr'><strong>op.</strong></span> <span class='ocrx_word' id='word_1_149' title='bbox 1269 2037 1317 2098; x_wconf 90' lang='lat'><strong>⁴,</strong></span> <span class='ocrx_word' id='word_1_150' title='bbox 1343 2034 1482 2101; x_wconf 87' lang='lat' dir='ltr'><strong>disp.</strong></span> <span class='ocrx_word' id='word_1_151' title='bbox 1506 2037 1553 2096; x_wconf 87' lang='lat'><strong>1,</strong></span> <span class='ocrx_word' id='word_1_152' title='bbox 1570 2036 1697 2086; x_wconf 87' lang='lat' dir='ltr'><strong>sect.</strong></span> <span class='ocrx_word' id='word_1_153' title='bbox 1717 2033 1760 2082; x_wconf 86' lang='lat'><strong>1.</strong></span> 
     </span>
    </p>
   </div>
   <div class='ocr_carea' id='block_1_3' title="bbox 788 2209 1186 2250">
    <p class='ocr_par' dir='ltr' id='par_1_11' title="bbox 788 2209 1186 2250">
     <span class='ocr_line' id='line_1_23' title="bbox 788 2209 1186 2250; baseline -0.008 0"><span class='ocrx_word' id='word_1_154' title='bbox 788 2212 872 2250; x_wconf 73' lang='lat' dir='ltr'><strong>nti</strong></span> <span class='ocrx_word' id='word_1_155' title='bbox 901 2209 1186 2250; x_wconf 70' lang='lat' dir='ltr'><strong>Arramun.</strong></span> 
     </span>
    </p>
   </div>
   <div class='ocr_carea' id='block_1_4' title="bbox 200 2333 1772 2856">
    <p class='ocr_par' dir='ltr' id='par_1_12' title="bbox 200 2333 1764 2405">
     <span class='ocr_line' id='line_1_24' title="bbox 200 2333 1764 2405; baseline -0.008 -11"><span class='ocrx_word' id='word_1_156' title='bbox 200 2341 320 2403; x_wconf 79' lang='lat' dir='ltr'><strong>Qua</strong></span> <span class='ocrx_word' id='word_1_157' title='bbox 343 2339 548 2394; x_wconf 84' lang='lat' dir='ltr'><strong>ratione</strong></span> <span class='ocrx_word' id='word_1_158' title='bbox 566 2337 960 2405; x_wconf 77' lang='lat' dir='ltr'><strong>distinguamus</strong></span> <span class='ocrx_word' id='word_1_159' title='bbox 979 2335 1228 2390; x_wconf 87' lang='lat' dir='ltr'><strong>attributa</strong></span> <span class='ocrx_word' id='word_1_160' title='bbox 1248 2333 1356 2395; x_wconf 90' lang='lat' dir='ltr'><strong>Dei,</strong></span> <span class='ocrx_word' id='word_1_161' title='bbox 1375 2345 1463 2398; x_wconf 94' lang='lat' dir='ltr'><strong>op.</strong></span> <span class='ocrx_word' id='word_1_162' title='bbox 1484 2337 1533 2393; x_wconf 74' lang='lat' dir='ltr'><strong>e,</strong></span> <span class='ocrx_word' id='word_1_163' title='bbox 1561 2337 1688 2384; x_wconf 91' lang='lat' dir='ltr'><strong>sect.</strong></span> <span class='ocrx_word' id='word_1_164' title='bbox 1717 2335 1764 2383; x_wconf 86' lang='lat'><strong>1.</strong></span> 
     </span>
    </p>

    <p class='ocr_par' dir='ltr' id='par_1_13' title="bbox 200 2407 1767 2556">
     <span class='ocr_line' id='line_1_25' title="bbox 200 2407 1767 2482; baseline -0.006 -14"><span class='ocrx_word' id='word_1_165' title='bbox 200 2417 268 2468; x_wconf 83' lang='lat' dir='ltr'><strong>Et</strong></span> <span class='ocrx_word' id='word_1_166' title='bbox 301 2415 430 2482; x_wconf 91' lang='lat' dir='ltr'><strong>quid</strong></span> <span class='ocrx_word' id='word_1_167' title='bbox 455 2415 506 2467; x_wconf 91' lang='lat' dir='ltr'><strong>in</strong></span> <span class='ocrx_word' id='word_1_168' title='bbox 550 2413 630 2467; x_wconf 90' lang='lat' dir='ltr'><strong>eis</strong></span> <span class='ocrx_word' id='word_1_169' title='bbox 677 2413 974 2481; x_wconf 82' lang='lat' dir='ltr'><strong>proprium,</strong></span> <span class='ocrx_word' id='word_1_170' title='bbox 1016 2411 1144 2477; x_wconf 87' lang='lat' dir='ltr'><strong>quid</strong></span> <span class='ocrx_word' id='word_1_171' title='bbox 1184 2407 1434 2463; x_wconf 90' lang='lat' dir='ltr'><strong>omnibus</strong></span> <span class='ocrx_word' id='word_1_172' title='bbox 1481 2418 1767 2461; x_wconf 86' lang='lat' dir='ltr'><strong>commune</strong></span> 
     </span>
     <span class='ocr_line' id='line_1_26' title="bbox 270 2491 754 2556; baseline -0.006 -11"><span class='ocrx_word' id='word_1_173' title='bbox 270 2492 658 2556; x_wconf 72' lang='lat' dir='ltr'><strong>concipiamus»,</strong></span> <span class='ocrx_word' id='word_1_174' title='bbox 683 2491 754 2542; x_wconf 84' lang='lat' dir='ltr'><strong>ib.</strong></span> 
     </span>
    </p>

    <p class='ocr_par' dir='ltr' id='par_1_14' title="bbox 203 2560 1770 2710">
     <span class='ocr_line' id='line_1_27' title="bbox 203 2560 1770 2632; baseline -0.006 -11"><span class='ocrx_word' id='word_1_175' title='bbox 203 2568 435 2632; x_wconf 82' lang='lat' dir='ltr'><strong>Quando</strong></span> <span class='ocrx_word' id='word_1_176' title='bbox 463 2568 712 2628; x_wconf 78' lang='lat' dir='ltr'><strong>virtuteS,</strong></span> <span class='ocrx_word' id='word_1_177' title='bbox 763 2575 883 2630; x_wconf 83' lang='lat' dir='ltr'><strong>quae</strong></span> <span class='ocrx_word' id='word_1_178' title='bbox 919 2563 970 2616; x_wconf 89' lang='lat' dir='ltr'><strong>in</strong></span> <span class='ocrx_word' id='word_1_179' title='bbox 1016 2562 1176 2616; x_wconf 83' lang='lat' dir='ltr'><strong>nobis</strong></span> <span class='ocrx_word' id='word_1_180' title='bbox 1209 2566 1360 2624; x_wconf 88' lang='lat' dir='ltr'><strong>sunt,</strong></span> <span class='ocrx_word' id='word_1_181' title='bbox 1405 2560 1460 2612; x_wconf 88' lang='lat' dir='ltr'><strong>in</strong></span> <span class='ocrx_word' id='word_1_182' title='bbox 1499 2561 1604 2613; x_wconf 87' lang='lat' dir='ltr'><strong>Deo</strong></span> <span class='ocrx_word' id='word_1_183' title='bbox 1641 2571 1770 2625; x_wconf 83' lang='lat' dir='ltr'><strong>pro-</strong></span> 
     </span>
     <span class='ocr_line' id='line_1_28' title="bbox 275 2641 630 2710; baseline -0.008 -15"><span class='ocrx_word' id='word_1_184' title='bbox 275 2643 389 2710; x_wconf 90' lang='lat' dir='ltr'><strong>prie</strong></span> <span class='ocrx_word' id='word_1_185' title='bbox 407 2643 534 2704; x_wconf 88' lang='lat' dir='ltr'><strong>sint,</strong></span> <span class='ocrx_word' id='word_1_186' title='bbox 559 2641 630 2693; x_wconf 90' lang='lat' dir='ltr'><strong>ib.</strong></span> 
     </span>
    </p>

    <p class='ocr_par' dir='ltr' id='par_1_15' title="bbox 205 2709 1772 2856">
     <span class='ocr_line' id='line_1_29' title="bbox 205 2709 1772 2781; baseline -0.006 -10"><span class='ocrx_word' id='word_1_187' title='bbox 205 2717 490 2781; x_wconf 83' lang='lat' dir='ltr'><strong>Quomodo</strong></span> <span class='ocrx_word' id='word_1_188' title='bbox 509 2715 944 2780; x_wconf 81' lang='lat' dir='ltr'><strong>cognoscendum</strong></span> <span class='ocrx_word' id='word_1_189' title='bbox 969 2713 1038 2766; x_wconf 88' lang='lat' dir='ltr'><strong>sit</strong></span> <span class='ocrx_word' id='word_1_190' title='bbox 1069 2727 1136 2766; x_wconf 91' lang='lat' dir='ltr'><strong>an</strong></span> <span class='ocrx_word' id='word_1_191' title='bbox 1162 2713 1332 2768; x_wconf 80' lang='lat' dir='ltr'><strong>virtus</strong></span> <span class='ocrx_word' id='word_1_192' title='bbox 1353 2711 1530 2778; x_wconf 87' lang='lat' dir='ltr'><strong>aliqua</strong></span> <span class='ocrx_word' id='word_1_193' title='bbox 1570 2709 1772 2763; x_wconf 79' lang='lat' dir='ltr'><strong>sorma-</strong></span> 
     </span>
     <span class='ocr_line' id='line_1_30' title="bbox 277 2791 1073 2856; baseline -0.006 -10"><span class='ocrx_word' id='word_1_194' title='bbox 277 2795 396 2847; x_wconf 89' lang='lat' dir='ltr'><strong>liter</strong></span> <span class='ocrx_word' id='word_1_195' title='bbox 423 2793 566 2845; x_wconf 85' lang='lat' dir='ltr'><strong>sitin</strong></span> <span class='ocrx_word' id='word_1_196' title='bbox 597 2795 723 2856; x_wconf 88' lang='lat' dir='ltr'><strong>Deo,</strong></span> <span class='ocrx_word' id='word_1_197' title='bbox 747 2791 841 2852; x_wconf 65' lang='lat' dir='ltr'><strong>ib„</strong></span> <span class='ocrx_word' id='word_1_198' title='bbox 869 2796 996 2843; x_wconf 91' lang='lat' dir='ltr'><strong>sect.</strong></span> <span class='ocrx_word' id='word_1_199' title='bbox 1025 2795 1073 2841; x_wconf 71' lang='lat'><strong>2.</strong></span> 
     </span>
    </p>
   </div>
   <div class='ocr_carea' id='block_1_5' title="bbox 857 2959 1124 2997">
    <p class='ocr_par' dir='ltr' id='par_1_16' title="bbox 857 2959 1124 2997">
     <span class='ocr_line' id='line_1_31' title="bbox 857 2959 1124 2997; baseline -0.004 0"><span class='ocrx_word' id='word_1_200' title='bbox 857 2959 940 2997; x_wconf 66' lang='lat' dir='ltr'><strong>bnt</strong></span> <span class='ocrx_word' id='word_1_201' title='bbox 974 2959 1124 2997; x_wconf 64' lang='grc' dir='ltr'><strong>ΑᾘΟΒ.</strong></span> 
     </span>
    </p>
   </div>
   <div class='ocr_carea' id='block_1_6' title="bbox 205 3086 1774 3611">
    <p class='ocr_par' dir='ltr' id='par_1_17' title="bbox 205 3086 1774 3611">
     <span class='ocr_line' id='line_1_32' title="bbox 205 3086 1767 3153; baseline -0.006 -10"><span class='ocrx_word' id='word_1_202' title='bbox 205 3091 354 3143; x_wconf 89' lang='lat' dir='ltr'><strong>Deus</strong></span> <span class='ocrx_word' id='word_1_203' title='bbox 382 3101 489 3142; x_wconf 89' lang='lat' dir='ltr'><strong>non</strong></span> <span class='ocrx_word' id='word_1_204' title='bbox 513 3101 572 3143; x_wconf 90' lang='lat' dir='ltr'><strong>se</strong></span> <span class='ocrx_word' id='word_1_205' title='bbox 599 3091 742 3141; x_wconf 87' lang='lat' dir='ltr'><strong>amat</strong></span> <span class='ocrx_word' id='word_1_206' title='bbox 762 3095 820 3141; x_wconf 91' lang='lat' dir='ltr'><strong>ut</strong></span> <span class='ocrx_word' id='word_1_207' title='bbox 849 3086 1009 3140; x_wconf 76' lang='lat' dir='ltr'><strong>tinem</strong></span> <span class='ocrx_word' id='word_1_208' title='bbox 1037 3099 1135 3153; x_wconf 90' lang='lat' dir='ltr'><strong>per</strong></span> <span class='ocrx_word' id='word_1_209' title='bbox 1158 3097 1395 3139; x_wconf 88' lang='lat' dir='ltr'><strong>amorem</strong></span> <span class='ocrx_word' id='word_1_210' title='bbox 1419 3097 1528 3151; x_wconf 82' lang='lat' dir='ltr'><strong>quo</strong></span> <span class='ocrx_word' id='word_1_211' title='bbox 1547 3097 1606 3137; x_wconf 91' lang='lat' dir='ltr'><strong>se</strong></span> <span class='ocrx_word' id='word_1_212' title='bbox 1629 3088 1767 3137; x_wconf 78' lang='lat' dir='ltr'><strong>amat</strong></span> 
     </span>
     <span class='ocr_line' id='line_1_33' title="bbox 278 3162 1263 3230; baseline -0.004 -13"><span class='ocrx_word' id='word_1_213' title='bbox 278 3164 598 3227; x_wconf 85' lang='lat' dir='ltr'><strong>necessari0,</strong></span> <span class='ocrx_word' id='word_1_214' title='bbox 624 3177 711 3230; x_wconf 90' lang='lat' dir='ltr'><strong>op.</strong></span> <span class='ocrx_word' id='word_1_215' title='bbox 742 3167 790 3223; x_wconf 85' lang='lat'><strong>⁴,</strong></span> <span class='ocrx_word' id='word_1_216' title='bbox 823 3162 962 3227; x_wconf 86' lang='lat' dir='ltr'><strong>disp.</strong></span> <span class='ocrx_word' id='word_1_217' title='bbox 988 3165 1034 3226; x_wconf 88' lang='grc'><strong>1,</strong></span> <span class='ocrx_word' id='word_1_218' title='bbox 1061 3168 1189 3215; x_wconf 89' lang='lat' dir='ltr'><strong>sect.</strong></span> <span class='ocrx_word' id='word_1_219' title='bbox 1215 3166 1263 3213; x_wconf 76' lang='lat'><strong>2.</strong></span> 
     </span>
     <span class='ocr_line' id='line_1_34' title="bbox 209 3235 1774 3295; baseline -0.004 0"><span class='ocrx_word' id='word_1_220' title='bbox 209 3241 602 3295; x_wconf 83' lang='lat' dir='ltr'><strong>Intellectuales</strong></span> <span class='ocrx_word' id='word_1_221' title='bbox 617 3246 889 3293; x_wconf 84' lang='lat' dir='ltr'><strong>creaturas</strong></span> <span class='ocrx_word' id='word_1_222' title='bbox 913 3238 1086 3291; x_wconf 90' lang='lat' dir='ltr'><strong>solum</strong></span> <span class='ocrx_word' id='word_1_223' title='bbox 1110 3243 1253 3291; x_wconf 88' lang='lat' dir='ltr'><strong>amat</strong></span> <span class='ocrx_word' id='word_1_224' title='bbox 1273 3238 1410 3290; x_wconf 88' lang='lat' dir='ltr'><strong>Deus</strong></span> <span class='ocrx_word' id='word_1_225' title='bbox 1429 3248 1614 3290; x_wconf 86' lang='lat' dir='ltr'><strong>amore</strong></span> <span class='ocrx_word' id='word_1_226' title='bbox 1633 3235 1774 3289; x_wconf 84' lang='lat' dir='ltr'><strong>ami·-</strong></span> 
     </span>
     <span class='ocr_line' id='line_1_35' title="bbox 275 3316 539 3381; baseline -0.008 -10"><span class='ocrx_word' id='word_1_227' title='bbox 275 3318 428 3381; x_wconf 81' lang='lat' dir='ltr'><strong>citiae,</strong></span> <span class='ocrx_word' id='word_1_228' title='bbox 466 3316 539 3369; x_wconf 90' lang='lat' dir='ltr'><strong>ib.</strong></span> 
     </span>
     <span class='ocr_line' id='line_1_36' title="bbox 210 3387 1774 3455; baseline -0.004 -9"><span class='ocrx_word' id='word_1_229' title='bbox 210 3394 556 3446; x_wconf 76' lang='lat' dir='ltr'><strong>irrationales</strong></span> <span class='ocrx_word' id='word_1_230' title='bbox 584 3398 856 3445; x_wconf 86' lang='lat' dir='ltr'><strong>creaturas</strong></span> <span class='ocrx_word' id='word_1_231' title='bbox 889 3396 1034 3442; x_wconf 85' lang='lat' dir='ltr'><strong>amat</strong></span> <span class='ocrx_word' id='word_1_232' title='bbox 1076 3391 1215 3442; x_wconf 88' lang='lat' dir='ltr'><strong>Deus</strong></span> <span class='ocrx_word' id='word_1_233' title='bbox 1257 3398 1442 3441; x_wconf 83' lang='lat' dir='ltr'><strong>amore</strong></span> <span class='ocrx_word' id='word_1_234' title='bbox 1484 3387 1774 3455; x_wconf 86' lang='lat' dir='ltr'><strong>concupis-</strong></span> 
     </span>
     <span class='ocr_line' id='line_1_37' title="bbox 276 3468 578 3533; baseline -0.003 -10"><span class='ocrx_word' id='word_1_235' title='bbox 276 3470 484 3533; x_wconf 83' lang='lat' dir='ltr'><strong>centiae,</strong></span> <span class='ocrx_word' id='word_1_236' title='bbox 509 3468 578 3522; x_wconf 87' lang='lat' dir='ltr'><strong>ib.</strong></span> 
     </span>
     <span class='ocr_line' id='line_1_38' title="bbox 834 3570 1162 3611; baseline 0 -2"><span class='ocrx_word' id='word_1_237' title='bbox 834 3572 916 3609; x_wconf 70' lang='lat' dir='ltr'><strong>nat</strong></span> <span class='ocrx_word' id='word_1_238' title='bbox 944 3570 1162 3611; x_wconf 69' lang='lat' dir='ltr'><strong>boumn.</strong></span> 
     </span>
    </p>
   </div>
   <div class='ocr_carea' id='block_1_7' title="bbox 213 3695 1782 3983">
    <p class='ocr_par' dir='ltr' id='par_1_18' title="bbox 213 3695 1778 3844">
     <span class='ocr_line' id='line_1_39' title="bbox 213 3695 1778 3765; baseline -0.005 -10"><span class='ocrx_word' id='word_1_239' title='bbox 213 3702 466 3755; x_wconf 88' lang='lat' dir='ltr'><strong>Decentia</strong></span> <span class='ocrx_word' id='word_1_240' title='bbox 503 3700 700 3753; x_wconf 78' lang='lat' dir='ltr'><strong>divinae</strong></span> <span class='ocrx_word' id='word_1_241' title='bbox 741 3698 994 3751; x_wconf 87' lang='lat' dir='ltr'><strong>bonitatis</strong></span> <span class='ocrx_word' id='word_1_242' title='bbox 1029 3710 1280 3765; x_wconf 83' lang='lat' dir='ltr'><strong>maguam</strong></span> <span class='ocrx_word' id='word_1_243' title='bbox 1325 3698 1485 3749; x_wconf 82' lang='lat' dir='ltr'><strong>habet</strong></span> <span class='ocrx_word' id='word_1_244' title='bbox 1539 3695 1778 3750; x_wconf 83' lang='lat' dir='ltr'><strong>latitudi-</strong></span> 
     </span>
     <span class='ocr_line' id='line_1_40' title="bbox 281 3779 843 3844; baseline -0.005 -15"><span class='ocrx_word' id='word_1_245' title='bbox 281 3792 426 3836; x_wconf 83' lang='lat' dir='ltr'><strong>nem.</strong></span> <span class='ocrx_word' id='word_1_246' title='bbox 449 3790 537 3844; x_wconf 90' lang='lat' dir='ltr'><strong>op.</strong></span> <span class='ocrx_word' id='word_1_247' title='bbox 561 3782 611 3837; x_wconf 85' lang='grc'><strong>6,</strong></span> <span class='ocrx_word' id='word_1_248' title='bbox 636 3780 763 3827; x_wconf 86' lang='lat' dir='ltr'><strong>sect.</strong></span> <span class='ocrx_word' id='word_1_249' title='bbox 793 3779 843 3826; x_wconf 83' lang='grc'><strong>6.</strong></span> 
     </span>
    </p>

    <p class='ocr_par' dir='ltr' id='par_1_19' title="bbox 215 3846 1782 3983">
     <span class='ocr_line' id='line_1_41' title="bbox 215 3846 1782 3917; baseline -0.004 -12"><span class='ocrx_word' id='word_1_250' title='bbox 215 3853 328 3907; x_wconf 88' lang='lat' dir='ltr'><strong>Sub</strong></span> <span class='ocrx_word' id='word_1_251' title='bbox 355 3865 418 3905; x_wconf 89' lang='lat' dir='ltr'><strong>ea</strong></span> <span class='ocrx_word' id='word_1_252' title='bbox 463 3848 996 3917; x_wconf 82' lang='lat' dir='ltr'><strong>comprehenduntur</strong></span> <span class='ocrx_word' id='word_1_253' title='bbox 1023 3846 1208 3901; x_wconf 87' lang='lat' dir='ltr'><strong>omnia</strong></span> <span class='ocrx_word' id='word_1_254' title='bbox 1242 3846 1494 3900; x_wconf 86' lang='lat' dir='ltr'><strong>attributa</strong></span> <span class='ocrx_word' id='word_1_255' title='bbox 1535 3846 1644 3910; x_wconf 88' lang='lat' dir='ltr'><strong>Dei,</strong></span> <span class='ocrx_word' id='word_1_256' title='bbox 1683 3846 1782 3911; x_wconf 91' lang='lat' dir='ltr'><strong>ib.,</strong></span> 
     </span>
     <span class='ocr_line' id='line_1_42' title="bbox 285 3932 498 3983; baseline -0.009 0"><span class='ocrx_word' id='word_1_257' title='bbox 285 3935 415 3983; x_wconf 86' lang='lat' dir='ltr'><strong>sect.</strong></span> <span class='ocrx_word' id='word_1_258' title='bbox 453 3932 498 3981; x_wconf 83' lang='lat'><strong>⁴.</strong></span> 
     </span>
    </p>
   </div>
   <div class='ocr_carea' id='block_1_8' title="bbox 799 4041 1209 4081">
    <p class='ocr_par' dir='ltr' id='par_1_20' title="bbox 799 4041 1209 4081">
     <span class='ocr_line' id='line_1_43' title="bbox 799 4041 1209 4081; baseline -0.01 -1"><span class='ocrx_word' id='word_1_259' title='bbox 799 4044 882 4081; x_wconf 70' lang='lat' dir='ltr'><strong>BR!</strong></span> <span class='ocrx_word' id='word_1_260' title='bbox 915 4041 1209 4081; x_wconf 67' lang='lat' dir='ltr'>CONCUBSUS.</span> 
     </span>
    </p>
   </div>
   <div class='ocr_carea' id='block_1_9' title="bbox 223 4151 1784 4374">
    <p class='ocr_par' dir='ltr' id='par_1_21' title="bbox 223 4151 1784 4374">
     <span class='ocr_line' id='line_1_44' title="bbox 223 4151 1784 4227; baseline -0.006 -14"><span class='ocrx_word' id='word_1_261' title='bbox 223 4161 365 4214; x_wconf 80' lang='lat' dir='ltr'><strong>Licet</strong></span> <span class='ocrx_word' id='word_1_262' title='bbox 395 4158 812 4227; x_wconf 83' lang='lat' dir='ltr'><strong>praedefinitione</strong></span> <span class='ocrx_word' id='word_1_263' title='bbox 844 4169 952 4210; x_wconf 90' lang='lat' dir='ltr'><strong>non</strong></span> <span class='ocrx_word' id='word_1_264' title='bbox 975 4156 1191 4209; x_wconf 88' lang='lat' dir='ltr'><strong>tollatur</strong></span> <span class='ocrx_word' id='word_1_265' title='bbox 1219 4153 1454 4215; x_wconf 86' lang='lat' dir='ltr'><strong>libertas,</strong></span> <span class='ocrx_word' id='word_1_266' title='bbox 1477 4165 1573 4219; x_wconf 92' lang='lat' dir='ltr'><strong>per</strong></span> <span class='ocrx_word' id='word_1_267' title='bbox 1589 4151 1784 4206; x_wconf 86' lang='lat' dir='ltr'><strong>volun-</strong></span> 
     </span>
     <span class='ocr_line' id='line_1_45' title="bbox 289 4230 1780 4363; baseline -0.007 -74"><span class='ocrx_word' id='word_1_268' title='bbox 289 4242 456 4363; x_wconf 50' lang='lat' dir='ltr'><strong>{alenc</strong></span> <span class='ocrx_word' id='word_1_269' title='bbox 499 4235 800 4360; x_wconf 58' lang='lat' dir='ltr'><strong>gbsolutam</strong></span> <span class='ocrx_word' id='word_1_270' title='bbox 849 4230 1207 4286; x_wconf 86' lang='lat' dir='ltr'><strong>concurrendi</strong></span> <span class='ocrx_word' id='word_1_271' title='bbox 1248 4230 1538 4293; x_wconf 90' lang='lat' dir='ltr'><strong>tolleretur,</strong></span> <span class='ocrx_word' id='word_1_272' title='bbox 1592 4240 1680 4295; x_wconf 90' lang='lat' dir='ltr'><strong>op.</strong></span> <span class='ocrx_word' id='word_1_273' title='bbox 1729 4232 1780 4291; x_wconf 77' lang='lat'><strong>2,</strong></span> 
     </span>
     <span class='ocr_line' id='line_1_46' title="bbox 315 4350 546 4374; baseline -0.009 -9"><span class='ocrx_word' id='word_1_274' title='bbox 315 4352 324 4361; x_wconf 90' lang='lat'><strong>.</strong></span> <span class='ocrx_word' id='word_1_275' title='bbox 386 4350 399 4374; x_wconf 90' lang='lat'><strong>,</strong></span> <span class='ocrx_word' id='word_1_276' title='bbox 463 4351 476 4364; x_wconf 86' lang='lat'>.</span> <span class='ocrx_word' id='word_1_277' title='bbox 535 4351 546 4363; x_wconf 92' lang='lat'>.</span> 
     </span>
    </p>
   </div>
   <div class='ocr_carea' id='block_1_10' title="bbox 816 4424 1195 4464">
    <p class='ocr_par' dir='ltr' id='par_1_22' title="bbox 816 4424 1195 4464">
     <span class='ocr_line' id='line_1_47' title="bbox 816 4424 1195 4464; baseline -0.008 -1"><span class='ocrx_word' id='word_1_278' title='bbox 816 4424 900 4463; x_wconf 72' lang='lat' dir='ltr'><strong>DE!</strong></span> <span class='ocrx_word' id='word_1_279' title='bbox 917 4424 1195 4464; x_wconf 56' lang='lat' dir='ltr'><strong>Gonu-lul.</strong></span> 
     </span>
    </p>
   </div>
   <div class='ocr_carea' id='block_1_11' title="bbox 225 4532 1792 4990">
    <p class='ocr_par' dir='ltr' id='par_1_23' title="bbox 225 4532 1790 4761">
     <span class='ocr_line' id='line_1_48' title="bbox 225 4532 1790 4611; baseline -0.009 -12"><span class='ocrx_word' id='word_1_280' title='bbox 225 4548 298 4599; x_wconf 83' lang='lat' dir='ltr'><strong>Ex</strong></span> <span class='ocrx_word' id='word_1_281' title='bbox 327 4558 434 4611; x_wconf 86' lang='lat' dir='ltr'><strong>qua</strong></span> <span class='ocrx_word' id='word_1_282' title='bbox 451 4542 725 4599; x_wconf 86' lang='lat' dir='ltr'><strong>voluntate</strong></span> <span class='ocrx_word' id='word_1_283' title='bbox 750 4540 954 4594; x_wconf 83' lang='lat' dir='ltr'><strong>oriatur</strong></span> <span class='ocrx_word' id='word_1_284' title='bbox 978 4537 1264 4591; x_wconf 90' lang='lat' dir='ltr'><strong>consilium</strong></span> <span class='ocrx_word' id='word_1_285' title='bbox 1295 4533 1511 4601; x_wconf 79' lang='lat' dir='ltr'><strong>justitiae</strong></span> <span class='ocrx_word' id='word_1_286' title='bbox 1532 4539 1584 4585; x_wconf 91' lang='lat' dir='ltr'><strong>et</strong></span> <span class='ocrx_word' id='word_1_287' title='bbox 1603 4532 1790 4599; x_wconf 81' lang='lat' dir='ltr'><strong>gratiae</strong></span> 
     </span>
     <span class='ocr_line' id='line_1_49' title="bbox 289 4610 1690 4687; baseline -0.009 -14"><span class='ocrx_word' id='word_1_288' title='bbox 289 4634 410 4687; x_wconf 83' lang='lat' dir='ltr'><strong>quae</strong></span> <span class='ocrx_word' id='word_1_289' title='bbox 444 4620 497 4671; x_wconf 89' lang='lat' dir='ltr'><strong>in</strong></span> <span class='ocrx_word' id='word_1_290' title='bbox 531 4622 639 4671; x_wconf 92' lang='lat' dir='ltr'><strong>Deo</strong></span> <span class='ocrx_word' id='word_1_291' title='bbox 669 4616 1027 4681; x_wconf 84' lang='lat' dir='ltr'><strong>reperiuntur,</strong></span> <span class='ocrx_word' id='word_1_292' title='bbox 1049 4626 1142 4679; x_wconf 87' lang='lat' dir='ltr'><strong>op.</strong></span> <span class='ocrx_word' id='word_1_293' title='bbox 1171 4617 1216 4672; x_wconf 91' lang='lat'><strong>⁴,</strong></span> <span class='ocrx_word' id='word_1_294' title='bbox 1251 4610 1392 4676; x_wconf 89' lang='lat' dir='ltr'><strong>disp.</strong></span> <span class='ocrx_word' id='word_1_295' title='bbox 1413 4614 1462 4672; x_wconf 61' lang='grc' dir='ltr'><strong>Β,</strong></span> <span class='ocrx_word' id='word_1_296' title='bbox 1485 4615 1616 4661; x_wconf 88' lang='lat' dir='ltr'><strong>sect.</strong></span> <span class='ocrx_word' id='word_1_297' title='bbox 1643 4612 1690 4660; x_wconf 62' lang='grc' dir='ltr'><strong>Β.</strong></span> 
     </span>
     <span class='ocr_line' id='line_1_50' title="bbox 227 4685 1790 4761; baseline -0.009 -11"><span class='ocrx_word' id='word_1_298' title='bbox 227 4698 519 4752; x_wconf 86' lang='lat' dir='ltr'><strong>Consilium</strong></span> <span class='ocrx_word' id='word_1_299' title='bbox 542 4695 758 4761; x_wconf 72' lang='lat' dir='ltr'><strong>justitiae</strong></span> <span class='ocrx_word' id='word_1_300' title='bbox 798 4690 946 4745; x_wconf 86' lang='lat' dir='ltr'><strong>aliud</strong></span> <span class='ocrx_word' id='word_1_301' title='bbox 985 4697 1066 4743; x_wconf 88' lang='lat' dir='ltr'><strong>est</strong></span> <span class='ocrx_word' id='word_1_302' title='bbox 1100 4688 1454 4750; x_wconf 80' lang='lat' dir='ltr'><strong>vindicativae,</strong></span> <span class='ocrx_word' id='word_1_303' title='bbox 1481 4685 1625 4739; x_wconf 91' lang='lat' dir='ltr'><strong>aliud</strong></span> <span class='ocrx_word' id='word_1_304' title='bbox 1649 4697 1790 4752; x_wconf 86' lang='lat' dir='ltr'><strong>prae-</strong></span> 
     </span>
    </p>

    <p class='ocr_par' dir='ltr' id='par_1_24' title="bbox 227 4766 1792 4990">
     <span class='ocr_line' id='line_1_51' title="bbox 289 4766 870 4837; baseline -0.01 -12"><span class='ocrx_word' id='word_1_305' title='bbox 289 4773 522 4825; x_wconf 78' lang='lat' dir='ltr'><strong>miativae</strong></span> <span class='ocrx_word' id='word_1_306' title='bbox 537 4772 776 4837; x_wconf 73' lang='lat' dir='ltr'><strong>Justitiae,</strong></span> <span class='ocrx_word' id='word_1_307' title='bbox 799 4766 870 4821; x_wconf 91' lang='lat' dir='ltr'><strong>ib.</strong></span> 
     </span>
     <span class='ocr_line' id='line_1_52' title="bbox 227 4836 1792 4908; baseline -0.008 -7"><span class='ocrx_word' id='word_1_308' title='bbox 227 4849 520 4903; x_wconf 88' lang='lat' dir='ltr'><strong>Consilium</strong></span> <span class='ocrx_word' id='word_1_309' title='bbox 541 4854 624 4900; x_wconf 85' lang='lat' dir='ltr'><strong>est</strong></span> <span class='ocrx_word' id='word_1_310' title='bbox 649 4847 702 4898; x_wconf 90' lang='lat' dir='ltr'><strong>in</strong></span> <span class='ocrx_word' id='word_1_311' title='bbox 723 4847 830 4898; x_wconf 87' lang='lat' dir='ltr'><strong>Deo</strong></span> <span class='ocrx_word' id='word_1_312' title='bbox 851 4840 1029 4896; x_wconf 86' lang='lat' dir='ltr'><strong>ablata</strong></span> <span class='ocrx_word' id='word_1_313' title='bbox 1051 4838 1366 4908; x_wconf 84' lang='lat' dir='ltr'><strong>ignorantiae</strong></span> <span class='ocrx_word' id='word_1_314' title='bbox 1389 4836 1792 4905; x_wconf 77' lang='lat' dir='ltr'><strong>imperfectione</strong></span> 
     </span>
     <span class='ocr_line' id='line_1_53' title="bbox 291 4917 1404 4990; baseline -0.012 -11"><span class='ocrx_word' id='word_1_315' title='bbox 291 4936 456 4990; x_wconf 84' lang='lat' dir='ltr'><strong>quam</strong></span> <span class='ocrx_word' id='word_1_316' title='bbox 479 4928 752 4984; x_wconf 72' lang='lat' dir='ltr'><strong>connotat,</strong></span> <span class='ocrx_word' id='word_1_317' title='bbox 775 4932 865 4986; x_wconf 92' lang='lat' dir='ltr'><strong>op.</strong></span> <span class='ocrx_word' id='word_1_318' title='bbox 895 4922 941 4983; x_wconf 91' lang='lat'><strong>⁴,</strong></span> <span class='ocrx_word' id='word_1_319' title='bbox 963 4917 1106 4983; x_wconf 87' lang='lat' dir='ltr'><strong>disp.</strong></span> <span class='ocrx_word' id='word_1_320' title='bbox 1130 4921 1178 4980; x_wconf 88' lang='grc'><strong>1,</strong></span> <span class='ocrx_word' id='word_1_321' title='bbox 1202 4921 1331 4971; x_wconf 85' lang='lat' dir='ltr'><strong>sect.</strong></span> <span class='ocrx_word' id='word_1_322' title='bbox 1357 4918 1404 4967; x_wconf 84' lang='lat'><strong>1.</strong></span> 
     </span>
    </p>
   </div>
   <div class='ocr_carea' id='block_1_12' title="bbox 842 5084 1179 5124">
    <p class='ocr_par' dir='ltr' id='par_1_25' title="bbox 842 5084 1179 5124">
     <span class='ocr_line' id='line_1_54' title="bbox 842 5084 1179 5124; baseline -0.009 0"><span class='ocrx_word' id='word_1_323' title='bbox 842 5087 925 5124; x_wconf 71' lang='lat' dir='ltr'><strong>itt-:t</strong></span> <span class='ocrx_word' id='word_1_324' title='bbox 949 5084 1179 5123; x_wconf 65' lang='lat' dir='ltr'><strong>numm.</strong></span> 
     </span>
    </p>
   </div>
   <div class='ocr_carea' id='block_1_13' title="bbox 231 5208 1797 5664">
    <p class='ocr_par' dir='ltr' id='par_1_26' title="bbox 231 5208 1794 5362">
     <span class='ocr_line' id='line_1_55' title="bbox 231 5208 1794 5280; baseline -0.008 -7"><span class='ocrx_word' id='word_1_325' title='bbox 231 5220 477 5273; x_wconf 79' lang='lat' dir='ltr'><strong>Debitum</strong></span> <span class='ocrx_word' id='word_1_326' title='bbox 513 5218 687 5271; x_wconf 89' lang='lat' dir='ltr'><strong>solum</strong></span> <span class='ocrx_word' id='word_1_327' title='bbox 715 5228 777 5269; x_wconf 88' lang='lat' dir='ltr'><strong>ex</strong></span> <span class='ocrx_word' id='word_1_328' title='bbox 801 5214 1050 5269; x_wconf 76' lang='lat' dir='ltr'><strong>fidelitate</strong></span> <span class='ocrx_word' id='word_1_329' title='bbox 1081 5220 1133 5266; x_wconf 91' lang='lat' dir='ltr'><strong>et</strong></span> <span class='ocrx_word' id='word_1_330' title='bbox 1146 5209 1350 5280; x_wconf 76' lang='lat' dir='ltr'><strong>iustitia</strong></span> <span class='ocrx_word' id='word_1_331' title='bbox 1363 5209 1540 5263; x_wconf 89' lang='lat' dir='ltr'><strong>locum</strong></span> <span class='ocrx_word' id='word_1_332' title='bbox 1553 5208 1717 5261; x_wconf 82' lang='lat' dir='ltr'><strong>babet</strong></span> <span class='ocrx_word' id='word_1_333' title='bbox 1740 5208 1794 5261; x_wconf 92' lang='lat' dir='ltr'><strong>in</strong></span> 
     </span>
     <span class='ocr_line' id='line_1_56' title="bbox 301 5292 1121 5362; baseline -0.012 -13"><span class='ocrx_word' id='word_1_334' title='bbox 301 5300 422 5355; x_wconf 87' lang='lat' dir='ltr'><strong>Deo.</strong></span> <span class='ocrx_word' id='word_1_335' title='bbox 459 5308 548 5362; x_wconf 86' lang='lat' dir='ltr'><strong>op.</strong></span> <span class='ocrx_word' id='word_1_336' title='bbox 581 5299 629 5353; x_wconf 91' lang='lat'><strong>⁴,</strong></span> <span class='ocrx_word' id='word_1_337' title='bbox 663 5292 802 5356; x_wconf 87' lang='lat' dir='ltr'><strong>disp.</strong></span> <span class='ocrx_word' id='word_1_338' title='bbox 832 5296 880 5355; x_wconf 78' lang='lat'><strong>2,</strong></span> <span class='ocrx_word' id='word_1_339' title='bbox 911 5296 1040 5343; x_wconf 89' lang='lat' dir='ltr'><strong>sect.</strong></span> <span class='ocrx_word' id='word_1_340' title='bbox 1073 5292 1121 5339; x_wconf 75' lang='lat'><strong>2.</strong></span> 
     </span>
    </p>

    <p class='ocr_par' dir='ltr' id='par_1_27' title="bbox 235 5360 1796 5513">
     <span class='ocr_line' id='line_1_57' title="bbox 235 5360 1796 5436; baseline -0.008 -11"><span class='ocrx_word' id='word_1_341' title='bbox 235 5372 480 5425; x_wconf 82' lang='lat' dir='ltr'><strong>Debitum</strong></span> <span class='ocrx_word' id='word_1_342' title='bbox 515 5369 660 5436; x_wconf 90' lang='lat' dir='ltr'><strong>quod</strong></span> <span class='ocrx_word' id='word_1_343' title='bbox 683 5380 802 5421; x_wconf 82' lang='lat' dir='ltr'><strong>esse</strong></span> <span class='ocrx_word' id='word_1_344' title='bbox 823 5367 960 5419; x_wconf 89' lang='lat' dir='ltr'><strong>solet</strong></span> <span class='ocrx_word' id='word_1_345' title='bbox 999 5365 1140 5417; x_wconf 85' lang='lat' dir='ltr'><strong>inter</strong></span> <span class='ocrx_word' id='word_1_346' title='bbox 1170 5360 1420 5427; x_wconf 82' lang='lat' dir='ltr'><strong>aequales,</strong></span> <span class='ocrx_word' id='word_1_347' title='bbox 1455 5361 1510 5413; x_wconf 88' lang='lat' dir='ltr'><strong>in</strong></span> <span class='ocrx_word' id='word_1_348' title='bbox 1539 5362 1645 5413; x_wconf 90' lang='lat' dir='ltr'><strong>Deo</strong></span> <span class='ocrx_word' id='word_1_349' title='bbox 1675 5371 1796 5413; x_wconf 87' lang='lat' dir='ltr'><strong>esse</strong></span> 
     </span>
     <span class='ocr_line' id='line_1_58' title="bbox 299 5444 736 5513; baseline -0.014 -13"><span class='ocrx_word' id='word_1_350' title='bbox 299 5459 407 5500; x_wconf 92' lang='lat' dir='ltr'><strong>non</strong></span> <span class='ocrx_word' id='word_1_351' title='bbox 440 5451 629 5513; x_wconf 88' lang='lat' dir='ltr'><strong>potest,</strong></span> <span class='ocrx_word' id='word_1_352' title='bbox 662 5444 736 5495; x_wconf 91' lang='lat' dir='ltr'><strong>ib.</strong></span> 
     </span>
    </p>

    <p class='ocr_par' dir='ltr' id='par_1_28' title="bbox 235 5508 1797 5664">
     <span class='ocr_line' id='line_1_59' title="bbox 235 5508 1797 5577; baseline -0.009 -2"><span class='ocrx_word' id='word_1_353' title='bbox 235 5524 372 5575; x_wconf 83' lang='lat' dir='ltr'><strong>Deus</strong></span> <span class='ocrx_word' id='word_1_354' title='bbox 392 5536 454 5575; x_wconf 83' lang='lat' dir='ltr'><strong>ex</strong></span> <span class='ocrx_word' id='word_1_355' title='bbox 483 5526 670 5573; x_wconf 87' lang='lat' dir='ltr'><strong>natura</strong></span> <span class='ocrx_word' id='word_1_356' title='bbox 703 5532 802 5571; x_wconf 84' lang='lat' dir='ltr'><strong>sua</strong></span> <span class='ocrx_word' id='word_1_357' title='bbox 827 5515 1038 5570; x_wconf 87' lang='lat' dir='ltr'><strong>debitor</strong></span> <span class='ocrx_word' id='word_1_358' title='bbox 1079 5526 1198 5569; x_wconf 80' lang='lat' dir='ltr'><strong>esse</strong></span> <span class='ocrx_word' id='word_1_359' title='bbox 1227 5524 1338 5566; x_wconf 87' lang='lat' dir='ltr'><strong>non</strong></span> <span class='ocrx_word' id='word_1_360' title='bbox 1379 5515 1556 5577; x_wconf 85' lang='lat' dir='ltr'><strong>potest</strong></span> <span class='ocrx_word' id='word_1_361' title='bbox 1593 5508 1797 5575; x_wconf 79' lang='lat' dir='ltr'><strong>absque</strong></span> 
     </span>
     <span class='ocr_line' id='line_1_60' title="bbox 301 5592 993 5664; baseline -0.007 -13"><span class='ocrx_word' id='word_1_362' title='bbox 301 5598 478 5664; x_wconf 88' lang='lat' dir='ltr'><strong>aliqua</strong></span> <span class='ocrx_word' id='word_1_363' title='bbox 499 5595 889 5663; x_wconf 76' lang='lat' dir='ltr'><strong>suppositione,</strong></span> <span class='ocrx_word' id='word_1_364' title='bbox 922 5592 993 5646; x_wconf 88' lang='lat' dir='ltr'><strong>ib.</strong></span> 
     </span>
    </p>
   </div>
   <div class='ocr_carea' id='block_1_14' title="bbox 3280 417 3401 480">
    <p class='ocr_par' dir='ltr' id='par_1_29' title="bbox 3280 417 3401 480">
     <span class='ocr_line' id='line_1_61' title="bbox 3280 417 3401 480; baseline 0 0"><span class='ocrx_word' id='word_1_365' title='bbox 3280 417 3401 480; x_wconf 70' lang='lat'><strong>589</strong></span> 
     </span>
    </p>
   </div>
   <div class='ocr_carea' id='block_1_15' title="bbox 1833 513 3405 1264">
    <p class='ocr_par' dir='ltr' id='par_1_30' title="bbox 1855 513 3401 659">
     <span class='ocr_line' id='line_1_62' title="bbox 1855 513 3401 586; baseline 0.003 -18"><span class='ocrx_word' id='word_1_366' title='bbox 1855 517 1996 569; x_wconf 86' lang='lat' dir='ltr'><strong>Deus</strong></span> <span class='ocrx_word' id='word_1_367' title='bbox 2016 515 2227 570; x_wconf 90' lang='lat' dir='ltr'><strong>debitor</strong></span> <span class='ocrx_word' id='word_1_368' title='bbox 2252 521 2335 570; x_wconf 85' lang='lat' dir='ltr'><strong>est</strong></span> <span class='ocrx_word' id='word_1_369' title='bbox 2362 515 2589 580; x_wconf 89' lang='lat' dir='ltr'><strong>homini,</strong></span> <span class='ocrx_word' id='word_1_370' title='bbox 2620 529 2720 570; x_wconf 85' lang='lat' dir='ltr'><strong>nec</strong></span> <span class='ocrx_word' id='word_1_371' title='bbox 2748 513 2805 570; x_wconf 89' lang='lat' dir='ltr'><strong>in</strong></span> <span class='ocrx_word' id='word_1_372' title='bbox 2836 514 2939 571; x_wconf 87' lang='lat' dir='ltr'><strong>hoc</strong></span> <span class='ocrx_word' id='word_1_373' title='bbox 2967 514 3186 572; x_wconf 88' lang='lat' dir='ltr'><strong>nomine</strong></span> <span class='ocrx_word' id='word_1_374' title='bbox 3210 519 3401 586; x_wconf 87' lang='lat' dir='ltr'><strong>imper-</strong></span> 
     </span>
     <span class='ocr_line' id='line_1_63' title="bbox 1907 591 3291 659; baseline 0.004 -18"><span class='ocrx_word' id='word_1_375' title='bbox 1907 591 2151 645; x_wconf 76' lang='lat' dir='ltr'><strong>fectionis</strong></span> <span class='ocrx_word' id='word_1_376' title='bbox 2174 591 2375 658; x_wconf 84' lang='lat' dir='ltr'><strong>aliquid</strong></span> <span class='ocrx_word' id='word_1_377' title='bbox 2396 592 2642 656; x_wconf 85' lang='lat' dir='ltr'><strong>donatur,</strong></span> <span class='ocrx_word' id='word_1_378' title='bbox 2668 605 2753 659; x_wconf 92' lang='lat' dir='ltr'><strong>op.</strong></span> <span class='ocrx_word' id='word_1_379' title='bbox 2786 597 2833 653; x_wconf 80' lang='grc' dir='ltr'><strong>-ι,</strong></span> <span class='ocrx_word' id='word_1_380' title='bbox 2856 593 2993 658; x_wconf 84' lang='lat' dir='ltr'><strong>disp.</strong></span> <span class='ocrx_word' id='word_1_381' title='bbox 3016 599 3063 654; x_wconf 77' lang='lat'><strong>2,</strong></span> <span class='ocrx_word' id='word_1_382' title='bbox 3090 601 3217 648; x_wconf 90' lang='lat' dir='ltr'><strong>sect.</strong></span> <span class='ocrx_word' id='word_1_383' title='bbox 3244 598 3291 646; x_wconf 78' lang='lat'><strong>2.</strong></span> 
     </span>
    </p>

    <p class='ocr_par' dir='ltr' id='par_1_31' title="bbox 1844 665 3125 734">
     <span class='ocr_line' id='line_1_64' title="bbox 1844 665 3125 734; baseline 0.002 -14"><span class='ocrx_word' id='word_1_384' title='bbox 1844 665 2087 720; x_wconf 85' lang='lat' dir='ltr'><strong>Debitum</strong></span> <span class='ocrx_word' id='word_1_385' title='bbox 2107 669 2323 732; x_wconf 83' lang='lat' dir='ltr'><strong>justitiae</strong></span> <span class='ocrx_word' id='word_1_386' title='bbox 2346 669 2397 720; x_wconf 90' lang='lat' dir='ltr'><strong>in</strong></span> <span class='ocrx_word' id='word_1_387' title='bbox 2424 671 2587 722; x_wconf 88' lang='lat' dir='ltr'><strong>Deum</strong></span> <span class='ocrx_word' id='word_1_388' title='bbox 2621 676 2795 734; x_wconf 86' lang='lat' dir='ltr'><strong>potest</strong></span> <span class='ocrx_word' id='word_1_389' title='bbox 2820 669 3027 727; x_wconf 87' lang='lat' dir='ltr'><strong>cadere.</strong></span> <span class='ocrx_word' id='word_1_390' title='bbox 3054 669 3125 723; x_wconf 90' lang='lat' dir='ltr'><strong>ib.</strong></span> 
     </span>
    </p>

    <p class='ocr_par' dir='ltr' id='par_1_32' title="bbox 1833 741 3403 884">
     <span class='ocr_line' id='line_1_65' title="bbox 1833 741 3403 812; baseline 0.003 -18"><span class='ocrx_word' id='word_1_391' title='bbox 1833 741 2075 795; x_wconf 87' lang='lat' dir='ltr'><strong>Debitum</strong></span> <span class='ocrx_word' id='word_1_392' title='bbox 2102 743 2155 794; x_wconf 88' lang='lat' dir='ltr'><strong>in</strong></span> <span class='ocrx_word' id='word_1_393' title='bbox 2178 744 2285 796; x_wconf 84' lang='lat' dir='ltr'><strong>Deo</strong></span> <span class='ocrx_word' id='word_1_394' title='bbox 2307 756 2369 796; x_wconf 84' lang='lat' dir='ltr'><strong>ex</strong></span> <span class='ocrx_word' id='word_1_395' title='bbox 2398 743 2515 809; x_wconf 83' lang='lat' dir='ltr'><strong>ejus</strong></span> <span class='ocrx_word' id='word_1_396' title='bbox 2544 751 2749 798; x_wconf 88' lang='lat' dir='ltr'><strong>tautum</strong></span> <span class='ocrx_word' id='word_1_397' title='bbox 2773 745 3129 810; x_wconf 85' lang='lat' dir='ltr'><strong>promissione</strong></span> <span class='ocrx_word' id='word_1_398' title='bbox 3156 751 3247 798; x_wconf 89' lang='lat' dir='ltr'><strong>aut</strong></span> <span class='ocrx_word' id='word_1_399' title='bbox 3276 758 3403 812; x_wconf 80' lang='lat' dir='ltr'><strong>pac-</strong></span> 
     </span>
     <span class='ocr_line' id='line_1_66' title="bbox 1899 818 2423 884; baseline 0.002 -15"><span class='ocrx_word' id='word_1_400' title='bbox 1899 824 1953 870; x_wconf 89' lang='lat' dir='ltr'><strong>to</strong></span> <span class='ocrx_word' id='word_1_401' title='bbox 1978 818 2106 870; x_wconf 90' lang='lat' dir='ltr'><strong>oriri</strong></span> <span class='ocrx_word' id='word_1_402' title='bbox 2136 825 2325 884; x_wconf 89' lang='lat' dir='ltr'><strong>potest,</strong></span> <span class='ocrx_word' id='word_1_403' title='bbox 2354 818 2423 870; x_wconf 92' lang='lat' dir='ltr'><strong>ib.</strong></span> 
     </span>
    </p>

    <p class='ocr_par' dir='ltr' id='par_1_33' title="bbox 1836 893 3403 1034">
     <span class='ocr_line' id='line_1_67' title="bbox 1836 893 3403 962; baseline 0.003 -18"><span class='ocrx_word' id='word_1_404' title='bbox 1836 893 2079 946; x_wconf 86' lang='lat' dir='ltr'><strong>Debitum</strong></span> <span class='ocrx_word' id='word_1_405' title='bbox 2117 894 2335 958; x_wconf 81' lang='lat' dir='ltr'><strong>justitiae</strong></span> <span class='ocrx_word' id='word_1_406' title='bbox 2384 894 2437 946; x_wconf 89' lang='lat' dir='ltr'><strong>in</strong></span> <span class='ocrx_word' id='word_1_407' title='bbox 2479 896 2585 946; x_wconf 90' lang='lat' dir='ltr'><strong>Deo</strong></span> <span class='ocrx_word' id='word_1_408' title='bbox 2620 907 2783 960; x_wconf 82' lang='lat' dir='ltr'><strong>quam</strong></span> <span class='ocrx_word' id='word_1_409' title='bbox 2820 895 3239 960; x_wconf 88' lang='lat' dir='ltr'><strong>promissionem</strong></span> <span class='ocrx_word' id='word_1_410' title='bbox 3270 909 3403 962; x_wconf 89' lang='lat' dir='ltr'><strong>sup·-</strong></span> 
     </span>
     <span class='ocr_line' id='line_1_68' title="bbox 1905 969 2191 1034; baseline 0.003 -14"><span class='ocrx_word' id='word_1_411' title='bbox 1905 976 2085 1034; x_wconf 88' lang='lat' dir='ltr'><strong>ponat,</strong></span> <span class='ocrx_word' id='word_1_412' title='bbox 2121 969 2191 1021; x_wconf 87' lang='lat' dir='ltr'><strong>ib.</strong></span> 
     </span>
    </p>

    <p class='ocr_par' dir='ltr' id='par_1_34' title="bbox 1836 1043 3403 1186">
     <span class='ocr_line' id='line_1_69' title="bbox 1836 1043 3403 1113; baseline 0.002 -18"><span class='ocrx_word' id='word_1_413' title='bbox 1836 1043 2053 1108; x_wconf 79' lang='lat' dir='ltr'><strong>Expleta</strong></span> <span class='ocrx_word' id='word_1_414' title='bbox 2094 1043 2400 1097; x_wconf 89' lang='lat' dir='ltr'><strong>conditione</strong></span> <span class='ocrx_word' id='word_1_415' title='bbox 2442 1043 2821 1113; x_wconf 84' lang='lat' dir='ltr'><strong>condignitatis</strong></span> <span class='ocrx_word' id='word_1_416' title='bbox 2860 1046 2965 1098; x_wconf 88' lang='lat' dir='ltr'><strong>sub</strong></span> <span class='ocrx_word' id='word_1_417' title='bbox 3006 1058 3111 1110; x_wconf 86' lang='lat' dir='ltr'><strong>qua</strong></span> <span class='ocrx_word' id='word_1_418' title='bbox 3133 1048 3271 1099; x_wconf 88' lang='lat' dir='ltr'><strong>Deus</strong></span> <span class='ocrx_word' id='word_1_419' title='bbox 3302 1045 3403 1098; x_wconf 83' lang='lat' dir='ltr'><strong>ali-</strong></span> 
     </span>
     <span class='ocr_line' id='line_1_70' title="bbox 1900 1118 3181 1186; baseline 0.002 -15"><span class='ocrx_word' id='word_1_420' title='bbox 1900 1119 2029 1184; x_wconf 73' lang='lat' dir='ltr'><strong>quid</strong></span> <span class='ocrx_word' id='word_1_421' title='bbox 2054 1118 2313 1184; x_wconf 83' lang='lat' dir='ltr'><strong>promisit,</strong></span> <span class='ocrx_word' id='word_1_422' title='bbox 2343 1118 2555 1172; x_wconf 89' lang='lat' dir='ltr'><strong>debitor</strong></span> <span class='ocrx_word' id='word_1_423' title='bbox 2580 1127 2759 1174; x_wconf 86' lang='lat' dir='ltr'><strong>manet</strong></span> <span class='ocrx_word' id='word_1_424' title='bbox 2779 1122 3081 1186; x_wconf 80' lang='lat' dir='ltr'><strong>exjustitia,</strong></span> <span class='ocrx_word' id='word_1_425' title='bbox 3110 1121 3181 1174; x_wconf 86' lang='lat' dir='ltr'><strong>ib.</strong></span> 
     </span>
    </p>

    <p class='ocr_par' dir='ltr' id='par_1_35' title="bbox 1839 1194 3405 1264">
     <span class='ocr_line' id='line_1_71' title="bbox 1839 1194 3405 1264; baseline 0.003 -20"><span class='ocrx_word' id='word_1_426' title='bbox 1839 1194 2131 1247; x_wconf 72' lang='lat' dir='ltr'><strong>promissio</strong></span> <span class='ocrx_word' id='word_1_427' title='bbox 2158 1194 2260 1248; x_wconf 90' lang='lat' dir='ltr'><strong>sub</strong></span> <span class='ocrx_word' id='word_1_428' title='bbox 2298 1194 2607 1248; x_wconf 88' lang='lat' dir='ltr'><strong>conditione</strong></span> <span class='ocrx_word' id='word_1_429' title='bbox 2640 1209 2751 1248; x_wconf 89' lang='lat' dir='ltr'><strong>non</strong></span> <span class='ocrx_word' id='word_1_430' title='bbox 2780 1196 3067 1264; x_wconf 87' lang='lat' dir='ltr'><strong>condigna,</strong></span> <span class='ocrx_word' id='word_1_431' title='bbox 3100 1197 3263 1249; x_wconf 88' lang='lat' dir='ltr'><strong>etiam</strong></span> <span class='ocrx_word' id='word_1_432' title='bbox 3298 1195 3405 1248; x_wconf 86' lang='lat' dir='ltr'><strong>im-</strong></span> 
     </span>
    </p>
   </div>
   <div class='ocr_carea' id='block_1_16' title="bbox 1901 1269 3405 1410">
    <p class='ocr_par' dir='ltr' id='par_1_36' title="bbox 1901 1269 3405 1410">
     <span class='ocr_line' id='line_1_72' title="bbox 1904 1269 3405 1397; baseline 0.002 -78"><span class='ocrx_word' id='word_1_433' title='bbox 1904 1269 2397 1397; x_wconf 42' lang='lat' dir='ltr'><strong>pleta-conditione,</strong></span> <span class='ocrx_word' id='word_1_434' title='bbox 2433 1283 2544 1324; x_wconf 89' lang='lat' dir='ltr'><strong>non</strong></span> <span class='ocrx_word' id='word_1_435' title='bbox 2580 1270 2783 1324; x_wconf 86' lang='lat' dir='ltr'><strong>inducit</strong></span> <span class='ocrx_word' id='word_1_436' title='bbox 2806 1271 2861 1324; x_wconf 89' lang='lat' dir='ltr'><strong>in</strong></span> <span class='ocrx_word' id='word_1_437' title='bbox 2888 1273 2995 1326; x_wconf 89' lang='lat' dir='ltr'><strong>Deo</strong></span> <span class='ocrx_word' id='word_1_438' title='bbox 3024 1271 3405 1339; x_wconf 75' lang='lat' dir='ltr'><strong>obligationem</strong></span> 
     </span>
     <span class='ocr_line' id='line_1_73' title="bbox 1901 1353 2245 1410; baseline -0.003 -13"><span class='ocrx_word' id='word_1_439' title='bbox 1901 1357 1989 1410; x_wconf 73' lang='lat' dir='ltr'><strong>Jus</strong></span> <span class='ocrx_word' id='word_1_440' title='bbox 2016 1353 2137 1407; x_wconf 84' lang='lat' dir='ltr'><strong>tttae,</strong></span> <span class='ocrx_word' id='word_1_441' title='bbox 2172 1359 2187 1396; x_wconf 86' lang='lat' dir='ltr'><strong>t</strong></span> <span class='ocrx_word' id='word_1_442' title='bbox 2234 1384 2245 1396; x_wconf 92' lang='lat'><strong>.</strong></span> 
     </span>
    </p>
   </div>
   <div class='ocr_carea' id='block_1_17' title="bbox 2275 1501 2906 1542">
    <p class='ocr_par' dir='ltr' id='par_1_37' title="bbox 2275 1501 2906 1542">
     <span class='ocr_line' id='line_1_74' title="bbox 2275 1501 2906 1542; baseline 0.003 -4"><span class='ocrx_word' id='word_1_443' title='bbox 2275 1501 2357 1538; x_wconf 69' lang='lat' dir='ltr'><strong>bnt</strong></span> <span class='ocrx_word' id='word_1_444' title='bbox 2389 1501 2646 1540; x_wconf 68' lang='lat' dir='ltr'><strong>DRCRETUU</strong></span> <span class='ocrx_word' id='word_1_445' title='bbox 2678 1503 2906 1542; x_wconf 65' lang='lat' dir='ltr'><strong>LIBERO!-</strong></span> 
     </span>
    </p>
   </div>
   <div class='ocr_carea' id='block_1_18' title="bbox 1843 1640 3417 3054">
    <p class='ocr_par' dir='ltr' id='par_1_38' title="bbox 1843 1640 3407 1782">
     <span class='ocr_line' id='line_1_75' title="bbox 1843 1640 3407 1711; baseline 0.005 -19"><span class='ocrx_word' id='word_1_446' title='bbox 1843 1640 2123 1692; x_wconf 87' lang='lat' dir='ltr'><strong>Decretum</strong></span> <span class='ocrx_word' id='word_1_447' title='bbox 2154 1640 2245 1692; x_wconf 90' lang='lat' dir='ltr'><strong>Dei</strong></span> <span class='ocrx_word' id='word_1_448' title='bbox 2281 1652 2390 1692; x_wconf 90' lang='lat' dir='ltr'><strong>non</strong></span> <span class='ocrx_word' id='word_1_449' title='bbox 2414 1647 2495 1694; x_wconf 86' lang='lat' dir='ltr'><strong>est</strong></span> <span class='ocrx_word' id='word_1_450' title='bbox 2515 1640 2689 1706; x_wconf 85' lang='lat' dir='ltr'><strong>prima</strong></span> <span class='ocrx_word' id='word_1_451' title='bbox 2710 1641 2845 1695; x_wconf 90' lang='lat' dir='ltr'><strong>ratio</strong></span> <span class='ocrx_word' id='word_1_452' title='bbox 2878 1644 3239 1711; x_wconf 87' lang='lat' dir='ltr'><strong>cognoscendi</strong></span> <span class='ocrx_word' id='word_1_453' title='bbox 3263 1645 3407 1700; x_wconf 84' lang='lat' dir='ltr'><strong>futu-</strong></span> 
     </span>
     <span class='ocr_line' id='line_1_76' title="bbox 1908 1715 2847 1782; baseline 0.005 -16"><span class='ocrx_word' id='word_1_454' title='bbox 1908 1727 1968 1766; x_wconf 90' lang='lat' dir='ltr'><strong>ra</strong></span> <span class='ocrx_word' id='word_1_455' title='bbox 2001 1715 2381 1780; x_wconf 80' lang='lat' dir='ltr'><strong>contingentia,</strong></span> <span class='ocrx_word' id='word_1_456' title='bbox 2405 1729 2492 1782; x_wconf 91' lang='lat' dir='ltr'><strong>op.</strong></span> <span class='ocrx_word' id='word_1_457' title='bbox 2519 1722 2567 1778; x_wconf 66' lang='lat' dir='ltr'><strong>a,</strong></span> <span class='ocrx_word' id='word_1_458' title='bbox 2600 1717 2634 1768; x_wconf 90' lang='lat' dir='ltr'><strong>l.</strong></span> <span class='ocrx_word' id='word_1_459' title='bbox 2660 1722 2706 1780; x_wconf 90' lang='grc'><strong>1,</strong></span> <span class='ocrx_word' id='word_1_460' title='bbox 2730 1730 2774 1770; x_wconf 89' lang='lat' dir='ltr'><strong>c.</strong></span> <span class='ocrx_word' id='word_1_461' title='bbox 2799 1723 2847 1772; x_wconf 76' lang='lat'><strong>6.</strong></span> 
     </span>
    </p>

    <p class='ocr_par' dir='ltr' id='par_1_39' title="bbox 1844 1789 3411 1931">
     <span class='ocr_line' id='line_1_77' title="bbox 1844 1789 3411 1856; baseline 0.004 -14"><span class='ocrx_word' id='word_1_462' title='bbox 1844 1789 2133 1856; x_wconf 81' lang='lat' dir='ltr'><strong>Respectus</strong></span> <span class='ocrx_word' id='word_1_463' title='bbox 2169 1790 2391 1844; x_wconf 86' lang='lat' dir='ltr'><strong>rationis</strong></span> <span class='ocrx_word' id='word_1_464' title='bbox 2420 1805 2529 1846; x_wconf 89' lang='lat' dir='ltr'><strong>non</strong></span> <span class='ocrx_word' id='word_1_465' title='bbox 2555 1799 2638 1846; x_wconf 90' lang='lat' dir='ltr'><strong>est</strong></span> <span class='ocrx_word' id='word_1_466' title='bbox 2664 1794 2731 1846; x_wconf 88' lang='lat' dir='ltr'><strong>de</strong></span> <span class='ocrx_word' id='word_1_467' title='bbox 2752 1794 2961 1847; x_wconf 86' lang='lat' dir='ltr'><strong>interna</strong></span> <span class='ocrx_word' id='word_1_468' title='bbox 2984 1795 3189 1849; x_wconf 86' lang='lat' dir='ltr'><strong>ratione</strong></span> <span class='ocrx_word' id='word_1_469' title='bbox 3210 1794 3411 1850; x_wconf 86' lang='lat' dir='ltr'><strong>decreti</strong></span> 
     </span>
     <span class='ocr_line' id='line_1_78' title="bbox 1911 1865 2301 1931; baseline 0.005 -16"><span class='ocrx_word' id='word_1_470' title='bbox 1911 1865 2067 1916; x_wconf 87' lang='lat' dir='ltr'><strong>liberi</strong></span> <span class='ocrx_word' id='word_1_471' title='bbox 2092 1866 2211 1931; x_wconf 66' lang='lat' dir='ltr'><strong>Dei,</strong></span> <span class='ocrx_word' id='word_1_472' title='bbox 2230 1866 2301 1918; x_wconf 89' lang='lat' dir='ltr'><strong>ib.</strong></span> 
     </span>
    </p>

    <p class='ocr_par' dir='ltr' id='par_1_40' title="bbox 1847 1939 3408 2012">
     <span class='ocr_line' id='line_1_79' title="bbox 1847 1939 3408 2012; baseline 0.004 -21"><span class='ocrx_word' id='word_1_473' title='bbox 1847 1940 1908 1992; x_wconf 86' lang='lat' dir='ltr'><strong>Et</strong></span> <span class='ocrx_word' id='word_1_474' title='bbox 1930 1939 2133 2005; x_wconf 76' lang='lat' dir='ltr'><strong>absque</strong></span> <span class='ocrx_word' id='word_1_475' title='bbox 2158 1941 2272 2006; x_wconf 82' lang='lat' dir='ltr'><strong>ejus</strong></span> <span class='ocrx_word' id='word_1_476' title='bbox 2304 1941 2609 2008; x_wconf 79' lang='lat' dir='ltr'><strong>cognitione</strong></span> <span class='ocrx_word' id='word_1_477' title='bbox 2638 1949 2813 2009; x_wconf 87' lang='lat' dir='ltr'><strong>potest</strong></span> <span class='ocrx_word' id='word_1_478' title='bbox 2839 1945 3092 2012; x_wconf 81' lang='lat' dir='ltr'><strong>cognosci</strong></span> <span class='ocrx_word' id='word_1_479' title='bbox 3118 1959 3151 2000; x_wconf 86' lang='lat' dir='ltr'><strong>a</strong></span> <span class='ocrx_word' id='word_1_480' title='bbox 3178 1947 3303 2009; x_wconf 89' lang='lat' dir='ltr'><strong>Deo,</strong></span> <span class='ocrx_word' id='word_1_481' title='bbox 3334 1945 3408 1998; x_wconf 92' lang='lat' dir='ltr'><strong>ib.</strong></span> 
     </span>
    </p>

    <p class='ocr_par' dir='ltr' id='par_1_41' title="bbox 1847 2017 3412 2158">
     <span class='ocr_line' id='line_1_80' title="bbox 1847 2017 3412 2087; baseline 0.004 -19"><span class='ocrx_word' id='word_1_482' title='bbox 1847 2017 2127 2086; x_wconf 82' lang='lat' dir='ltr'><strong>Decretum</strong></span> <span class='ocrx_word' id='word_1_483' title='bbox 2182 2028 2291 2082; x_wconf 84' lang='lat' dir='ltr'><strong>quo</strong></span> <span class='ocrx_word' id='word_1_484' title='bbox 2338 2018 2475 2068; x_wconf 89' lang='lat' dir='ltr'><strong>Deus</strong></span> <span class='ocrx_word' id='word_1_485' title='bbox 2513 2018 2627 2070; x_wconf 86' lang='lat' dir='ltr'><strong>vult</strong></span> <span class='ocrx_word' id='word_1_486' title='bbox 2664 2019 2903 2072; x_wconf 77' lang='lat' dir='ltr'><strong>futurum</strong></span> <span class='ocrx_word' id='word_1_487' title='bbox 2946 2029 3141 2087; x_wconf 88' lang='lat' dir='ltr'><strong>actum,</strong></span> <span class='ocrx_word' id='word_1_488' title='bbox 3192 2033 3300 2074; x_wconf 88' lang='lat' dir='ltr'><strong>non</strong></span> <span class='ocrx_word' id='word_1_489' title='bbox 3330 2028 3412 2074; x_wconf 89' lang='lat' dir='ltr'><strong>est</strong></span> 
     </span>
     <span class='ocr_line' id='line_1_81' title="bbox 1911 2091 2809 2158; baseline 0.004 -14"><span class='ocrx_word' id='word_1_490' title='bbox 1911 2091 2281 2145; x_wconf 82' lang='lat' dir='ltr'><strong>concomitans</strong></span> <span class='ocrx_word' id='word_1_491' title='bbox 2307 2092 2483 2158; x_wconf 84' lang='lat' dir='ltr'><strong>ipsum</strong></span> <span class='ocrx_word' id='word_1_492' title='bbox 2514 2101 2714 2158; x_wconf 87' lang='lat' dir='ltr'><strong>actum,</strong></span> <span class='ocrx_word' id='word_1_493' title='bbox 2740 2096 2809 2148; x_wconf 91' lang='lat' dir='ltr'><strong>ib.</strong></span> 
     </span>
    </p>

    <p class='ocr_par' dir='ltr' id='par_1_42' title="bbox 1849 2166 3411 2309">
     <span class='ocr_line' id='line_1_82' title="bbox 1849 2166 3411 2234; baseline 0.005 -16"><span class='ocrx_word' id='word_1_494' title='bbox 1849 2166 1953 2220; x_wconf 84' lang='lat' dir='ltr'><strong>Res</strong></span> <span class='ocrx_word' id='word_1_495' title='bbox 1981 2168 2157 2220; x_wconf 77' lang='lat' dir='ltr'><strong>futura</strong></span> <span class='ocrx_word' id='word_1_496' title='bbox 2180 2175 2262 2220; x_wconf 91' lang='lat' dir='ltr'><strong>est</strong></span> <span class='ocrx_word' id='word_1_497' title='bbox 2278 2176 2496 2233; x_wconf 87' lang='lat' dir='ltr'><strong>propter</strong></span> <span class='ocrx_word' id='word_1_498' title='bbox 2527 2169 2820 2234; x_wconf 88' lang='lat' dir='ltr'><strong>decretum,</strong></span> <span class='ocrx_word' id='word_1_499' title='bbox 2852 2184 2961 2224; x_wconf 90' lang='lat' dir='ltr'><strong>non</strong></span> <span class='ocrx_word' id='word_1_500' title='bbox 2990 2185 3119 2226; x_wconf 90' lang='lat' dir='ltr'><strong>vero</strong></span> <span class='ocrx_word' id='word_1_501' title='bbox 3138 2172 3411 2227; x_wconf 87' lang='lat' dir='ltr'><strong>decretum</strong></span> 
     </span>
     <span class='ocr_line' id='line_1_83' title="bbox 1911 2243 2677 2309; baseline 0.003 -13"><span class='ocrx_word' id='word_1_502' title='bbox 1911 2249 1995 2296; x_wconf 86' lang='lat' dir='ltr'><strong>est</strong></span> <span class='ocrx_word' id='word_1_503' title='bbox 2019 2244 2147 2309; x_wconf 76' lang='lat' dir='ltr'><strong>quia</strong></span> <span class='ocrx_word' id='word_1_504' title='bbox 2168 2257 2253 2296; x_wconf 87' lang='lat' dir='ltr'><strong>res</strong></span> <span class='ocrx_word' id='word_1_505' title='bbox 2272 2243 2567 2304; x_wconf 64' lang='lat' dir='ltr'><strong>estsutura,</strong></span> <span class='ocrx_word' id='word_1_506' title='bbox 2606 2244 2677 2298; x_wconf 92' lang='lat' dir='ltr'><strong>ib.</strong></span> 
     </span>
    </p>

    <p class='ocr_par' dir='ltr' id='par_1_43' title="bbox 1848 2318 3417 2458">
     <span class='ocr_line' id='line_1_84' title="bbox 1848 2318 3417 2391; baseline 0.004 -19"><span class='ocrx_word' id='word_1_507' title='bbox 1848 2320 1953 2373; x_wconf 87' lang='lat' dir='ltr'><strong>Cur</strong></span> <span class='ocrx_word' id='word_1_508' title='bbox 1982 2318 2189 2372; x_wconf 88' lang='lat' dir='ltr'><strong>dicatur</strong></span> <span class='ocrx_word' id='word_1_509' title='bbox 2208 2329 2271 2371; x_wconf 78' lang='lat' dir='ltr'><strong>ex</strong></span> <span class='ocrx_word' id='word_1_510' title='bbox 2292 2319 2461 2373; x_wconf 86' lang='lat' dir='ltr'><strong>libero</strong></span> <span class='ocrx_word' id='word_1_511' title='bbox 2488 2319 2703 2374; x_wconf 83' lang='lat' dir='ltr'><strong>decreto</strong></span> <span class='ocrx_word' id='word_1_512' title='bbox 2721 2321 2809 2374; x_wconf 89' lang='lat' dir='ltr'><strong>Dei</strong></span> <span class='ocrx_word' id='word_1_513' title='bbox 2839 2321 3013 2376; x_wconf 91' lang='lat' dir='ltr'><strong>solum</strong></span> <span class='ocrx_word' id='word_1_514' title='bbox 3041 2322 3166 2376; x_wconf 87' lang='lat' dir='ltr'><strong>addi</strong></span> <span class='ocrx_word' id='word_1_515' title='bbox 3198 2335 3417 2391; x_wconf 85' lang='lat' dir='ltr'><strong>respec-</strong></span> 
     </span>
     <span class='ocr_line' id='line_1_85' title="bbox 1911 2395 2405 2458; baseline -0.004 -10"><span class='ocrx_word' id='word_1_516' title='bbox 1911 2402 2023 2448; x_wconf 93' lang='lat' dir='ltr'><strong>tum</strong></span> <span class='ocrx_word' id='word_1_517' title='bbox 2054 2395 2297 2458; x_wconf 89' lang='lat' dir='ltr'><strong>rationis,</strong></span> <span class='ocrx_word' id='word_1_518' title='bbox 2333 2396 2405 2447; x_wconf 84' lang='lat' dir='ltr'><strong>in.</strong></span> 
     </span>
    </p>

    <p class='ocr_par' dir='ltr' id='par_1_44' title="bbox 1847 2469 3415 2681">
     <span class='ocr_line' id='line_1_86' title="bbox 1847 2469 3415 2537; baseline 0.001 -13"><span class='ocrx_word' id='word_1_519' title='bbox 1847 2469 2000 2532; x_wconf 81' lang='lat' dir='ltr'><strong>Quod</strong></span> <span class='ocrx_word' id='word_1_520' title='bbox 2034 2471 2081 2523; x_wconf 80' lang='lat' dir='ltr'><strong>si</strong></span> <span class='ocrx_word' id='word_1_521' title='bbox 2124 2471 2309 2523; x_wconf 83' lang='lat' dir='ltr'><strong>eflicax</strong></span> <span class='ocrx_word' id='word_1_522' title='bbox 2346 2471 2433 2534; x_wconf 92' lang='lat' dir='ltr'><strong>sit,</strong></span> <span class='ocrx_word' id='word_1_523' title='bbox 2457 2471 2697 2524; x_wconf 89' lang='lat' dir='ltr'><strong>absolute</strong></span> <span class='ocrx_word' id='word_1_524' title='bbox 2718 2471 3013 2526; x_wconf 81' lang='lat' dir='ltr'><strong>libertatem</strong></span> <span class='ocrx_word' id='word_1_525' title='bbox 3038 2473 3188 2537; x_wconf 90' lang='lat' dir='ltr'><strong>tollit,</strong></span> <span class='ocrx_word' id='word_1_526' title='bbox 3208 2473 3415 2528; x_wconf 88' lang='lat' dir='ltr'><strong>etiamsi</strong></span> 
     </span>
     <span class='ocr_line' id='line_1_87' title="bbox 1912 2546 3317 2613; baseline 0.004 -15"><span class='ocrx_word' id='word_1_527' title='bbox 1912 2546 2119 2599; x_wconf 86' lang='lat' dir='ltr'><strong>dicatur</strong></span> <span class='ocrx_word' id='word_1_528' title='bbox 2141 2559 2446 2612; x_wconf 88' lang='lat' dir='ltr'><strong>supponere</strong></span> <span class='ocrx_word' id='word_1_529' title='bbox 2471 2547 2748 2602; x_wconf 79' lang='lat' dir='ltr'><strong>scientiam</strong></span> <span class='ocrx_word' id='word_1_530' title='bbox 2780 2549 3217 2613; x_wconf 88' lang='lat' dir='ltr'><strong>conditionatam,</strong></span> <span class='ocrx_word' id='word_1_531' title='bbox 3246 2551 3317 2603; x_wconf 91' lang='lat' dir='ltr'><strong>ib.</strong></span> 
     </span>
     <span class='ocr_line' id='line_1_88' title="bbox 1851 2622 3414 2681; baseline 0.004 -7"><span class='ocrx_word' id='word_1_532' title='bbox 1851 2623 2127 2675; x_wconf 85' lang='lat' dir='ltr'><strong>Decretum</strong></span> <span class='ocrx_word' id='word_1_533' title='bbox 2163 2623 2252 2675; x_wconf 88' lang='lat' dir='ltr'><strong>Dei</strong></span> <span class='ocrx_word' id='word_1_534' title='bbox 2296 2622 2366 2675; x_wconf 91' lang='lat' dir='ltr'><strong>ad</strong></span> <span class='ocrx_word' id='word_1_535' title='bbox 2397 2625 2828 2679; x_wconf 89' lang='lat' dir='ltr'><strong>concurrendum</strong></span> <span class='ocrx_word' id='word_1_536' title='bbox 2865 2638 2988 2678; x_wconf 90' lang='lat' dir='ltr'><strong>cum</strong></span> <span class='ocrx_word' id='word_1_537' title='bbox 3025 2633 3268 2680; x_wconf 85' lang='lat' dir='ltr'><strong>creatura</strong></span> <span class='ocrx_word' id='word_1_538' title='bbox 3305 2639 3414 2681; x_wconf 91' lang='lat' dir='ltr'><strong>non</strong></span> 
     </span>
    </p>

    <p class='ocr_par' dir='ltr' id='par_1_45' title="bbox 1849 2699 3414 3054">
     <span class='ocr_line' id='line_1_89' title="bbox 1916 2699 2685 2764; baseline 0 -12"><span class='ocrx_word' id='word_1_539' title='bbox 1916 2705 2089 2764; x_wconf 84' lang='lat' dir='ltr'><strong>potest</strong></span> <span class='ocrx_word' id='word_1_540' title='bbox 2112 2713 2232 2752; x_wconf 86' lang='lat' dir='ltr'><strong>esse</strong></span> <span class='ocrx_word' id='word_1_541' title='bbox 2260 2699 2584 2763; x_wconf 85' lang='lat' dir='ltr'><strong>absolutum,</strong></span> <span class='ocrx_word' id='word_1_542' title='bbox 2615 2700 2685 2752; x_wconf 89' lang='lat' dir='ltr'><strong>ib.</strong></span> 
     </span>
     <span class='ocr_line' id='line_1_90' title="bbox 1849 2773 2727 2839; baseline 0.002 -13"><span class='ocrx_word' id='word_1_543' title='bbox 1849 2773 2187 2839; x_wconf 76' lang='lat' dir='ltr'><strong>Repugnat-et</strong></span> <span class='ocrx_word' id='word_1_544' title='bbox 2207 2777 2353 2828; x_wconf 86' lang='lat' dir='ltr'><strong>enim</strong></span> <span class='ocrx_word' id='word_1_545' title='bbox 2384 2775 2630 2838; x_wconf 87' lang='lat' dir='ltr'><strong>libertati,</strong></span> <span class='ocrx_word' id='word_1_546' title='bbox 2656 2776 2727 2828; x_wconf 86' lang='lat' dir='ltr'><strong>ib.</strong></span> 
     </span>
     <span class='ocr_line' id='line_1_91' title="bbox 1849 2849 3381 2919; baseline 0.005 -19"><span class='ocrx_word' id='word_1_547' title='bbox 1849 2849 1965 2901; x_wconf 85' lang='lat' dir='ltr'><strong>Non</strong></span> <span class='ocrx_word' id='word_1_548' title='bbox 1991 2857 2287 2916; x_wconf 73' lang='lat' dir='ltr'><strong>repugnant</strong></span> <span class='ocrx_word' id='word_1_549' title='bbox 2308 2849 2520 2904; x_wconf 86' lang='lat' dir='ltr'><strong>decreta</strong></span> <span class='ocrx_word' id='word_1_550' title='bbox 2545 2849 2925 2915; x_wconf 81' lang='lat' dir='ltr'><strong>conditionata,</strong></span> <span class='ocrx_word' id='word_1_551' title='bbox 2948 2865 3037 2919; x_wconf 90' lang='lat' dir='ltr'><strong>op.</strong></span> <span class='ocrx_word' id='word_1_552' title='bbox 3060 2859 3111 2916; x_wconf 76' lang='lat'><strong>2,</strong></span> <span class='ocrx_word' id='word_1_553' title='bbox 3136 2855 3170 2907; x_wconf 91' lang='lat' dir='ltr'><strong>l.</strong></span> <span class='ocrx_word' id='word_1_554' title='bbox 3194 2859 3242 2918; x_wconf 78' lang='lat'><strong>2,</strong></span> <span class='ocrx_word' id='word_1_555' title='bbox 3265 2854 3312 2908; x_wconf 85' lang='lat' dir='ltr'><strong>c&#39;.</strong></span> <span class='ocrx_word' id='word_1_556' title='bbox 3334 2858 3381 2908; x_wconf 83' lang='lat'><strong>7.</strong></span> 
     </span>
     <span class='ocr_line' id='line_1_92' title="bbox 1852 2925 3414 2996; baseline 0.004 -20"><span class='ocrx_word' id='word_1_557' title='bbox 1852 2925 2069 2978; x_wconf 86' lang='lat' dir='ltr'><strong>Decreta</strong></span> <span class='ocrx_word' id='word_1_558' title='bbox 2099 2927 2267 2979; x_wconf 86' lang='lat' dir='ltr'><strong>libera</strong></span> <span class='ocrx_word' id='word_1_559' title='bbox 2293 2927 2349 2979; x_wconf 93' lang='lat' dir='ltr'><strong>in</strong></span> <span class='ocrx_word' id='word_1_560' title='bbox 2384 2929 2491 2979; x_wconf 89' lang='lat' dir='ltr'><strong>Deo</strong></span> <span class='ocrx_word' id='word_1_561' title='bbox 2525 2927 2661 2980; x_wconf 83' lang='lat' dir='ltr'><strong>nibil</strong></span> <span class='ocrx_word' id='word_1_562' title='bbox 2704 2929 2848 2981; x_wconf 86' lang='lat' dir='ltr'><strong>reale</strong></span> <span class='ocrx_word' id='word_1_563' title='bbox 2890 2929 3276 2996; x_wconf 73' lang='lat' dir='ltr'><strong>superaddunt,</strong></span> <span class='ocrx_word' id='word_1_564' title='bbox 3318 2931 3414 2994; x_wconf 89' lang='lat' dir='ltr'><strong>ib.,</strong></span> 
     </span>
     <span class='ocr_line' id='line_1_93' title="bbox 1913 3006 2036 3054; baseline -0.016 0"><span class='ocrx_word' id='word_1_565' title='bbox 1913 3015 1961 3054; x_wconf 79' lang='lat' dir='ltr'><strong>c.</strong></span> <span class='ocrx_word' id='word_1_566' title='bbox 1992 3006 2036 3052; x_wconf 87' lang='lat'><strong>8.</strong></span> 
     </span>
    </p>
   </div>
   <div class='ocr_carea' id='block_1_19' title="bbox 1851 3078 3413 3221">
    <p class='ocr_par' dir='ltr' id='par_1_46' title="bbox 1851 3078 3413 3221">
     <span class='ocr_line' id='line_1_94' title="bbox 1851 3078 3413 3151; baseline 0.003 -20"><span class='ocrx_word' id='word_1_567' title='bbox 1851 3079 1989 3131; x_wconf 89' lang='lat' dir='ltr'><strong>Deus</strong></span> <span class='ocrx_word' id='word_1_568' title='bbox 2012 3089 2122 3131; x_wconf 91' lang='lat' dir='ltr'><strong>non</strong></span> <span class='ocrx_word' id='word_1_569' title='bbox 2154 3083 2429 3145; x_wconf 79' lang='lat' dir='ltr'><strong>cognoscit</strong></span> <span class='ocrx_word' id='word_1_570' title='bbox 2455 3091 2555 3134; x_wconf 87' lang='lat' dir='ltr'><strong>sua</strong></span> <span class='ocrx_word' id='word_1_571' title='bbox 2581 3078 2797 3135; x_wconf 86' lang='lat' dir='ltr'><strong>decreta</strong></span> <span class='ocrx_word' id='word_1_572' title='bbox 2828 3081 3081 3151; x_wconf 84' lang='lat' dir='ltr'><strong>tingendo</strong></span> <span class='ocrx_word' id='word_1_573' title='bbox 3113 3089 3413 3151; x_wconf 85' lang='lat' dir='ltr'><strong>respectum</strong></span> 
     </span>
     <span class='ocr_line' id='line_1_95' title="bbox 1914 3154 2522 3221; baseline 0.005 -15"><span class='ocrx_word' id='word_1_574' title='bbox 1914 3154 2147 3221; x_wconf 84' lang='lat' dir='ltr'><strong>aliquem</strong></span> <span class='ocrx_word' id='word_1_575' title='bbox 2176 3154 2420 3219; x_wconf 72' lang='lat' dir='ltr'><strong>rationiS,</strong></span> <span class='ocrx_word' id='word_1_576' title='bbox 2446 3155 2522 3209; x_wconf 90' lang='lat' dir='ltr'><strong>ib.</strong></span> 
     </span>
    </p>
   </div>
   <div class='ocr_carea' id='block_1_20' title="bbox 2453 3328 2826 3369">
    <p class='ocr_par' dir='ltr' id='par_1_47' title="bbox 2453 3328 2826 3369">
     <span class='ocr_line' id='line_1_96' title="bbox 2453 3328 2826 3369; baseline 0.008 -4"><span class='ocrx_word' id='word_1_577' title='bbox 2453 3329 2534 3366; x_wconf 78' lang='lat' dir='ltr'><strong>nm</strong></span> <span class='ocrx_word' id='word_1_578' title='bbox 2566 3328 2826 3369; x_wconf 62' lang='lat' dir='ltr'><strong>DORIMU..</strong></span> 
     </span>
    </p>
   </div>
   <div class='ocr_carea' id='block_1_21' title="bbox 1857 3451 3418 3593">
    <p class='ocr_par' dir='ltr' id='par_1_48' title="bbox 1857 3451 3418 3593">
     <span class='ocr_line' id='line_1_97' title="bbox 1857 3451 3418 3537; baseline 0.003 -32"><span class='ocrx_word' id='word_1_579' title='bbox 1857 3452 1996 3505; x_wconf 85' lang='lat' dir='ltr'><strong>Deus</strong></span> <span class='ocrx_word' id='word_1_580' title='bbox 2020 3452 2337 3537; x_wconf 43' lang='lat' dir='ltr'><strong>non-amittit</strong></span> <span class='ocrx_word' id='word_1_581' title='bbox 2351 3451 2593 3517; x_wconf 79' lang='lat' dir='ltr'><strong>dominia</strong></span> <span class='ocrx_word' id='word_1_582' title='bbox 2612 3466 2791 3507; x_wconf 83' lang='lat' dir='ltr'><strong>rerum</strong></span> <span class='ocrx_word' id='word_1_583' title='bbox 2809 3453 2939 3508; x_wconf 89' lang='lat' dir='ltr'><strong>dum</strong></span> <span class='ocrx_word' id='word_1_584' title='bbox 2964 3454 3083 3508; x_wconf 87' lang='lat' dir='ltr'><strong>illas</strong></span> <span class='ocrx_word' id='word_1_585' title='bbox 3103 3452 3289 3510; x_wconf 88' lang='lat' dir='ltr'><strong>tribuit</strong></span> <span class='ocrx_word' id='word_1_586' title='bbox 3304 3454 3418 3509; x_wconf 81' lang='lat' dir='ltr'><strong>suis</strong></span> 
     </span>
     <span class='ocr_line' id='line_1_98' title="bbox 1921 3532 2633 3593; baseline 0.001 -13"><span class='ocrx_word' id='word_1_587' title='bbox 1921 3533 2198 3591; x_wconf 79' lang='lat' dir='ltr'><strong>creaturtS,</strong></span> <span class='ocrx_word' id='word_1_588' title='bbox 2232 3539 2319 3593; x_wconf 87' lang='lat' dir='ltr'><strong>op.</strong></span> <span class='ocrx_word' id='word_1_589' title='bbox 2348 3532 2396 3589; x_wconf 77' lang='grc'><strong>8,</strong></span> <span class='ocrx_word' id='word_1_590' title='bbox 2428 3534 2557 3581; x_wconf 90' lang='lat' dir='ltr'><strong>sect.</strong></span> <span class='ocrx_word' id='word_1_591' title='bbox 2587 3532 2633 3581; x_wconf 86' lang='lat'><strong>1.</strong></span> 
     </span>
    </p>
   </div>
   <div class='ocr_carea' id='block_1_22' title="bbox 2448 3710 2832 3749">
    <p class='ocr_par' dir='ltr' id='par_1_49' title="bbox 2448 3710 2832 3749">
     <span class='ocr_line' id='line_1_99' title="bbox 2448 3710 2832 3749; baseline 0.005 -2"><span class='ocrx_word' id='word_1_592' title='bbox 2448 3710 2531 3747; x_wconf 70' lang='lat' dir='ltr'><strong>bnt</strong></span> <span class='ocrx_word' id='word_1_593' title='bbox 2563 3711 2832 3749; x_wconf 69' lang='lat' dir='ltr'><strong>nnuma.</strong></span> 
     </span>
    </p>
   </div>
   <div class='ocr_carea' id='block_1_23' title="bbox 1861 3850 3428 4531">
    <p class='ocr_par' dir='ltr' id='par_1_50' title="bbox 1861 3850 3421 3994">
     <span class='ocr_line' id='line_1_100' title="bbox 1861 3850 3421 3926; baseline 0.005 -22"><span class='ocrx_word' id='word_1_594' title='bbox 1861 3850 2104 3905; x_wconf 90' lang='lat' dir='ltr'><strong>Debitum</strong></span> <span class='ocrx_word' id='word_1_595' title='bbox 2150 3852 2419 3907; x_wconf 83' lang='lat' dir='ltr'><strong>fidelitatis</strong></span> <span class='ocrx_word' id='word_1_596' title='bbox 2448 3867 2548 3908; x_wconf 85' lang='lat' dir='ltr'><strong>nec</strong></span> <span class='ocrx_word' id='word_1_597' title='bbox 2590 3854 2812 3923; x_wconf 86' lang='lat' dir='ltr'><strong>derogat</strong></span> <span class='ocrx_word' id='word_1_598' title='bbox 2842 3855 3075 3912; x_wconf 84' lang='lat' dir='ltr'><strong>libertati</strong></span> <span class='ocrx_word' id='word_1_599' title='bbox 3103 3859 3214 3925; x_wconf 86' lang='lat' dir='ltr'><strong>Dei,</strong></span> <span class='ocrx_word' id='word_1_600' title='bbox 3246 3872 3338 3926; x_wconf 86' lang='lat' dir='ltr'><strong>op.</strong></span> <span class='ocrx_word' id='word_1_601' title='bbox 3374 3864 3421 3924; x_wconf 98' lang='lat'><strong>⁴,</strong></span> 
     </span>
     <span class='ocr_line' id='line_1_101' title="bbox 1925 3927 2362 3994; baseline 0 -13"><span class='ocrx_word' id='word_1_602' title='bbox 1925 3927 2067 3994; x_wconf 87' lang='lat' dir='ltr'><strong>disp.</strong></span> <span class='ocrx_word' id='word_1_603' title='bbox 2091 3932 2139 3991; x_wconf 70' lang='lat'><strong>2,</strong></span> <span class='ocrx_word' id='word_1_604' title='bbox 2162 3936 2291 3981; x_wconf 90' lang='lat' dir='ltr'><strong>sect.</strong></span> <span class='ocrx_word' id='word_1_605' title='bbox 2315 3933 2362 3981; x_wconf 78' lang='lat'><strong>2.</strong></span> 
     </span>
    </p>

    <p class='ocr_par' dir='ltr' id='par_1_51' title="bbox 1862 4004 2487 4070">
     <span class='ocr_line' id='line_1_102' title="bbox 1862 4004 2487 4070; baseline 0.002 -15"><span class='ocrx_word' id='word_1_606' title='bbox 1862 4004 1967 4057; x_wconf 81' lang='lat' dir='ltr'><strong>Nec</strong></span> <span class='ocrx_word' id='word_1_607' title='bbox 1991 4006 2107 4070; x_wconf 83' lang='lat' dir='ltr'><strong>ejus</strong></span> <span class='ocrx_word' id='word_1_608' title='bbox 2130 4004 2395 4068; x_wconf 90' lang='lat' dir='ltr'><strong>dominio,</strong></span> <span class='ocrx_word' id='word_1_609' title='bbox 2416 4005 2487 4058; x_wconf 89' lang='lat' dir='ltr'><strong>ib.</strong></span> 
     </span>
    </p>

    <p class='ocr_par' dir='ltr' id='par_1_52' title="bbox 1863 4082 3427 4224">
     <span class='ocr_line' id='line_1_103' title="bbox 1863 4082 3427 4151; baseline 0.005 -18"><span class='ocrx_word' id='word_1_610' title='bbox 1863 4083 1993 4134; x_wconf 80' lang='lat' dir='ltr'><strong>Cum</strong></span> <span class='ocrx_word' id='word_1_611' title='bbox 2036 4083 2174 4135; x_wconf 89' lang='lat' dir='ltr'><strong>Deus</strong></span> <span class='ocrx_word' id='word_1_612' title='bbox 2219 4090 2472 4148; x_wconf 84' lang='lat' dir='ltr'><strong>operatur</strong></span> <span class='ocrx_word' id='word_1_613' title='bbox 2514 4096 2578 4136; x_wconf 81' lang='lat' dir='ltr'><strong>ex</strong></span> <span class='ocrx_word' id='word_1_614' title='bbox 2624 4082 2894 4137; x_wconf 83' lang='lat' dir='ltr'><strong>fidelitatis</strong></span> <span class='ocrx_word' id='word_1_615' title='bbox 2934 4084 3133 4150; x_wconf 88' lang='lat' dir='ltr'><strong>debit0,</strong></span> <span class='ocrx_word' id='word_1_616' title='bbox 3172 4094 3427 4151; x_wconf 83' lang='lat' dir='ltr'><strong>operatur</strong></span> 
     </span>
     <span class='ocr_line' id='line_1_104' title="bbox 1925 4156 3296 4224; baseline 0.004 -16"><span class='ocrx_word' id='word_1_617' title='bbox 1925 4156 2085 4209; x_wconf 82' lang='lat' dir='ltr'><strong>etiam</strong></span> <span class='ocrx_word' id='word_1_618' title='bbox 2115 4157 2410 4210; x_wconf 88' lang='lat' dir='ltr'><strong>secundum</strong></span> <span class='ocrx_word' id='word_1_619' title='bbox 2440 4159 2725 4211; x_wconf 90' lang='lat' dir='ltr'><strong>consilium</strong></span> <span class='ocrx_word' id='word_1_620' title='bbox 2750 4159 3039 4213; x_wconf 84' lang='lat' dir='ltr'><strong>voluntatis</strong></span> <span class='ocrx_word' id='word_1_621' title='bbox 3068 4172 3196 4224; x_wconf 80' lang='lat' dir='ltr'><strong>suoe,</strong></span> <span class='ocrx_word' id='word_1_622' title='bbox 3224 4160 3296 4213; x_wconf 89' lang='lat' dir='ltr'><strong>ib.</strong></span> 
     </span>
    </p>

    <p class='ocr_par' dir='ltr' id='par_1_53' title="bbox 1863 4231 3428 4365">
     <span class='ocr_line' id='line_1_105' title="bbox 1863 4231 3428 4297; baseline 0.008 -16"><span class='ocrx_word' id='word_1_623' title='bbox 1863 4231 1963 4285; x_wconf 83' lang='lat' dir='ltr'><strong>Per</strong></span> <span class='ocrx_word' id='word_1_624' title='bbox 1984 4234 2395 4297; x_wconf 88' lang='lat' dir='ltr'><strong>promissionem</strong></span> <span class='ocrx_word' id='word_1_625' title='bbox 2419 4246 2570 4287; x_wconf 89' lang='lat' dir='ltr'><strong>suam</strong></span> <span class='ocrx_word' id='word_1_626' title='bbox 2596 4242 2777 4287; x_wconf 85' lang='lat' dir='ltr'><strong>manet</strong></span> <span class='ocrx_word' id='word_1_627' title='bbox 2798 4238 2937 4289; x_wconf 87' lang='lat' dir='ltr'><strong>Deus</strong></span> <span class='ocrx_word' id='word_1_628' title='bbox 2959 4236 3172 4289; x_wconf 89' lang='lat' dir='ltr'><strong>debitor</strong></span> <span class='ocrx_word' id='word_1_629' title='bbox 3208 4250 3272 4291; x_wconf 82' lang='lat' dir='ltr'><strong>ex</strong></span> <span class='ocrx_word' id='word_1_630' title='bbox 3292 4238 3428 4293; x_wconf 81' lang='lat' dir='ltr'><strong>tide-</strong></span> 
     </span>
     <span class='ocr_line' id='line_1_106' title="bbox 1930 4308 2189 4365; baseline 0.004 -7"><span class='ocrx_word' id='word_1_631' title='bbox 1930 4308 2093 4365; x_wconf 87' lang='lat' dir='ltr'><strong>litate.</strong></span> <span class='ocrx_word' id='word_1_632' title='bbox 2118 4310 2189 4361; x_wconf 89' lang='lat' dir='ltr'><strong>ib.</strong></span> 
     </span>
    </p>

    <p class='ocr_par' dir='ltr' id='par_1_54' title="bbox 1867 4383 3424 4531">
     <span class='ocr_line' id='line_1_107' title="bbox 1867 4383 3424 4451; baseline 0.004 -15"><span class='ocrx_word' id='word_1_633' title='bbox 1867 4383 2018 4445; x_wconf 84' lang='lat' dir='ltr'><strong>Quod</strong></span> <span class='ocrx_word' id='word_1_634' title='bbox 2046 4388 2183 4438; x_wconf 88' lang='lat' dir='ltr'><strong>Deus</strong></span> <span class='ocrx_word' id='word_1_635' title='bbox 2216 4385 2402 4439; x_wconf 83' lang='lat' dir='ltr'><strong>tribuit</strong></span> <span class='ocrx_word' id='word_1_636' title='bbox 2427 4400 2490 4440; x_wconf 82' lang='lat' dir='ltr'><strong>cx</strong></span> <span class='ocrx_word' id='word_1_637' title='bbox 2530 4387 2803 4451; x_wconf 75' lang='lat' dir='ltr'><strong>fidelitate,</strong></span> <span class='ocrx_word' id='word_1_638' title='bbox 2848 4400 2959 4443; x_wconf 89' lang='lat' dir='ltr'><strong>non</strong></span> <span class='ocrx_word' id='word_1_639' title='bbox 2987 4391 3293 4445; x_wconf 84' lang='lat' dir='ltr'><strong>necessario</strong></span> <span class='ocrx_word' id='word_1_640' title='bbox 3328 4393 3424 4445; x_wconf 88' lang='lat' dir='ltr'><strong>tri-</strong></span> 
     </span>
     <span class='ocr_line' id='line_1_108' title="bbox 1932 4462 2792 4531; baseline 0.006 -17"><span class='ocrx_word' id='word_1_641' title='bbox 1932 4462 2045 4516; x_wconf 87' lang='lat' dir='ltr'><strong>buit</strong></span> <span class='ocrx_word' id='word_1_642' title='bbox 2066 4464 2374 4530; x_wconf 81' lang='lat' dir='ltr'><strong>exjustitia,</strong></span> <span class='ocrx_word' id='word_1_643' title='bbox 2396 4477 2483 4531; x_wconf 86' lang='lat' dir='ltr'><strong>op.</strong></span> <span class='ocrx_word' id='word_1_644' title='bbox 2510 4470 2557 4517; x_wconf 75' lang='lat'><strong>⁸.</strong></span> <span class='ocrx_word' id='word_1_645' title='bbox 2583 4474 2715 4519; x_wconf 87' lang='lat' dir='ltr'><strong>sect.</strong></span> <span class='ocrx_word' id='word_1_646' title='bbox 2743 4470 2792 4519; x_wconf 87' lang='lat'><strong>1.</strong></span> 
     </span>
    </p>
   </div>
   <div class='ocr_carea' id='block_1_24' title="bbox 2546 4650 2756 4688">
    <p class='ocr_par' dir='ltr' id='par_1_55' title="bbox 2546 4650 2756 4688">
     <span class='ocr_line' id='line_1_109' title="bbox 2546 4650 2756 4688; baseline 0 -1"><span class='ocrx_word' id='word_1_647' title='bbox 2546 4650 2629 4687; x_wconf 73' lang='lat' dir='ltr'><strong>Dtt</strong></span> <span class='ocrx_word' id='word_1_648' title='bbox 2658 4650 2756 4688; x_wconf 72' lang='lat' dir='ltr'><strong>tu.</strong></span> 
     </span>
    </p>
   </div>
   <div class='ocr_carea' id='block_1_25' title="bbox 1873 4788 3421 4930">
    <p class='ocr_par' dir='ltr' id='par_1_56' title="bbox 1873 4788 3421 4930">
     <span class='ocr_line' id='line_1_110' title="bbox 1873 4788 3421 4859; baseline 0.005 -18"><span class='ocrx_word' id='word_1_649' title='bbox 1873 4790 1933 4841; x_wconf 89' lang='lat' dir='ltr'><strong>ln</strong></span> <span class='ocrx_word' id='word_1_650' title='bbox 1956 4788 2062 4841; x_wconf 87' lang='lat' dir='ltr'><strong>Deo</strong></span> <span class='ocrx_word' id='word_1_651' title='bbox 2086 4793 2184 4851; x_wconf 90' lang='lat' dir='ltr'><strong>est,</strong></span> <span class='ocrx_word' id='word_1_652' title='bbox 2208 4788 2386 4841; x_wconf 89' lang='lat' dir='ltr'><strong>ablata</strong></span> <span class='ocrx_word' id='word_1_653' title='bbox 2413 4788 2818 4854; x_wconf 81' lang='lat' dir='ltr'><strong>impet-rectione</strong></span> <span class='ocrx_word' id='word_1_654' title='bbox 2840 4805 3003 4859; x_wconf 87' lang='lat' dir='ltr'><strong>quam</strong></span> <span class='ocrx_word' id='word_1_655' title='bbox 3044 4794 3181 4848; x_wconf 86' lang='lat' dir='ltr'><strong>solet</strong></span> <span class='ocrx_word' id='word_1_656' title='bbox 3214 4806 3421 4849; x_wconf 90' lang='lat' dir='ltr'><strong>conno-</strong></span> 
     </span>
     <span class='ocr_line' id='line_1_111' title="bbox 1935 4869 2483 4930; baseline -0.004 -14"><span class='ocrx_word' id='word_1_657' title='bbox 1935 4869 2068 4925; x_wconf 81' lang='lat' dir='ltr'><strong>tare,</strong></span> <span class='ocrx_word' id='word_1_658' title='bbox 2092 4875 2181 4930; x_wconf 85' lang='lat' dir='ltr'><strong>op.</strong></span> <span class='ocrx_word' id='word_1_659' title='bbox 2202 4869 2251 4929; x_wconf 78' lang='grc'><strong>6,</strong></span> <span class='ocrx_word' id='word_1_660' title='bbox 2274 4870 2403 4918; x_wconf 84' lang='lat' dir='ltr'><strong>sect.</strong></span> <span class='ocrx_word' id='word_1_661' title='bbox 2437 4870 2483 4917; x_wconf 77' lang='lat' dir='ltr'><strong>tt.</strong></span> 
     </span>
    </p>
   </div>
   <div class='ocr_carea' id='block_1_26' title="bbox 2426 5050 2877 5091">
    <p class='ocr_par' dir='ltr' id='par_1_57' title="bbox 2426 5050 2877 5091">
     <span class='ocr_line' id='line_1_112' title="bbox 2426 5050 2877 5091; baseline 0.004 -3"><span class='ocrx_word' id='word_1_662' title='bbox 2426 5050 2507 5089; x_wconf 75' lang='lat' dir='ltr'><strong>Dm</strong></span> <span class='ocrx_word' id='word_1_663' title='bbox 2537 5050 2877 5091; x_wconf 64' lang='lat' dir='ltr'><strong>munuum.</strong></span> 
     </span>
    </p>
   </div>
   <div class='ocr_carea' id='block_1_27' title="bbox 1875 5206 3434 5635">
    <p class='ocr_par' dir='ltr' id='par_1_58' title="bbox 1875 5206 3434 5635">
     <span class='ocr_line' id='line_1_113' title="bbox 1875 5206 3434 5273; baseline 0 -14"><span class='ocrx_word' id='word_1_664' title='bbox 1875 5208 2240 5261; x_wconf 72' lang='lat' dir='ltr'><strong>iuramentum</strong></span> <span class='ocrx_word' id='word_1_665' title='bbox 2273 5206 2363 5259; x_wconf 92' lang='lat' dir='ltr'><strong>Dei</strong></span> <span class='ocrx_word' id='word_1_666' title='bbox 2394 5219 2493 5259; x_wconf 88' lang='lat' dir='ltr'><strong>nec</strong></span> <span class='ocrx_word' id='word_1_667' title='bbox 2517 5214 2598 5261; x_wconf 91' lang='lat' dir='ltr'><strong>est</strong></span> <span class='ocrx_word' id='word_1_668' title='bbox 2634 5206 2907 5273; x_wconf 81' lang='lat' dir='ltr'><strong>religionis</strong></span> <span class='ocrx_word' id='word_1_669' title='bbox 2934 5211 3104 5272; x_wconf 85' lang='lat' dir='ltr'><strong>actus,</strong></span> <span class='ocrx_word' id='word_1_670' title='bbox 3134 5220 3235 5261; x_wconf 90' lang='lat' dir='ltr'><strong>nec</strong></span> <span class='ocrx_word' id='word_1_671' title='bbox 3263 5207 3434 5259; x_wconf 84' lang='lat' dir='ltr'><strong>tirmi-</strong></span> 
     </span>
     <span class='ocr_line' id='line_1_114' title="bbox 1941 5280 3433 5349; baseline -0.001 -15"><span class='ocrx_word' id='word_1_672' title='bbox 1941 5286 2102 5334; x_wconf 87' lang='lat' dir='ltr'><strong>tatem</strong></span> <span class='ocrx_word' id='word_1_673' title='bbox 2142 5280 2293 5334; x_wconf 89' lang='lat' dir='ltr'><strong>addit</strong></span> <span class='ocrx_word' id='word_1_674' title='bbox 2324 5293 2487 5346; x_wconf 91' lang='lat' dir='ltr'><strong>supra</strong></span> <span class='ocrx_word' id='word_1_675' title='bbox 2528 5282 2963 5347; x_wconf 89' lang='lat' dir='ltr'><strong>promissionem,</strong></span> <span class='ocrx_word' id='word_1_676' title='bbox 2995 5293 3083 5348; x_wconf 89' lang='lat' dir='ltr'><strong>op.</strong></span> <span class='ocrx_word' id='word_1_677' title='bbox 3128 5284 3174 5345; x_wconf 91' lang='lat'><strong>⁴,</strong></span> <span class='ocrx_word' id='word_1_678' title='bbox 3206 5281 3352 5349; x_wconf 74' lang='lat' dir='ltr'><strong>disp.¹</strong></span> <span class='ocrx_word' id='word_1_679' title='bbox 3382 5282 3433 5346; x_wconf 63' lang='grc' dir='ltr'><strong>ἱ,</strong></span> 
     </span>
     <span class='ocr_line' id='line_1_115' title="bbox 1906 5366 3082 5409; baseline 0.002 -2"><span class='ocrx_word' id='word_1_680' title='bbox 1906 5366 1912 5372; x_wconf 94' lang='grc'><em>·</em></span> <span class='ocrx_word' id='word_1_681' title='bbox 1940 5370 1967 5409; x_wconf 86' lang='lat' dir='ltr'><strong>s</strong></span> <span class='ocrx_word' id='word_1_682' title='bbox 2057 5398 2066 5407; x_wconf 95' lang='lat'><em>.</em></span> <span class='ocrx_word' id='word_1_683' title='bbox 2130 5398 2140 5408; x_wconf 97' lang='lat'>.</span> <span class='ocrx_word' id='word_1_684' title='bbox 2974 5380 2985 5391; x_wconf 50' lang='lat' dir='ltr'><strong>r</strong></span> <span class='ocrx_word' id='word_1_685' title='bbox 3074 5390 3082 5398; x_wconf 89' lang='lat'>-</span> 
     </span>
     <span class='ocr_line' id='line_1_116' title="bbox 1877 5360 3119 5499; baseline 0 -14"><span class='ocrx_word' id='word_1_686' title='bbox 1877 5360 2123 5499; x_wconf 49' lang='lat' dir='ltr'><strong>Sinssltett²</strong></span> <span class='ocrx_word' id='word_1_687' title='bbox 2139 5432 2366 5485; x_wconf 84' lang='lat' dir='ltr'><strong>assertio</strong></span> <span class='ocrx_word' id='word_1_688' title='bbox 2389 5437 2692 5497; x_wconf 78' lang='lat' dir='ltr'><strong>juramento</strong></span> <span class='ocrx_word' id='word_1_689' title='bbox 2728 5431 3027 5496; x_wconf 78' lang='lat' dir='ltr'><strong>aequivalet,</strong></span> <span class='ocrx_word' id='word_1_690' title='bbox 3048 5431 3119 5485; x_wconf 91' lang='lat' dir='ltr'><strong>ib.</strong></span> 
     </span>
     <span class='ocr_line' id='line_1_117' title="bbox 1941 5508 3434 5635; baseline 0.003 -76"><span class='ocrx_word' id='word_1_691' title='bbox 1941 5508 2211 5635; x_wconf 49' lang='lat' dir='ltr'><strong>{Interdum</strong></span> <span class='ocrx_word' id='word_1_692' title='bbox 2232 5516 2409 5561; x_wconf 84' lang='lat' dir='ltr'><strong>tamcn</strong></span> <span class='ocrx_word' id='word_1_693' title='bbox 2438 5521 2687 5575; x_wconf 82' lang='lat' dir='ltr'><strong>expresse</strong></span> <span class='ocrx_word' id='word_1_694' title='bbox 2703 5508 2863 5574; x_wconf 82' lang='lat' dir='ltr'><strong>jnrat,</strong></span> <span class='ocrx_word' id='word_1_695' title='bbox 2888 5515 2941 5561; x_wconf 88' lang='lat' dir='ltr'><strong>et</strong></span> <span class='ocrx_word' id='word_1_696' title='bbox 2976 5520 3087 5561; x_wconf 88' lang='lat' dir='ltr'><strong>non</strong></span> <span class='ocrx_word' id='word_1_697' title='bbox 3108 5508 3225 5561; x_wconf 83' lang='lat' dir='ltr'><strong>sine</strong></span> <span class='ocrx_word' id='word_1_698' title='bbox 3254 5519 3434 5572; x_wconf 77' lang='lat' dir='ltr'><strong>causa,</strong></span> 
     </span>
    </p>
   </div>
  </div>
 </body>
</html>
