3850 6225
729 404 864 457 cAP.
898 404 984 457 XI.
1021 401 1388 456 SOLVUNTUR
1421 398 1768 455 NONNULLAE
1799 397 2205 451 omsscwonss
2236 398 2499 463 CONTRA,
2534 400 2670 454 ETC.

159 511 282 573 falsa
317 514 420 578 est,
449 508 534 567 ita
566 524 638 567 ex
672 505 878 584 aliqua
917 506 1007 566 rei
1035 504 1405 567 necessitate
1434 520 1660 583 prove-

159 606 230 667 nit
283 598 599 662 infallibiiis
641 598 742 659 illa
793 598 1150 676 conjunctio
1205 598 1466 659 actionis
1514 612 1660 657 cum

161 700 240 759 illo
269 694 572 774 principio.
621 694 726 753 Est
763 694 931 752 enim
973 692 1290 753 infallibile
1339 691 1508 771 quod
1545 688 1664 751 fal-

158 808 264 851 sum
287 805 410 849 esse
435 803 565 847 non
593 790 813 864 potest;
836 784 1006 864 quod
1029 792 1240 846 autem
1265 784 1493 845 falsum
1523 798 1662 843 esse

159 902 254 945 non
287 884 496 959 potest,
543 884 636 939 est
671 878 1028 939 necessario
1063 894 1326 950 verum3
1361 882 1446 951 at,
1491 875 1662 953 quod

161 973 456 1038 necessario
503 980 596 1033 est
633 990 878 1047 verum,
921 972 988 1032 in
1034 972 1244 1051 aliqua
1287 972 1661 1033 necessitate

157 1072 223 1131 rei
243 1067 327 1127 vel
351 1066 608 1127 actionis
637 1065 973 1137 fundatum
1007 1065 1058 1125 si
1091 1082 1246 1144 ergo
1275 1066 1410 1125 haec
1439 1082 1662 1127 neces·

155 1165 270 1225 sitas
293 1178 410 1221 non
435 1158 510 1219 sit
553 1178 634 1219 ex
659 1157 1086 1239 suppositione
1133 1158 1328 1237 ipsius
1371 1156 1658 1229 actionis,

155 1259 350 1334 oportet
387 1258 454 1313 ut
491 1252 570 1312 sit
597 1268 677 1313 ex
712 1258 936 1311 natura
977 1251 1172 1330 ipsius
1199 1250 1518 1330 principii,
1549 1250 1657 1323 ita,

156 1348 417 1417 nimirum,
445 1362 522 1405 ex
548 1362 618 1405 se
655 1344 1052 1405 determinati
1081 1343 1164 1405 ad
1205 1344 1544 1423 agendum,
1592 1346 1662 1403 ut

157 1462 184 1503 a
205 1442 446 1519 subjecto
469 1440 572 1500 vel
603 1456 800 1501 causa
827 1456 955 1499 non
982 1438 1178 1516 possit
1205 1436 1516 1515 impediri,
1549 1435 1664 1497 sed

155 1536 284 1597 illam
307 1534 497 1613 potius
537 1549 759 1595 secum
787 1532 870 1593 ad
915 1532 1232 1612 agendum
1273 1550 1351 1592 ex
1391 1530 1664 1593 necessi-

157 1636 248 1691 tate
275 1628 480 1688 trahat.

215 1725 292 1783 19.
327 1718 686 1801 Aliquorum
726 1721 926 1783 evasio
983 1722 1358 1796 confidatur.
1401 1750 1484 1765 -—-
1535 1718 1660 1780 Nisi

159 1818 272 1876 sorte
302 1814 528 1875 dicatur
555 1812 730 1873 illam
775 1811 1270 1873 infallibilitatem
1311 1810 1560 1872 fundari
1595 1810 1659 1870 in

160 1910 438 1971 extrinseca
461 1907 570 1969 Dei
595 1906 882 1979 scientia,
901 1906 1002 1967 vel
1028 1906 1373 1979 voluntate,
1397 1910 1506 1967 aut
1525 1923 1662 1965 mo-

159 2005 300 2065 tione.
337 2002 450 2063 Sed
479 2001 542 2060 in
577 2000 892 2062 sententia
924 2018 1116 2079 quam
1144 2004 1507 2074 tractamuS,
1541 2000 1660 2061 hoc

159 2116 249 2156 non
272 2094 436 2155 habet
460 2094 704 2167 locum,
735 2095 884 2173 quia
927 2096 976 2154 si
1022 2094 1424 2155 infallibilitas
1467 2093 1661 2153 oritur

160 2188 478 2261 efficientia,
507 2194 580 2248 ut
619 2189 737 2263 sic,
769 2188 1013 2249 seclusa
1056 2188 1225 2248 omni
1265 2176 1655 2257 causalitate,

159 2302 268 2361 ergo
299 2280 667 2360 supponitur
719 2280 1116 2358 praescientia
1158 2279 1353 2341 futuri
1399 2285 1660 2341 eventus

156 2384 260 2437 ante
283 2378 425 2436 hanc
451 2374 1214 2455 praedeteminationem3
1244 2392 1394 2454 ergo
1417 2392 1544 2434 non
1567 2378 1662 2435 est

151 2468 662 2549 praedeteminafio
691 2468 770 2529 de
813 2486 938 2547 qua
964 2468 1311 2547 loquimur3
1346 2468 1493 2548 quia
1521 2468 1658 2527 haec

155 2564 258 2623 dicit
276 2562 762 2624 antecessionem
785 2562 866 2621 ad
906 2562 1236 2623 scientiam
1270 2560 1652 2633 futurorum,

155 2664 350 2735 utsaepe
368 2656 493 2734 jam
529 2654 838 2719 diximus,
867 2656 999 2716 Imo
1027 2656 1170 2717 talis
1208 2654 1466 2716 scientia
1507 2672 1655 2733 sup-

155 2751 278 2829 ponit
303 2766 540 2810 causam
567 2748 1064 2809 determinatam
1101 2748 1184 2809 ad
1229 2748 1542 2828 agendum
1592 2748 1656 2808 in

153 2844 410 2921 prasentia
433 2842 837 2915 aeternitatiS‚
869 2842 970 2902 vel
995 2842 1060 2901 in
1091 2841 1280 2921 priori
1312 2841 1526 2919 aliqua
1547 2858 1657 2901 vo·

157 2936 324 2996 luntate
347 2934 485 2998 Dei:
521 2952 690 3014 ergo
744 2934 1038 3013 supponit
1077 2935 1211 3013 jam
1261 2933 1656 2994 infallibilita-

164 3037 244 3087 tem
277 3030 331 3087 in
369 3029 647 3107 objectu.
681 3028 746 3089 Si
775 3034 988 3089 autem
1028 3028 1430 3089 infallibilitas
1459 3028 1656 3087 oritur

160 3143 209 3183 ex
236 3123 336 3184 sola
367 3123 474 3184 Dei
525 3123 866 3184 voluntate
919 3123 1152 3184 efficaci
1198 3129 1260 3184 et
1307 3123 1656 3183 extrinseca

153 3218 376 3288 motione,
399 3218 532 3296 jam
558 3216 776 3278 forma
801 3215 907 3275 illa
935 3233 1065 3276 non
1093 3214 1467 3278 determinat
1499 3215 1656 3296 phy-

153 3310 241 3370 sice
261 3316 312 3370 et
352 3311 698 3370 intrinsece
735 3309 1160 3382 voluntatem3
1205 3309 1321 3370 sed
1362 3309 1652 3371 voluntas

153 3405 314 3464 affecta
337 3405 430 3464 illa
455 3404 676 3464 forma
701 3403 909 3464 adhuc
935 3409 1150 3464 manet
1179 3402 1564 3476 indifferens,
1597 3409 1660 3464 et

151 3497 300 3556 divina
325 3497 610 3558 voluntas
651 3496 1000 3558 extrinsece
1029 3497 1200 3556 illam
1239 3496 1650 3569 determinat;

149 3599 192 3650 et
219 3592 314 3650 hoc
335 3609 514 3652 sensu
558 3589 906 3652 incidimus
947 3589 1011 3651 in
1053 3591 1430 3650 sententiam
1467 3591 1652 3652 Scoto

148 3684 460 3757 attributam,
493 3701 698 3763 quam
725 3689 1028 3762 sequente
1057 3683 1260 3762 capite
1289 3682 1650 3744 examinare

149 3778 471 3856 incipiemus,
513 3780 706 3839 Nunc
733 3796 884 3839 vero
919 3796 997 3838 ex
1039 3782 1170 3838 toto
1215 3778 1336 3837 hoc
1365 3777 1652 3839 discursu

148 3870 510 3931 concludimus
555 3871 738 3950 quod
789 3869 1194 3945 intendimuS,
1239 3869 1497 3943 scilieet,
1523 3887 1650 3930 non

149 3982 282 4040 posse
305 3965 485 4024 ullam
519 3965 877 4036 entitatem,
903 3963 1203 4042 praeviam
1231 3963 1312 4024 ad
1343 3963 1651 4024 actionem

151 4063 192 4116 et
227 4058 564 4138 principium
633 4059 790 4137 ejuS,
847 4057 1150 4118 voluntati
1215 4055 1650 4131 inhaerentem,

149 4150 270 4208 illam
313 4151 560 4230 physice
625 4149 1076 4224 determinare,
1129 4154 1200 4211 ut
1251 4149 1657 4210 infallibiliter

151 4242 322 4304 efficiat
347 4245 660 4305 actionem
687 4243 828 4304 talis
853 4243 1070 4304 formae
1103 4243 1202 4304 vel
1242 4243 1538 4318 entitatiS,
1575 4261 1655 4304 ex

151 4334 418 4397 intrinseca
438 4338 498 4396 vi
527 4343 596 4398 et
621 4343 847 4396 natura
865 4335 1009 4396 talis
1030 4335 1325 4406 entitatiS„
1354 4340 1417 4396 et
1439 4341 1656 4398 tamen

151 4429 274 4506 quod
297 4431 464 4490 simul
501 4429 823 4508 relinquat
849 4429 1234 4489 voluntatem
1263 4428 1525 4488 liberam
1573 4427 1655 4488 ad

151 4543 244 4582 non
268 4525 644 4586 effiriendam
669 4524 982 4584 actionem
1009 4522 1091 4584 ad
1125 4540 1318 4602 quam
1358 4523 1502 4583 talis
1527 4521 1656 4582 for-

151 4633 225 4674 ma
247 4617 492 4678 inclinat.

207 4711 286 4768 ΞΟ.
329 4710 464 4784 Quoe
515 4709 848 4773 necessitas
899 4707 1240 4770 libertatem
1291 4725 1410 4770 non
1452 4707 1654 4782 tollat,

155 4818 250 4880 que
269 4806 444 4868 tollat.
465 4837 551 4852 -
571 4804 955 4866 Boo-nardus.
972 4833 1056 4850 —
1089 4802 1334 4876 Quando
1349 4801 1654 4883 judicium

157 4896 486 4962 determinare
527 4897 802 4976 sufficiat
825 4897 1218 4968 columam,
1261 4898 1494 4976 quando
1535 4913 1656 4960 non

159 4984 236 5048 ita·
255 5020 323 5034 --
349 4989 638 5053 Οοππεωίο
663 4991 827 5053 inter
853 4989 1273 5052 necessitatem
1299 4993 1358 5050 et
1383 4991 1655 5051 determi-

159 5083 392 5147 nationem
431 5087 516 5148 ad
545 5101 754 5145 unum.
780 5115 863 5129 —
891 5081 990 5143 Ad
1012 5082 1198 5142 aliam
1229 5088 1468 5161 partem
1491 5081 1656 5142 illius

161 5171 459 5250 objectionis
485 5175 926 5255 respondetur,
954 5193 1030 5236 ex
1053 5175 1332 5238 doctrina
1349 5175 1652 5250 Anselmi,

163 5270 388 5342 superius
427 5271 650 5349 posita,
703 5288 843 5348 cap.
896 5271 954 5342 3,
995 5274 1060 5330 et
1097 5268 1512 5328 communiter
1555 5287 1659 5328 re-

163 5366 315 5436 cepta,
343 5364 770 5425 necessitatem
797 5381 874 5424 ex
900 5361 1329 5442 suppositione
1369 5361 1650 5434 actioniS,

163 5465 266 5524 quae
290 5455 494 5516 dicitur
515 5457 852 5517 necessitas
892 5472 1308 5534 consequens,
1359 5471 1490 5514 non
1539 5454 1659 5514 tol-

163 5539 260 5604 lere
281 5545 638 5626 libertatem3
678 5549 1120 5612 necessitatem
1149 5565 1298 5609 vero
1329 5563 1406 5608 ex
1428 5564 1656 5626 suppo-

1739 502 1962 563 sitione
2014 502 2445 576 antecedente,
2494 520 2634 584 quoe.
2670 507 2747 567 sit
2794 525 2983 568 causa
3017 504 3301 579 actioni5‚

1739 596 1961 658 tollere
1996 596 2371 669 libertatem,
2406 602 2471 658 ut
2503 598 2587 658 ibi
2620 603 2681 661 et
2708 600 2774 661 in
2802 600 3087 663 discursu
3118 602 3305 662 totius

1741 688 1881 751 libri
1922 690 2073 751 satis
2110 690 2443 769 probatum
2482 697 2597 752 est.
2636 692 2731 753 Ad
2776 694 3131 773 exemplum
3179 694 3306 773 pri-

1741 800 1917 845 mum
1946 783 2026 844 de
2048 783 2285 863 judicio
2326 784 2583 845 rationis
2610 787 3025 865 respondetur
3054 806 3132 848 ex
3156 788 3309 847 Ber-

1741 876 1965 949 nard0‚
2000 876 2139 937 libr.
2196 876 2275 936 de
2326 876 2494 939 Grat.
2546 884 2609 939 et
2654 878 2849 940 libero
2905 880 3159 941 arbitrio
3212 880 3309 956 (ut

1742 970 1897 1031 alios
1932 970 2335 1031 scholasticos
2364 970 2693 1051 omittam),
2720 972 3025 1051 judicium
3048 972 3309 1033 rationis

1741 1064 1799 1124 vi
1827 1082 1941 1124 sua
1971 1082 2100 1125 non
2136 1080 2321 1142 posse
2350 1062 2769 1128 determinare
2812 1066 3222 1139 voluntatem,
3255 1066 3306 1125 si

1744 1158 2060 1236 objectum
2108 1158 2278 1218 illam
2330 1176 2457 1217 non
2498 1157 2890 1233 determinet,
2945 1160 3043 1221 vel
3098 1160 3311 1239 quoad

1743 1251 2295 1330 specificationem‚
2344 1258 2447 1324 ut,
2505 1270 2650 1313 cum
2700 1254 3019 1333 judicatur
3070 1254 3307 1315 bonurn

1744 1364 1886 1407 esse
1913 1346 2293 1419 amandum3
2336 1346 2433 1407 vel
2464 1346 2675 1427 quoad
2704 1349 3092 1421 exercitium,
3128 1354 3195 1409 ut
3237 1350 3305 1409 in

1743 1438 1876 1500 sola
1905 1439 2073 1500 clara
2097 1440 2337 1501 visione
2370 1442 2505 1502 Dei.
2540 1442 2715 1516 Nam,
2740 1442 2790 1502 si
2812 1442 3120 1521 judicium
3147 1460 3221 1502 ex
3240 1458 3311 1501 se

1741 1532 2132 1593 voluntatem
2186 1532 2673 1611 determinaret,
2722 1536 3159 1596 necessitatem
3220 1536 3307 1595 illl

1743 1627 2121 1707 imponeret,
2152 1628 2300 1707 quia
2342 1626 2549 1707 ipsum
2586 1628 2891 1708 judicium
2938 1629 3075 1689 sine
3122 1628 3307 1691 liber-

1743 1726 1870 1783 tate
1901 1721 2243 1801 profertum
2278 1722 2330 1781 si
2358 1740 2511 1802 ergo
2539 1722 2827 1783 voluntas
2858 1723 3113 1783 omnino
3142 1729 3309 1783 esset

1745 1815 2040 1877 adstricta
2082 1816 2162 1877 ad
2216 1816 2367 1875 illud
2396 1816 2811 1895 sequendum,
2852 1816 3085 1895 periret
3112 1816 3306 1877 liber-

1742 1914 1860 1971 tas.
1903 1909 2083 1973 Unde
2112 1909 2178 1969 in
2218 1909 2519 1988 exemplis
2546 1910 2784 1989 positiS,
2826 1911 2984 1970 sicut
3012 1910 3309 1971 determi-

1739 2007 1927 2062 natur
1965 2002 2277 2076 voluntaS,
2322 2002 2404 2063 ita
2450 2008 2512 2063 et
2554 2003 2993 2063 necessitatem
3034 2004 3301 2082 patitur;

1741 2096 1806 2157 in
1846 2096 2066 2169 altero,
2108 2095 2317 2175 quoad
2354 2096 2913 2175 specificationorm
2970 2097 3033 2157 in
3082 2096 3304 2170 altem,

1741 2188 1953 2269 quoad
1982 2190 2365 2250 exercitium.
2408 2190 2564 2250 Hinc
2592 2190 2979 2251 Bernartius:
3016 2188 3141 2253 Est
3186 2189 3308 2267 (in-

1742 2282 1898 2361 quit)
1932 2282 2095 2345 ratio
2130 2284 2276 2345 data
2322 2284 2623 2345 voluntati
2664 2288 2735 2345 ut
2774 2282 3048 2349 instruat
3100 2281 3302 2352 illam,

1741 2392 1860 2436 non
1895 2380 1965 2437 ut
2014 2376 2291 2440 dostruat
2312 2402 2337 2449 ‚·
2376 2378 2711 2441 destrueret
2738 2382 2961 2451 autem,
3014 2376 3073 2437 si
3113 2392 3305 2437 neces-

1741 2470 1987 2531 sitatem
2012 2470 2205 2532 ullam
2233 2470 2585 2551 imponeret,
2625 2468 2939 2551 quominus
2969 2470 3149 2531 libere
3188 2486 3305 2550 pro

1741 2559 1995 2625 arbitrio
2030 2580 2157 2625 sese
2185 2564 2465 2625 volveret.
2503 2563 2639 2623 Dixi
2676 2569 2887 2623 autem
2910 2561 3213 2641 judicium
3242 2560 3303 2619 vi

1737 2674 1852 2716 sua
1881 2656 2001 2716 hoc
2040 2674 2171 2717 non
2198 2674 2407 2735 posse,
2440 2656 2587 2735 quia
2626 2674 2702 2717 ex
2730 2656 2791 2716 vi
2823 2656 3045 2734 prioris
3084 2654 3307 2715 volun-

1737 2750 1882 2811 tatis
1909 2755 2117 2829 potest
2146 2750 2569 2812 interveniens
2590 2750 2897 2830 judicium
2924 2748 3177 2811 omnino
3202 2748 3305 2809 de-

1735 2844 2077 2905 terminare
2106 2844 2514 2917 voluntatem,
2550 2850 2621 2905 ut
2647 2844 2795 2905 velit
2822 2843 2885 2905 id
2915 2828 3087 2923 quod
3110 2843 3301 2921 priori

1735 2937 2071 2999 voluntatis
2100 2938 2264 2997 actui
2296 2954 2613 2997 annexum
2643 2942 2771 3009 est:
2810 2943 2899 3009 ut,
2934 2935 2983 2996 si
3014 2937 3301 2997 voluntas

1737 3029 2075 3091 efficaciter
2100 3029 2365 3091 intendit
2400 3029 2615 3103 finem,
2658 3036 2721 3090 et
2755 3030 3034 3091 medium
3056 3030 3301 3109 judica-

1733 3128 1836 3185 tur
1865 3123 2315 3195 necessarium,
2350 3123 2431 3184 ad
2462 3123 2611 3184 illud
2642 3124 2979 3186 volendum
3004 3124 3301 3185 determi-

1731 3221 1941 3291 natur,
1964 3217 2083 3278 nisi
2108 3235 2145 3278 a
2166 3217 2354 3296 priori
2376 3217 2718 3279 intentione
2744 3219 3000 3279 recedat
3021 3237 3035 3290 ;
3060 3223 3120 3280 et
3136 3217 3303 3277 idem

1734 3315 1828 3371 est
1867 3309 1949 3372 de
1991 3329 2113 3371 usu
2156 3317 2447 3390 respectu
2486 3311 2709 3389 prioris
2760 3311 3114 3383 electionis;
3162 3311 3300 3370 haec

1735 3409 1973 3478 tamon,
2002 3404 2160 3465 sicut
2192 3409 2286 3465 est
2326 3404 2787 3477 determinatio,
2817 3405 2901 3464 ita
2934 3409 2996 3464 et
3024 3403 3301 3464 necessi-

1735 3501 1854 3570 taS,
1899 3497 2133 3559 scilicet
2168 3515 2247 3558 ex
2286 3497 2753 3577 suppositione;
2800 3497 2949 3576 quia
2994 3514 3144 3557 vero
3197 3495 3303 3554 illa

1735 3591 2081 3670 suppositio
2112 3591 2309 3652 libera
2340 3599 2456 3664 est,
2489 3591 2631 3652 ideo
2664 3611 2739 3652 ex
2780 3593 2900 3651 hac
2928 3595 3105 3670 parte
3140 3590 3303 3650 actio

1735 3683 1930 3744 libera
1956 3684 2145 3745 etiam
2170 3691 2283 3746 est.
2316 3686 2517 3764 Atque
2538 3685 2627 3746 ita
2646 3685 2710 3744 in
2732 3685 3023 3746 omnibus
3045 3703 3118 3744 ac
3142 3701 3305 3744 sem-

1733 3795 1848 3856 per
1870 3778 2213 3839 necessitas
2243 3784 2305 3838 et
2344 3778 2779 3840 determinatio
2820 3777 2902 3838 ad
2930 3795 3127 3838 unum
3164 3777 3299 3854 pari

1734 3889 1926 3950 passu
1969 3877 2251 3945 currunt,
2276 3871 2377 3932 vel
2410 3877 2577 3932 certe
2620 3871 2785 3932 idem
2816 3875 2983 3931 sunt.
3016 3869 3219 3944 Unde,
3248 3869 3298 3928 si

1736 3971 2097 4044 supponunt
2125 3982 2313 4026 usum
2338 3964 2605 4025 liberum
2633 3970 2695 4024 et
2729 3964 2789 4024 in
2820 3983 2895 4024 eo
2932 3963 3298 4034 fundantur,

1737 4063 1883 4117 sunt
1912 4063 2156 4119 tantum
2203 4057 2549 4118 secundnm
2590 4057 2771 4136 quid,
2806 4064 2869 4117 et
2914 4073 3042 4116 non
3076 4055 3305 4116 tollunt

1732 4150 2087 4212 libertatem
2148 4151 2527 4230 simpliciter.
2600 4150 2861 4222 Quando
2914 4167 3064 4210 vero
3129 4147 3303 4208 nullo

1737 4246 1926 4306 modo
1948 4245 2218 4306 liberum
2238 4264 2423 4306 usum
2452 4249 2833 4324 supponunt,
2864 4242 3167 4303 inducunt
3192 4259 3303 4302 ne-

1739 4341 2094 4401 cessitatem
2119 4339 2478 4419 simpliciter
2504 4345 2564 4399 et
2606 4337 2873 4398 libertati
2920 4341 3297 4415 repugnant.

1739 4431 2063 4504 Quomodo
2097 4438 2311 4492 autem
2351 4449 2592 4504 omnes,
2620 4431 2727 4510 qui
2770 4431 3089 4491 voluntate
3137 4428 3301 4488 male

1737 4527 1999 4604 eligunt,
2055 4525 2121 4585 in
2160 4526 2399 4604 judicio
2444 4525 2543 4585 vel
2596 4523 3093 4584 consideratione
3148 4521 3305 4580 defi-

1739 4619 1930 4691 ciant,
1966 4623 2026 4678 et
2055 4637 2135 4678 an
2158 4621 2238 4680 sit
2267 4619 2385 4679 hoc
2411 4618 2730 4678 moraliter
2746 4617 2845 4676 vel
2872 4614 3301 4694 metaphysica

1737 4709 2249 4790 intelligendum3
2299 4712 2448 4772 item
2485 4727 2565 4770 an
2598 4711 2908 4780 voluntas,
2940 4712 3010 4768 ut
3056 4705 3303 4767 resistat

1730 4805 1991 4884 judicic,
2024 4823 2183 4884 opus
2215 4805 2447 4866 habeat
2483 4803 2641 4863 illud
2678 4802 2985 4863 divertere
3028 4817 3141 4861 seu
3168 4818 3303 4860 sus-

1736 4898 2043 4978 pendere,
2077 4905 2139 4960 et
2164 4897 2545 4958 intellectum
2576 4896 2658 4956 ad
2686 4896 2805 4956 alia
2846 4893 3301 4956 consideranda

1739 4990 2075 5053 transferre
2100 5009 2115 5063 ;
2144 5009 2228 5052 an
2247 5009 2421 5062 vern,
2439 4989 2809 5069 persistente
2829 4986 3091 5067 judicio,
3114 4985 3303 5046 ctiam

1736 5083 2013 5164 practico
2048 5091 2109 5146 et
2134 5085 2375 5155 ultimo,
2409 5083 2605 5162 possit
2630 5081 2735 5142 illa
2764 5100 2891 5141 non
2921 5078 3297 5147 consentire,

1737 5195 1866 5238 non
1897 5183 2138 5256 spectat
2192 5176 2273 5238 ad
2311 5178 2481 5237 hunc
2523 5177 2732 5236 locum
2779 5174 2915 5234 haec
2950 5172 3295 5242 discutere;

1739 5271 1887 5330 satis
1915 5271 2097 5331 nobis
2128 5276 2221 5332 est
2254 5270 2561 5349 judicium
2603 5287 2719 5348 per
2747 5285 2813 5326 se
2844 5285 2971 5326 non
3000 5283 3137 5324 esse
3168 5263 3301 5323 effi-

1739 5383 1853 5425 cax
1900 5365 1981 5424 ad
2030 5363 2569 5425 determinandam
2611 5362 3020 5430 voluntatem,
3066 5357 3116 5416 si
3171 5355 3305 5433 ipsa

1735 5457 1885 5518 velit
1915 5457 1972 5518 ei
2018 5457 2335 5528 resistere,
2378 5456 2507 5517 sive
2556 5452 2897 5515 avertendo
2944 5449 3121 5522 illud,
3173 5448 3302 5507 sive

1739 5550 1852 5629 ipsi
1885 5551 2095 5630 palam
2122 5548 2474 5612 renitendo·
