3850 6225
531 404 652 465 492

533 510 692 571 sima
717 508 940 589 gratia,
970 507 1144 569 verbi
1173 508 1396 586 gratia,
1446 514 1514 568 ut
1555 508 1749 580 mille,
1783 514 1846 568 et
1883 512 2101 586 postea

531 620 664 663 non
707 602 992 681 accipere
1026 602 1324 661 auxilinm
1371 601 1452 661 ad
1481 600 1847 661 eliciendam
1879 601 2103 661 contri-

533 696 768 755 tionem
788 695 1296 768 adeointensam‚
1330 695 1440 755 sed
1469 702 1536 755 ut
1565 695 1805 768 decem,
1833 696 1931 755 vel
1962 713 2101 755 cen-

533 795 704 861 tum;
741 790 888 868 quia
931 790 1064 849 haec
1097 790 1284 851 etiam
1317 796 1520 869 potest
1549 790 1834 849 sufficere
1865 789 1944 848 ad
1974 790 2099 866 ple-

535 900 681 943 nam
708 882 944 962 peccati
973 883 1406 944 remissionem
1449 882 1874 943 obtinendam.
1927 884 2101 943 Tunc

535 993 686 1053 ergo
715 978 1076 1037 restituetur
1103 976 1341 1035 homini
1371 981 1500 1036 tota
1525 976 1747 1055 gratia,
1790 994 1938 1035 nam
1970 976 2103 1036 effi·

536 1069 764 1129 caciter
791 1074 852 1129 et
889 1070 1158 1129 totaliter
1184 1068 1574 1130 vivificantur
1603 1070 1812 1129 omnia
1841 1068 2097 1141 merita;

535 1162 707 1242 quia,
774 1163 920 1223 licet
965 1170 1141 1223 actus
1182 1167 1472 1242 respectu
1503 1162 1728 1243 prioris
1762 1163 1977 1243 gratiae
2008 1180 2101 1222 rc-

534 1256 783 1317 missior
814 1255 915 1328 sit,
971 1264 1260 1337 respectu
1308 1256 1503 1337 ipsius
1547 1258 1864 1335 operantis
1895 1256 1995 1316 hic
2042 1261 2103 1315 et

533 1367 704 1409 nunc
727 1356 820 1410 cst
849 1350 1122 1429 optimus
1153 1357 1212 1412 et
1237 1350 1570 1423 maximuS,
1599 1357 1659 1411 et
1687 1350 1830 1411 idco
1851 1356 1947 1411 e‘st
1974 1349 2103 1410 suf-

533 1442 750 1504 ficiens
773 1442 1117 1523 dispositio·
1139 1444 1208 1505 In
1239 1445 1336 1504 his
1366 1462 1516 1524 ergo
1549 1444 1838 1505 omnibus
1868 1444 2105 1505 discor-

535 1534 688 1613 dant
714 1536 778 1596 hi
803 1535 1090 1597 doctores
1121 1556 1155 1597 a
1186 1555 1374 1597 sensu
1403 1538 1470 1596 D.
1502 1539 1780 1612 Thomoe,
1821 1538 2103 1617 quamvis

539 1628 804 1690 fortasse
858 1630 1184 1690 corollaria
1235 1630 1442 1690 omnia
1491 1648 1638 1691 vera
1696 1632 1840 1707 sint,
1868 1650 1997 1691 non
2026 1649 2105 1691 ex

534 1724 842 1803 principio
865 1722 946 1783 ab
975 1724 1070 1784 his
1101 1724 1460 1785 auctoribus
1489 1725 1713 1804 posito,
1739 1723 1850 1785 scd
1873 1744 1949 1787 ex
1980 1725 2100 1785 alio

543 1815 704 1877 infra
745 1817 1089 1879 tractando.

618 1910 679 1970 7.
727 1911 884 1971 Hinc
921 1928 1070 1971 vero
1118 1912 1402 1991 sequitur
1445 1912 1706 1973 ulterius
1748 1930 1824 1973 ex
1879 1911 2101 1973 eadem

537 2004 848 2065 sententia
879 2004 1084 2082 (quod
1121 2005 1302 2065 valde
1329 2006 1676 2066 notandum
1721 2010 1814 2067 est
1843 2008 1886 2083 ),
1936 2024 2104 2067 eam-

537 2098 682 2159 dem
723 2098 1159 2158 contritionem
1215 2099 1424 2160 subire
1473 2100 1778 2163 rationem
1838 2099 2102 2177 duplicis

537 2189 956 2270 dispositionis
977 2192 1042 2251 in
1061 2192 1418 2271 hujusmodi
1449 2194 1712 2254 homine·
1729 2198 2100 2272 resurgente

537 2303 574 2345 a
625 2290 883 2363 peccato
935 2303 1048 2363 per
1094 2285 1264 2363 quod
1320 2286 1527 2366 priora
1576 2288 1794 2348 merita
1840 2286 2103 2347 mortiti-

539 2378 722 2438 cavit.
777 2378 950 2439 Prior
999 2378 1156 2438 ratio
1205 2386 1297 2440 cst
1347 2380 1409 2439 in
1461 2380 1676 2440 ordine
1711 2380 1792 2440 ad
1837 2380 2100 2458 gratiam

537 2472 896 2544 intrinsece,
931 2472 1029 2532 vel
1069 2473 1578 2545 connaturaliter,
1611 2475 1711 2535 vel
1740 2475 1983 2549 exlege
2009 2474 2101 2533 di-

538 2566 686 2624 vina
719 2566 738 2641 (
767 2572 834 2625 ut
863 2565 926 2625 in
959 2566 1405 2645 justificatione
1435 2585 1548 2645 per
1573 2568 2097 2645 sacramentnm),

537 2658 1131 2737 correspondentem
1155 2660 1262 2720 tali
1282 2662 1442 2721 actui
1472 2661 1856 2721 contritionis
1881 2678 2101 2719 secun-

537 2750 690 2811 dum
725 2770 815 2825 se,
845 2752 1088 2813 etiamsi
1139 2754 1310 2813 nulla
1357 2754 1576 2813 merita
1615 2754 2097 2831 proecessissent.

535 2847 607 2907 ln
666 2864 789 2924 qua
830 2846 1072 2907 ratione
1119 2848 1320 2907 forma
1377 2848 1716 2927 respondet
1756 2846 2103 2927 dispositio-

535 2940 623 3010 ni,
674 2939 774 2999 vel
835 2941 1182 3001 secundum
1246 2942 1566 3021 physicam
1627 2942 2101 3021 proportionem

535 3034 627 3093 rei
658 3033 738 3093 ad
767 3051 922 3105 rem,
968 3052 1080 3093 seu
1111 3034 1480 3095 intensionis
1521 3034 1737 3095 formae
1771 3035 1846 3095 ad
1897 3036 2103 3095 inten-

537 3128 780 3188 sionem
812 3127 1255 3207 dispositioniS,
1301 3129 1399 3189 vel
1443 3129 1786 3190 secundum
1833 3129 2019 3188 aliam
2064 3148 2101 3189 a

533 3221 664 3283 Deo
702 3225 1016 3282 statutam.
1064 3221 1350 3283 Secunda
1386 3223 1538 3283 ratio
1583 3222 2005 3302 dispositionis
2037 3223 2103 3282 in

535 3314 642 3375 tali
667 3321 808 3376 actu
853 3321 946 3374 est
971 3313 1034 3374 in
1067 3314 1286 3376 ordine
1325 3315 1406 3376 ad
1439 3317 1656 3377 merita
1706 3317 2099 3390 mortificata,

537 3425 649 3468 seu
682 3409 971 3468 effectum
1009 3426 1270 3480 eorum;
1316 3409 1379 3468 in
1423 3427 1546 3487 qua
1589 3428 1714 3469 non
1768 3409 2107 3469 attenditur

541 3501 802 3580 physica
847 3503 1164 3582 proportio
1213 3503 1276 3562 in
1317 3503 1536 3564 ordine
1573 3503 1652 3564 ad
1695 3503 1959 3563 formam
2004 3502 2103 3562 in-

533 3595 949 3668 fundendam,
994 3597 1093 3656 vel
1120 3598 1501 3677 aagendam,
1535 3597 1648 3658 sed
1676 3598 1878 3674 magis
1901 3603 2105 3656 atten-

537 3687 707 3749 ditur
737 3688 992 3749 moralis
1039 3691 1354 3770 proportio
1392 3691 1456 3750 in
1490 3691 1706 3751 ordine
1731 3691 1812 3750 ad
1837 3709 2105 3769 operan-

536 3788 662 3842 tem
694 3801 708 3855 ;
749 3783 896 3860 quia
926 3784 1224 3843 nimirum
1271 3782 1417 3845 facit
1461 3784 1629 3862 quod
1667 3788 1872 3862 potest.
1903 3787 1965 3844 et
1996 3783 2103 3844 de-

533 3875 661 3947 bet,
694 3876 791 3936 vel
839 3877 916 3936 ab
955 3875 1074 3936 hoc
1123 3875 1320 3956 gradu
1375 3877 1584 3937 deficit
1615 3877 1959 3938 secundum
2008 3881 2105 3937 ta-

541 3969 670 4029 lem
714 3969 1206 4049 proportionem,
1241 3976 1306 4031 ut
1340 3969 1488 4030 satis
1533 3977 1772 4032 constat
1797 3988 1873 4030 ex
1901 3969 2102 4030 decla-

535 4062 778 4122 ratione
825 4062 1140 4140 praedictae
1193 4062 1539 4124 sententiae.
1594 4064 1794 4142 Atque
1851 4063 1995 4123 hinc
2036 4063 2105 4122 fit

535 4162 606 4216 ut
632 4158 758 4216 tota
794 4156 1016 4235 gratia,
1049 4175 1190 4235 quae
1237 4157 1338 4217 hic
1367 4165 1428 4218 et
1459 4176 1628 4218 nunc
1652 4157 1836 4217 datur
1859 4159 2102 4217 ratione

533 4248 674 4310 talis
703 4247 1144 4326 dispositionis,
1181 4251 1375 4329 possit
1405 4269 1542 4310 esse
1576 4250 1878 4311 intensior
1909 4269 2099 4330 quam

540 4341 617 4402 sit
653 4341 786 4420 ipsa
829 4341 1191 4421 dispositi03
1227 4344 1394 4422 quia,
1439 4343 1584 4404 licet
1611 4343 1728 4404 sub
1779 4343 1966 4422 priori
1999 4363 2101 4403 ra-

535 4435 706 4496 tione
766 4435 1025 4513 proecise
1083 4442 1328 4516 sumpta
1398 4455 1524 4497 non
1585 4436 1780 4514 possit
1837 4435 2103 4495 intensio

536 4527 750 4606 gratiae
803 4529 1106 4588 excedere
1169 4530 1580 4589 intensionem
1628 4528 2047 4608 dispositionis
2084 4574 2099 4600 ‚

537 4617 757 4678 saltem
789 4625 963 4680 extra
1011 4628 1498 4693 sacramentum,
1549 4625 1760 4682 tamen
1806 4621 2100 4700 adjuncta

541 4713 870 4791 posteriori
905 4715 1144 4775 ratione
1201 4719 1404 4793 potest
1435 4716 1772 4787 excedere3
1804 4716 1902 4775 vel
1956 4715 2101 4794 quia

541 4805 1032 4884 multiplicantur
1081 4807 1355 4868 rationes
1399 4807 1765 4868 infundendi
1807 4808 2096 4888 gratiam,

537 4904 601 4960 et
627 4907 917 4978 respectu
954 4900 1236 4961 omnium
1271 4906 1364 4962 est
1393 4902 1495 4962 illa
1539 4903 1854 4962 sufficiens
1891 4903 2103 4980 dispo-

539 4993 702 5064 sitio,
752 4992 852 5053 vel
893 4993 1040 5072 quia
1087 4994 1150 5053 in
1189 4994 1296 5054 illa
1329 4995 1656 5072 posteriori
1699 4996 1941 5056 ratione
1984 4995 2103 5055 dis-

539 5085 868 5162 positionis
905 5105 1032 5146 non
1089 5087 1430 5147 attenditur
1486 5089 1801 5166 proportio
1847 5083 2101 5166 physica

535 5177 600 5238 in
649 5177 866 5239 ordine
898 5178 980 5238 ad
1019 5179 1308 5254 formam,
1360 5180 1472 5240 sed
1501 5179 1756 5240 moralis
1789 5181 1849 5239 in
1884 5179 2101 5240 ordine

539 5269 619 5330 ad
660 5276 1046 5349 operantem.

619 5365 677 5425 8.
725 5365 800 5424 Et
853 5384 1006 5427 sane
1031 5411 1046 5439 ,
1085 5367 1272 5428 etiam
1299 5367 1363 5427 in
1401 5369 1698 5446 opinione
1743 5367 1815 5428 D.
1847 5369 2104 5429 Thomoe

539 5463 602 5518 et
625 5458 1046 5535 antiquorum,
1099 5478 1360 5521 necesse
1391 5467 1484 5522 est
1513 5461 1632 5522 hoc
1657 5461 1995 5540 aliquando
2013 5461 2109 5522 fa·-

539 5548 682 5623 teri‚
714 5549 834 5614 nisi
864 5551 1129 5620 velimus
1150 5553 1238 5614 eis
1265 5553 1604 5615 attribuere
1651 5553 2009 5631 opinionem
2039 5554 2106 5615 in

1101 405 1312 461 OPUSG.
1349 406 1407 458 V.
1445 405 1748 459 RELEcho
1782 406 1862 459 ΒΕ
1893 404 2369 459 Rssvlvlsczxrm
2402 404 2781 457 HERlTORUM.
2830 404 3069 458 msPuT.
3108 404 3172 457 11.

2186 508 2461 568 sectione
2504 508 2703 587 prima
2751 506 2901 567 satis
2956 506 3417 586 impugnatam.
3470 508 3597 567 Hoc
3638 526 3730 586 pa·

2182 606 2273 661 tet
2300 600 2365 659 in
2398 620 2471 661 eo
2515 620 2689 671 casu,
2724 601 2780 659 in
2826 619 2949 679 quo
2982 601 3167 660 homo
3213 600 3493 678 resurgit
3532 619 3567 657 a
3606 617 3733 677 pec-

2185 702 2320 755 cato
2378 714 2495 774 per
2553 696 3022 775 dispositionem
3078 695 3491 755 intensiorem
3554 695 3731 771 gratia
3811 722 3812 727 ¹

2182 788 2543 867 deperdita;
2578 808 2721 849 nam
2758 788 2853 849 vel
2886 794 3033 849 tunc
3059 788 3380 847 confertur
3416 790 3617 866 gratia
3650 807 3735 847 so-
3811 816 3812 825 κ

2183 881 2311 942 lum
2349 884 2527 962 juxta
2554 884 2968 943 intensionem
2998 883 3449 961 dispositioniS,
3480 883 3581 943 vel
3612 901 3735 941 cum

2184 975 2287 1037 illa
2344 977 2525 1037 simul
2580 978 2899 1037 confertur
2944 982 3071 1037 tota
3118 977 3339 1057 gratia,
3384 994 3531 1055 quse
3594 978 3741 1054 prio-

2184 1070 2357 1130 ribus
2386 1070 2621 1131 meritis
2650 1070 2998 1131 debebatur
3026 1089 3039 1129 :
3075 1070 3123 1129 si
3156 1070 3437 1149 primum
3484 1069 3735 1135 dicatur,
3811 1098 3812 1127 ;

2183 1180 2335 1242 ergo
2384 1164 2583 1243 gratia
2631 1162 2734 1222 illa
2766 1162 3093 1241 deperdita
3132 1164 3467 1241 nunquam
3500 1179 3742 1239 reeupe-
3811 1228 3812 1231 Ἴ

2182 1262 2378 1329 ratur,
2411 1274 2621 1334 neque
2653 1256 2716 1316 in
2748 1257 2869 1317 hac
2906 1257 3031 1315 vita
3056 1302 3079 1331 ,
3124 1275 3329 1335 neque
3374 1256 3445 1315 in
3508 1254 3737 1322 futura,
3811 1286 3812 1331 ;

2184 1348 2303 1408 nisi
2340 1348 2499 1409 forte
2530 1349 2607 1409 de
2640 1350 2772 1409 solo
2802 1349 3007 1421 titulo,
3054 1355 3121 1411 ut
3154 1348 3365 1429 opinio
3412 1348 3525 1409 illa
3554 1366 3742 1425 repro-
3811 1338 3812 1383 ἶ

2188 1443 2331 1503 bata
2360 1442 2642 1515 dicebat;
2677 1444 2825 1521 quia
2854 1463 2981 1504 non
3010 1450 3212 1523 potest
3250 1442 3535 1523 amplius
3578 1444 3740 1501 homo
3811 1524 3812 1527 Ἴ

2188 1555 2254 1597 se
2307 1537 2388 1597 ad
2435 1536 2601 1596 illam
2636 1536 2969 1615 disponere
3014 1555 3201 1615 quam
3232 1556 3349 1617 per
3400 1542 3621 1597 actum
3667 1536 3741 1594 in·
3811 1546 3812 1599 ξ

2186 1631 2548 1702 tensiorem,
2582 1636 2643 1691 et
2682 1636 3264 1709 quantumcumque
3312 1630 3421 1691 ille
3471 1630 3743 1689 intenda-

2184 1726 2309 1795 tur,
2340 1740 2665 1801 nunquam
2696 1741 2972 1802 praesens
3024 1725 3223 1804 gratia
3254 1722 3531 1785 excedet
3570 1724 3743 1781 inten-

2184 1818 2430 1878 sionem
2458 1819 2593 1897 ejus
2625 1818 2803 1896 juxta
2832 1818 3002 1879 illam
3040 1818 3449 1897 opinionem3
3502 1835 3657 1893 ergo
3682 1834 3744 1875 ne

2186 1913 2559 1973 sententiam
2612 1912 2771 1973 adeo
2812 1912 3289 1991 improbabilem
3320 1912 3485 1973 Divo
3513 1912 3748 1970 Thomae

2186 2012 2247 2066 et
2295 2006 2568 2085 antiquis
2615 2006 2983 2067 Doctoribus
3038 2005 3461 2067 attribuamus
3500 2050 3519 2074 ,
3556 2004 3751 2064 dicen-
3811 2024 3812 2101 l

2184 2100 2337 2160 dum
2372 2104 2465 2158 est
2502 2098 2565 2157 in
2598 2116 2673 2158 eo
2716 2116 2865 2158 casu
2893 2116 3225 2178 resurgere
3254 2097 3593 2158 hominem
3623 2116 3749 2155 cum

2182 2200 2311 2255 tota
2366 2194 2563 2273 gratia
2614 2212 2651 2253 a
2690 2211 2816 2271 qua
2872 2193 3219 2265 ceciderat,
3279 2198 3520 2273 praeter
3574 2210 3745 2256 eam,
3811 2182 3812 2227 l

2183 2306 2373 2367 quam
2424 2304 2589 2346 nunc
2624 2287 2863 2347 obtinet
2906 2288 3145 2348 ratione
3194 2287 3637 2349 contritionis:
3672 2291 3745 2345 at·
3811 2338 3812 2363 2

2182 2400 2305 2461 que
2345 2380 2504 2440 adeo
2554 2379 2799 2440 infundi
2863 2380 2948 2439 illi
3000 2380 3413 2441 intensiorem
3464 2380 3742 2459 gratiam,
3811 2386 3812 2467 ᾗ

2183 2493 2375 2553 quam
2418 2474 2496 2535 sit
2526 2476 2661 2552 ipsa
2691 2474 3021 2545 contritio;
3070 2464 3219 2552 ergo
3248 2473 3621 2534 necessario
3660 2490 3745 2531 re·
3811 2520 3812 2525 ,

2184 2568 2561 2629 currendum
2606 2570 2754 2627 tunc
2786 2573 2879 2628 est
2910 2568 2989 2627 ad
3012 2567 3189 2627 -illam
3220 2566 3549 2645 duplicem
3580 2566 3741 2625 ratio-

2184 2680 2329 2721 nem
2380 2660 2800 2740 dispositionis
2860 2663 2921 2721 et
2968 2659 3375 2730 causalitatiS,
3424 2676 3513 2718 ne
3562 2658 3743 2717 disce·

2186 2754 2372 2814 datur
2413 2754 2494 2815 ab
2532 2754 2635 2813 illo
2682 2752 3011 2833 principio,
3046 2752 3215 2831 quod
3244 2752 3453 2813 forma
3484 2770 3625 2813 esse
3652 2751 3743 2809 de·
3811 2748 3812 2759 ¹

2184 2847 2291 2908 het
2338 2848 2546 2926 aliquo
2580 2846 2769 2907 modo
2814 2846 3205 2926 dispositioni
3252 2846 3739 2933 proportionata.
3811 2922 3812 2927 ἵ

2186 2941 2315 3001 Hoc
2356 2946 2564 3001 autem
2604 2939 2801 2999 semel
2852 2938 3053 3018 posito
3102 2944 3170 2999 et
3216 2937 3503 2999 admisso
3536 2984 3552 3004 .
3612 2938 3745 2996 satis.
3811 2964 3812 3017 ξ

2185 3039 2351 3094 certe
2412 3038 2875 3111 consequenter
2930 3032 3225 3093 dixerunt
3288 3032 3443 3093 Soto
3504 3036 3567 3091 et
3630 3031 3742 3093 alii,
3811 3018 3812 3033 ¹

2184 3129 2427 3206 quoties
2456 3127 2647 3187 homo
2678 3127 3081 3205 consequitur
3104 3133 3519 3205 peccatorum
3548 3125 3746 3185 remis-

2184 3221 2422 3282 sionem
2458 3265 2473 3294 ,
2518 3225 2748 3299 prtcter
2772 3221 3033 3300 gratiam
3086 3220 3589 3300 respondentem
3636 3237 3743 3277 suae

2187 3313 2538 3374 contritioni
2582 3313 2931 3374 secundum
2976 3333 3042 3373 se
3070 3358 3085 3384 ,
3139 3314 3425 3391 recipere
3484 3311 3745 3390 aliquam

2186 3408 2454 3486 gratiam
2507 3412 2761 3486 propter
2800 3407 3021 3468 merita
3066 3407 3241 3485 prius
3270 3405 3677 3475 mortificata,
3704 3405 3745 3462 si

2184 3499 2289 3559 illa
2306 3499 2544 3560 habuit.
2574 3500 2899 3570 Probatur,
2918 3499 3065 3578 quia
3094 3517 3351 3578 semper
3380 3505 3597 3577 potest
3622 3517 3743 3558 eon·

2182 3591 2349 3652 tritio
2389 3592 2652 3652 induere
2695 3592 2865 3652 illam
2904 3592 3216 3670 duplicem
3266 3591 3592 3652 rationem
3640 3593 3743 3649 dis-

2186 3685 2527 3764 positionis,
2562 3690 2623 3745 et
2653 3685 2937 3764 quamvis
2962 3684 3298 3764 aliquando
3320 3703 3455 3744 non
3488 3687 3569 3745 sit
3598 3686 3741 3744 adze-

2184 3783 2373 3856 quata
2404 3779 2725 3856 dispositio
2748 3785 3033 3856 respectu
3059 3777 3589 3838 mortificatorum
3627 3795 3739 3836 me·
3811 3803 3812 3810 ¹

2184 3871 2444 3931 ritorum
2470 3871 2549 3930 ad
2574 3869 3089 3948 consequendum
3106 3876 3304 3931 totum
3328 3870 3633 3930 effectum
3660 3889 3741 3929 eo·

2183 3981 2347 4036 rum,
2381 3965 2497 4024 erit
2538 3972 2747 4024 tamen
2793 3964 3019 4042 aliquis
3047 3963 3373 4042 dispositio
3404 3965 3637 4024 saltem
3676 3962 3741 4021 ad

2185 4060 2457 4138 aliquam
2496 4065 2737 4138 partem
2782 4059 2945 4119 illius
2976 4059 3275 4130 effectus;
3316 4076 3479 4138 ergo
3518 4077 3741 4136 semper

2186 4153 2367 4214 datur
2396 4153 2603 4231 aliqua
2658 4154 2877 4231 gratia,
2922 4153 3163 4214 ratione
3207 4153 3589 4212 meritorum
3614 4170 3741 4230 prae·

2186 4248 2561 4320 cedentium,
2584 4265 2725 4308 cum
2756 4247 2857 4306 illa
2882 4246 2961 4307 de
2982 4265 3047 4306 se
3080 4235 3355 4306 efficacia
3384 4246 3541 4318 sint,
3572 4265 3741 4324 qumi-

2186 4342 2531 4420 doquidem
2586 4342 2720 4422 jam
2776 4348 2921 4402 sunt
2976 4341 3281 4402 vivificata
3309 4384 3328 4411 ‚
3392 4347 3461 4402 et
3518 4341 3743 4418 subjec-

2184 4443 2319 4498 tum
2342 4435 2419 4496 sit
2439 4435 2831 4514 dispositum,
2858 4435 2909 4494 si
2940 4453 3067 4494 non
3092 4434 3175 4494 ad
3202 4439 3409 4494 totum
3434 4435 3735 4496 effectum¹

2186 4527 2405 4588 saltem
2438 4527 2519 4588 ad
2564 4528 2841 4606 aliquam
2888 4533 3133 4606 partem
3158 4527 3317 4606 ejus.

2264 4625 2323 4682 9.
2370 4619 2470 4682 An
2498 4623 2821 4702 ali-quando
2850 4622 3215 4683 restituatur
3256 4624 3387 4683 tota
3424 4623 3638 4702 qratia
3660 4620 3741 4680 de-

2180 4716 2421 4794 perdita
2444 4716 2767 4777 seeundum
2804 4715 2957 4776 hanc
2983 4715 3737 4791 senteutiam—Superest

2182 4826 2357 4881 vem,
2382 4808 2563 4888 juxta
2590 4809 2750 4868 hanc
2777 4807 3175 4879 sententiam,
3206 4806 3733 4886 interrogandum,

2185 4901 2440 4980 quando
2468 4902 2533 4961 in
2556 4899 3001 4980 justificatione
3032 4900 3381 4979 peccatoris
3406 4917 3541 4960 non
3582 4897 3739 4959 resti·

2182 4995 2375 5055 tuitur
2398 4994 2482 5054 illi
2526 4999 2650 5054 tota
2680 4993 2901 5072 gratia,
2935 5011 3127 5072 quam
3155 4993 3330 5072 prius
3358 4993 3669 5054 habuerat
3692 4999 3737 5048 et

2184 5087 2501 5166 peccando
2532 5088 2849 5155 amiserat,
2882 5085 2996 5146 sed
3034 5104 3179 5165 pars
3206 5086 3367 5164 ejus»,
3398 5104 3486 5146 an
3516 5085 3733 5162 reliqua

2184 5199 2330 5258 pars
2374 5179 2719 5260 aliquando
2770 5179 3159 5251 restituatur,
3200 5180 3295 5240 vel
3338 5179 3401 5238 in
3456 5179 3573 5238 hae
3604 5180 3729 5236 rita.

2186 5273 2286 5333 vel
2320 5273 2385 5333 in
2416 5273 2647 5333 futura.
2688 5273 2781 5333 Ad
2823 5289 3015 5352 quam
3039 5271 3597 5350 interrogationem
3634 5269 3731 5328 sn'}

2186 5367 2306 5427 hac
2351 5366 2745 5427 distinctione
2784 5363 3171 5444 respondere
3208 5363 3507 5424 videntur
3536 5410 3555 5436 ‚
3586 5361 3725 5440 qued

2188 5459 2238 5520 si
2284 5459 2425 5520 talis
2474 5459 2665 5520 homo
2710 5456 2773 5518 in
2822 5457 3108 5518 discursu
3148 5457 3289 5517 vitae
3334 5457 3633 5536 paulatIm
3676 5470 3727 5512 se

2189 5553 2479 5634 disponat
2515 5551 2597 5614 ad
2626 5555 2819 5616 totam
2861 5551 3034 5616 illam
3073 5551 3339 5630 gratiam
3386 5565 3731 5637 recuperan-
