3850 6225
733 403 869 456 CAP.
905 403 1009 457 vn.
1044 400 1129 457 AN
1161 400 1593 456 PRAEDEHNIAT
1628 397 1785 454 DEUS
1818 395 2022 451 OMNES
2053 397 2253 453 Acws
2285 397 2588 465 nonaum,
2625 400 2760 454 mc,

176 501 525 582 supponitur
576 501 1028 582 perfectissima
1073 502 1137 562 in
1176 503 1307 562 Deo
1336 507 1481 562 ante
1530 515 1715 560 omne

174 599 473 659 decretum
498 597 767 659 liberum
804 597 1141 658 voluntatis
1180 597 1337 675 ejuS‚
1370 602 1435 657 et
1461 593 1716 655 omnino

174 690 649 768 independenter
676 691 757 752 ah
789 690 930 763 illo;
978 689 1124 769 quia
1172 687 1281 750 illa
1320 687 1579 750 scientia
1626 691 1720 746 est

171 783 511 862 simpliciter
534 783 891 845 necessaria
919 784 1049 844 Deo
1072 802 1089 855 ς
1116 784 1236 844 hoc
1264 789 1477 844 autem
1504 779 1718 840 decre-

173 885 289 939 tum
328 893 451 936 non
486 883 583 938 est
626 877 1076 950 necessarium,
1109 881 1179 937 ut
1222 875 1595 937 terminatur
1638 871 1717 932 ad

170 976 491 1042 creaturas,
525 987 676 1030 nam
705 976 774 1030 ut
822 969 910 1031 sic
960 975 1053 1031 cst
1100 969 1392 1044 liberum,
1437 966 1610 1047 quod
1640 983 1718 1026 ex

170 1063 431 1125 terminis
482 1068 753 1124 constat.
812 1065 1047 1123 Rursus
1090 1063 1351 1124 scientia
1418 1059 1717 1122 conditio-

166 1164 297 1218 nata
334 1155 789 1236 perfectissima
818 1161 913 1216 est
941 1157 1005 1216 in
1036 1158 1189 1230 Dec,
1219 1155 1408 1216 etiam
1439 1159 1585 1214 ante
1610 1151 1716 1212 de-

169 1257 321 1312 creta
350 1248 573 1324 libera,
616 1254 688 1310 ut
716 1268 885 1310 nunc
925 1249 1358 1330 supponimuS,
1392 1253 1453 1308 et
1478 1248 1541 1308 in
1578 1245 1717 1306 ulti·

164 1363 255 1404 ma
308 1341 494 1422 hujus
556 1342 765 1422 operis
824 1348 999 1422 parte
1046 1361 1123 1403 ex
1174 1341 1457 1422 professo
1508 1345 1718 1402 osten-

166 1439 390 1498 demus,
456 1435 797 1516 Supposita
848 1441 1061 1497 autem
1116 1435 1235 1496 hac
1296 1432 1717 1495 conditionata

166 1529 429 1602 scientia,
462 1546 598 1590 non
646 1534 743 1592 est
782 1529 1138 1590 neccssaria
1168 1526 1496 1608 praefinitio
1540 1525 1723 1588 abso·-

166 1625 281 1684 luta
311 1624 595 1702 ipsorum
648 1623 987 1684 effectuum
1008 1667 1025 1688 ,
1084 1639 1198 1682 seu
1244 1627 1499 1682 actuum
1554 1619 1723 1699 ipso-

168 1734 289 1778 rum
352 1715 707 1776 liberorum
766 1716 829 1777 in
902 1714 1155 1795 seipsis,
1207 1719 1275 1776 ut
1322 1732 1463 1794 quae
1508 1711 1719 1773 futura

168 1817 315 1882 sunt,
342 1808 495 1870 talia
520 1807 737 1871 futura
775 1827 913 1870 esse
942 1809 1374 1888 praesciantur,
1404 1807 1517 1868 sed
1550 1805 1722 1867 suffi-

170 1900 540 1966 eitvoluntas
572 1902 941 1982 permissiva
984 1901 1126 1963 talis
1174 1901 1457 1974 effectus,
1484 1905 1591 1961 aut
1614 1899 1717 1960 de-

170 2003 381 2060 cretum
406 1995 819 2068 antecedenS,
848 2013 973 2074 quo
1002 1994 1170 2056 Deus
1196 1995 1326 2056 vult
1354 2012 1579 2056 causas
1594 1992 1720 2054 suf-

168 2091 422 2151 ficientes
440 2087 764 2170 applicare
785 2087 866 2148 ad
886 2087 1077 2149 talem
1101 2089 1413 2161 effectum,
1436 2092 1499 2150 et
1523 2105 1719 2166 quan-

171 2191 281 2245 tum
306 2183 365 2243 in
396 2199 465 2242 se
502 2187 619 2254 est,
648 2181 823 2242 illum
855 2200 985 2242 non
1012 2181 1340 2262 impedire,
1370 2180 1483 2242 sed
1510 2180 1717 2260 potius

174 2294 527 2338 concursum
565 2293 753 2336 suum
798 2281 1119 2354 praestare.
1160 2277 1337 2348 Nam,
1370 2274 1572 2354 posita
1602 2275 1719 2335 hac

172 2371 467 2431 voluntate
490 2415 507 2443 ,
566 2369 777 2430 statim
834 2369 1120 2431 absolute
1170 2369 1417 2448 praescit
1470 2386 1549 2429 ex
1604 2387 1717 2428 sua

172 2465 495 2525 aeternitate
522 2463 675 2543 quid
702 2463 765 2523 in
795 2468 1079 2543 tempore
1108 2463 1386 2524 futurum
1417 2463 1530 2536 sit;
1571 2462 1717 2541 quia

174 2576 295 2618 cum
317 2558 451 2637 jam
482 2557 713 2618 habeat
741 2557 1065 2618 scientiam
1095 2555 1585 2618 conditionatum
1636 2555 1717 2616 de

178 2650 468 2724 omnibuS,
504 2667 645 2728 quae.
692 2666 877 2708 causa
931 2648 1129 2710 libera
1173 2648 1472 2710 effectura
1520 2653 1634 2720 est,
1666 2647 1717 2707 si

176 2745 277 2803 hoc
304 2743 401 2804 vel
444 2743 551 2804 illo
589 2741 779 2803 modo
806 2742 889 2803 ad
931 2741 1321 2822 operandum
1352 2741 1719 2822 applicetur,

185 2843 235 2896 et
254 2855 357 2916 per
382 2837 551 2898 hanc
590 2835 975 2897 voluntatem
1014 2835 1259 2897 ordinet
1284 2835 1385 2895 vel
1405 2832 1720 2914 permittat

183 2935 237 2988 ut
250 2929 346 2989 tali
374 2929 568 2991 modo
593 2929 941 3009 applicetur
968 2929 1049 2990 ad
1078 2946 1259 3008 opus,
1292 2928 1411 2988 hoc
1438 2927 1575 3008 ipso
1597 2927 1719 2989 evi·

180 3021 373 3082 denter
412 3023 660 3103 praescit
698 3022 850 3102 quid
877 3026 1212 3102 operatura
1238 3021 1334 3081 sit.
1366 3023 1570 3100 Atque
1597 3021 1717 3081 hoc

182 3136 309 3178 sane
352 3117 666 3204 convincit
708 3116 1065 3196 exemplum
1100 3123 1353 3178 actuum
1381 3116 1714 3190 malorum,

184 3228 317 3289 quos
346 3229 579 3271 omnes·
600 3211 899 3291 praenovit
929 3212 1096 3271 Deus
1124 3210 1367 3271 futuros
1394 3210 1529 3270 sine
1567 3227 1721 3288 prae-

186 3303 460 3376 finitione,
490 3322 637 3365 cum
666 3302 799 3363 sola
828 3304 1273 3383 permissione,
1302 3309 1719 3382 praeterquam

188 3397 327 3474 quod
358 3398 539 3459 etiam
584 3397 651 3457 in
690 3397 1024 3476 praesentia
1066 3397 1449 3471 oeternitatiS,
1496 3398 1717 3457 saltem

191 3490 484 3570 objectiva,
515 3493 684 3551 Deus
714 3490 927 3551 omnia
954 3488 1247 3571 proefinit3
1286 3508 1435 3567 ergo
1467 3490 1548 3551 ad
1576 3508 1719 3570 per-

190 3582 489 3645 fectionem
546 3584 819 3645 scientiae.
873 3584 973 3645 vel
1026 3584 1457 3665 praescientioe·
1490 3583 1715 3645 divinoe

188 3696 293 3737 non
320 3684 411 3739 est
434 3678 789 3739 necessaria
817 3678 1251 3757 praedefinitio,

255 3772 308 3833 Ἰ.
352 3772 477 3837 Nec
510 3770 595 3834 ad
638 3771 1058 3851 perfectionem
1102 3770 1413 3853 potentiae.
1457 3802 1539 3817 —
1592 3771 1715 3831 Nec

188 3881 313 3924 vero
338 3864 682 3925 necessaria
706 3874 803 3925 est
821 3862 903 3925 ad
930 3864 1377 3944 perfectionem
1400 3865 1710 3944 potentiae.

194 3960 293 4018 Aut
316 3958 475 4018 enim
498 3963 591 4018 est
622 3974 827 4018 sermo
846 3958 925 4019 de
948 3959 1224 4038 potentia
1248 3958 1597 4021 secundum
1621 3975 1711 4029 se,

192 4056 281 4111 aut
310 4056 605 4130 quatenus
632 4051 945 4131 applicata
966 4051 1047 4112 ad
1076 4070 1254 4131 opus·
1284 4051 1480 4113 Priori
1502 4052 1712 4122 modo,

192 4145 368 4204 omnis
400 4145 669 4224 potentia
700 4145 909 4205 diviua
937 4146 1111 4225 prior
1140 4151 1235 4207 est
1262 4145 1460 4224 (more
1501 4148 1715 4206 nostro

192 4234 493 4317 loquimur)
525 4238 698 4299 omni
724 4238 975 4299 decreto
1004 4238 1201 4299 libero
1221 4237 1555 4299 voluntatis
1576 4236 1713 4309 nen

195 4332 323 4408 quia
346 4332 535 4392 omnis
570 4331 871 4412 perfectio
920 4330 1061 4394 talis
1100 4332 1391 4410 potentiae
1433 4349 1719 4393 necessa-

194 4422 273 4482 ria
298 4424 639 4504 simpliciter
666 4430 761 4485 est
790 4425 853 4484 in
877 4425 1029 4499 Deo,
1062 4443 1205 4485 cum
1234 4432 1445 4487 tamen
1466 4425 1721 4486 decreta

196 4514 384 4587 libera,
420 4524 483 4579 ut
509 4518 621 4589 sic,
652 4518 1011 4579 necessaria
1048 4520 1179 4579 Deo
1208 4535 1337 4579 non
1372 4518 1513 4579 sint.
1540 4518 1727 4581 Unde

197 4625 303 4667 non
336 4609 467 4671 ideo
490 4611 659 4671 Deus
688 4615 894 4690 potest
928 4630 1030 4673 res
1059 4610 1265 4673 facere
1300 4610 1410 4688 (ait
1436 4613 1510 4672 D.
1553 4612 1719 4672 Tho-

200 4701 461 4764 maslaco
489 4704 698 4781 citato)
738 4704 885 4781 quia
910 4702 1064 4776 vult,
1096 4703 1209 4764 sed
1248 4702 1389 4765 ideo
1418 4704 1579 4765 velle
1606 4722 1719 4784 po-

200 4798 316 4867 test,
341 4796 479 4875 quia
505 4802 599 4858 est
629 4798 1030 4877 omnipotens
1052 4816 1069 4869 ;
1099 4797 1230 4857 vult
1252 4814 1403 4876 ergo
1433 4797 1579 4876 quia
1609 4816 1720 4877 po-

202 4891 317 4959 test,
340 4888 475 4950 facit
515 4896 731 4951 autem
760 4890 905 4969 quia
947 4890 1098 4951 vult.
1129 4890 1265 4952 Non
1291 4895 1385 4951 est
1428 4907 1579 4970 ergo
1608 4908 1720 4951 ne-

207 4982 433 5042 cessaria
469 4982 795 5063 praefinitio
832 4989 1091 5064 propter
1128 4983 1577 5063 perfectionem
1607 4999 1722 5062 po-

206 5074 373 5137 tentiae
409 5077 521 5137 hoc
560 5076 753 5138 modo
800 5076 1224 5139 consideratas.
1258 5076 1319 5138 Si
1356 5094 1505 5137 vero
1543 5094 1723 5155 spec-

206 5168 341 5227 tetur
384 5171 707 5248 posteriori
762 5170 975 5244 modo,
1021 5188 1135 5231 seu
1182 5175 1251 5230 ut
1291 5168 1595 5249 applicata
1638 5170 1721 5231 ad

208 5276 353 5339 opus,
378 5263 439 5323 in
466 5264 559 5325 his
585 5264 843 5343 quidem
890 5283 1029 5344 quae
1078 5266 1244 5325 Deus
1292 5281 1407 5344 per
1444 5264 1719 5343 seipsum

206 5362 475 5433 operatur,
506 5358 935 5419 necessarium
962 5364 1057 5419 est
1102 5355 1460 5419 absolutum
1504 5356 1720 5419 decre-

205 5452 313 5508 tum
353 5451 677 5513 voluntatis
726 5451 949 5512 divinoe
986 5457 1060 5514 ut
1104 5449 1368 5532 prodeat
1416 5451 1483 5512 in
1516 5468 1715 5530 opus;

208 5542 325 5616 quia
366 5542 429 5603 in
464 5544 559 5604 his
598 5544 949 5606 actionibus
991 5562 1118 5607 non
1165 5544 1427 5623 requirit
1466 5562 1721 5607 consor-

3244 395 3358 460 141

1796 497 1956 560 tium
1996 499 2252 562 alterius
2279 519 2508 577 causae,
2538 508 2599 566 et
2648 503 2791 564 idco
2838 519 2914 563 ex
2942 502 3076 562 sola
3099 501 3211 564 Dei
3254 521 3364 564 vo·-

1797 591 2038 653 luntate
2083 593 2402 672 dependet
2457 603 2526 658 ut
2579 597 2838 658 effectus
2890 601 3208 674 sequatur,
3263 594 3364 656 vel

1801 703 1930 744 non
1969 691 2299 763 sequatur;
2351 705 2424 750 ac
2483 689 2746 770 proinde
2797 689 3224 750 necessarium
3270 693 3366 750 est

1800 784 1869 839 ut
1902 777 2188 840 absoluto
2217 779 2470 843 decreto
2505 783 2772 844 alterum
2811 783 3039 844 horum
3067 782 3364 842 decerna·

1798 877 1919 932 tur.
1947 872 2018 932 In
2048 872 2146 933 his
2170 879 2383 936 autem
2405 894 2544 956 quae
2569 875 2738 938 Deus
2767 880 3064 954 operatur
3083 893 3200 955 per
3221 895 3363 938 cau-

1800 983 1903 1026 sas
1932 965 2266 1040 secundaS,
2316 973 2378 1029 et
2417 969 2760 1048 praesertim
2800 968 3052 1043 liheraS,
3099 985 3226 1029 non
3271 973 3366 1030 est

1796 1060 2228 1122 necessarium
2265 1066 2392 1122 tam
2434 1062 2791 1124 absolutum
2819 1062 3163 1137 decretum,
3197 1079 3275 1124 ex
3301 1062 3362 1121 vi

1798 1169 2142 1214 concursus
2179 1154 2367 1215 divini
2420 1155 2500 1216 ad
2545 1155 2854 1218 actionem
2907 1161 3208 1216 creaturae
3249 1173 3364 1216 ne-

1798 1246 2088 1320 ccssarii3
2121 1247 2235 1308 sed
2263 1249 2410 1310 satis
2440 1255 2536 1312 est
2565 1255 2635 1311 ut
2659 1251 2826 1311 Deus
2851 1249 3000 1310 velit
3019 1249 3363 1328 potentiam

1799 1356 1981 1400 suam
2013 1341 2328 1420 applicare
2365 1341 2446 1402 ad
2474 1341 2975 1404 concurrendum
2999 1359 3146 1402 cum
3175 1361 3364 1404 causa

1802 1432 2104 1506 secunda,
2135 1434 2273 1514 ipsa
2303 1434 2490 1496 etiam
2524 1441 2960 1508 concurrente,
2987 1441 3058 1497 ut
3081 1435 3206 1497 late
3227 1454 3368 1515 pro-

1800 1526 2090 1588 bavimus
2115 1526 2304 1607 priori
2335 1529 2518 1602 libra,
2548 1547 2686 1610 cap.
2715 1531 2792 1592 13
2819 1533 2882 1592 et
2912 1531 3010 1603 15,
3045 1534 3108 1590 et
3142 1529 3364 1590 multo·

1800 1637 1945 1681 rum
2008 1620 2263 1682 Patrum
2330 1639 2404 1684 ac
2463 1622 2930 1702 Theologorum
2996 1622 3364 1685 testimoniis

1802 1713 2332 1776 confirmavimus.
2360 1717 2436 1776 Et
2461 1714 2526 1776 in
2549 1733 2858 1778 concursu
2881 1715 2962 1778 ad
2989 1719 3196 1778 actum
3222 1733 3364 1795 pec·

1801 1806 1921 1866 cati
1949 1851 1964 1882 ,
2009 1813 2107 1869 est
2152 1807 2216 1868 id
2273 1807 2855 1870 manifestissimum
2878 1854 2895 1883 ,
2951 1814 3022 1870 ut
3063 1813 3233 1888 patet
3287 1826 3366 1871 ex

1802 1899 1982 1962 dictis
2027 1902 2146 1964 hoc
2185 1902 2411 1964 eodem
2433 1902 2616 1976 libra,
2652 1921 2790 1984 cap.
2834 1904 2896 1976 3,
2936 1904 3097 1965 etin
3125 1903 3364 1965 actibus

1802 1993 1990 2054 etiam
2032 1995 2633 2075 supernaturalibus,
2667 1995 3072 2058 ostendemus
3113 1997 3178 2058 id
3225 2013 3363 2058 esse

1800 2089 2227 2150 necessarium
2254 2089 2336 2150 ad
2365 2107 2584 2152 eorum
2610 2089 2989 2166 libertatem,
3017 2089 3180 2152 infra
3217 2090 3359 2152 libr.

1800 2181 1862 2256 3,
1896 2200 2036 2262 cap.
2067 2184 2166 2244 13.

1880 2277 1942 2338 8.
1987 2275 2312 2340 Illationes
2347 2293 2450 2340 con
2458 2280 2560 2340 tra
2585 2279 2859 2340 nostram
2886 2278 3249 2342 sentmtiam
3273 2295 3366 2341 re·

1798 2367 3363 2450 falluntur.-Prima.-Secunda.-1'ertia.-Neque

1798 2463 1948 2524 inde
1995 2463 2278 2542 sequitur
2313 2462 2521 2542 aliqua
2565 2461 2950 2542 imperfectio
2992 2463 3054 2524 in
3098 2465 3250 2530 Deo,
3295 2469 3366 2524 ut

1802 2560 2212 2617 concurrente
2243 2573 2388 2616 cum
2423 2573 2612 2616 causa
2643 2555 2962 2629 secunda;
3011 2557 3182 2636 quia,
3219 2557 3366 2618 licet

1800 2667 1878 2711 ex
1906 2649 1967 2709 vi
1997 2649 2138 2710 talis
2162 2649 2500 2710 voluntatis
2529 2655 2590 2711 et
2617 2649 3050 2728 applicationis
3073 2650 3157 2711 ad
3177 2667 3366 2730 agen-

1804 2743 1954 2804 dum
1993 2743 2148 2803 nihil
2181 2748 2347 2822 agat,
2394 2742 2519 2803 imo
2550 2761 2756 2821 neque
2785 2742 2984 2822 possit
3009 2761 3199 2821 agere
3229 2743 3362 2804 sine

1802 2837 2042 2896 influxu
2066 2853 2272 2896 causae
2306 2833 2597 2897 secundae
2621 2879 2638 2909 ‚
2681 2833 2748 2896 id
2775 2853 2904 2896 non
2935 2841 3032 2896 est
3054 2835 3136 2896 ob
3165 2837 3366 2916 impo-

1801 2929 2094 3003 tentiam,
2137 2929 2250 2990 sed
2285 2948 2359 2990 ex
2391 2929 2712 2990 voluntate
2744 2947 2899 3002 sua;
2935 2930 3081 3008 quia
3111 2948 3230 2990 nec
3263 2947 3366 2992 ve·

1798 3023 2156 3084 hementius
2185 3068 2200 3096 ,
2237 3041 2446 3102 neque
2491 3022 2836 3083 absolutius
2883 3023 2976 3100 (ut
3013 3022 3101 3084 sic
3134 3023 3362 3102 dicam)

1799 3116 1994 3178 voluit
2022 3134 2210 3197 agere
2231 3162 2248 3189 ,
2285 3116 2477 3196 idque
2508 3116 2590 3177 ob
2623 3116 2995 3177 suavitatem
3031 3116 3365 3195 providen-

1798 3210 1897 3271 tiae
1918 3228 2074 3283 suae,
2097 3228 2224 3289 qua
2248 3210 2582 3287 unicuique
2601 3210 2693 3270 rei
2714 3210 2896 3271 offert
2913 3209 3214 3271 auxilium
3233 3229 3362 3271 suae

1799 3310 2042 3364 naturae
2093 3302 2655 3364 accommodatum.
2711 3302 2930 3380 Neque
2981 3303 3126 3365 inde
3175 3305 3364 3365 etiam

1800 3396 2084 3475 sequitur
2109 3396 2304 3457 Deum
2321 3396 2528 3457 minus
2549 3397 2812 3457 influere
2836 3396 2902 3456 in
2926 3402 3136 3457 actum
3161 3416 3365 3459 causae

1798 3490 2117 3563 secundae,
2147 3508 2338 3570 quam
2367 3506 2625 3551 necesse
2655 3489 2760 3562 sit3
2794 3488 2940 3569 quia
2960 3490 3166 3552 influit
3187 3490 3252 3551 in
3273 3497 3364 3552 to-

1796 3586 1933 3643 tum
1963 3583 2175 3656 illum,
2216 3588 2279 3643 et
2301 3581 2366 3642 in
2401 3598 2653 3643 omnem
2693 3582 3024 3662 positivam
3057 3584 3365 3645 rationem

1800 3677 1972 3755 ejus,
2015 3680 2084 3737 ut
2112 3694 2300 3737 causa
2337 3674 2543 3735 totalis
2578 3674 2644 3735 in
2679 3692 2792 3736 suo
2831 3694 3086 3755 genere,
3133 3676 3367 3739 scilicet

1796 3770 2015 3849 primae
2038 3784 2284 3843 causae3
2317 3768 2462 3829 licet
2487 3786 2616 3828 non
2643 3772 2712 3829 ut
2739 3768 2873 3829 sola
2903 3786 3116 3845 causa,
3154 3786 3363 3849 neque

1794 3864 1861 3924 in
1899 3862 2073 3924 omni
2102 3879 2334 3942 genere
2363 3880 2378 3933 ;
2427 3862 2576 3939 quia
2601 3879 2810 3941 neque
2849 3862 2982 3941 ipse
3015 3862 3213 3924 voluit
3243 3863 3364 3923 hoc

1795 3957 1984 4018 modo
2015 3956 2362 4037 producere
2391 3956 2703 4031 effectum,
2727 3974 2934 4033 neque
2959 3956 3204 4018 effectui
3223 3956 3366 4017 talis

1798 4051 2042 4112 effectio
2067 4055 2174 4111 aut
2195 4051 2552 4111 necessaria
2573 4056 2728 4123 erat,
2759 4055 2868 4111 aut
2886 4049 3117 4111 dehita.
3147 4051 3366 4129 Neque

1795 4164 1946 4206 vero
1983 4144 2266 4224 sequitur
2301 4144 2472 4221 quod
2503 4142 2792 4205 voluntas
2831 4148 3042 4205 creata
3075 4143 3246 4222 prius
3275 4143 3366 4202 in-

1798 4239 1992 4312 fluat,
2040 4256 2230 4317 quam
2269 4238 2478 4309 Deus;
2525 4254 2734 4315 neque
2781 4235 2950 4316 quod
2993 4235 3366 4298 determinet

1800 4330 2149 4410 potentiam
2187 4330 2299 4391 Dei
2341 4348 2418 4391 ex
2446 4332 2623 4408 parte
2657 4330 2831 4409 ejus;
2881 4330 2996 4391 sed
3035 4330 3237 4391 solum
3267 4348 3368 4391 se-

1800 4423 2012 4503 quitur
2037 4424 2243 4484 Deum
2269 4440 2398 4483 non
2423 4422 2598 4502 prius
2627 4440 2842 4502 agere,
2871 4423 3190 4502 prioritate
3215 4440 3366 4483 cau-

1800 4516 2098 4590 salitati83
2147 4520 2210 4577 et
2228 4560 2243 4587 ,
2293 4515 2462 4595 quod
2512 4515 2672 4576 actio
2719 4516 3030 4579 transiens
3075 4522 3367 4595 respectu

1798 4610 1945 4683 Dei,
1990 4628 2105 4671 seu
2134 4626 2273 4689 quse
2305 4614 2398 4670 est
2429 4613 2605 4670 extra
2632 4610 2835 4670 Deum
2856 4654 2872 4683 ,
2914 4608 3369 4671 determinetur

1801 4704 1883 4765 ad
1940 4704 2132 4765 talem
2189 4704 2503 4765 actionem
2557 4720 2634 4763 ex
2686 4704 3168 4765 concomitantia
3223 4705 3367 4766 talis

1801 4815 2006 4859 causae
2043 4796 2359 4858 secundae.
2413 4796 2561 4857 Hoec
2603 4802 2816 4859 autem
2857 4815 2984 4858 non
3021 4798 3225 4858 solum
3255 4798 3368 4859 im-

1800 4889 2250 4969 perfectionem
2303 4908 2433 4951 non
2489 4890 2706 4951 dicunt
2747 4935 2763 4964 ,
2817 4908 3038 4952 verum
3092 4892 3366 4952 maxime

1802 4984 2248 5045 commendant
2284 4982 2733 5064 perfectionem
2768 4983 2992 5045 divinoe
3033 4984 3368 5062 providen-

1799 5076 1901 5139 tiae
1922 5122 1940 5150 ,
1987 5094 2128 5157 quae
2155 5080 2285 5139 tam
2311 5077 2488 5137 suavi
2513 5077 2704 5138 modo
2735 5077 2943 5139 causis
2973 5078 3266 5139 secundis
3297 5095 3367 5139 se

1801 5171 2262 5246 accommodat,
2293 5176 2480 5251 prout
2507 5171 2934 5233 necessarium
2963 5177 3088 5245 est,
3119 5177 3190 5234 ut
3217 5171 3368 5250 ipsoe

1802 5270 1863 5327 et
1890 5270 2104 5345 agant,
2137 5270 2198 5326 et
2219 5265 2408 5325 modo
2430 5264 2818 5326 connaturali
2839 5270 3050 5344 agant.
3081 5264 3366 5343 Denique

1801 5376 1932 5419 non
1965 5358 2247 5437 sequitur
2277 5356 2589 5419 actionem
2616 5376 2728 5418 seu
2757 5357 3060 5418 influxum
3090 5357 3201 5419 Dei
3229 5362 3366 5417 ten-

1800 5452 1956 5514 dere
1993 5452 2060 5512 in
2087 5451 2394 5514 incertum
2421 5494 2436 5522 ‚
2483 5455 2594 5511 aut
2631 5450 2698 5511 in
2726 5450 2964 5528 aliquid
2991 5449 3320 5511 confusum
3345 5494 3362 5524 ,

1801 5564 1917 5608 seu
1955 5544 2550 5617 indeterminatum;
2599 5542 2748 5621 quia
2794 5542 2958 5605 Deus
2976 5589 2993 5616 ,
3043 5544 3366 5623 applicans
