3850 6225
424 378 545 439 318

420 482 785 555 voluntatis,
831 482 1011 561 juxta
1057 490 1339 545 nostram
1385 485 1797 560 sententiam,
1855 503 1984 545 000

420 576 639 639 tollere
670 577 1041 652 libertatem,
1090 578 1237 657 quia
1268 578 1563 657 supponit
1596 577 1987 639 conditiona-

418 674 549 733 tam
598 670 1055 751 praescientiam
1090 714 1106 744 ,
1164 672 1450 749 quamvis
1504 672 1645 732 talis
1697 672 1986 732 voluntas

418 763 868 846 praedefinitiva
896 782 1027 823 non
1056 764 1411 826 includatur
1438 765 1503 824 in
1544 764 1788 843 objecto
1822 764 1986 825 illius

420 856 693 919 scientiae
722 874 738 928 ;
788 874 937 936 ergo
969 856 1136 917 idem
1166 856 1285 918 dici
1317 858 1543 936 poterit
1572 858 1635 917 in
1664 858 1980 937 praesenti.

420 950 791 1030 Respondeo
820 956 1263 1030 argumentum
1288 952 1407 1012 hoc
1433 951 1769 1015 efficaciter
1790 958 1986 1013 retor-

420 1044 596 1123 queri
614 1043 695 1103 ad
714 1043 1032 1103 hominem
1048 1050 1263 1104 contra
1282 1050 1569 1105 auctores
1584 1044 1841 1105 alterius
1858 1046 1986 1123 opi-

420 1138 661 1209 nionis;
688 1136 803 1215 ipsi
845 1137 1013 1197 enim
1054 1136 1269 1197 dicunt
1300 1137 1662 1198 volitionem
1703 1137 1984 1217 praedefi-

418 1230 676 1291 nitivam
694 1230 939 1289 auferre
959 1230 1335 1301 libertatem,
1364 1249 1493 1291 non
1514 1232 1801 1291 obstante
1824 1248 1986 1309 proe-

420 1322 679 1383 scientia
699 1322 1118 1383 conditionata
1138 1340 1154 1395 ς
1182 1340 1335 1401 ergo
1354 1323 1551 1384 multo
1576 1324 1777 1403 magis
1802 1323 1865 1383 id
1894 1323 1986 1383 di-

418 1433 561 1477 cere
591 1414 823 1476 debent
849 1414 927 1475 de
956 1415 1077 1475 hac
1100 1414 1442 1487 voluntate,
1467 1434 1582 1495 per
1604 1434 1794 1494 quam
1816 1418 1984 1477 Deus

419 1508 753 1583 concurrit,
786 1508 835 1567 si
864 1514 959 1569 est
985 1508 1271 1569 voluntas
1300 1508 1586 1569 absoluta
1614 1510 1755 1570 talis
1779 1516 1976 1583 actus3

418 1620 566 1663 nam
591 1608 684 1663 est
713 1602 935 1662 eadem
966 1603 1123 1662 ratio
1152 1601 1229 1662 de
1260 1602 1388 1675 illa,
1431 1602 1533 1662 vel
1562 1603 1769 1681 potius
1794 1603 1984 1681 longe

419 1695 640 1773 major.
678 1694 803 1755 Sed
842 1712 958 1754 nos
996 1694 1179 1755 facile
1206 1694 1663 1773 respondemus
1691 1695 1982 1773 negando

419 1788 885 1849 similitudinem
916 1811 931 1861 ;
984 1807 1133 1849 nam
1192 1788 1479 1873 voluntas
1544 1788 1982 1866 praedefiniens

418 1899 535 1941 nec
566 1872 679 1961 per
726 1900 863 1941 sese
912 1882 1269 1943 immediate
1314 1882 1499 1942 efficit
1537 1882 1599 1941 in
1638 1882 1982 1953 humanam

417 1975 803 2035 voluntatem
830 2021 845 2047 ‚
882 1994 1001 2036 nec
1028 1982 1225 2037 mutat
1252 1976 1511 2037 modum
1544 1975 1849 2054 operandi
1874 1974 1982 2034 vel

420 2068 829 2129 concurrendi
860 2068 971 2129 Dei
1002 2068 1084 2129 ad
1114 2070 1301 2129 talem
1333 2075 1565 2141 actum,
1600 2069 1685 2128 ita
1716 2074 1786 2128 ut
1812 2087 1889 2128 ex
1919 2070 1980 2129 vi

417 2161 581 2221 illius
608 2162 1143 2222 determinationis
1170 2161 1525 2223 necessario
1554 2161 1829 2240 praebeat
1852 2179 1983 2221 me-

417 2252 521 2315 dia
564 2254 1055 2328 accommodata,
1102 2255 1329 2333 quibus
1368 2256 1613 2333 praescit
1648 2252 1984 2313 infallibili-

417 2354 512 2407 ter
566 2364 703 2409 esse
747 2347 1027 2408 futurum
1068 2348 1259 2408 talem
1300 2353 1529 2420 actum,
1584 2347 1869 2426 quamvis
1913 2346 1982 2407 li-

415 2440 589 2501 bere.
640 2440 833 2502 Secus
878 2458 1027 2501 vero
1060 2446 1154 2501 est
1190 2441 1269 2501 de
1310 2440 1414 2501 illa
1441 2440 1761 2501 voluntate
1804 2440 1985 2501 abso-

415 2533 569 2606 luta,
615 2552 738 2613 qua
768 2533 993 2594 dicitur
1020 2536 1186 2595 Deus
1224 2552 1595 2595 concurrere
1624 2533 1706 2593 ad
1746 2540 1979 2607 actum,

416 2626 561 2705 quia
612 2627 716 2686 illa
758 2646 875 2705 per
928 2644 995 2687 se
1044 2632 1141 2687 est
1177 2626 1511 2687 efficaciter
1550 2627 1867 2705 operativa
1898 2626 1982 2687 ad

416 2724 589 2779 extra
610 2764 625 2790 ,
670 2725 732 2779 ct
778 2736 893 2797 per
929 2718 1101 2778 illam
1138 2725 1415 2779 mutatur
1451 2719 1677 2778 modus
1714 2736 1978 2779 concur-

414 2812 593 2873 rendi
623 2812 759 2888 Dei,
812 2812 1089 2873 inclusus
1136 2813 1201 2872 in
1243 2813 1489 2891 objecto
1542 2812 1978 2873 conditionatos

414 2906 847 2987 praescientiae,
878 2907 999 2979 vel,
1033 2906 1083 2965 si
1116 2906 1289 2966 illum
1315 2924 1443 2965 non
1470 2912 1693 2974 mutat,
1726 2906 1789 2966 in
1814 2906 1978 2985 ipsa-

413 3005 543 3059 met
570 2999 957 3077 praescientia
984 3018 1111 3059 non
1138 3000 1533 3079 cognoscitur
1550 2999 1691 3058 talis
1720 2999 1977 3059 effectus

412 3097 484 3152 ut
524 3093 745 3165 libere,
790 3092 902 3153 sed
946 3097 1014 3154 ut
1056 3092 1467 3154 determinate
1510 3113 1583 3154 ac
1622 3094 1975 3154 necessario

414 3186 657 3247 futurus
688 3205 765 3247 ex
790 3186 849 3246 vi
880 3186 1043 3247 illius
1068 3186 1402 3247 voluntatis
1426 3187 1558 3261 Dei,
1594 3193 1662 3247 ut
1688 3189 1837 3247 satis
1866 3186 1978 3247 de-

414 3279 720 3340 claratum
751 3285 864 3340 est.

494 3373 593 3434 13.
634 3373 941 3435 Probatur
962 3372 1137 3436 aliud
1158 3372 1481 3438 numbrwm
1508 3373 1881 3436 assertionis.
1897 3405 1981 3420 -

418 3464 693 3530 Secundo
716 3465 1530 3545 prol·atur.-Confirmatur
1546 3467 1980 3550 maffia—Su-

410 3565 624 3638 perest
650 3557 987 3619 dicendum
1018 3559 1097 3618 de
1129 3558 1251 3618 alio
1280 3559 1586 3632 membrO,
1614 3566 1675 3622 et
1706 3561 1976 3638 proban-

412 3652 563 3712 dum
606 3651 795 3712 aliam
820 3652 1205 3712 voluntatem
1232 3652 1645 3713 concurrendi
1676 3671 1805 3712 non
1835 3671 1974 3714 esse

412 3745 823 3806 sufficientem
844 3745 1149 3805 rationem
1173 3744 1361 3823 hujus
1396 3746 1814 3824 praescientiae.
1850 3746 1976 3806 Pri-

410 3856 539 3910 mo,
588 3837 735 3916 quia
768 3837 1059 3898 voluntas
1088 3837 1191 3898 illa
1227 3855 1355 3896 non
1384 3845 1478 3899 est
1519 3839 1773 3899 omnino
1797 3838 1976 3898 abso-

410 3931 564 4004 luta,
610 3931 721 3992 sed
764 3931 1187 3991 conditionem
1228 3929 1505 4008 aliquam
1534 3931 1759 3992 virtute
1782 3932 1976 3992 inclu-

356 4093 361 4096 ,
410 4023 593 4100 dens,
640 4029 706 4083 ut
750 4024 815 4083 in
861 4023 1033 4083 libris
1076 4023 1155 4084 de
1196 4023 1490 4099 Auxiliis,
1535 4042 1613 4084 ex
1658 4025 1975 4085 communi

406 4117 869 4197 ‘theologorum
918 4117 1245 4190 sententia,
1298 4123 1359 4176 et
1400 4135 1477 4178 ex
1522 4117 1711 4178 modo
1752 4117 1976 4180 divinae

410 4211 815 4291 providentiae
842 4211 1198 4270 necessario
1234 4208 1315 4268 ad
1340 4210 1839 4270 constituendam
1870 4229 1976 4270 ac-

408 4305 647 4366 tionem
669 4305 735 4365 in
772 4309 1077 4384 potestate
1121 4303 1301 4364 liberi
1325 4303 1563 4365 arbitrii
1600 4305 1882 4380 humaui,
1913 4310 1976 4366 et

408 4404 477 4458 ut
504 4398 663 4458 actio
694 4396 1128 4476 peccaminosa
1156 4397 1284 4457 Deo
1316 4415 1443 4457 non
1484 4399 1845 4476 imputetur,
1870 4417 1974 4458 va-

408 4491 516 4550 riis
550 4490 753 4550 modis
800 4489 1081 4562 ostendi3
1138 4489 1250 4550 sed
1300 4490 1361 4549 in
1394 4490 1713 4550 voluntate
1763 4491 1974 4550 condi-

364 4653 371 4660 ,
408 4583 644 4644 tionata
680 4600 795 4661 per
822 4601 889 4644 se
920 4585 1165 4662 sumpts
1196 4601 1325 4642 non
1356 4584 1749 4660 cognoscitur
1786 4585 1976 4645 effec-

408 4683 510 4738 tus
555 4677 801 4737 futurus
842 4677 1244 4751 sufficienter,
1295 4676 1416 4736 nisi
1446 4678 1599 4738 alias
1636 4695 1974 4757 cognosca-

406 4774 511 4831 tur
538 4769 809 4830 conditio
838 4769 1115 4848 impleta.
1146 4769 1245 4830 vel
1266 4769 1616 4848 implenda3
1646 4772 1793 4850 quia
1824 4789 1974 4832 con-

409 4863 561 4923 ditio
590 4863 725 4941 ipsa
766 4862 1091 4942 suspendit
1126 4862 1467 4924 efficaciam
1485 4865 1841 4938 voluntatiS,
1872 4865 1972 4948 vel

406 4957 615 5036 potius
652 4957 785 5036 ipsa
836 4956 1125 5017 voluntas
1168 4973 1347 5017 suam
1392 4959 1734 5019 efficaciam
1788 4959 1974 5020 susti·-

408 5055 540 5124 net,
586 5048 789 5109 donec
824 5048 1097 5110 conditio
1132 5049 1509 5130 impleatur;
1558 5069 1731 5130 ergo,
1767 5054 1970 5130 Atque

406 5142 598 5221 hujus
646 5143 999 5221 argumenti
1042 5143 1135 5203 vis
1160 5145 1363 5223 magis
1408 5144 1827 5206 declarabitur
1871 5163 1971 5206 se-

408 5233 617 5296 cunda
654 5233 921 5308 ratione,
968 5252 1109 5314 quas
1160 5235 1301 5296 talis
1354 5242 1469 5298 est.
1510 5238 1779 5298 Effectus
1829 5239 1970 5299 talis

405 5327 743 5389 voluntatis
782 5345 910 5389 non
950 5335 1045 5389 est
1072 5328 1320 5390 futurus
1362 5347 1398 5390 a
1432 5330 1565 5390 sola
1600 5331 1702 5391 illa
1754 5331 1968 5391 volun-

406 5425 555 5494 tate,
592 5421 705 5482 sed
732 5422 1159 5483 necessarium
1204 5427 1395 5484 estut
1450 5423 1739 5485 voluntas
1780 5425 1970 5486 etiam

405 5513 685 5575 humans
730 5514 915 5574 simul
946 5531 1013 5578 se
1054 5515 1431 5578 determinet
1456 5515 1538 5578 ad
1566 5517 1754 5577 talem
1784 5517 1969 5578 effec-

926 380 1135 436 OPUSG.
1173 382 1234 447 11,
1269 382 1386 437 Lm.
1423 384 1461 437 1.
1498 380 1577 437 ΒΕ
1611 380 1932 437 ABSOLUTA
1965 382 2250 439 scu-:N‘ru
2281 384 2585 441 turonos.
2623 380 3142 437 connNGENTmu.

2067 492 2238 559 tum;
2273 488 2420 567 quia
2461 490 2628 549 Deus
2677 502 2792 566 per
2851 484 3020 545 illam
3062 480 3448 542 voluntatem
3495 496 3612 539 non

2069 582 2197 641 vult
2229 583 2476 643 efficere
2510 582 2689 642 illum
2733 579 3024 641 effectum
3059 574 3160 636 vel
3203 574 3510 633 actionem
3553 590 3614 633 se

2069 674 2224 748 sole,
2265 674 2378 736 sed
2403 692 2548 737 cum
2587 671 3026 751 cooperatione
3061 669 3257 728 libera
3285 665 3614 726 voluntatis

2069 770 2398 844 humanae,
2441 768 2710 845 ideoque
2763 765 2922 825 actio
2985 762 3064 822 ad
3111 766 3311 830 extra,
3357 776 3496 837 quae
3543 758 3618 817 ab

2065 861 2172 921 illa
2199 860 2516 922 voluntate
2547 858 2850 939 procedit,
2883 854 3295 917 essentialiter
3319 851 3618 929 dependet

2066 955 2148 1013 ab
2191 961 2458 1032 utraque
2501 952 2864 1021 voluntate;
2912 966 3042 1008 000
3079 950 3288 1027 potest
3335 962 3486 1023 ergo
3525 963 3622 1003 co-

2067 1047 2284 1126 gnosci
2325 1046 2428 1107 illa
2494 1046 2656 1106 actio
2707 1050 2778 1103 ut
2831 1042 3038 1102 futura
3079 1039 3198 1099 nisi
3255 1038 3622 1117 praecognita

2064 1141 2388 1219 utriusque
2438 1137 2774 1200 voluntatis
2827 1131 3350 1195 determinatione
3399 1129 3616 1189 futura.

2065 1234 2227 1313 Ergo
2265 1250 2394 1293 non
2435 1236 2638 1311 potest
2665 1228 3043 1291 sufficienter
3073 1224 3376 1303 cognosci
3401 1223 3466 1282 in
3501 1224 3624 1281 solo

2063 1327 2172 1387 illo
2217 1326 2470 1387 decreto
2527 1322 2861 1385 voluntatis
2917 1319 3162 1379 divinae.
3200 1319 3382 1378 Patet
3419 1333 3626 1375 conse·

2065 1420 2343 1498 quentia,
2363 1417 2510 1497 quia
2543 1417 2801 1477 effectus
2831 1430 2956 1473 non
2987 1416 3192 1489 potest
3207 1408 3627 1489 praecognosci

2063 1514 2128 1573 in
2163 1530 2375 1585 causa,
2403 1511 2522 1570 nisi
2550 1510 2653 1571 illa
2696 1508 2775 1568 sit
2813 1506 3126 1567 sufficiens
3161 1510 3224 1563 et
3271 1502 3536 1573 efficax;
3567 1500 3632 1559 il·

2063 1605 2174 1665 lud
2215 1611 2427 1665 autem
2477 1604 2802 1663 decretum
2844 1618 2959 1680 per
2997 1618 3066 1660 se
3105 1595 3310 1657 solum
3353 1612 3486 1654 non
3545 1598 3638 1653 est

2066 1700 2384 1759 sufficiens
2439 1714 2654 1768 causa,
2697 1692 3059 1773 simpliciter
3085 1688 3433 1769 loquendo,
3473 1685 3636 1745 illins

2065 1794 2346 1864 effectum,
2377 1790 2492 1851 scd
2540 1794 2785 1849 tantum
2829 1788 2892 1847 in
2935 1803 3062 1847 uuo
3105 1800 3370 1863 genere,
3401 1778 3637 1839 scilicet

2064 1904 2268 1946 causae
2299 1884 2530 1963 primae.
2567 1882 2816 1943 Dicetur
2861 1880 3148 1953 fortasse,
3179 1874 3440 1955 quando
3465 1874 3636 1932 Deus

2063 1979 2278 2039 definit
2313 1978 2464 2039 dare
2493 1991 2868 2037 concursum
2905 1975 3196 2033 humanae
3223 1966 3536 2028 voluntati
3557 1964 3638 2025 ad

2061 2071 2252 2133 talem
2296 2076 2528 2143 actum,
2581 2067 2768 2128 simul
2803 2066 2868 2125 in
2915 2066 3052 2143 ipsa
3081 2062 3434 2123 aeternitate
3477 2058 3638 2119 scire

2061 2164 2444 2225 voluntatem
2467 2163 2812 2221 humanam
2827 2176 2964 2219 esse
2986 2154 3538 2218 determinandam
3557 2151 3642 2211 ad

2063 2256 2358 2318 cumdem
2387 2260 2620 2325 actum,
2651 2252 2920 2330 ideoque
2964 2250 3172 2309 statim
3207 2247 3503 2327 praescire
3551 2252 3644 2305 ta-

2063 2349 2190 2410 1010
2219 2351 2510 2410 effectum
2537 2366 2674 2409 esse
2695 2347 2994 2407 Futurum.
3029 2342 3154 2405 Sed
3181 2340 3492 2421 imprimis
3517 2339 3640 2398 hoc

2064 2444 2326 2504 fortasse
2355 2460 2486 2501 non
2519 2441 2602 2501 ita
2635 2446 2757 2511 est3
2795 2454 2966 2509 nam,
2999 2454 3144 2497 cum
3169 2434 3462 2495 voluntas
3523 2434 3644 2491 hu-

2063 2554 2250 2596 mana
2295 2536 2372 2596 sit
2399 2534 2680 2613 proxime
2717 2532 2937 2603 libera,
2967 2547 3097 2591 non
3133 2534 3379 2589 tantum
3421 2526 3640 2605 quoad

2063 2630 2429 2690 exercitium
2481 2633 2690 2699 actuS,
2734 2625 2846 2685 sed
2888 2624 3076 2685 etiam
3119 2621 3334 2701 quoad
3385 2619 3638 2699 specifi-

2059 2723 2392 2797 cntionem,
2423 2738 2554 2781 non
2583 2718 2787 2779 solum
2815 2717 3006 2778 habet
3041 2732 3421 2777 concursum
3461 2712 3638 2772 ohla-

2056 2823 2194 2877 tum
2217 2834 2296 2875 ex
2322 2818 2498 2893 parte
2525 2812 2636 2873 Dei
2669 2811 2748 2871 ad
2786 2828 2980 2871 unum
3027 2815 3236 2869 actum
3283 2824 3476 2887 quem
3505 2805 3636 2865 fac·

2057 2913 2198 2970 tura
2225 2914 2342 2980 est,
2366 2906 2478 2967 sed
2491 2907 2681 2967 etiam
2697 2904 2780 2965 ad
2799 2904 3011 2983 plures
3037 2922 3196 2983 quos
3220 2902 3322 2962 hie
3365 2907 3431 2962 et
3457 2918 3634 2960 0000

2059 3005 2222 3066 circa
2249 3003 2371 3066 tale
2399 3001 2714 3081 objectum
2741 3000 2948 3061 facere
2964 3005 3195 3077 posset.
3217 3000 3388 3059 Deus
3415 3002 3630 3057 autem

2058 3117 2184 3160 non
2235 3098 2416 3160 offert
2463 3110 2840 3156 concursum
2892 3093 3008 3154 nisi
3069 3110 3182 3172 per
3235 3090 3629 3152 voluntatem

2057 3190 2472 3254 concurrendi
2499 3189 2579 3249 ad
2613 3188 2805 3248 talem
2827 3186 2925 3247 vel
2953 3185 3142 3247 talem
3173 3190 3409 3256 actum,
3443 3189 3632 3261 prout

2056 3285 2250 3345 libere
2271 3282 2560 3344 voluntas
2589 3281 2866 3340 humana
2893 3285 3225 3358 cooperata
3253 3276 3466 3346 fuerin
3495 3277 3632 3336 haec

2061 3380 2228 3439 enim
2277 3384 2371 3438 est
2399 3375 2670 3438 conditio
2700 3373 2993 3453 implicite
3023 3373 3259 3433 inclusa
3287 3373 3350 3432 in
3385 3372 3494 3431 illa
3523 3389 3630 3431 vo-

2058 3472 2334 3543 luntate;
2387 3475 2450 3530 et
2489 3468 2630 3530 ideo
2669 3483 2876 3544 neque
2899 3467 3019 3526 hoc
3053 3472 3148 3526 est
3175 3471 3394 3526 contra
3417 3462 3632 3522 effica-

2059 3567 2218 3626 ciam
2263 3564 2488 3624 divinae
2544 3559 2882 3623 voluntatis
2915 3605 2930 3632 ,
2989 3559 3136 3637 quia
3175 3559 3442 3637 ipsamet
3491 3573 3624 3615 nou

2057 3660 2186 3719 vult
2219 3659 2524 3737 majorem
2555 3655 2878 3726 adhibere,
2929 3671 3134 3730 neque
3193 3653 3396 3730 magis
3441 3651 3626 3710 ahso-

2055 3752 2182 3813 lute
2233 3751 2422 3812 talem
2463 3749 2752 3810 effectum
2795 3746 2994 3818 velle;
3040 3763 3248 3824 neque
3295 3745 3482 3804 etiam
3529 3749 3626 3802 est

2055 3847 2284 3906 frustra
2310 3891 2325 3918 ‚
2377 3845 2524 3922 quia
2561 3843 2703 3904 talis
2745 3859 2935 3902 causa
2976 3840 3253 3902 secunda
3279 3839 3366 3900 ita
3399 3843 3626 3918 potens

2059 3945 2120 4000 et
2157 3937 2542 4007 indifferenS‚
2574 3935 2765 3996 talem
2799 3935 2986 3994 etiam
3037 3949 3378 3994 concursus
3427 3932 3626 4010 appli-

2057 4031 2370 4092 cationem
2397 4035 2620 4090 natura
2663 4045 2776 4088 sua
2803 4027 3076 4105 postulat
3100 4043 3116 4098 ς
3147 4043 3288 4104 quae
3315 4025 3530 4085 omnia
3556 4025 3624 4082 in

2055 4125 2222 4185 dicto
2255 4123 2414 4184 libro
2443 4123 2522 4182 de
2576 4120 2834 4182 Auxiliis
2861 4120 3048 4180 latius
3087 4118 3400 4180 declaravi
3431 4124 3491 4178 et
3521 4136 3626 4178 os-

2053 4217 2249 4279 tendi.
2303 4217 2504 4293 Atque
2547 4215 2694 4275 hinc
2735 4213 2924 4273 etiam
2973 4210 3381 4272 confirmatur
3419 4211 3625 4271 obiter

2057 4309 2226 4388 quod
2267 4307 2670 4382 intendimus,
2701 4306 2850 4385 quia
2877 4305 3166 4366 voluntas
3203 4304 3622 4365 concurrendi

2056 4408 2124 4464 ut
2149 4405 2260 4477 sic,
2286 4407 2593 4480 quantum
2621 4405 2820 4461 estex
2843 4417 2934 4470 se,
2967 4403 3174 4477 potest
3207 4415 3336 4458 non
3381 4397 3622 4457 habere

2056 4499 2386 4568 effectum;
2435 4513 2586 4574 ergo
2615 4511 2744 4554 non
2781 4498 2878 4554 est
2915 4490 3231 4551 sufficiens
3267 4491 3428 4550 ratio
3455 4496 3528 4551 ut
3557 4491 3624 4549 in

2055 4607 2131 4651 ea
2153 4593 2570 4670 cognoscatur
2607 4587 2899 4647 effectum
2937 4601 3075 4645 esse
3101 4584 3403 4644 futurum.
3438 4583 3622 4646 Unde

2055 4683 2218 4743 addo
2275 4682 2538 4742 ulterius
2556 4725 2573 4753 ‚
2619 4678 2808 4740 etiam
2845 4682 3137 4756 respectu
3185 4677 3348 4737 illius
3393 4682 3575 4736 actus
3601 4721 3618 4747 ‚

2055 4777 2160 4855 qui
2199 4775 2522 4836 faciendus
2569 4779 2663 4833 est
2689 4791 2728 4832 a
2767 4771 2874 4832 tali
2917 4771 3260 4844 voluntate,
3293 4789 3426 4830 non
3477 4787 3622 4830 esse

2055 4869 2226 4930 illam
2265 4867 2676 4928 sufficientem
2707 4865 3016 4926 rationem
3057 4862 3476 4943 cognoscendi
3515 4862 3621 4922 fu·-

2054 4962 2414 5021 turitionem
2477 4959 2642 5020 illius
2697 4963 2891 5019 actus.
2939 4957 3094 5018 Cum
3155 4957 3328 5016 enim
3389 4955 3620 5016 dicitur

2053 5053 2239 5127 Deus,
2260 5053 2460 5132 posito
2487 5052 2594 5112 illo
2613 5051 2888 5123 decret0,
2905 5067 3286 5130 cog-noscere
3319 5049 3403 5109 ad
3423 5067 3619 5128 quem

2051 5155 2262 5209 actum
2303 5147 2594 5208 voluntas
2637 5145 2915 5204 humana
2959 5149 3374 5223 cooperatura
3395 5145 3494 5217 sit,
3525 5143 3620 5202 in·

2051 5248 2304 5321 terrogo
2347 5259 2430 5300 an
2483 5245 2824 5318 cognoscat
2853 5255 2992 5298 esse
3025 5243 3510 5316 cooperaturam
3539 5253 3620 5296 ex

2047 5334 2110 5394 vi
2147 5341 2209 5395 et
2239 5332 2514 5396 efficacia
2553 5333 2717 5393 illius
2743 5332 3082 5392 voluntatis
3105 5331 3332 5392 diviuae
3359 5331 3442 5392 de
3471 5349 3618 5392 con-

2049 5445 2236 5488 cursu
2289 5425 2686 5508 00003ῐοοᾶος
2719 5431 2784 5485 et
2823 5425 2944 5485 hoc
2993 5423 3114 5484 dici
3175 5441 3306 5485 non
3359 5431 3570 5503 potest
3595 5467 3612 5496 ‚

2049 5520 2279 5600 alioqui
2333 5519 2439 5580 illa
2475 5519 2763 5580 voluntas
2808 5517 2919 5578 Dei
2969 5535 3098 5578 non
3145 5523 3312 5580 esset
3365 5523 3614 5578 tantum
