3850 6225
694 378 830 430 CAP.
866 376 995 431 xm.
1030 375 1449 437 vot-omum
1486 378 1737 437 ”OMNIS
1767 378 1891 431 NON
1924 376 2506 438 PRAEDETERmNARl,
2544 375 2680 429 mc.

118 496 311 541 cursus
364 496 475 541 seu
528 476 1063 550 determinationis
1120 482 1441 555 obtineat;
1487 501 1643 563 quo-

118 571 281 633 modo
309 589 453 657 ergo
478 576 572 633 est
600 570 663 634 in
703 578 1009 651 potestate
1034 575 1319 657 proxima
1362 576 1504 639 talis
1534 577 1645 637 ho-

118 664 279 725 minis
314 664 465 725 velle
502 663 803 729 credere?
846 668 970 729 Aut
1002 667 1151 746 quid
1193 668 1387 731 libere
1418 669 1646 733 omittit

119 758 186 817 oh
211 757 367 837 quod
407 757 601 836 possit
646 758 703 819 ei
749 759 1067 839 imputari,
1096 761 1265 839 quod
1318 780 1447 827 non
1486 762 1576 825 sic
1604 781 1642 824 a

119 850 299 911 divim
332 850 643 914 voluntate
684 850 1181 917 determinetur?
1210 857 1335 917 Aut
1368 856 1643 936 denique

120 943 247 1021 quid
270 942 471 1017 faciet,
512 950 583 1006 ut
608 945 775 1009 Deus
800 946 951 1008 velit
974 947 1149 1008 illum
1176 948 1595 1011 determinare
1617 954 1643 1011 ἲ

121 1036 399 1117 Quidquid
426 1038 595 1101 enim
620 1036 898 1103 facturus
927 1041 1025 1114 sit,
1055 1042 1137 1103 ad
1160 1043 1313 1109 illud
1340 1043 1645 1123 indigebit

118 1131 280 1209 priori
304 1130 615 1195 voluntate
649 1133 762 1194 Dei
809 1134 1045 1197 efficaci
1073 1136 1528 1199 determinante
1556 1138 1645 1218 ip·

118 1242 258 1299 sum,
282 1225 357 1287 de
384 1242 507 1305 qua
536 1226 769 1299 redibit
793 1228 1019 1307 eadem
1044 1228 1399 1295 difficultas.

182 1318 235 1377 6.
270 1316 593 1395 Rostllitur
619 1320 802 1399 prior
852 1324 1071 1385 evasio·
1098 1356 1181 1369 —
1208 1323 1385 1397 Quod
1424 1324 1476 1385 si
1508 1324 1645 1404 quis

118 1410 347 1470 fortasse
372 1410 435 1469 in
462 1412 585 1479 hec
612 1412 964 1495 distinguat.
982 1414 1146 1479 inter
1192 1423 1369 1479 actus
1398 1423 1648 1479 natura·

116 1504 193 1563 les
218 1509 273 1563 et
298 1506 831 1583 supernaturales,
863 1510 923 1569 et
959 1508 1123 1573 dicat
1166 1511 1235 1571 in
1280 1516 1647 1590 supernatu-

118 1595 319 1655 ralibus
346 1613 485 1661 esse
512 1599 943 1664 necessarium
970 1603 1139 1665 hunc
1178 1602 1648 1667 determinatio-

116 1688 199 1749 nis
222 1689 471 1751 modum
498 1699 761 1773 propter
794 1712 1011 1757 eorum
1056 1696 1485 1773 eminentiam,
1516 1716 1646 1757 non

118 1786 297 1841 autem
320 1783 383 1843 in
410 1786 827 1860 naturalibus,
860 1795 1051 1868 atque
1093 1790 1179 1852 ita
1228 1808 1413 1869 posse
1449 1790 1647 1853 homi-

116 1892 239 1933 nem
265 1874 430 1937 illum
462 1877 557 1939 sic
586 1881 925 1943 excitatum
964 1882 1200 1945 habere
1226 1883 1503 1963 aliquem
1536 1884 1647 1945 bo-

118 1984 245 2027 num
280 1986 455 2031 usum
508 1990 645 2033 suae
672 1974 975 2036 libertatis
995 2021 1017 2052 ‚
1051 1994 1239 2057 quem
1292 1976 1341 2037 si
1388 1976 1639 2049 habeat,

119 2060 603 2127 determinabitur
631 2073 694 2129 et
728 2068 1076 2132 elevabitur
1108 2088 1145 2131 a
1171 2070 1299 2133 Deo
1329 2069 1411 2131 ad
1458 2071 1645 2133 aliam

118 2153 463 2221 voluntatem
492 2162 1043 2239 supernaturalem
1068 2163 1397 2235 credendi;
1426 2165 1479 2227 si
1507 2164 1647 2245 quis

122 2250 387 2331 (inquam)
411 2252 499 2313 ita
528 2254 935 2335 respondeat,
980 2256 1047 2317 in
1071 2256 1253 2337 plura
1280 2256 1512 2321 incidet
1554 2258 1650 2319 in-

120 2345 433 2405 commoda.
462 2346 651 2419 Nam,
684 2353 754 2411 ut
790 2350 1075 2411 omittam
1106 2350 1239 2413 sine
1267 2368 1459 2411 causa
1504 2369 1649 2412 con-

120 2436 260 2497 stitui
284 2438 703 2504 differentiam
728 2442 893 2519 banc
920 2442 1083 2506 inter
1126 2449 1303 2505 actus
1328 2445 1649 2505 naturales

119 2534 167 2589 et
198 2532 722 2609 supernaturales,
752 2539 823 2596 ut
862 2532 1023 2599 infra
1062 2536 1416 2611 ostendam,
1446 2538 1647 2619 primo

118 2624 365 2701 sequitur
416 2645 494 2689 ex
554 2626 665 2689 illa
692 2626 995 2701 doctrina,
1028 2636 1173 2693 ante
1204 2638 1651 2713 supernatura-

116 2716 219 2776 lem
266 2718 653 2783 voluntatem
702 2720 995 2785 credendi
1024 2722 1313 2799 liberam,
1360 2742 1651 2785 necessa-

116 2810 247 2873 riam
288 2830 419 2875 esse
469 2814 669 2881 aliam
699 2815 975 2893 priorem
1002 2816 1389 2880 voluntatem
1416 2815 1649 2878 bonam

118 2906 452 2981 naturalem,
482 2907 664 2987 quod
690 2914 787 2973 est
804 2908 989 2989 plane
1017 2908 1279 2983 falsum3
1311 2909 1479 2989 quia,
1508 2928 1651 2988 sup-

117 3000 287 3077 posita
312 3000 671 3063 sufficiente
699 3003 901 3079 gratia
928 3002 1261 3076 excitante,
1300 3008 1505 3081 potest
1536 3004 1650 3065 ho-

116 3113 201 3153 mo
226 3094 581 3162 immediate
613 3096 992 3171 consentire,
1038 3102 1102 3160 et
1154 3096 1313 3163 vene
1361 3096 1643 3160 credere.

116 3187 393 3263 Secundo,
446 3188 743 3268 sequitur
788 3189 960 3252 illam
1012 3189 1363 3256 naturalem
1416 3190 1649 3255 bonam

118 3280 465 3344 voluntatem
536 3282 1027 3349 antecedentem
1076 3301 1215 3349 esse
1268 3282 1457 3348 veluti
1512 3283 1647 3344 ulti-

116 3389 255 3432 mam
302 3374 827 3454 dispositionem,
884 3375 963 3438 ad
1016 3393 1211 3456 quam
1250 3375 1651 3436 infallibiliter

117 3466 357 3542 sequitur
402 3468 509 3546 illa
576 3467 1012 3543 determinatio
1056 3468 1189 3544 Dei,
1246 3475 1309 3530 et
1363 3469 1649 3536 voluntas

116 3559 395 3636 credendi,
426 3560 1035 3645 quuchlngianum
1060 3568 1178 3635 est,
1212 3569 1277 3625 et
1302 3563 1647 3626 inauditum

116 3650 167 3709 in
188 3653 462 3738 Ecclesia.
489 3655 735 3733 Tertio,
766 3657 1049 3736 sequitur
1074 3657 1465 3719 voluntatem
1516 3673 1648 3720 cre·

118 3741 273 3806 dendi
300 3765 425 3820 non
440 3767 587 3814 esse
620 3747 889 3820 liberam
924 3749 1045 3819 nisi
1068 3749 1423 3823 radicaliter
1448 3749 1512 3811 in
1542 3747 1647 3810 illa

116 3837 395 3902 voluntate
432 3841 719 3906 naturali
744 3860 763 3914 ;
792 3841 963 3918 quia,
1007 3842 1111 3904 illa
1166 3842 1391 3922 posita,
1426 3840 1651 3903 infalli-

116 3927 289 3994 biliter
329 3934 581 4012 ponitur
608 3932 807 4015 motio
844 3934 1091 4007 Dei,.ex
1121 3953 1247 4016 qua
1292 3934 1649 4000 necessario

119 4027 481 4106 consequitur
533 4033 751 4114 metus
806 4029 967 4091 alius
1016 4029 1311 4114 hominis,
1369 4034 1437 4088 ut
1482 4045 1650 4108 saepe

118 4113 465 4200 declaratum
508 4127 647 4194 esu
682 4121 815 4190 hoc,
828 4127 1042 4206 autem
1090 4122 1279 4192 etiam
1306 4127 1403 4190 est
1428 4121 1651 4206 ,absur-

118 4207 401 4274 dissimum
430 4257 449 4286 ,
502 4215 657 4298 quia
710 4215 1061 4298 secundum
1118 4215 1311 4302 fidem
1364 4215 1651 4296 voluntas

118 4303 375 4368 credendi
398 4304 465 4368 in
494 4325 565 4368 se
592 4307 795 4372 libera
826 4313 942 4373 est.

182 4400 233 4456 7.
248 4399 457 4464 Altera
482 4403 689 4466 evasio
713 4402 1321 4486 improbatum—Nec
1346 4403 1649 4482 majorem

118 4491 687 4576 verisimilitudinem
727 4495 919 4578 habet
964 4495 1133 4582 quod
1159 4495 1417 4579 quidam
1452 4496 1647 4569 aiunt,
1688 4487 1693 4492 ’

118 4601 231 4644 esse
266 4585 327 4648 in
356 4593 667 4669 potestate
696 4588 967 4657 hominis
992 4589 1231 4674 babere
1260 4591 1424 4657 hanc
1450 4589 1652 4660 deter-

118 4676 489 4748 minationem
518 4699 559 4742 a
598 4681 917 4766 voluntate
953 4683 1099 4754 Dei,
1142 4701 1272 4747 non
1300 4683 1534 4765 aliquid
1559 4683 1653 4746 fa-

120 4768 332 4844 ciendo,
360 4779 429 4834 ut
462 4774 743 4840 rationes
768 4774 947 4855 factae
984 4776 1272 4861 probant,
1306 4777 1419 4849 sed
1458 4795 1653 4858 nega·-

122 4861 221 4922 tive
244 4881 305 4926 se
340 4865 655 4940 habendo,
688 4867 751 4948 id
786 4873 903 4941 est,
944 4869 1207 4952 sinendo
1246 4889 1315 4935 se
1350 4872 1587 4932 moveri
1614 4891 1651 4932 a

120 4954 399 5055 foluntate
427 4959 567 5034 Dei,
598 4979 754 5025 nam
776 4962 825 5024 si
868 4963 1059 5036 hemo
1100 4981 1169 5024 se
1198 4966 1435 5032 moveri
1464 4964 1649 5038 sinat,

120 5045 483 5114 infallibiliter
523 5055 1005 5136 praemovebitur
1034 5062 1099 5122 et
1138 5056 1653 5136 praedetermina-

120 5136 285 5213 bitur;
308 5150 399 5205 est
424 5151 637 5208 autem
655 5146 775 5210 hoc
800 5148 867 5218 in
892 5155 1197 5228 potestate
1222 5169 1341 5225 seu
1363 5149 1651 5212 libertate

120 5231 251 5308 ejuS,
278 5236 417 5314 quia
449 5257 581 5303 non
610 5241 809 5303 solum
838 5245 933 5316 est
954 5243 1143 5324 ho‘mo
1170 5243 1331 5306 liber
1357 5244 1437 5305 ad
1460 5262 1651 5326 agen-

120 5321 270 5400 dum,
310 5329 421 5392 sed
476 5332 665 5414 etiam
708 5334 792 5420 ad
836 5353 967 5420 non
1012 5337 1367 5417 agendum;
1400 5338 1485 5420 ad
1524 5355 1652 5398 non

120 5419 405 5521 agendum
449 5431 659 5488 autem
705 5446 835 5493 nou
872 5428 1112 5514 indiget
1148 5449 1311 5492 novo
1344 5449 1653 5494 concursu

121 5507 237 5584 Dei,
265 5515 402 5594 quia
430 5517 535 5587 illa
560 5521 811 5606 negatio
838 5521 993 5587 nihil
1024 5524 1297 5604 entitatis
1322 5525 1517 5600 addit,
1548 5524 1653 5591 vel

3169 368 3281 429 211

1725 480 2070 545 effectionis
2121 480 2434 559 positivam
2489 483 2552 540 et
2595 477 2736 539 ideo
2782 493 2990 555 neque
3039 475 3118 537 ad
3164 492 3294 540 non

1724 574 2043 654 agendum
2083 574 2320 655 indiget
2349 574 2536 636 homo
2581 572 2744 633 dicta
2783 569 3294 649 praedetermina-

1722 668 1893 731 tione
1939 668 2276 729 voluntatis
2317 666 2451 739 Dei,
2483 664 2652 745 quod
2679 683 2809 727 non
2848 663 3032 727 datur
3071 662 3194 723 nisi
3229 661 3295 723 in
3397 664 3408 673 '
3440 631 3451 643 ’

1726 760 1944 823 ordine
1971 761 2052 821 ad
2092 760 2421 841 positivum
2455 776 2860 829 concursum;
2897 762 2961 817 et
2987 755 3128 817 ideo
3159 774 3296 821 ces-

1729 862 1825 915 sat
1863 854 2122 919 ulterior
2158 872 2510 935 processus,
2545 857 2605 915 et
2635 850 2704 912 fit
2731 848 2909 931 quasi
2953 849 3170 909 ultima
3198 866 3297 909 re-

1728 948 1954 1009 solutio
1988 948 2070 1009 ad
2108 948 2470 1029 praedictam
2515 944 2941 1025 negationem,
2985 941 3290 1015 videlicet,

1724 1040 1917 1119 quod,
1957 1042 2008 1102 si
2053 1042 2240 1103 homo
2286 1059 2352 1103 se
2401 1039 2563 1101 sinat
2610 1034 3012 1101 determinari
3061 1054 3098 1095 a
3135 1035 3292 1106 Dee,

1726 1132 2272 1206 determinabitur3
2320 1140 2382 1197 et
2421 1152 2458 1195 6
2498 1150 2824 1203 converso,
2865 1128 3035 1209 quod
3077 1128 3128 1189 si
3168 1145 3295 1187 non

1728 1226 2202 1300 determinatur,
2230 1226 2373 1292 ideo
2407 1226 2466 1287 ei
2490 1226 2854 1307 imputatur,
2885 1220 3034 1301 quia
3075 1238 3202 1279 non
3230 1236 3296 1279 se

1728 1317 1872 1379 sinit
1900 1318 2304 1393 determinari
2332 1339 2370 1379 a
2410 1320 2562 1381 Deo.

1810 1411 2034 1475 Prima
2075 1414 2489 1477 ratim—Haec
2539 1429 2690 1473 vero
2729 1407 3090 1489 responsio,
3135 1411 3198 1468 et
3231 1405 3298 1466 in

1726 1505 1934 1587 primo
1973 1506 2133 1567 libro
2169 1523 2284 1585 pro
2325 1504 2490 1566 illius
2526 1502 2648 1565 loci
2688 1501 3154 1583 opportunitate
3175 1545 3192 1573 ,
3237 1504 3300 1558 et

1728 1600 1906 1677 quasi
1951 1618 2028 1661 ex
2076 1597 2520 1680 philosophicis
2563 1595 2878 1676 principiis
2929 1590 3298 1673 impugnata

1729 1697 1845 1765 est,
1867 1694 2053 1758 ethic
2079 1693 2260 1755 facile
2286 1691 2530 1755 ostendi
2545 1696 2750 1769 potest
2769 1707 2958 1773 quam
2983 1688 3062 1748 sit
3089 1686 3298 1759 aliena

1727 1804 1764 1845 a
1790 1786 2166 1867 Theologica
2187 1786 2472 1860 veritate,
2503 1793 2564 1847 et
2593 1790 2744 1864 quot
2769 1782 3063 1853 absurda,
3095 1798 3178 1841 ne
3203 1779 3299 1840 di-

1726 1898 1866 1941 cam
1908 1880 2335 1953 incommoda,
2381 1898 2458 1941 ex
2487 1878 2588 1939 illa
2626 1884 2986 1956 sequantur.
3021 1874 3299 1935 Primum

1728 1991 1878 2053 ergo
1921 1974 2238 2051 interrogo
2282 1990 2421 2050 quae
2462 1974 2539 2033 sit
2580 1972 2683 2032 illa
2721 1969 2972 2050 negatio
2994 2014 3008 2039 ‚
3055 1967 3298 2027 ratione

1730 2068 1908 2147 cujus
1936 2066 2158 2129 dicitur
2186 2066 2473 2128 voluntas
2497 2084 2563 2127 se
2592 2066 2794 2149 sinere
2809 2062 3044 2125 moveri
3078 2080 3115 2120 a
3134 2061 3293 2130 Deo;

1729 2179 1881 2225 nam
1910 2160 1961 2225 si
1989 2166 2082 2225 est
2110 2160 2362 2237 negatio
2386 2176 2586 2231 mera,
2611 2158 2874 2237 alicujus
2913 2153 3159 2235 positivi
3184 2170 3297 2213 ne-

1730 2255 1899 2335 gatio
1941 2260 2064 2325 est;
2118 2252 2235 2313 erit
2288 2271 2441 2331 ergo
2483 2250 2733 2331 negatio
2787 2249 3048 2329 alicujus
3097 2250 3298 2318 actuS,

1732 2348 1839 2428 qui
1882 2347 1960 2408 sit
1985 2346 2050 2406 in
2079 2349 2386 2425 potestate
2419 2344 2793 2416 voluntatis;
2833 2343 2979 2423 quia
3011 2358 3154 2403 cum
3193 2338 3300 2399 illa

1731 2440 1981 2522 negatio
2010 2440 2252 2501 dicatur
2279 2458 2416 2505 esse
2445 2438 2664 2511 libera,
2693 2441 2939 2517 oportet
2963 2441 3030 2495 ut
3052 2432 3300 2513 opposi-

1732 2542 1831 2598 tus
1864 2540 2042 2595 actus
2073 2533 2150 2595 sit
2191 2533 2256 2596 in
2285 2534 2587 2611 potestate
2618 2529 2974 2592 voluntatis·
3008 2528 3118 2589 Vel
3147 2544 3298 2607 ergo

1728 2630 1833 2689 ille
1860 2632 2037 2689 actus
2064 2632 2160 2687 est
2188 2626 2416 2698 bonus,
2444 2624 2544 2687 vel
2574 2622 2778 2685 malus
2807 2642 2820 2681 ε
2853 2622 2904 2681 si
2940 2620 3168 2687 bonus,
3201 2637 3301 2681 se-

1732 2722 1946 2802 quitur
1994 2720 2412 2781 determinare
2455 2721 2655 2781 Deum
2700 2718 3083 2779 voluntatem
3133 2712 3300 2773 illius

1731 2816 2004 2879 hominis
2051 2814 2132 2879 ad
2181 2813 2588 2884 credendum,
2639 2812 2786 2891 quia
2828 2828 2956 2869 non
3006 2811 3301 2887 operatur

1731 2909 1921 2975 alium
1965 2913 2174 2972 actum
2215 2907 2475 2980 bonum,
2509 2904 2678 2985 quod
2717 2902 3068 2965 ridiculum·
3091 2905 3205 2973 est,
3239 2904 3300 2959 et

1731 3018 1919 3064 nemo
1958 3000 2152 3073 dicet;
2200 3001 2252 3061 si
2297 3018 2450 3061 vero
2495 3001 2575 3061 sit
2620 3004 2796 3064 actus
2850 2996 3294 3073 ω61υ5,·6ι·ςο,

1731 3096 1976 3176 quoties
1999 3094 2103 3156 ille
2131 3094 2344 3170 home,
2367 3113 2442 3156 eo
2464 3099 2746 3174 tempore
2768 3109 2891 3172 quo
2917 3088 3302 3152 sufficienter

1732 3191 2036 3253 excitatur
2062 3189 2143 3250 ad
2177 3188 2583 3261 credendum,
2615 3205 2742 3256 non
2777 3184 3104 3246 committit
3130 3180 3302 3243 aliud

1730 3288 2084 3363 peccatum,
2113 3281 2518 3342 infallibiliter
2547 3278 3065 3342 determinabitur
3093 3293 3130 3336 a
3166 3275 3296 3336 Deo

1734 3383 1799 3437 ut
1822 3375 1970 3437 velit
1988 3361 2276 3446 crddere;
2303 3391 2694 3452 consequens
2719 3378 2928 3434 autem
2957 3375 3052 3432 est
3071 3368 3302 3430 falsum

1733 3475 1795 3530 et
1828 3475 2048 3530 contra
2074 3468 2424 3528 doctrinam
2453 3467 2624 3538 siden
2657 3472 2862 3546 potest
2893 3464 3060 3528 enim
3088 3464 3166 3536 is„
3199 3461 3302 3522 cui

1730 3562 2112 3624 sufficienter
2141 3561 2300 3622 fides
2329 3562 2718 3642 proponitur,
2749 3577 3010 3640 peccare
3041 3560 3300 3636 peccato

1730 3655 2112 3717 infidelitatis
2151 3654 2422 3720 nolendo
2463 3654 2743 3728 credere,
2777 3653 3017 3716 etiamsi
3057 3651 3300 3712 nullum

1731 3747 1901 3810 aliud
1937 3754 2264 3828 peccatum
2308 3754 2524 3810 contra
2569 3749 2756 3810 aliam
2787 3747 2994 3827 legem
3024 3746 3302 3808 commit-

1730 3849 1842 3904 tat.

1810 3937 1871 4000 8.
1924 3935 2208 4000 Secunda
2232 3936 2418 4012 ναίω.
2450 3966 2531 3979 -
2569 3935 2832 4020 Deinde,
2866 3941 2998 3995 esto
3027 3933 3108 3994 ad
3131 3933 3300 3996 illam

1730 4031 2132 4112 negationem
2179 4047 2308 4103 non
2351 4029 2432 4091 sit
2463 4028 2816 4094 necessaria
2851 4027 3113 4108 positiva
3143 4044 3302 4108 prae-

1732 4123 2167 4206 determinatio
2218 4122 2354 4196 Dei,
2405 4128 2654 4202 tamen,
2711 4127 3168 4202 consequenter
3208 4119 3304 4180 lo-

1731 4217 2010 4296 quendo,
2041 4217 2106 4278 in
2146 4215 2428 4296 opposita
2471 4215 2777 4292 sententia
2813 4222 2908 4276 est
2945 4213 3301 4277 necessaria

1730 4310 2010 4392 carentia
2061 4308 2728 4390 praedeterminationis
2773 4309 2884 4372 Dei
2941 4307 3024 4368 ad
3091 4313 3301 4368 actum

1730 4403 1816 4465 illi
1844 4402 2168 4482 negationi
2196 4402 2576 4482 oppositum,
2609 4402 2693 4463 ita
2721 4409 2812 4476 ut,
2845 4402 3001 4483 sicut
3027 4400 3304 4465 affirma-

1731 4497 1819 4561 tio
1858 4502 1955 4559 est
1985 4513 2174 4558 causa
2225 4495 2292 4565 in
2335 4512 2452 4562 suo
2493 4513 2728 4574 genere
2771 4495 3097 4574 adaequata
3135 4493 3304 4554 affir-

1730 4588 2048 4660 mationis,
2096 4586 2360 4660 scilicet,
2412 4588 2560 4668 quia
2611 4589 2799 4654 homo
2839 4588 2971 4650 vult
3020 4588 3086 4650 id
3132 4585 3306 4668 quod

1734 4683 1896 4750 Deus
1939 4682 2068 4754 vult
2107 4687 2174 4742 et
2211 4680 2359 4743 facit
2389 4699 2536 4744 eum
2576 4682 2770 4756 velle,
2797 4683 2886 4744 ita
2911 4701 2948 4744 e
2987 4681 3300 4744 contrario

1732 4776 1984 4857 negatio
2014 4775 2092 4836 sit
2119 4793 2310 4843 causa
2339 4775 2713 4856 negationis,
2754 4775 2902 4855 quia
2937 4777 3128 4838 homo
3158 4773 3302 4836 ideo

1732 4887 1863 4931 non
1899 4869 2032 4930 vult
2067 4868 2322 4948 aliquid,
2355 4869 2502 4948 quia
2529 4869 2692 4934 Deus
2719 4886 2848 4931 non
2875 4868 3303 4950 praedetermi-

1734 4965 1844 5022 nat
1870 4961 2070 5032 illum,
2096 4979 2214 5024 nec
2245 4960 2392 5037 facit
2420 4977 2566 5022 eum
2595 4961 2777 5024 velle.
2806 4963 2968 5045 Ergo
2998 4959 3305 5044 quidquid

1734 5055 1976 5116 dicatur
2003 5056 2192 5119 homo
2219 5075 2348 5117 non
2385 5055 2544 5119 velle
2571 5073 2684 5136 per
2707 5054 2880 5116 illam
2905 5056 3304 5134 negationem

1734 5165 1861 5226 qua
1900 5165 1970 5212 se
2014 5147 2160 5210 sinit
2185 5149 2422 5211 moveri
2456 5167 2495 5209 a
2537 5150 2690 5222 Deo,
2719 5148 2859 5208 ideo
2893 5167 2964 5210 se
3007 5149 3094 5210 ita
3133 5148 3300 5220 sinit,

1738 5241 1883 5318 quia
1929 5259 2060 5314 non
2106 5242 2683 5319 praedetemxinatur
2738 5260 2776 5304 a
2810 5242 2944 5308 Deo
2990 5241 3072 5304 ad
3112 5241 3304 5302 alium

1739 5340 1982 5408 actum3
2013 5337 2134 5396 boc
2161 5341 2370 5398 autem
2401 5337 2628 5416 ipsum,
2659 5336 2914 5409 scilicet,
2941 5353 3067 5396 non
3097 5333 3306 5395 deter-

1738 5429 1987 5504 minari,
2017 5447 2147 5490 non
2187 5435 2282 5492 est
2321 5429 2588 5490 liberum
2637 5429 2900 5504 homini,
2943 5428 3090 5506 quia
3130 5432 3224 5488 est
3267 5445 3305 5484 a

1740 5523 1874 5584 solo
1916 5525 2071 5598 Deo,
2107 5528 2172 5586 et
2217 5541 2294 5585 ex
2321 5522 2456 5594 sola
2498 5521 2818 5602 voluntate
2866 5522 3002 5605 ejus
3045 5518 3304 5608 omniuo
