3850 6225
539 482 650 545 sed
701 478 938 560 requiri
985 476 1174 537 aliam
1215 474 1610 537 ferventioris
1641 471 2061 551 dispositionis
2082 516 2097 543 ,

538 577 718 655 cnjus
745 572 1084 635 Concilium
1105 587 1234 631 non
1259 569 1562 639 meminit,
1595 574 1656 629 et
1685 566 1930 637 meritc,
1953 565 2101 644 quia

537 669 602 729 in
627 668 942 747 Scriptura
976 670 1038 726 et
1061 662 1345 723 Patribus
1387 662 1628 721 nullum
1656 659 1846 739 habet
1878 658 2101 718 funda·

537 768 844 823 mentum.
891 760 1046 829 Imo,
1086 774 1294 835 neque
1349 756 1398 815 si
1457 754 1769 817 rationem
1818 756 2103 829 expecte-

538 874 702 929 muS,
739 854 1012 934 aliquam
1042 852 1234 913 habet
1278 851 1428 911 satis
1471 846 1894 928 probabilem3
1927 863 2099 915 nam,

540 956 607 1011 ut
648 968 838 1029 supra
871 948 1180 1017 dicebam,
1237 944 1406 1023 qnod
1459 942 1684 1021 aliquis
1731 960 1814 1001 ex
1861 938 2103 1019 justitia

537 1044 790 1115 meruit,
831 1043 964 1121 jam
1017 1038 1164 1099 fecit
1211 1038 1362 1099 illud
1410 1054 1626 1109 suum,
1671 1040 1734 1095 et
1777 1033 1917 1093 ideo
1974 1049 2101 1091 non

541 1142 786 1217 oportet
813 1140 883 1195 ut
911 1132 1178 1211 amplius
1205 1130 1470 1201 laboret,
1523 1136 1630 1189 aut
1679 1144 1746 1187 se
1809 1126 2102 1203 disponat

539 1230 620 1291 ad
651 1229 804 1290 illud
827 1225 1280 1305 recipiendum,
1314 1223 1428 1284 sed
1466 1222 1666 1283 solum
1701 1226 1770 1279 ut
1797 1218 1876 1279 sit
1903 1236 2102 1296 capax

539 1324 798 1405 praemii,
833 1323 1015 1401 eique
1045 1318 1288 1379 nullum
1317 1334 1549 1377 novum
1577 1312 2101 1393 impedimentum

539 1418 812 1497 objiciat.
851 1418 960 1493 (De
1007 1414 1228 1474 merito
1277 1418 1530 1471 actuum
1557 1409 1988 1479 remissorum,
2020 1405 2103 1465 vi-

539 1513 618 1573 de
670 1513 1038 1579 Bonavent.,
1091 1507 1156 1567 in
1197 1508 1259 1577 2,
1315 1503 1584 1565 distinct.
1651 1504 1754 1573 40,
1807 1500 1981 1560 artic.
2038 1500 2097 1569 3,

539 1609 756 1683 quaest.
801 1606 874 1674 23
907 1607 970 1661 et
997 1598 1264 1661 Conrad.
1313 1601 1367 1657 1.
1401 1598 1464 1669 2,
1490 1614 1554 1674 q.
1584 1596 1724 1669 114,
1757 1598 1873 1653 art.
1903 1593 1981 1665 83
2019 1590 2103 1651 vi-

539 1699 768 1758 dentur
793 1694 964 1755 enim
991 1692 1143 1753 illud
1167 1692 1449 1771 negare.)

537 1953 932 2035 Rependitur
983 1949 1470 2013 adversariorum
1509 1946 1672 2009 ratio
1717 1945 1786 2008 de
1841 1943 2099 2025 disposi-

1019 2044 1174 2105 tione
1201 2043 1283 2105 ad
1313 2039 1602 2125 qratiam.

623 2256 718 2316 16.
769 2252 948 2325 Quod
987 2259 1287 2331 praeterea
1337 2256 1508 2331 patet
1551 2248 1961 2329 expendendo
2002 2267 2103 2309 ra-

537 2348 774 2411 tionem
817 2346 982 2407 illam
1015 2346 1094 2406 de
1123 2345 1568 2424 dispositione;
1603 2361 1752 2403 nam
1793 2342 1875 2403 ad
1927 2341 2101 2401 liabi-

538 2442 774 2503 tualem
815 2440 1078 2519 gratiam
1131 2438 1558 2517 recipiendam
1581 2482 1596 2510 ,
1657 2454 1876 2497 revera
1930 2435 2103 2495 nulla

538 2534 878 2615 requiritur
903 2532 1227 2612 dispositio
1259 2531 1518 2611 physica
1539 2576 1554 2603 ‚
1589 2531 1737 2609 quia
1787 2536 1882 2589 est
1911 2527 2102 2589 veluti

537 2628 738 2708 prima
769 2627 966 2689 forma
993 2627 1056 2687 in
1083 2626 1186 2687 illo
1215 2624 1456 2697 ordine,
1485 2644 1620 2703 quse
1651 2623 1888 2684 nullam
1913 2622 2102 2683 aliam

536 2722 796 2801 requirit
833 2720 898 2782 in
935 2740 1048 2781 suo
1097 2719 1384 2798 proximo
1422 2719 1702 2797 subjecto
1725 2761 1741 2790 ‚
1771 2716 1834 2777 id
1881 2722 1999 2789 est,
2036 2715 2101 2775 in

539 2815 884 2877 substantia
913 2814 1168 2885 animae3
1199 2813 1262 2871 in
1293 2812 1584 2890 potentiis
1605 2817 1816 2871 autem
1844 2808 2104 2889 requirit

539 2910 819 2979 virtutcS,
855 2926 980 2967 non
1026 2913 1152 2966 tam
1203 2911 1272 2965 ut
1321 2904 1759 2983 dispositiones
1815 2903 2097 2981 praeviae,

539 3020 728 3081 quam
757 3007 827 3061 nt
851 3000 1160 3078 potentias
1189 3004 1648 3076 consequentes
1673 3017 1687 3066 ;
1729 2998 1856 3057 imo
1897 3004 1959 3057 et
1990 2997 2103 3057 vir-

539 3102 702 3158 tutes
727 3094 742 3155 i
751 3113 876 3174 psae
905 3092 1323 3172 potentiarum
1345 3092 1637 3172 physicas
1665 3090 2103 3169 dispositiones

539 3189 604 3250 in
633 3189 722 3248 eis
749 3205 877 3248 non
913 3185 1392 3265 paerequirunt,
1441 3186 1598 3246 sicut
1625 3204 1832 3264 neque
1857 3185 1959 3244 alii
1992 3185 2103 3244 ha-

539 3281 728 3354 bitus,
765 3297 1036 3358 quorum
1061 3285 1350 3339 naturam
1390 3284 1449 3339 et
1493 3279 1850 3358 genericam
1887 3295 2101 3340 essen-

539 3374 694 3436 tiam
735 3372 1132 3453 participant,
1181 3371 1280 3432 vel
1319 3372 1480 3432 sicut
1507 3373 1800 3450 potentiae
1837 3389 1997 3450 quas
2026 3389 2101 3432 ex

541 3473 720 3546 parte
745 3465 1088 3528 imitantur.
1115 3467 1320 3542 Atque
1351 3465 1434 3526 ita
1469 3465 1738 3530 vidimus
1761 3464 2103 3526 infantibus

539 3559 784 3621 infundi
813 3559 1078 3640 gratiam
1123 3563 1183 3618 et
1225 3558 1482 3620 virtutes
1508 3558 1646 3618 sine
1673 3557 1801 3618 ulla
1841 3557 2105 3636 disposi-

541 3655 736 3726 tione,
770 3669 912 3712 cum
963 3657 1177 3712 tamen
1223 3649 1326 3712 illa
1373 3650 1624 3725 infusio,
1657 3655 1971 3731 quatenns
2010 3655 2103 3710 est

541 3747 828 3826 quaedam
857 3745 1017 3806 actio
1059 3743 1248 3805 realis
1287 3749 1350 3804 et
1377 3745 1658 3824 physica,
1685 3763 1812 3805 non
1837 3743 1949 3804 fiat
1974 3761 2103 3804 mo-

543 3838 624 3900 do
659 3838 1152 3916 praeternaturali
1197 3837 1302 3898 tali
1337 3836 1572 3900 formae.
1599 3839 1814 3900 Solum
1845 3849 1997 3917 ergo
2038 3838 2101 3898 in

541 3931 770 3992 adultis
819 3930 1160 4008 requiritur
1211 3929 1532 4008 dispositio
1569 3930 1824 3992 moralis
1879 3949 2102 3992 secun-

541 4025 692 4086 dum
721 4024 996 4086 divinam
1021 4022 1502 4098 ordinationem,
1526 4042 1665 4102 quae
1697 4043 1824 4084 non
1851 4042 2102 4103 semper

543 4122 640 4180 est
665 4118 922 4190 eadem3
954 4135 1103 4176 nam
1151 4117 1271 4176 alia
1317 4117 1636 4196 dispositio
1682 4136 1850 4180 nunc
1901 4118 1963 4178 in
2006 4135 2101 4178 sa-

541 4212 876 4274 cramentis
905 4212 1152 4283 sufficit,
1175 4230 1363 4289 quam
1386 4219 1558 4273 extra
1587 4212 1692 4272 illa
1717 4211 2096 4288 requiratur;

543 4313 606 4366 ct
635 4305 752 4366 alia
786 4305 1050 4384 exigitur
1079 4305 1144 4364 in
1171 4323 1246 4366 eo
1276 4307 1380 4384 qui
1409 4307 1756 4367 mortaliter
1797 4305 2095 4384 peccavit,

543 4399 842 4468 uliavero
881 4399 945 4458 in
975 4417 1051 4461 eo
1077 4399 1184 4477 qui
1213 4417 1342 4460 non
1371 4399 1458 4460 sic
1499 4399 1796 4477 peccavit.
1829 4399 2023 4478 Igitur
2040 4398 2105 4458 in

545 4495 660 4552 hac
689 4492 1091 4571 dispositione
1139 4511 1266 4554 non
1305 4499 1400 4554 est
1447 4511 1706 4554 necesse
1751 4499 1967 4554 exacte
2001 4491 2105 4552 ob-

545 4585 775 4646 servari
808 4586 976 4646 illam
1005 4587 1292 4665 regulam
1331 4587 1678 4665 physicam,
1703 4586 1872 4665 quod
1899 4586 2105 4646 inten—

545 4681 638 4740 sio
677 4679 926 4739 habitus
953 4679 1052 4739 vel
1087 4679 1303 4740 formae
1335 4698 1657 4759 nunquam
1704 4679 1966 4742 excedat
2011 4678 2107 4738 in—

543 4772 892 4833 tensionem
923 4778 1098 4832 actus
1125 4773 1224 4834 vel
1249 4773 1692 4852 dispositionis,
1723 4774 1869 4852 quia
1893 4773 1957 4832 in
1986 4772 2107 4832 dis—

543 4865 852 4944 positione
897 4866 1120 4926 morali
1167 4866 1307 4946 plus
1350 4865 1584 4927 attendi
1630 4867 1818 4927 debet
1851 4866 2107 4926 moralis

543 4958 720 5020 valor
767 4957 868 5020 vel
921 4958 1058 5018 aliae
1111 4960 1384 5020 morales
1445 4959 1832 5020 conditiones
1889 4964 2099 5033 actus,

543 5069 736 5132 quam
776 5052 908 5112 sola
935 5051 1192 5130 physica
1231 5053 1522 5114 intensio.
1555 5052 1732 5116 Unde
1770 5052 2105 5112 verisimile

545 5152 663 5221 est,
697 5147 747 5206 si
772 5146 984 5218 homo,
1016 5146 1315 5206 contritus
1335 5151 1404 5207 ut.
1424 5152 1712 5224 quatuor,
1733 5145 2107 5224 justificetur

543 5261 660 5320 per
701 5245 1184 5311 sacramentnm,
1215 5239 1624 5300 intensiorem
1655 5239 1920 5319 gratiam
1946 5238 2105 5298 reci-

544 5353 694 5414 pere
721 5351 912 5412 quam
941 5338 1011 5394 ut
1036 5339 1338 5412 quatum—3
1363 5351 1533 5407 nam,
1563 5332 1614 5393 si
1641 5332 1878 5411 absque
1903 5351 2107 5394 sacra·-

544 5433 758 5488 mcnto
779 5425 1248 5505 justificaretur,
1287 5425 1444 5486 forte
1491 5426 1798 5504 reciperet
1839 5425 2106 5505 gratiam

543 5527 614 5581 ut
661 5531 930 5599 quatuor
957 5519 1260 5597 aequalem
1310 5537 1436 5582 suae
1497 5519 1892 5592 contritioni;
1954 5538 2104 5600 ergo

1107 370 1315 429 OPUSC.
1353 374 1412 428 V.
1447 370 1752 427 nent-:erto
1785 374 1864 427 DE
1895 366 2371 425 RssvtvtscEN‘nA
2406 364 2786 425 MERITORUU.
2826 367 3065 423 msrur.
3102 370 3165 423 11.

2183 488 2325 531 cum
2386 474 2779 531 sacramento
2819 469 3125 547 majorem
3169 473 3439 553 accipiet
3460 518 3477 547 ,
3520 472 3725 549 illaque

2182 564 2503 645 dispositio
2533 565 2865 643 conjuncta
2894 572 3313 641 sacramento,
3350 568 3496 630 licet
3520 586 3641 627 non
3664 568 3728 627 sit
3815 592 3817 649 2

2184 658 2441 739 physice
2494 656 2819 728 intensior,
2853 664 3145 719 censetur
3192 660 3523 723 moraliter
3556 662 3729 738 major
3815 652 3817 725 ῗ

2184 760 2247 817 et
2290 755 2625 834 potentior,
2675 752 2777 813 vel
2822 758 2989 813 certe
3024 753 3235 833 ipsum
3286 764 3729 817 sacramentum
3815 744 3817 747 ⁵

2184 868 2261 910 ex
2291 850 2515 909 virtute
2548 848 2913 907 meritorum
2944 848 3172 909 Christi
3196 857 3293 911 est
3321 870 3527 913 causa
3546 858 3731 928 poten-
3815 870 3817 933 ὲ

2182 943 2305 1003 tior
2342 942 2425 1003 ad
2463 940 2887 1003 inducendam
2940 942 3244 1020 majorem
3290 943 3573 1003 formam
3616 962 3731 1003 eum
3815 940 3817 993 ἶ

2186 1036 2409 1097 eadem
2440 1034 2875 1113 dispositione;
2912 1036 3059 1112 quia
3102 1054 3247 1096 cnm
3278 1036 3387 1097 illa
3434 1036 3731 1115 dispositio
3815 1046 3817 1105 ξ

2182 1148 2311 1191 non
2341 1129 2695 1207 requiratur
2718 1146 2799 1188 ex
2826 1128 3087 1206 physica
3116 1132 3503 1193 necessitate
3524 1131 3729 1205 formae,

2182 1225 2297 1286 sed
2338 1244 2413 1285 ex
2453 1224 2727 1303 quadam
2756 1224 3129 1299 moralitate,
3178 1227 3343 1287 hane
3376 1226 3575 1287 facile
3620 1246 3731 1306 sup-
3815 1258 3817 1267 =

2183 1319 2315 1397 plet
2350 1325 2411 1379 et
2444 1324 2699 1396 superat
2734 1317 2908 1377 valor
2936 1316 3069 1395 ipse
3108 1320 3487 1381 meritorum
3516 1319 3730 1379 Christi.
3815 1374 3817 1393 ἰ

2184 1412 2283 1475 Sic
2314 1431 2465 1487 ergo
2500 1411 2561 1471 in
2588 1411 2907 1490 praesenti,
2934 1413 3223 1489 quamvis
3262 1418 3449 1473 aetus
3478 1413 3599 1491 ipsi
3632 1432 3733 1473 non
3815 1402 3817 1405 ’

2184 1507 2309 1567 sint
2346 1503 2602 1583 physice
2644 1504 3049 1577 intensioreS,
3094 1506 3175 1565 ob
3221 1506 3515 1567 valorem
3562 1508 3735 1567 meriti

2184 1614 2375 1675 quem
2426 1596 2679 1665 habent,
2725 1598 3043 1676 supplent,
3092 1599 3190 1659 vel
3230 1600 3446 1678 potius
3494 1600 3737 1661 induunt
3815 1650 3817 1671 :

2184 1692 2488 1751 rationem
2531 1689 2952 1768 dispositionis
2980 1692 3237 1753 moralis
3266 1692 3661 1755 sufficientis.
3686 1707 3737 1753 ut

2180 1789 2441 1863 propter
2486 1801 2627 1843 eam
2676 1782 2859 1843 detur
2916 1784 3219 1845 intensior
3268 1786 3535 1847 habitus
3574 1804 3739 1863 quam
3815 1856 3817 1869 ι

2182 1878 2409 1955 aliquis
2436 1876 2501 1935 in
2542 1877 2640 1935 via
2674 1878 2923 1950 meruit,
2959 1878 3105 1939 licet
3132 1878 3243 1937 fiat
3278 1880 3543 1941 habitus
3572 1880 3743 1939 inten-

2184 1969 2311 2031 sior
2336 1988 2521 2049 quam
2554 1969 2786 2030 fuerint
2826 1978 3005 2031 actus
3030 1971 3372 2045 meritorii;
3404 1974 3549 2035 sine
3574 1992 3743 2033 causa

2182 2082 2333 2142 ergo
2362 2062 2711 2140 postulatur
2726 2070 2792 2125 ut
2820 2065 3076 2125 omnino
3093 2068 3463 2127 necessaria
3474 2067 3559 2127 ad
3574 2069 3745 2127 talem

2184 2157 2475 2217 effectum
2508 2156 2631 2217 alia
2656 2156 2979 2237 dispositio
3002 2176 3119 2237 per
3140 2166 3358 2221 actum
3378 2160 3647 2239 physice
3672 2160 3745 2219 in·

2182 2251 2549 2310 tensiorem.
3815 2244 3817 2253 '

2270 2346 2364 2403 17.
2412 2344 2486 2404 Et
2540 2343 2971 2417 confirmatur-3
3033 2364 3207 2419 nam,
3266 2346 3321 2407 si
3360 2364 3512 2407 cum
3559 2346 3747 2425 rigore

2184 2436 2489 2497 servanda
2534 2444 2699 2497 esset
2754 2440 3071 2516 proportio
3114 2438 3277 2499 inter
3342 2438 3747 2499 intensionem

2182 2536 2359 2591 actus
2384 2534 2445 2590 et
2465 2530 2735 2601 habituS,
2762 2532 3003 2591 etiamsi
3034 2532 3225 2593 homo
3254 2532 3545 2611 prodiret
3570 2533 3635 2591 in
3664 2550 3747 2591 ae·
3815 2558 3817 2563 ·

2182 2627 2317 2685 tum
2364 2623 2763 2683 intensiorem
2786 2668 2807 2697 ‚
2858 2642 3187 2703 nunquam
3244 2624 3569 2685 obtineret
3618 2624 3747 2683 illud
3815 2616 3817 2691 j

2182 2717 2501 2796 peculiare
2540 2724 2955 2795 augmentum
2995 2719 3211 2797 gratiae
3236 2762 3251 2789 ,
3304 2718 3486 2797 qnod
3516 2736 3631 2797 per
3666 2736 3749 2777 re-

2182 2811 2407 2871 missos
2455 2814 2631 2869 actus
2684 2816 3023 2872 meruerat.
3074 2812 3248 2872 Patet
3290 2813 3586 2889 sequela,
3618 2812 3747 2888 quia

2184 2903 2372 2963 etiam
2408 2909 2551 2963 tunc
2580 2901 2847 2963 intensio
2890 2904 3143 2965 habitus
3171 2922 3305 2965 non
3360 2904 3628 2965 deberet
3658 2923 3751 2965 ex·

2186 2996 2411 3057 cedere
2454 2995 2870 3057 intensionem
2900 2996 3064 3057 illius
3114 3006 3293 3059 actus
3335 2997 3747 3059 ferventioris,

2184 3096 2253 3151 ut
2268 3090 2371 3150 illa
2390 3089 2705 3169 proportio
2730 3097 3033 3169 perpetuo
3056 3097 3373 3164 servetur3
3396 3097 3533 3152 tota
3552 3098 3751 3152 autem

2182 3185 2289 3244 illa
2310 3183 2577 3248 intensio
2600 3183 2850 3244 habitus
2870 3185 3321 3264 correspondet
3340 3185 3433 3244 illi
3458 3186 3631 3246 actui
3650 3185 3751 3244 l'er·
3815 3235 3817 3250 .

2183 3279 2445 3340 ventiori
2476 3279 2715 3358 absque
2740 3279 2965 3342 merito
2982 3279 3479 3359 praecedentium
3508 3289 3748 3342 actuum

2182 3373 2625 3445 remissorum;
2662 3390 2814 3451 ergo
2854 3372 3097 3434 fructus
3134 3373 3305 3434 illins
3340 3374 3561 3436 meriti
3608 3394 3751 3434 nun-
3815 3437 3817 3444 ,

2182 3483 2375 3544 quam
2416 3465 2820 3528 obtinebitur.
2856 3466 2989 3538 Quo
3038 3473 3419 3547 argumento
3474 3469 3747 3530 convicti.

2184 3559 2379 3637 aliqui
2408 3565 2644 3638 negant
2692 3559 2811 3620 hoc
2846 3559 3139 3620 meritum
3182 3565 3449 3620 actuum
3476 3561 3753 3620 remisso·

2184 3671 2363 3725 rum;
2398 3652 2501 3712 alii
2531 3671 2681 3714 vero
2720 3653 2799 3714 de
2828 3653 2962 3714 solo
2996 3653 3174 3713 titulo
3202 3653 3361 3714 illud
3394 3654 3745 3716 admittunt,

2184 3745 2487 3818 dicentes,
2552 3763 2682 3806 non
2732 3746 2960 3808 mereri
3014 3763 3249 3808 novum
3312 3754 3745 3826 augmentum,
3815 3779 3817 3834 3

2184 3840 2297 3902 sed
2324 3841 2493 3902 idem
2522 3859 2685 3902 novo
2710 3841 2923 3914 titulo;
2962 3844 3303 3919 utrumque
3332 3847 3557 3902 autem
3588 3841 3748 3902 valde
3815 3869 3817 3918 j

2182 3933 2411 3994 falsum
2440 3939 2555 4008 est,
2592 3938 2659 3994 ut
2698 3933 2763 3994 in
2808 3935 3008 4013 prima
3040 3934 3319 3996 sectione
3362 3935 3645 3996 ostendi.
3689 3936 3745 3994 ln

2182 4045 2257 4088 eo
2310 4045 2461 4106 ergo
2502 4045 2649 4087 casu
2697 4044 2955 4088 necesse
2986 4035 3082 4088 est
3118 4026 3301 4088 fateri
3332 4027 3745 4088 intensionem
3815 4021 3817 4092 J

2184 4121 2431 4181 habitus
2480 4119 2781 4182 excedere
2839 4121 3258 4182 intensionem
3290 4123 3631 4201 physicam
3658 4141 3747 4180 ae·

2181 4219 2283 4275 tus
2329 4233 2441 4275 seu
2498 4213 2938 4292 dispositionis,
2990 4216 3117 4276 Nec
3166 4218 3375 4292 potest
3426 4215 3553 4276 alia
3604 4216 3747 4276 ratio

2182 4307 2389 4384 reddi,
2412 4309 2531 4368 nisi
2558 4307 2706 4386 quia
2732 4309 3025 4369 meritum
3055 4308 3259 4387 ipsum
3298 4328 3419 4388 per
3444 4328 3519 4371 se
3550 4317 3653 4371 est
3678 4309 3750 4368 ef·
3815 4309 3817 4334 ³

2182 4401 2345 4461 ficax
2372 4401 2453 4460 ad
2490 4401 2883 4479 operandum
2918 4401 2979 4462 in
3021 4401 3303 4480 subjecto
3354 4402 3449 4462 sic
3488 4401 3749 4480 disposi-
3815 4405 3817 4440 ⁵

2184 4500 2271 4568 tc,
2302 4494 2400 4554 vel
2430 4496 2579 4572 quia
2622 4494 2727 4554 illa
2766 4495 3058 4566 intensio,
3086 4501 3155 4555 ut
3184 4495 3525 4573 conjuncta
3572 4493 3747 4556 valeri
3815 4483 3817 4544 ἶ

2184 4587 2427 4656 meriti,
2474 4592 2767 4648 censetur
2808 4588 3125 4649 moraliter
3176 4587 3454 4650 nobilior
3494 4589 3749 4668 disposi-

2186 4681 2305 4751 tio;
2352 4697 2503 4759 ergo
2546 4680 2771 4740 eadem
2808 4681 3049 4742 ratione
3092 4681 3207 4759 ipsi
3258 4686 3439 4742 actus
3482 4681 3742 4747 remissi,
3815 4705 3817 4736 ;

2186 4780 2443 4854 propter
2471 4774 2773 4834 moralem
2800 4774 3076 4834 valorem
3104 4792 3295 4852 quem
3321 4775 3591 4846 habent,
3624 4793 3747 4852 pos-

2188 4874 2335 4930 sunt
2354 4867 2639 4928 sufficere
2662 4866 2739 4928 ad
2766 4867 3129 4945 praedictum
3158 4867 3483 4940 effectum,
3514 4867 3749 4930 etiamsi
3815 4859 3817 4882 ²

2188 4961 2327 5024 talis
2356 4962 2657 5022 intensior
2686 4965 2863 5022 actus
2890 4981 3217 5041 nunquam
3242 4963 3311 5022 in
3348 4963 3473 5022 hae
3500 4963 3631 5024 vita
3660 4963 3751 5020 ha·

2186 5055 2435 5116 beatur.

2278 5149 2369 5208 18.
2415 5148 2827 5228 Impuynatwr
2870 5163 2945 5210 em
2986 5148 3243 5210 absurdo
3281 5147 3593 5229 proediota
3636 5150 3745 5227 opi—

2186 5241 2675 5304 m‘o.—Tandem
2708 5242 2861 5301 alias
2900 5239 3025 5300 dici
3064 5247 3275 5320 posset
3325 5242 3539 5320 ipsum
3582 5242 3741 5300 meri·

2186 5340 2319 5396 tum
2352 5341 2528 5396 actus
2558 5335 2799 5396 remissi
2828 5353 2905 5394 ex
2934 5351 3026 5405 se,
3054 5341 3119 5394 et
3155 5342 3343 5413 prout
3370 5336 3441 5394 in
3466 5336 3577 5396 illo
3608 5353 3739 5414 prae·

2186 5427 2313 5488 eise
2342 5427 2660 5499 fundatur,
2686 5427 2945 5506 perinde
2986 5445 3053 5486 se
3089 5428 3325 5488 habere
3374 5447 3453 5490 ae
3502 5425 3735 5488 mortifi-

2186 5526 2397 5582 catum
2420 5520 2922 5600 meritum,quod
2935 5522 3086 5580 satis
3114 5521 3467 5582 absurdum
3486 5522 3731 5582 videtur.
3815 5551 3817 5598 2
