3850 6225
473 375 591 436 592

471 475 624 540 Quod
647 475 720 529 sit
739 475 1008 542 objectum
1038 471 1330 530 voluntatis
1357 473 1588 529 efficacis
1607 475 1786 528 dantia
1804 473 2031 543 gloriam

532 558 656 605 ante
685 552 908 618 praevisa
935 551 1144 610 merita.
1167 563 1256 618 op.
1283 557 1332 612 1.
1363 551 1397 603 l.
1431 557 1479 614 3,
1513 565 1562 606 c.
1594 557 1672 604 19.

471 629 533 682 Et
553 628 834 682 solvuntur
854 629 1183 694 objectiones
1205 635 1392 681 contra
1411 629 1554 680 illam
1582 629 1931 686 voluntatem.
1958 625 2029 677 ib.

471 705 563 758 Est
589 713 738 758 actus
760 703 942 758 efficax
963 717 1028 756 ex
1061 717 1121 757 se
1153 703 1432 772 gratuitus,
1455 705 1578 758 licet
1615 703 1798 758 tendat
1829 705 1882 756 in
1917 715 2033 756 rem

536 779 818 844 exjustitia
839 779 1093 840 dandam,
1123 779 1196 832 ib.

471 855 586 909 Non
611 862 792 922 posset
815 857 952 908 Deus
977 855 1254 908 hominem
1275 855 1474 922 eligere
1495 855 1540 908 si
1567 855 1876 922 praevideret
1897 867 2036 908 nun·

533 944 696 997 quam
721 943 840 986 esse
867 930 968 984 sibi
991 938 1422 998 cooperaturum,
1455 943 1545 1000 op.
1569 937 1618 994 2,
1641 933 1677 988 l.
1699 936 1753 996 2,
1771 945 1818 986 c.
1841 936 1890 982 e.

1119 1103 1390 1142 uenturo·

473 1229 600 1316 Qum
637 1242 814 1284 causat
859 1229 1173 1284 excitatione
1217 1229 1489 1296 indigeant
1531 1235 1590 1282 ut
1640 1228 1852 1296 operari
1909 1239 2039 1294 pos-

473 1305 918 1434 nggzzticcitghkntg
945 1309 1066 1434 {1⁹02
1089 1309 1300 1448 indiget
1332 1380 1442 1434 ulla
1469 1392 1649 1444 causa,
1673 1393 1738 1434 ex
1771 1391 1840 1434 eo
1863 1379 2038 1433 solum

537 1456 684 1522 quod
717 1456 904 1524 primae
935 1456 1285 1512 subordinata
1307 1465 1404 1520 est,
1431 1457 1504 1510 ib.

1109 1623 1410 1664 txu‘tttwu.

481 1752 598 1880 Non
626 1757 802 1878 potes't
845 1763 932 1805 res
964 1751 1189 1806 existere
1227 1751 1358 1818 quin
1389 1753 1496 1806 beo
1537 1752 1808 1814 coexlatat,
1851 1763 1944 1818 op.
1988 1755 2040 1813 a,

567 1869 578 1882 .
608 1833 656 1892 1,
687 1843 734 1882 e.
793 1869 806 1882 .

1239 1945 1294 2020 F

1187 2161 1320 2201 'An
1327 2188 1338 2200 .

485 2275 754 2340 Quatenus
780 2275 946 2331 bomo
967 2274 1220 2331 dominus
1241 2274 1312 2328 sit
1334 2287 1446 2328 suae
1469 2273 1642 2338 samae.
1659 2287 1748 2341 op.
1773 2279 1822 2340 e,
1843 2280 1975 2330 sect.
1997 2280 2046 2328 3.

1153 2445 1381 2486 nnuma.

486 2585 710 2640 Faustus
733 2585 1010 2653 Regiensis
1031 2597 1194 2650 quam
1219 2583 1374 2637 merit
1409 2587 1689 2650 suspectus
1711 2581 1778 2636 de
1807 2582 2049 2650 Semipe-

550 2663 880 2728 lagianorum
907 2661 1114 2716 haeresi.
1145 2659 1358 2714 etiamsi
1377 2672 1502 2714 eum
1524 2658 1594 2712 ab
1621 2660 1722 2712 bac
1743 2665 1869 2712 nota
1883 2657 2048 2724 aliqui

549 2737 859 2800 defendant,
883 2749 974 2802 op.
1001 2735 1108 2796 1,1.
1132 2739 1180 2798 ³,
1203 2748 1250 2788 c.
1279 2739 1357 2787 13.

1133 2889 1402 2930 tibuunt.

488 3029 778 3084 Fidelitatia
803 3027 1142 3096 acceptiones
1165 3027 1408 3090 diversoe,
1433 3041 1522 3094 op.
1545 3031 1592 3092 ¹0,
1613 3026 1754 3094 disp.
1777 3031 1826 3088 a,
1843 3032 1974 3081 sect.
2002 3031 2049 3078 a.

489 3107 740 3194 fidelitas
765 3105 936 3193 yirtus
975 3113 1058 3160 est
1085 3105 1326 3169 moralis,
1366 3111 1422 3159 et
1441 3103 1648 3172 justitia
1692 3103 1910 3172 propria
1938 3103 2051 3157 dis·

489 3190 738 3315 Ὲίιῗὲἶξῑιὲ
757 3181 944 3313 &item
965 3258 1138 3311 virtus
1157 3262 1240 3312 est
1261 3269 1386 3313 cum
1405 3256 1644 3321 veritate,
1671 3255 1957 3321 solumque
1978 3256 2055 3309 in-

553 3334 826 3401 adaequate
853 3332 1128 3398 differunt,
1152 3333 1222 3387 ib.

492 3640 592 3693 Per
618 3639 860 3693 habitum
897 3638 1022 3692 fidei
1061 3636 1332 3693 credimus
1359 3650 1520 3705 quam
1539 3642 1700 3691 certae
1721 3638 1830 3691 sint
1853 3636 2053 3692 divine

555 3714 964 3781 promissiones,
983 3726 1074 3782 op.
1111 3717 1160 3777 ι,
1178 3712 1320 3781 disp.
1355 3718 1408 3777 a,
1435 3719 1564 3767 sect.
1584 3717 1632 3764 a.

1243 3908 1306 3985 G

1175 4124 1373 4165 Gutu-

493 4252 628 4317 Quid
652 4252 822 4321 gratia
847 4251 1126 4317 adjuvans.
1149 4264 1242 4318 op.
1261 4257 1310 4311 1.
1337 4252 1370 4303 l.
1393 4256 1443 4313 a,
1473 4264 1522 4304 c.
1552 4254 1596 4303 t.

495 4330 672 4383 Gratia
694 4329 953 4395 adjuvans
977 4340 1088 4382 non
1115 4335 1198 4381 est
1227 4328 1400 4382 fluens
1421 4326 1670 4391 qualitas,
1701 4338 1864 4391 quam
1893 4324 2059 4391 aliqui

559 4406 762 4472 tingunt
782 4418 846 4458 ex
873 4412 1020 4471 parte
1041 4416 1236 4467 causoe,
1263 4404 1316 4456 ib
1345 4444 1357 4465 ,
1392 4416 1438 4456 c.
1464 4407 1510 4455 8.

495 4482 575 4534 Ad
597 4482 688 4536 diu
713 4481 1164 4547 perseverandum
1191 4482 1244 4532 in
1271 4480 1457 4547 gratia,
1481 4478 1844 4533 necessarium
1867 4483 1950 4531 eat
1972 4490 2060 4545 pe·

559 4558 760 4611 culiare
783 4555 1002 4621 aliquod
1021 4556 1298 4617 auxilium,
1319 4557 1418 4619 ib.‚
1437 4568 1485 4607 c.
1513 4558 1558 4607 ⁴.

497 4632 578 4685 Ad
611 4634 814 4697 primos
840 4640 994 4686 actus
1021 4632 1112 4697 qui
1142 4634 1436 4699 disponunt
1460 4630 1532 4684 ad
1569 4628 1801 4693 babitus.
1827 4629 2057 4696 requiri-

559 4718 646 4763 tur
665 4711 824 4763 etiam
853 4708 1104 4775 specialis
1133 4710 1322 4775 gratia,
1363 4708 1433 4761 ib.

497 4786 740 4838 Excitans
766 4785 936 4851 gratia
961 4784 1220 4849 adjuvans
1239 4787 1402 4839 etiam
1423 4790 1508 4838 est
1527 4784 1814 4845 moraliter.
1845 4781 1916 4835 ib.

497 4862 600 4913 Sed
631 4874 739 4913 non
766 4860 1004 4927 physice,
1043 4859 1114 4913 ib.

498 4936 672 4989 Gratia
697 4936 784 4987 illa
809 4936 1064 5001 requisita
1095 4935 1164 4989 ad
1193 4934 1398 5003 primos
1429 4942 1579 4991 actus
1605 4948 1714 4989 non
1747 4938 1874 4989 sunt
1902 4930 2061 4986 babi-

559 5020 664 5073 tus,
691 5018 742 5065 et
761 5012 892 5077 quid
911 5010 1000 5073 sit.
1025 5010 1096 5064 ib.

499 5089 676 5140 Gratia
699 5088 1028 5149 praeveniens
1057 5098 1179 5153 quae
1201 5090 1256 5138 et
1289 5087 1596 5153 quotuplex.
1629 5098 1750 5152 quae
1782 5084 2063 5139 concomi-

561 5172 701 5222 tans.
729 5174 849 5227 quae
875 5162 1234 5228 subsequens.
1255 5174 1378 5227 qum
1401 5176 1636 5229 operans
1653 5170 1706 5216 et
1731 5173 2057 5227 cooperans:

563 5238 648 5291 bae
679 5238 798 5289 duae
829 5239 1012 5303 gratiae
1057 5248 1168 5290 non
1213 5237 1470 5291 differunt
1501 5251 1536 5291 a
1575 5237 1971 5291 concomitante
2010 5239 2065 5288 et

561 5314 941 5380 subsequente.
977 5312 1048 5366 ib.

500 5391 628 5443 idco
669 5390 864 5443 (licitur
901 5390 1038 5441 Deus
1073 5388 1286 5453 operari
1332 5387 1386 5439 in
1413 5388 1570 5441 nobis.
1608 5395 1666 5441 ut
1687 5387 1916 5441 velimus
1944 5386 2063 5439 sine

563 5466 752 5523 nobis.
802 5464 928 5530 quia
969 5472 1222 5531 operatur
1269 5465 1480 5517 initium
1519 5464 1702 5533 gratiae
1741 5476 1860 5517 stne
1891 5462 2063 5517 libero

563 5549 748 5595 nostro
777 5554 1062 5602 consensu.
1099 5540 1190 5601 ib..
1221 5552 1266 5593 c.
1295 5547 1342 5593 5.

1855 371 2049 428 tubex
2078 367 2307 424 RERUR.

2116 469 2221 523 cur
2262 468 2477 522 dicatur
2512 469 2653 522 Deus
2678 469 2893 536 operari
2924 469 2980 522 in
3012 468 3177 523 nobis
3204 467 3411 522 bonam
3445 466 3699 520 volunta-

2175 551 2303 606 tem,
2332 555 2419 611 op.
2450 547 2495 602 1,
2529 544 2563 596 l.
2592 548 2639 607 8,
2672 557 2719 596 c.
2746 550 2793 597 5.

2114 621 2291 674 Gratia
2313 631 2545 685 operans
2566 624 2619 672 et
2636 631 2936 686 cooperans
2958 619 3251 686 requiritur
3282 618 3605 672 necessario
3632 617 3697 670 ad

2176 707 2367 748 omnes
2390 702 2541 748 actus
2574 696 3031 761 supernaturales,
3056 697 3129 748 ib.

2114 772 2209 836 Qui
2234 770 2457 826 effectus
2474 772 2656 838 gratiae
2683 772 2946 838 operanti,
2982 773 3225 838 quivero
3250 771 3577 837 cooperanti
3596 771 3693 822 tri-

2179 847 2429 910 buantur,
2454 846 2526 898 ib.

2115 925 2293 978 Gratia
2314 922 2581 976 interdum
2606 927 2689 974 est
2718 923 2941 976 moralis
2968 936 3133 977 causa
3162 923 3293 978 boni
3326 932 3498 984 actus,
3520 923 3699 976 inter-

2180 999 2308 1051 dum
2340 999 2579 1065 physica,
2614 998 2685 1050 ib.

2118 1075 2297 1130 Gratia
2331 1086 2450 1140 quae
2476 1075 2633 1127 datur
2659 1074 2729 1126 ad
2758 1075 3235 1142 perseverandum,
3256 1081 3315 1130 ct
3347 1075 3593 1128 excitans
3616 1083 3699 1126 est

2180 1157 2233 1204 et
2256 1150 2535 1216 adjuvans,
2572 1149 2645 1204 ib.

2120 1227 2381 1280 Auxilium
2404 1225 2677 1280 sufficiens
2701 1238 2811 1280 non
2830 1227 3007 1280 solum
3030 1225 3307 1280 sufficiens
3326 1234 3411 1280 est
3428 1226 3502 1278 ad
3534 1239 3698 1292 posse

2180 1301 2337 1365 velle,
2366 1301 2465 1354 sed
2492 1301 2653 1354 etiam
2674 1300 2743 1354 ad
2768 1302 2922 1363 veile,
2950 1302 3045 1363 ib..
3076 1314 3124 1356 c.
3160 1306 3241 1354 11.

2118 1377 2234 1430 Non
2268 1383 2349 1429 est
2370 1377 2423 1429 in
2448 1381 2635 1430 nostra
2660 1383 2919 1443 potestate
2944 1378 3073 1431 illud
3098 1377 3300 1431 babere
3326 1383 3423 1430 aut
3454 1389 3569 1431 non
3602 1377 3699 1430 ba-

2186 1453 2331 1514 bere,
2354 1453 2450 1515 ib..
2474 1465 2522 1504 c.
2548 1457 2596 1505 6.

2120 1525 2311 1580 Efficax
2338 1526 2591 1581 auxilium
2624 1527 2841 1592 dicitur,
2862 1539 2971 1582 non
3004 1529 3133 1594 quia
3152 1533 3369 1582 tantum
3392 1527 3577 1590 efficit.
3606 1527 3699 1579 sed

2184 1603 2311 1667 quia
2332 1604 2475 1656 vires
2500 1604 2683 1657 tribuit
2702 1604 2981 1665 voluntati.
3010 1605 3084 1656 ib.

2120 1677 2217 1740 Qui
2242 1679 2425 1732 Patres
2456 1685 2694 1744 pugnent
2720 1687 2909 1732 contra
2942 1680 3223 1746 physicam
3248 1677 3699 1748 praedetermina-

2185 1755 2384 1807 tionem
2406 1755 2588 1823 gratiae
2606 1757 2905 1818 excitantis,
2924 1756 3018 1816 ib„
3044 1768 3092 1809 c.
3118 1761 3166 1808 9.

2121 1828 2385 1882 Auxilium
2424 1843 2487 1882 ex
2524 1843 2583 1884 sc
2626 1829 2901 1884 sufficiens
2942 1833 3147 1884 ratione
3191 1829 3430 1895 alicujus
3466 1828 3699 1894 adjuncti

2188 1913 2363 1970 potest
2396 1917 2505 1958 non
2528 1919 2651 1960 esse
2672 1905 2943 1960 sufficiens
2976 1907 3271 1967 moraliter,
3312 1907 3412 1966 ib..
3442 1918 3491 1957 c.
3530 1908 3611 1956 1ο.

2126 1979 2359 2033 Fasienti
2390 1979 2538 2046 quod
2574 1981 2631 2034 in
2660 1995 2719 2034 se
2746 1989 2831 2035 est
2868 1995 2993 2036 cum
3034 1983 3235 2036 auxilio
3270 1981 3427 2047 quod
3458 1985 3704 2046 peccator

2190 2055 2368 2120 habet,
2392 2059 2531 2111 Deus
2553 2071 2661 2112 non
2682 2057 2913 2125 denegat
2938 2057 3195 2112 auxilium
3242 2057 3524 2111 moraliter
3562 2055 3701 2108 sufli-

2190 2134 2357 2196 ciens‚
2395 2133 2467 2186 ib.

2128 2207 2373 2262 Efficacia
2394 2209 2651 2265 motionis
2681 2211 2771 2264 nei
2796 2223 2907 2264 non
2932 2211 3181 2266 consistit
3201 2208 3255 2263 in
3277 2209 3476 2264 morali
3512 2221 3697 2262 neces-

2190 2285 2365 2342 sitate.
2388 2284 2460 2338 ib.

2128 2360 2417 2415 Diversitas
2460 2361 2680 2415 moralis
2722 2361 3191 2418 determinationis
3230 2368 3287 2415 et
3328 2361 3515 2414 auxilii
3554 2359 3701 2413 suffi-

2192 2437 2401 2500 cientis,
2440 2437 2511 2490 ib.

2128 2513 2335 2580 Duplex
2348 2513 2555 2567 vocatio
2584 2514 2765 2581 gratiae
2790 2527 2853 2568 ex
2887 2515 3211 2582 Augustino,
3236 2515 3548 2569 communis
3588 2514 3689 2566 sci-

2194 2589 2313 2642 licet
2334 2595 2385 2642 et
2414 2590 2651 2654 propria,
2674 2601 2769 2642 seu
2788 2603 3047 2658 congrua,
3080 2590 3175 2652 ib..
3210 2603 3261 2644 c.
3298 2595 3379 2642 11.

2130 2662 2254 2726 Qum
2282 2667 2351 2717 sit
2377 2665 2559 2717 efficax
2577 2677 2673 2718 seu
2694 2677 2934 2732 congrua
2964 2681 3028 2718 ex
3054 2665 3267 2727 eodem,
3291 2665 3370 2717 ib.

2130 2740 2308 2794 Gratia
2322 2739 2503 2794 efficax
2524 2747 2579 2794 et
2602 2754 2837 2807 operans
2858 2749 2955 2805 est,
2974 2749 3027 2795 et
3048 2743 3409 2810 praeveniens,
3434 2741 3527 2802 ih„
3548 2753 3597 2792 c.
3616 2745 3689 2792 ta.

2132 2815 2309 2868 Gratia
2336 2829 2445 2869 non
2470 2817 2663 2883 accipit
2682 2829 2715 2869 a
2735 2817 2909 2870 libero
2930 2818 3153 2870 arbitrio
3176 2818 3473 2870 efficaciam
3498 2829 3599 2868 seu
3616 2816 3693 2868 et·-

2196 2891 2497 2952 rectionem,
2524 2891 2577 2944 ib
2605 2933 2617 2954 ,
2640 2905 2687 2945 c.
2713 2895 2795 2944 1¹0.

2133 2964 2410 3028 Quomodo
2434 2966 2668 3020 efficacia
2690 2967 2873 3034 gratim
2894 2968 3123 3034 pendeat
3141 2981 3174 3020 a
3195 2968 3368 3020 libero
3388 2965 3699 3028 arbitrio,et

2198 3041 2425 3095 liberum
2446 3043 2723 3095 arbitrium
2745 3055 2778 3095 a
2800 3043 2969 3110 gratia
2990 3043 3047 3095 in
3069 3043 3371 3110 operando.
3404 3042 3481 3094 ib.

2134 3116 2412 3181 Quomodo
2440 3119 2624 3187 gratiae
2642 3120 2879 3173 efficacia
2911 3120 3087 3186 possit
3112 3128 3361 3174 constare
3380 3120 3503 3171 sine
3531 3117 3705 3170 deter-

2198 3193 2493 3247 minatione
2524 3194 2763 3261 pbysica,
2788 3195 2859 3247 ib.

2134 3268 2273 3321 Vera
2290 3276 2345 3321 et
2372 3270 2589 3335 propria
2610 3270 2850 3337 acceptio
2892 3268 3139 3325 efficaciae
3176 3270 3525 3325 Scholasticis
3554 3282 3701 3325 com-

2198 3346 2395 3406 munis.
2428 3345 2499 3397 ib.

2134 3420 2193 3473 ln
2217 3432 2326 3487 quo
2344 3420 2579 3475 efficacia
2606 3422 2791 3489 gratiae
2808 3422 2895 3477 vel
2930 3422 3228 3477 vocationis
3258 3422 3541 3489 adaequate
3568 3437 3697 3477 con-

2196 3498 2367 3550 sistat.
2392 3496 2461 3550 ib.

2132 3570 2261 3625 Cum
2284 3584 2415 3625 vera
2433 3570 2645 3627 ratione
2672 3574 2857 3641 gratiae
2876 3580 3279 3640 componuntur
3304 3570 3467 3629 facile
3494 3586 3615 3641 (ιω
3634 3574 3695 3626 de

2194 3648 2363 3712 gratia
2384 3656 2437 3701 et
2460 3648 2631 3701 libero
2659 3650 2881 3703 arbitrio
2902 3656 3051 3703 certa
3070 3656 3215 3713 sunt,
3240 3650 3319 3702 ib.

2132 3724 2473 3777 Difficultates
2492 3736 2615 3789 quae
2634 3733 2823 3779 contra
2844 3726 2987 3778 illam
3014 3733 3276 3793 pugnant,
3312 3725 3387 3779 ib.

2134 3800 2197 3851 Et
2222 3797 2520 3861 solvuntur,
2544 3799 2617 3852 ib.

2132 3874 2275 3925 Nihil
2314 3875 2623 3929 necessario
2664 3874 2889 3929 includit
2924 3875 3137 3929 vocatio
3162 3876 3349 3929 efficax
3391 3884 3453 3928 nt
3501 3888 3699 3942 praere

2198 3950 2377 4014 niens,
2403 3950 2549 4016 quod
2578 3962 2688 4004 non
2722 3951 2961 4005 includat
2984 3952 3147 4005 etiam
3175 3952 3473 4015 sufficiens,
3508 3952 3579 4004 ib.

2136 4024 2312 4078 Gratia
2350 4025 2533 4078 efficax
2564 4028 2868 4079 necessaria
2901 4034 2983 4080 oet
3010 4028 3079 4080 ad
3118 4029 3367 4095 singulos
3408 4036 3563 4081 actus
3591 4026 3699 4080 effi-

2198 4100 2439 4163 ciendos,
2460 4101 2557 4154 sed
2588 4113 2697 4154 non
2720 4103 2789 4155 ad
2812 4110 3127 4169 potestatem
3154 4103 3405 4165 faciendi,
3442 4103 3518 4156 ib.

2136 4176 2275 4229 Deus
2296 4184 2443 4230 certo
2466 4177 2567 4229 scit
2596 4190 2657 4229 se
2679 4190 2840 4244 posse
2870 4180 3029 4231 talem
3050 4180 3393 4232 vocationem
3426 4178 3695 4245 impertiri.

2200 4258 2263 4305 ut
2282 4253 2446 4307 bomo
2466 4256 2809 4319 quantumvis
2830 4253 3113 4308 induratus
3136 4254 3485 4320 respondeat,
3514 4253 3587 4305 ib.

2138 4328 2253 4381 Non
2278 4328 2553 4393 quodlibet
2581 4341 2719 4395 opus
2756 4328 2959 4383 bonum
2996 4336 3079 4383 est
3098 4334 3180 4383 'ex
3212 4330 3471 4395 peculiari
3513 4328 3699 4381 auxilio

2204 4404 2389 4469 gratiae
2408 4416 2517 4457 non
2542 4404 2745 4466 debito,
2770 4404 2841 4458 ib.

2140 4478 2303 4544 ltaJor
2328 4481 2499 4546 gratia
2528 4488 2579 4533 et
2604 4482 2813 4534 vocatio
2838 4480 3201 4548 computanda
3224 4487 3307 4535 est
3334 4494 3401 4535 ex
3442 4482 3590 4535 omni
3618 4492 3697 4540 eo,

2204 4556 2349 4621 quod
2372 4568 2467 4623 per
2492 4569 2555 4609 se
2576 4557 2660 4609 vel
2692 4570 2788 4623 per
2808 4558 3059 4611 accidens
3084 4557 3341 4612 conducit
3359 4557 3431 4610 ad
3472 4556 3695 4610 efficien-

2200 4632 2329 4683 dum
2362 4640 2541 4685 actum
2562 4632 3044 4698 supernaturalem.
3084 4634 3181 4695 ib..
3207 4646 3257 4685 c.
3287 4637 3373 4685 at.

2138 4707 2199 4759 ln
2230 4719 2341 4773 quo
2368 4707 2593 4761 fundent
2618 4709 2799 4761 Patres
2824 4710 3008 4775 gratiae
3036 4710 3439 4769 necessitatem,
3470 4720 3557 4774 op.
3594 4712 3637 4757 3.

2138 4783 2262 4846 Quae
2310 4794 2407 4848 pro
2450 4782 2619 4849 gratia
2666 4790 2855 4837 contra
2906 4783 3219 4851 Pelagianos
3276 4790 3429 4837 certa
3479 4784 3589 4835 sint
3636 4781 3697 4833 de

2210 4858 2332 4919 tide.
2362 4858 2436 4911 ib.

2141 4934 2333 4988 Gratiae
2360 4932 2761 4999 auxiliumque
2794 4932 3097 5002 indigemus
3124 4934 3193 4985 ad
3228 4945 3397 4999 opera
3438 4944 3691 4999 superna-

2204 5008 2415 5071 turalia,
2438 5016 2492 5063 et
2510 5012 2747 5063 excitans
2768 5017 2851 5062 est
2868 5016 2923 5062 et
2939 5008 3220 5074 adjuvans,
3252 5010 3327 5061 ib.

2140 5084 2245 5139 Cur
2276 5086 2503 5151 primam
2542 5086 2769 5149 gratiam
2807 5084 3014 5138 dicatur
3052 5086 3192 5139 Deus
3226 5084 3445 5150 operari
3470 5082 3525 5135 in
3550 5081 3697 5135 nobis

2204 5161 2325 5215 sine
2358 5160 2529 5222 nobis.
2562 5160 2633 5214 ib.

2142 5236 2371 5290 interior
2394 5238 2559 5289 motio
2588 5242 2781 5301 proeter
2802 5234 3101 5288 doctrinam
3124 5234 3486 5289 extrinsecam
3522 5248 3695 5289 neces-

2206 5312 2348 5363 saria
2372 5311 2542 5365 estad
2572 5311 2711 5363 bene
2732 5310 3087 5377 operandum,
3112 5323 3201 5376 op.
3227 5316 3274 5362 1.
3311 5310 3349 5363 l.
3377 5316 3425 5370 ⁸.
3460 5325 3509 5365 c.
3538 5318 3611 5363 15.

2142 5388 2315 5441 Homo
2338 5399 2449 5440 non
2488 5393 2659 5452 potest
2704 5400 2823 5439 esse
2868 5388 3020 5445 tiber.
3064 5387 3169 5439 nisi
3214 5386 3415 5440 habeat
3454 5388 3691 5441 auxilinm

2204 5462 2499 5525 sufficiens.
2526 5468 2583 5514 ut
2614 5462 2781 5528 possit
2806 5470 2859 5515 et
2886 5472 2942 5515 ut
2968 5462 3145 5523 saciat,
3176 5475 3265 5527 op.
3294 5466 3343 5513 3.

2144 5538 2341 5600 Gratia,
2366 5552 2489 5603 quae
2518 5550 2613 5603 per
2632 5551 2692 5591 se
2722 5537 3017 5590 infunditur
3036 5537 3091 5589 in
3116 5538 3521 5603 justificatione,
3552 5537 3695 5589 datur
