3850 6225
489 392 608 456 384

485 498 891 579 indignantis,
915 520 1028 564 sea
1049 504 1470 583 implanantis.
1502 505 1794 567 Similiter
1809 524 2051 567 accom-

488 593 731 655 modari
763 602 968 677 potest
991 598 1071 659 ad
1091 598 1196 659 illa
1223 600 1451 660 verba:
1491 598 1640 673 Quis
1669 600 1826 663 enim
1851 605 1908 664 te
1933 599 2051 663 dis-

489 688 730 751 cernit?
769 708 946 765 nam,
984 689 1144 753 sicut
1181 690 1286 752 illa
1332 692 1606 753 efficacia
1650 692 1908 772 physica
1957 693 2052 755 di-

487 782 646 842 viua}
669 782 1096 861 applicationis
1117 783 1473 845 discernere
1503 785 1729 846 dicitur
1742 786 1985 864 justum
2012 804 2049 847 a

487 880 842 956 peccatore,
875 877 959 938 ita
978 876 1056 939 de
1085 878 1311 939 eadem
1339 878 1545 942 dicere
1567 897 1902 959 possumus
1931 880 2052 941 dis-

490 989 748 1031 cernere
773 978 1186 1051 peccatorem,
1221 978 1282 1034 et
1323 990 1460 1033 esse
1509 972 1910 1053 praecipuam,
1951 973 2051 1035 vel

488 1065 694 1143 potius
741 1070 934 1126 totam
973 1083 1227 1126 causam
1264 1084 1404 1147 quae
1447 1068 1653 1146 ipsum
1684 1068 1748 1127 in
1781 1084 1856 1129 eo
1887 1060 2050 1130 statu

489 1157 843 1218 constituat.
879 1160 955 1220 At
987 1160 1127 1237 quis
1149 1178 1278 1219 non
1315 1158 1522 1221 videat
1546 1178 1736 1239 quam
1765 1162 1899 1222 haec
1929 1162 2052 1222 sint

489 1250 782 1320 absurda,
823 1259 931 1312 aut
970 1254 1109 1331 quis
1151 1271 1278 1313 non
1309 1253 1474 1315 clare
1515 1254 1832 1315 intueatur
1859 1274 2049 1335 quam

489 1341 811 1405 evidenter
836 1345 970 1407 haee
998 1344 1204 1405 omnia
1232 1346 1312 1406 ad
1342 1346 1510 1406 illam
1536 1347 2048 1425 propositionem,

489 1454 602 1497 seu
641 1436 1218 1517 interpretationem
1261 1444 1764 1518 consequantur?
1791 1441 1923 1501 Imo
1957 1440 2049 1501 ul-

486 1531 680 1591 terius
715 1530 997 1609 sequitur
1041 1550 1119 1591 ex
1147 1531 1251 1592 illa
1289 1532 1706 1594 declaratione
1753 1534 1906 1594 nihil
1942 1552 2050 1595 ex-

487 1623 721 1685 cellens
749 1629 862 1684 aut
882 1622 1220 1703 principale
1243 1624 1321 1685 de
1343 1627 1584 1687 actibus
1611 1631 2050 1706 supernatura-

487 1717 675 1789 libus,
711 1721 819 1777 aut
861 1718 1154 1797 operibus
1181 1716 1406 1778 divinae
1443 1720 1656 1799 gratim
1691 1738 1875 1799 posse
1905 1739 2049 1781 cum

487 1810 896 1871 fundamento
945 1828 1021 1870 ex
1077 1811 1195 1871 illis
1244 1811 1444 1872 modis
1495 1812 1790 1891 loquendi
1843 1815 2049 1875 Sacrae

491 1905 820 1983 Scripturae
853 1903 1076 1983 colligi.
1125 1905 1284 1965 Nam
1313 1923 1389 1965 ex
1421 1906 1510 1966 eis
1546 1907 1722 1986 juxta
1755 1906 1915 1967 hanc
1957 1906 2054 1967 in-

489 1998 1000 2077 terpretationem
1075 1998 1277 2058 solum
1338 1998 1607 2060 habetur
1665 2000 2051 2061 voluntatem

490 2096 771 2152 nostram
793 2090 948 2151 nihil
963 2110 1146 2171 posse
1174 2092 1421 2171 operari
1446 2093 1579 2154 sine
1602 2094 1879 2173 generali
1900 2113 2053 2174 prae-

489 2185 765 2245 motione
805 2184 940 2257 Dei,
994 2184 1074 2246 ob
1125 2184 1702 2247 subordinationem
1749 2204 1939 2265 quam
1977 2186 2057 2248 ad

491 2276 698 2356 ipsum
724 2276 934 2350 hahet,
979 2280 1290 2356 quatenus
1317 2296 1508 2341 causa
1537 2288 1746 2340 creata
1787 2286 1901 2353 est,
1958 2280 2056 2339 vel

489 2370 622 2431 sine
653 2370 1306 2451 praedeterminatione
1335 2373 1468 2445 Dei,
1497 2373 1638 2451 quia
1671 2392 1860 2434 causa
1891 2392 1969 2434 ex
1988 2392 2055 2435 se

487 2463 849 2524 indifferens
881 2468 996 2525 est.
1053 2465 1130 2526 At
1179 2466 1309 2525 haec
1359 2464 1516 2527 ratio
1565 2466 1759 2527 habet
1821 2467 2051 2541 locum,

487 2556 729 2617 etiamsi
761 2557 859 2618 vel
887 2556 1000 2636 ipsi
1023 2564 1198 2618 actus
1216 2576 1344 2619 non
1368 2559 1490 2619 sint
1519 2560 2051 2639 supernaturales,

483 2649 584 2711 vel
609 2650 672 2711 in
695 2650 878 2711 nobis
908 2651 1078 2713 nulla
1103 2652 1181 2713 sit
1209 2652 1539 2713 difficultas
1562 2654 1724 2714 bene
1751 2654 2053 2734 operandi

487 2760 564 2803 ex
591 2748 848 2823 peccato
880 2750 1218 2805 contracta.
1247 2746 1390 2806 Ruit
1418 2764 1568 2825 ergo
1609 2752 1808 2808 totum
1839 2764 2051 2826 super-

485 2836 790 2897 naturalis
833 2836 1046 2914 gratiae
1087 2837 1590 2913 fundamentum,
1626 2856 1750 2917 quo
1779 2840 2051 2901 concilia

485 2935 546 2989 et
571 2929 782 2989 Patres
809 2930 934 2990 nixi
967 2936 1134 3001 sunt,
1165 2936 1226 2991 et
1257 2949 1476 2992 omnes
1519 2931 1850 3011 Scripturas
1879 2950 2051 3012 pror-

485 3041 592 3083 sus
635 3028 1031 3085 enervantur.
1067 3025 1245 3099 Nam,
1296 3025 1346 3084 si
1387 3024 1641 3104 aliquod
1669 3025 1779 3085 Dei
1811 3025 2049 3086 benefi-

485 3117 650 3176 cium
681 3135 756 3177 ex
797 3117 916 3178 illis
960 3117 1330 3179 testimoniis
1363 3119 1542 3198 juxta
1580 3119 1750 3180 illam
1801 3126 2053 3180 senten-

481 3209 633 3270 tiam
654 3208 856 3287 colligi
878 3215 1104 3288 potest‚
1126 3210 1206 3271 ad
1218 3229 1534 3271 summum
1555 3211 1706 3273 illud
1724 3213 1839 3274 erit
1857 3211 2051 3292 quod,

485 3321 629 3363 eum
674 3302 869 3380 possit
897 3303 1060 3363 Deus
1090 3321 1216 3365 non
1246 3303 1793 3383 praedeterminare
1833 3305 2058 3366 volun-

483 3399 679 3456 tatem
715 3393 1009 3467 hominiS‚
1039 3401 1110 3456 ut
1135 3395 1279 3457 velit
1311 3397 1590 3462 credere.
1620 3397 1732 3458 sed
1759 3403 1831 3458 ut
1868 3398 2044 3471 nolit,

485 3488 754 3568 gratuito
798 3489 969 3550 illam
1017 3489 1392 3552 determinat
1431 3491 1512 3552 ad
1553 3490 1942 3565 volitionem,
1988 3497 2049 3552 et

483 3601 612 3643 non
662 3581 741 3643 ad
783 3581 1166 3645 nolitionem.
1207 3585 1284 3645 At
1311 3585 1446 3646 haec
1475 3605 1613 3665 quae
1663 3586 1862 3664 gratia
1907 3588 2049 3646 est?

483 3676 704 3736 Nonne
747 3676 810 3736 in
853 3675 1144 3736 omnibus
1189 3677 1484 3755 operibus
1531 3679 1893 3753 moralibuS‚
1942 3681 2050 3738 aut

481 3770 896 3844 naturalibus,
928 3769 1094 3832 idem
1140 3770 1476 3834 dicendum
1520 3779 1636 3846 est,
1681 3773 1861 3852 juxta
1893 3790 2053 3850 prae-

484 3862 713 3925 dictam
766 3864 1164 3938 sententiam,
1209 3865 1469 3944 ejusque
1521 3865 2055 3927 fundamentum?

486 3958 608 4018 Aut
629 3956 944 4036 quomodo
965 3957 1110 4018 huie
1133 3957 1438 4019 beneficio
1454 3977 1579 4020 non
1608 3956 2056 4038 correspondet

485 4052 550 4112 in
607 4051 788 4112 malis
835 4053 1104 4132 gratuita
1157 4053 1622 4131 praedestinatio
1661 4053 1742 4114 ad
1787 4053 2049 4128 malum,

484 4162 678 4223 quam
714 4145 987 4206 Concilia
1025 4151 1086 4206 et
1127 4145 1341 4208 Patres
1375 4147 1770 4209 meritissime
1817 4146 2052 4225 ubique

483 4238 900 4300 damnarunt?
1581 4247 1598 4256 “

566 4335 713 4394 Haec
743 4333 930 4414 igitur
957 4341 1102 4397 sunt
1129 4353 1268 4416 quae
1291 4355 1407 4397 nos
1435 4335 1744 4415 proecipue
1770 4342 2047 4413 movent,

485 4433 556 4487 ut
585 4426 754 4487 illam
782 4427 1130 4490 doctrinam
1157 4448 1194 4490 a
1221 4429 1480 4490 veritate
1516 4431 1787 4491 alienam
1810 4429 2052 4509 judice-

486 4535 666 4598 mus;
697 4537 1194 4600 cuperemusque
1239 4522 1318 4584 ab
1355 4523 1710 4601 Apostolica
1755 4523 1906 4585 sede
1948 4523 2053 4584 de-

487 4613 656 4673 cerni
687 4630 766 4672 an
797 4613 860 4674 in
889 4614 1009 4676 hoc
1039 4621 1254 4676 nostro
1268 4614 1503 4694 judicio
1521 4616 1942 4697 decipiamur;
1966 4615 2051 4676 illi

487 4723 761 4784 namque
809 4705 962 4768 illud
1007 4707 1446 4783 submittimus,
1487 4727 1858 4790 semperque
1905 4709 2053 4770 sub-

481 4799 1110 4881 jecimuS,paratique
1135 4818 1351 4862 sumus
1373 4801 1509 4882 ejus
1534 4802 1784 4864 decreto
1810 4821 1884 4865 ac
1904 4821 2053 4864 cen-

488 4911 634 4954 sura
663 4892 912 4972 corrigi,
943 4893 993 4955 si
1023 4893 1250 4954 alicubi
1277 4913 1394 4955 nos
1419 4913 1458 4956 a
1487 4896 1746 4958 veritate
1776 4897 2051 4974 contige-

487 4985 568 5046 rit
603 4986 936 5058 aberrare;
973 4987 1092 5047 sub
1143 5005 1268 5066 qua
1307 4989 1714 5060 correctione,
1767 4989 1930 5052 sicut
1968 4988 2047 5052 de

487 5077 787 5158 praedicta
843 5080 1150 5140 sententia
1197 5079 1348 5158 quid
1389 5099 1758 5143 censeamus
1799 5083 2051 5162 aperui-

485 5191 652 5237 mus.
689 5171 774 5232 ita
802 5173 954 5250 quid
980 5173 1060 5233 de
1098 5173 1328 5234 auxilio
1375 5173 1608 5235 efficaci
1651 5175 2048 5239 sentiendum

487 5283 842 5340 censemus,
867 5265 1348 5328 declarabimus.

1131 5477 1396 5500 ψ

1039 401 1251 457 owse.
1287 404 1369 457 tn.
1406 402 1628 467 BREVlS
1659 404 2001 459 azsomJ'rto
2035 406 2519 465 comnovssnsffi
2552 412 2631 464 nt:
2665 412 2917 465 Auximo
2949 412 3144 466 mic.

2669 660 2821 727 Vera
2854 660 3176 723 sentenia.

2212 874 2309 934 37.
2353 872 2576 935 Prima
2592 872 2941 953 propositio.
2964 904 3045 918 —
3064 872 3379 952 Imprimis
3402 874 3684 953 supponi-

2129 984 2273 1026 mus
2320 965 2513 1045 (quod
2556 964 2715 1027 fides
2752 966 3065 1027 catholica
3110 972 3327 1027 contra
3372 964 3693 1045 Pelagium

2132 1058 2336 1135 docet)
2376 1059 2696 1120 hominem
2721 1105 2737 1134 ,
2782 1059 2929 1121 solis
2958 1060 3052 1121 sui
3080 1059 3257 1120 liberi
3288 1058 3526 1119 arbitrii
3554 1059 3694 1119 viri-

2130 1152 2249 1211 bus
2278 1150 2515 1231 absque
2545 1170 2663 1232 ope
2688 1152 2910 1214 divinoe
2933 1154 3172 1231 gratiae,
3208 1152 3365 1213 nihil
3396 1170 3695 1232 superna-

2130 1244 2347 1306 turalis
2382 1244 2530 1305 boni
2564 1244 2885 1306 nullumve
2914 1246 3159 1325 pietatis
3186 1263 3373 1325 opuS,
3410 1246 3581 1325 quod
3618 1248 3695 1308 ad

2130 1338 2321 1399 vitam
2338 1344 2637 1400 aeternam
2662 1338 3067 1400 obtinendam
3094 1339 3427 1409 conducat,
3452 1342 3693 1419 operari

2132 1450 2315 1511 posse
2344 1452 2359 1503 3
2409 1450 2615 1511 neque
2670 1432 3003 1512 ipsammet
3068 1433 3427 1495 naturalem
3486 1434 3691 1511 legem

2129 1530 2491 1586 constanter
2510 1544 2622 1586 seu
2644 1526 2935 1587 diuturno
2954 1528 3239 1607 tempore
3264 1526 3509 1607 absque
3532 1528 3695 1607 ejus—

2130 1619 2273 1680 dem
2307 1620 2519 1698 gratiae
2548 1619 2776 1681 auxilio
2802 1638 3051 1683 servare
3076 1628 3120 1681 ¹.
3152 1622 3309 1682 Cum
3346 1628 3560 1683 autem
3596 1640 3693 1683 ea-

2131 1713 2275 1774 dem
2310 1714 2466 1775 tides
2494 1714 2805 1775 Catholica
2836 1714 3057 1777 doceat
3094 1735 3209 1798 per
3236 1716 3361 1777 hoc
3396 1715 3691 1777 auxilium

2133 1807 2346 1887 gratiae
2374 1824 2501 1868 non
2544 1808 2673 1869 tolli
2710 1808 2975 1869 liberum
3012 1810 3364 1883 arbitrium,
3410 1810 3526 1871 sed
3546 1808 3691 1871 libe-

2132 1900 2257 1961 rari
2278 1946 2292 1973 ,
2334 1902 2541 1961 sanari
2563 1946 2578 1974 ‚
2618 1908 2679 1963 et
2702 1902 2933 1981 juvari,
2978 1902 3061 1963 ita
3103 1904 3509 1965 concordiam
3538 1904 3691 1964 hanc

2134 1994 2433 2054 libertatis
2476 2012 2548 2055 ae
2603 1996 2817 2071 gratiis.¹
2858 1994 3175 2057 declarare
3222 1996 3585 2068 studemus,
3630 2004 3693 2057 ut

2138 2086 2377 2165 integre
2412 2094 2475 2147 et
2508 2088 2675 2147 omni
2708 2106 2785 2148 ex
2814 2094 2991 2167 parte
3028 2108 3065 2149 a
3094 2090 3459 2151 Lutherano
3492 2108 3691 2150 errore

2137 2178 2505 2241 recedamus
2539 2227 2555 2254 ,
2617 2181 2929 2260 falsasque
2990 2180 3501 2244 demonstremus
3563 2202 3690 2244 esse

2138 2272 2482 2334 calumnias
2528 2274 2963 2335 hau-eticorum
3004 2276 3123 2335 hoe
3168 2282 3459 2354 tempore
3490 2276 3693 2337 dicen-

2136 2366 2291 2427 tium
2318 2413 2333 2439 ,
2364 2366 2630 2428 liberum
2660 2367 2981 2429 arbitrium
3014 2386 3149 2429 rem
3176 2386 3319 2431 esse
3352 2368 3435 2430 de
3464 2370 3596 2431 solo
3624 2370 3691 2431 ti-

2136 2460 2265 2521 tulo
2292 2506 2307 2533 ,
2364 2466 2472 2521 aut
2498 2460 2748 2521 titulum
2778 2462 2911 2523 sine
2948 2480 3037 2523 re.
3082 2463 3299 2541 ltaque
3333 2463 3549 2544 gratiae
3588 2480 3688 2523 ne-

2135 2554 2485 2615 cessitatem
2534 2572 2678 2615 cum
2705 2572 2853 2616 vero
2880 2574 2998 2617 usu
3036 2555 3343 2617 libertatis
3376 2557 3687 2635 conjungi-

2134 2667 2300 2722 muS,
2344 2667 2651 2728 usumque
2684 2650 3008 2724 libertatiS,
3050 2656 3120 2711 ut
3162 2650 3435 2732 alicujus
3474 2652 3685 2711 valoris

2132 2747 2196 2803 et
2225 2744 2523 2803 momenti
2547 2743 2625 2803 sit
2644 2743 2813 2822 apud
2838 2743 3060 2818 Deum,
3080 2764 3117 2805 a
3146 2746 3365 2825 gratiae
3392 2746 3684 2825 operatio-

2130 2854 2212 2897 ne
2250 2836 2791 2916 etucooperatione
2832 2837 3005 2898 nullo
3048 2839 3235 2899 modo
3272 2838 3685 2918 separandum

2132 2948 2271 2991 esse
2302 2929 2624 3003 docemuS,
2657 2948 2801 2991 cum
2834 2950 2869 2990 a
2898 2930 3137 2992 Christo
3168 2932 3433 2993 Domino
3464 2932 3681 2994 dietum

2133 3024 2417 3103 legamus
2458 3044 2473 3084 :
2524 3020 2679 3086 Sine
2712 3042 2803 3086 me
2840 3025 2999 3087 nihil
3028 3026 3285 3106 potastis
3326 3030 3549 3102 facere,
3590 3034 3679 3087 et:

2133 3117 2329 3182 Nemo
2366 3121 2564 3199 potest
2606 3118 2807 3180 venire
2848 3119 2933 3181 ad
2969 3136 3080 3193 mo,
3126 3119 3253 3181 uisi
3296 3117 3499 3183 Pater
3534 3137 3687 3184 meus

2136 3211 2401 3274 traxerit
2426 3229 2578 3273 eum.

2219 3304 2318 3364 38.
2364 3303 2647 3367 Secunda
2682 3303 3041 3385 propositio.
3091 3337 3173 3351 -
3213 3305 3372 3368 Hinc
3414 3308 3684 3381 ulteriuS,

2122 3396 2301 3476 juxta
2321 3396 2661 3457 Tridentini
2692 3394 2945 3458 concilii
2972 3395 3318 3458 doctrinam
3340 3401 3391 3473 ²,
3416 3401 3542 3462 hoc
3564 3421 3687 3481 gra-

2126 3489 2227 3550 tiae
2257 3487 2556 3550 auxilium
2585 3533 2602 3561 ,
2648 3507 2776 3549 non
2800 3489 3004 3549 solum
3030 3489 3339 3569 adjuvans
3368 3491 3485 3554 sed
3510 3495 3687 3555 etiam

2130 3583 2407 3644 excitans
2438 3599 2577 3643 esse
2608 3581 2908 3644 docemus
2935 3601 2951 3656 ;
2990 3584 3137 3663 quia
3166 3603 3293 3646 non
3324 3587 3533 3648 solum
3560 3605 3685 3666 gra-

2133 3678 2218 3738 tia
2241 3677 2351 3737 Dei
2373 3694 2489 3736 nos
2505 3675 2685 3754 juvat
2706 3676 2961 3756 quando
2984 3695 3344 3757 operamur,
3372 3679 3487 3743 sed
3513 3681 3683 3742 etiam

2134 3789 2249 3832 nos
2276 3770 2612 3850 praevenit,
2656 3775 2717 3831 et
2763 3769 2989 3831 excitat
3034 3777 3103 3832 ut
3142 3771 3306 3833 bene
3335 3792 3677 3853 operemur.

2134 3863 2207 3924 Et
2236 3863 2317 3922 ab
2344 3863 2462 3923 hac
2490 3862 2599 3922 Dei
2637 3861 3027 3938 excitatione,
3073 3883 3263 3942 quam
3296 3867 3485 3932 etiam
3516 3885 3681 3928 voca-

2134 3957 2370 4018 tionem
2400 3960 2462 4016 et
2488 3955 2765 4016 divinam
2798 3956 3272 4034 inspirationem
3304 4005 3321 4034 ,
3368 3979 3445 4022 ac
3476 3959 3680 4021 illumi-

2134 4048 2477 4125 nationem,
2508 4047 2675 4109 idem
2705 4050 3047 4111 Concilium
3076 4053 3435 4132 appellavit,
3471 4054 3551 4114 ab
3578 4053 3678 4112 hac

2134 4143 2439 4222 (inquam)
2482 4141 2725 4203 initium
2756 4142 2971 4205 salutis
2996 4145 3061 4205 in
3089 4145 3273 4207 nobis
3300 4147 3579 4207 inchoari
3604 4147 3677 4207 di-

2133 4235 2330 4297 cimus
2354 4281 2370 4308 ,
2416 4253 2608 4314 quam
2648 4236 2811 4297 Deus
2858 4237 3074 4317 incipit
3118 4238 3369 4318 operari
3409 4239 3475 4300 in
3516 4240 3677 4300 nobis

2132 4329 2265 4390 sine
2296 4329 2498 4403 nobis,
2532 4329 2595 4390 id
2622 4336 2740 4404 est,
2770 4331 2902 4391 sine
2933 4332 3162 4392 nostris
3188 4333 3447 4406 meritiS,
3478 4339 3539 4394 et
3560 4333 3677 4393 sine

2130 4427 2345 4483 nostra
2377 4422 2575 4484 libera
2616 4425 3055 4503 cooperatione
3084 4469 3101 4497 ,
3150 4426 3252 4486 vel
3289 4425 3675 4506 dispositione

2133 4515 2282 4588 ulla,
2318 4515 2428 4576 sed
2460 4534 2537 4576 ex
2562 4533 2736 4578 mera
2769 4535 2884 4576 sua
2914 4517 3226 4591 libertate,
3270 4526 3334 4579 et
3362 4521 3583 4598 gratia,
3620 4525 3675 4578 ut

2134 4615 2349 4670 contra
2426 4601 2905 4690 pelagianorum
2987 4610 3287 4690 reliquias
3354 4613 3677 4674 Concilium

2135 4700 2588 4763 Arausicanum
2630 4703 2683 4764 Π
2737 4701 2761 4742 ³
2808 4701 3107 4765 definivit.
3181 4704 3473 4775 Quamvis
3526 4705 3673 4765 enim

2130 4795 2243 4856 Dei
2286 4795 2487 4873 gratia
2535 4795 2715 4857 nobis
2762 4795 3027 4857 salutem
3061 4791 3193 4858 non
3240 4797 3519 4858 conferat
3558 4798 3673 4858 sine

2130 4887 2311 4948 nobis
2338 4888 2677 4968 (loquimur
2696 4889 2774 4950 de
2798 4889 3047 4962 adultis,
3078 4907 3348 4968 quorum
3370 4891 3529 4953 liber
3548 4909 3673 4952 con-

2132 5001 2377 5056 sensus,
2418 4989 2489 5044 ut
2524 4983 2867 5059 salventur,
2912 4985 3307 5045 necessarius
3352 4987 3492 5064 est),
3532 5004 3673 5066 prae-

2212 5175 2227 5209 ¹
2275 5172 2364 5232 De
2394 5170 2491 5232 his
2517 5171 2809 5234 omnibus
2845 5172 2969 5234 late
2996 5172 3104 5234 lib.
3133 5177 3195 5248 3,
3236 5175 3301 5236 in
3342 5194 3451 5238 sex
3474 5174 3668 5257 primis

2128 5265 2457 5344 capitibus.

2211 5359 2237 5396 ²
2284 5358 2470 5420 Cone.
2522 5359 2718 5434 Trid„
2762 5379 2915 5422 sess.
2964 5362 3027 5436 6,
3076 5381 3131 5422 c.
3180 5364 3221 5424 5
3258 5369 3322 5426 et
3365 5365 3445 5436 6;
3492 5363 3661 5431 idem,

2130 5471 2272 5516 can.
2304 5456 2341 5516 3
2368 5459 2433 5516 et
2451 5455 2513 5514 4.

2214 5547 2239 5586 ³
2284 5549 2647 5624 periclum,
2682 5551 3025 5628 praesertim
3054 5570 3193 5612 ean.
3230 5555 3265 5614 3
3292 5554 3353 5612 et
3382 5554 3437 5612 4.

3800 4771 3802 4855 Ι

3798 5057 3800 5149 l

3796 5333 3798 5443 A
