3850 6225
515 315 635 378 238

513 439 642 486 rom
665 419 1143 485 Manichaeorum
1168 420 1494 495 vincam,
1523 420 1630 482 scd
1655 436 1868 482 novam
1888 417 2073 480 Pela-

511 516 834 598 9iancrum
866 517 1255 576 contererent.
1287 514 1392 574 Est
1427 518 1636 574 autem
1665 531 1702 572 a
1731 511 1914 572 nobis
1944 511 2075 572 evi-

515 608 737 670 denter
793 612 1136 680 ostensum,
1170 607 1347 686 juxta
1390 612 1666 667 nostram
1696 605 2071 668 sententiam

512 701 896 764 voluntatem
943 701 1284 762 humanam
1323 701 1657 780 praeparari
1711 719 1748 760 a
1803 699 2071 760 Domino

511 814 626 876 per
655 795 950 856 auxilium
987 794 1374 872 praeveniens
1429 796 1491 854 et
1527 793 1781 855 omnino
1830 792 2070 870 gratui-

511 893 668 962 tum,
694 895 756 950 et
775 887 982 968 juvari
1021 906 1136 968 per
1177 887 1474 948 auxilium
1507 885 1920 964 subsequens,
1956 905 2067 948 seu

512 983 936 1045 concomitans
965 1026 982 1054 ,
1033 981 1258 1042 eodem
1297 999 1552 1060 prorsus
1594 980 1781 1042 modo
1836 999 1961 1060 quo
2003 980 2067 1042 id

511 1076 593 1138 ab
647 1073 994 1154 Augustino
1030 1074 1403 1154 explicatum
1457 1079 1574 1148 est,
1612 1079 1675 1134 et
1723 1073 1788 1134 in
1843 1073 2067 1154 priori-

509 1169 629 1231 bus
679 1175 742 1230 ct
791 1167 1234 1248 posterioribus
1293 1166 1580 1228 Conciliis
1641 1166 2063 1238 declaratum;

509 1281 640 1322 non
675 1269 772 1324 est
821 1279 974 1342 ergo
1016 1261 1080 1320 in
1120 1260 1240 1322 hac
1281 1259 1610 1338 opinione,
1658 1259 1776 1322 nisi
1815 1277 1969 1322 sana
2008 1266 2071 1320 et

509 1354 822 1418 Catholica
860 1353 1164 1428 doctrina,
1207 1373 1338 1434 quoe
1371 1370 1558 1434 neque
1604 1352 1854 1416 liberum
1902 1353 2071 1416 arbi-

509 1447 698 1512 trium
737 1451 937 1530 τιᾶραι,
974 1465 1157 1528 neque
1205 1453 1444 1511 tantam
1488 1448 1544 1510 ei
1572 1444 1784 1510 tribuit
1831 1452 1901 1509 ut
1940 1443 2069 1508 eine

507 1543 714 1623 qratia
733 1543 850 1606 Dei
873 1541 1074 1605 valeat
1097 1540 1352 1620 aliquid,
1381 1541 1508 1605 sive
1533 1546 1605 1604 ut
1634 1558 1707 1602 esc
1736 1540 1894 1603 malo
1935 1557 2067 1603 con-

504 1639 782 1698 vertatur
803 1636 868 1696 in
882 1634 1116 1710 bonum,
1139 1635 1265 1698 sice
1278 1640 1350 1698 ut
1376 1635 1442 1696 in
1460 1634 1604 1697 bono
1613 1639 2068 1716 perseveranter

493 1729 804 1806 proficiat,
835 1728 962 1790 sive
981 1733 1052 1790 ut
1074 1729 1160 1790 ad
1179 1729 1390 1790 bonum
1415 1727 1842 1810 sempiternum
1859 1743 2069 1809 perce-

505 1820 662 1890 m'at,
702 1821 806 1882 ubi
817 1822 958 1894 jam
989 1837 1106 1882 non
1141 1821 1354 1884 timeat
1383 1838 1454 1882 ne
1491 1820 1746 1902 deficiat,
1783 1825 1854 1881 ut
1881 1819 2063 1898 epist.

504 1915 582 1974 47
619 1913 788 1976 idem
817 1913 1199 1993 Augustinus
1233 1914 1404 1974 dixit.

503 2109 920 2192 Responaccm·
951 2111 1034 2174 ad
1056 2113 1412 2193 arywmema
1447 2115 1692 2190 sumpta
1715 2129 1788 2173 etc
1825 2109 2069 2192 Aeque-

1212 2203 1361 2266 tim.

582 2363 678 2422 15.
713 2359 812 2422 Ad
834 2362 1084 2422 tertium
1109 2378 1259 2440 ergo
1289 2367 1752 2442 argumentum,
1785 2368 1954 2424 recte
1980 2361 2063 2423 ibi

497 2471 868 2534 responsum
891 2459 985 2516 est
1011 2473 1142 2516 non
1165 2455 1453 2532 derogari
1483 2456 1696 2534 gratioe
1726 2456 2065 2517 attribuen-

497 2547 578 2608 do
620 2549 682 2608 in
717 2567 830 2644 spo
870 2567 1102 2628 genere
1135 2547 1434 2610 voluntati
1478 2549 2063 2610 determinationem

496 2642 762 2703 liberam
791 2642 871 2704 ad
901 2660 1302 2716 consensum,
1331 2643 1476 2722 quia
1514 2662 1642 2705 non
1661 2643 1953 2704 tribuitur
1978 2643 2061 2703 illi

496 2740 566 2796 ut
595 2735 878 2814 operanti
922 2753 1034 2816 per
1059 2735 1221 2796 vires
1257 2743 1518 2810 naturoe,
1567 2737 1681 2798 sed
1724 2743 1789 2797 ut
1828 2755 2064 2816 proepa-

495 2835 646 2890 ratae
694 2835 756 2890 et
797 2828 1024 2908 adjutae
1059 2847 1095 2888 a
1137 2831 1302 2902 De03
1348 2834 1412 2890 et
1453 2835 1912 2908 consequenter
1954 2847 2063 2890 ne-

494 2939 618 3000 que
643 2922 727 2982 illi
753 2921 889 2995 soli,
923 2939 1132 3002 neque
1160 2922 1584 3002 principaliter
1608 2922 1922 2995 tribuitur,
1950 2920 2063 2982 sed

495 3019 562 3072 ut
591 3013 950 3093 cooperanti
980 3015 1190 3094 gratiae
1215 3014 1350 3075 Dei.
1385 3015 1663 3076 Primum
1701 3021 1914 3076 autem
1937 3018 2063 3076 tes-

491 3106 822 3168 timonium
843 3107 1194 3189 Augustini,
1213 3108 1382 3187 quod
1399 3109 1475 3171 de
1503 3109 1699 3189 gratia
1721 3108 1823 3190 adj
1833 3114 2059 3172 uvante

491 3200 578 3261 ibi
607 3200 958 3275 adducitur,
989 3201 1234 3263 sinistre
1263 3202 1603 3281 allegatum
1641 3203 1784 3283 quia
1820 3206 2062 3283 Augus-

491 3293 659 3355 tinus
672 3293 757 3356 ibi
771 3313 898 3355 non
919 3294 1194 3375 loquitur
1212 3294 1290 3355 de
1311 3295 1476 3357 bono
1493 3298 2007 3377 proposito,quod
2024 3318 2061 3358 a

491 3388 688 3465 gratia
701 3388 1035 3481 adjuvante
1062 3389 1366 3467 procedit,
1395 3390 1509 3451 sed
1528 3390 1607 3452 de
1631 3391 1736 3451 illo
1759 3392 1929 3471 quod
1945 3392 2061 3453 Pe-

490 3480 722 3561 lagiani
768 3479 1060 3542 dicebant
1099 3482 1365 3561 gratiam
1395 3484 1791 3559 antecedere,
1823 3488 1887 3545 et
1917 3504 2056 3547 esse

489 3573 782 3634 meritum
814 3573 1010 3647 illius;
1058 3575 1228 3652 quod
1263 3576 1627 3637 asserebant
1649 3594 1764 3655 per
1789 3579 2057 3655 gratiam

483 3666 712 3745 juvari,
741 3684 868 3727 non
911 3673 980 3728 ut
1025 3668 1382 3742 haberetur,
1429 3669 1539 3729 sed
1582 3676 1650 3731 ut
1695 3668 1777 3731 ad
1819 3670 2055 3732 exitum

489 3778 603 3820 seu
631 3759 921 3822 effectum
949 3760 1419 3841 perduceretur.
1453 3763 1528 3823 Et
1555 3762 1722 3824 hunc
1752 3781 1889 3825 esse
1915 3782 2054 3825 sen·

489 3870 630 3913 sum
659 3854 1011 3932 Augustini,
1043 3860 1212 3934 patet
1247 3874 1325 3916 ex
1357 3854 1565 3917 verbis
1602 3873 1764 3935 quoe,
1809 3862 1950 3935 post
1979 3856 2052 3917 il-

485 3946 547 4005 la
573 3945 638 4005 in
669 3953 1038 4026 argumento
1079 3947 1369 4029 allegata,
1402 3948 1744 4028 subjungit,
1779 3949 2050 4011 scilicet:

495 4036 622 4101 Sed
646 4038 1076 4123 intelliyercnt,
1101 4047 1160 4103 et
1182 4041 1634 4118 confiterentur,
1647 4042 1828 4105 etiam
1854 4044 2057 4123 ipsum

485 4132 698 4195 bonvm
733 4136 1134 4214 propositum,
1197 4135 1357 4215 quod
1403 4152 1759 4215 consequens
1801 4136 2057 4215 adjuvat

481 4225 712 4307 qratia,
735 4242 853 4288 non
871 4244 997 4290 esse
1007 4226 1278 4309 potuisse
1299 4226 1368 4289 in
1395 4228 1648 4303 homine,
1677 4227 1736 4290 εἰ
1751 4246 1871 4290 uon
1893 4248 2055 4311 prce·

486 4319 713 4382 cederet
751 4320 961 4401 qratia
979 4343 1006 4391 ;
1032 4325 1095 4382 et
1121 4319 1290 4399 apud
1321 4318 1736 4399 Augustinum
1768 4338 2054 4401 comper-

483 4410 793 4471 tissimum
835 4418 950 4486 est,
982 4412 1046 4473 in
1085 4432 1215 4473 uno
1253 4416 1426 4473 motu
1466 4412 1798 4474 voluntatis
1837 4432 2054 4493 proce-

485 4500 673 4565 dente
701 4522 738 4565 a
765 4506 962 4585 gratia
991 4523 1176 4584 posse
1203 4524 1340 4567 esse
1370 4505 1627 4584 aliquod
1653 4507 1943 4567 meritum
1967 4508 2053 4567 al-

484 4597 678 4658 terius
729 4598 964 4679 gratioe,
998 4603 1066 4660 ut
1107 4604 1350 4660 constat
1393 4598 1574 4679 epist.
1631 4600 1764 4673 ¹06,
1818 4606 1880 4661 ot
1912 4600 2051 4662 aliis

483 4688 638 4750 locis
681 4690 879 4752 citatis
908 4708 1120 4770 supra,
1157 4692 1358 4771 capite
1390 4690 1688 4753 secundo.
1722 4692 1818 4754 Ad
1856 4694 2049 4755 alium

483 4784 715 4855 locum,
765 4782 844 4843 de
887 4784 1086 4862 gratia
1140 4785 1581 4863 praeveniente,
1631 4787 2051 4865 respondetur

488 4878 926 4956 Augustinum,
959 4878 1024 4938 in
1051 4879 1156 4939 illo
1183 4879 1320 4940 loco
1345 4879 1424 4941 de
1464 4879 1754 4941 Praedest.
1788 4882 2045 4945 Sancto-

481 4988 646 5043 rum,
679 4988 816 5050 cap.
851 4978 909 5044 t,
937 4990 1065 5033 non
1091 4972 1400 5051 explicare
1429 4972 1494 5033 in
1522 4991 1647 5053 quo
1669 4990 1878 5036 errore
1910 4994 2048 5037 ver-

481 5070 770 5125 serentur
796 5064 1020 5125 fratres
1043 5064 1154 5141 illi,
1187 5065 1266 5126 de
1294 5066 1522 5145 quibus
1547 5065 1781 5128 ibidem
1806 5069 1892 5130 ait
1913 5069 2046 5149 plu-

477 5156 708 5217 rimum
754 5176 792 5217 a
850 5156 1322 5237 Pelagianorum
1365 5176 1575 5219 errore
1628 5159 1893 5221 discerni
1918 5181 1934 5234 ;
1988 5162 2039 5223 si

1347 319 1562 376 OPUSG.
1595 320 1635 380 l,
1669 319 1785 372 un.
1821 319 1904 372 ΙΙΙ.
1942 318 2023 370 ΒΕ
2054 316 2329 370 Auxuma
2358 317 2591 372 mvtNAE
2620 317 2885 370 onam.

2154 419 2329 480 initio
2350 419 2497 481 fidei
2530 419 2938 500 separabant3
2971 423 3033 480 et
3054 420 3173 480 hoc
3216 417 3363 480 fidei
3390 420 3619 481 initium
3637 423 3682 484 in

2154 511 2365 591 aliquo
2423 513 2543 574 alio
2601 511 2937 572 voluntatis
2988 513 3306 592 proposito
3360 513 3680 592 ponebant,
3800 577 3802 580 Α

2152 605 2323 686 quod
2348 605 2463 668 soli
2504 605 2703 668 libero
2748 605 3001 666 arbitrio
3030 606 3411 668 tribuebant.
3460 607 3581 667 Hoc
3606 627 3685 667 au-

2152 705 2279 760 tem
2310 699 2395 760 ita
2426 717 2585 770 esse,
2624 718 2702 760 ex
2730 717 2807 760 eo
2851 698 3033 760 facile
3064 699 3271 778 colligi
3296 705 3525 778 potest,
3550 703 3683 777 quod

2152 794 2383 865 statim,
2416 811 2553 872 cap.
2588 794 2627 854 2
2656 791 2821 854 illius
2862 791 3025 864 libri,
3075 792 3465 872 Augustinus
3518 792 3685 871 incipit

2148 885 2316 947 hunc
2346 903 2623 948 errorem
2648 873 2974 957 damnare,
3004 889 3065 946 et
3084 886 3421 946 ostendere
3443 903 3563 944 non
3582 892 3685 946 tan-

2146 984 2281 1040 tum
2308 978 2454 1038 fidei
2484 984 2915 1058 augmentum,
2954 977 3065 1038 sed
3092 978 3279 1038 etiam
3310 977 3549 1038 initium
3576 997 3683 1040 esse
3800 1029 3802 1034 .

2148 1073 2384 1135 donum
2406 1072 2639 1152 gratioe,
2661 1079 2722 1134 et
2746 1091 2875 1133 non
2900 1071 3035 1134 dari
3050 1089 3127 1132 ex
3155 1071 3416 1132 meritis,
3442 1071 3515 1130 Et
3538 1089 3685 1150 aper·

2146 1165 2383 1226 tissime
2436 1165 2499 1226 id
2548 1165 2887 1226 declaravit
2917 1165 3211 1236 Hilarius,
3240 1164 3309 1224 in
3350 1164 3605 1242 epistola
3626 1167 3687 1225 ad

2150 1259 2568 1338 Augustinum
2592 1304 2609 1330 ,
2658 1277 2799 1338 quae
2848 1259 3116 1320 habetur
3160 1265 3309 1320 ante
3362 1257 3589 1318 librum
3628 1260 3687 1319 dc

2152 1351 2578 1414 Proedestinat.
2608 1353 3002 1426 Sanctorum,
3023 1351 3201 1432 cujus
3232 1353 3565 1414 occasione
3594 1356 3689 1414 Au-

2152 1445 2439 1524 gustinus
2474 1445 2648 1506 illum
2678 1445 2909 1507 librum
2938 1445 3205 1526 scripsit,
3240 1447 3305 1506 in
3333 1464 3463 1524 qua
3498 1445 3573 1506 de
3600 1447 3688 1506 eis·

2151 1537 2297 1598 dem
2354 1537 2651 1598 fratribus
2680 1537 2769 1599 sic
2820 1539 3060 1618 inquit:
3102 1538 3237 1604 Sed
3266 1540 3340 1603 id
3372 1541 3691 1602 conveniens

2150 1637 2434 1696 asserunt
2476 1633 2750 1705 veritati,
2778 1631 2873 1696 vel
2910 1651 3240 1713 conco-uum
3272 1632 3687 1713 proedt'cationi,

2146 1729 2219 1788 ut
2262 1743 2395 1788 cum
2433 1727 2796 1806 prostratis,
2848 1731 2907 1789 et
2954 1743 3263 1806 nunquam
3310 1727 3451 1788 svis
3493 1725 3691 1788 viribus

2148 1819 2543 1891 surrecturis,
2575 1819 2985 1882 annunciatur
3011 1818 3341 1882 obtinendo
3362 1818 3587 1880 salutis
3618 1837 3689 1882 oc·

2150 1912 2337 1982 casio.
2392 1928 2455 1973 eo
2496 1912 2713 1974 merito
2754 1929 2868 1992 quo
2914 1911 3216 1976 voluerint
3256 1913 3318 1974 ct
3360 1910 3691 1974 crediderint

2150 2023 2189 2066 a
2238 2021 2347 2066 suo
2394 2004 2593 2066 morbo
2643 2022 2707 2067 se
2734 2023 2910 2084 posse
2944 2005 3181 2078 sanari,
3221 2009 3277 2068 et
3322 2004 3523 2086 ipsius
3574 2005 3689 2081 fidei

2148 2101 2534 2175 ammentum
2566 2101 2626 2160 et
2660 2097 2847 2160 totius
2875 2097 3167 2160 :anitum
3200 2115 3331 2160 σω
3362 2113 3691 2176 consequan-

2150 2191 2254 2250 tm·
2275 2189 2573 2269 effectum.
2611 2187 2904 2252 Coeterum
2930 2191 3015 2253 ad
3040 2189 3281 2252 nullum
3310 2208 3484 2272 opus,
3511 2189 3601 2252 tel
3624 2192 3693 2252 ἰκ-

2148 2281 2511 2362 cipiendum,
2539 2283 2757 2344 nedum
2772 2280 3230 2362 perficiendum,
3260 2299 3611 2364 quemquam
3625 2285 3692 2343 si·

2150 2375 2209 2436 bi
2248 2376 2527 2456 sufficere
2558 2393 2735 2458 posse
2763 2377 3169 2440 comminuit:
3196 2377 3411 2458 Neque
3432 2375 3582 2438 euim
3606 2375 3693 2437 ali-

2150 2468 2248 2532 cui
2272 2468 2437 2550 operi
2466 2467 2796 2533 mammis
2826 2487 3029 2532 eorum
3058 2469 3579 2534 annumerandum
3598 2489 3693 2550 pu-

2144 2565 2285 2625 tant
2306 2607 2329 2638 ,
2368 2563 2666 2626 exterrita
2714 2567 2772 2626 et
2821 2561 3088 2644 supplici
3134 2563 3446 2625 voluntate
3498 2581 3691 2624 unm-

2146 2671 2427 2736 qusmquc
2454 2662 2746 2738 cem-otum
2772 2657 2921 2719 velle
2951 2657 3190 2720 samri.
3228 2657 3401 2718 Hanc
3430 2675 3581 2736 ergo
3610 2675 3691 2716 vo-

2144 2750 2449 2811 luntatem
2514 2769 2642 2812 suae
2700 2750 3037 2812 curationis
3082 2751 3183 2812 vel
3248 2751 3553 2824 sanitatiS,
3618 2750 3687 2810 illi

2144 2843 2508 2905 asserebant
2534 2862 2671 2906 esse
2700 2863 2739 2904 a
2766 2845 2965 2906 libero
2992 2845 3249 2906 arbitrio
3278 2863 3417 2917 suo,
3446 2851 3509 2904 et
3546 2843 3609 2903 in
3632 2862 3691 2904 ea

2144 2935 2603 2998 constituebant
2654 2937 2949 2998 meritum
3014 2937 3267 3017 aliquod
3324 2937 3507 3017 primi
3564 2937 3690 2998 doni
3800 2975 3802 3012 j

2143 3029 2378 3108 gratita,
2408 3049 2524 3110 per
2552 3030 2726 3108 quod
2756 3029 2914 3092 fides
2934 3031 3286 3092 inchoatur.
3322 3031 3501 3102 Quod
3530 3031 3579 3090 si
3616 3031 3693 3090 in-

2140 3124 2389 3185 terdum
2416 3124 2803 3187 voluntatem
2846 3124 3016 3185 illam
3046 3126 3263 3204 gratias
3294 3125 3689 3195 ascribebant,

2140 3218 2455 3296 :equivoco
2480 3218 2821 3281 utebantur
2848 3218 2952 3280 illa
2980 3237 3135 3281 voce
3167 3219 3247 3281 ad
3274 3220 3691 3281 occultandum
3798 3286 3800 3291 .

2142 3328 2446 3386 errorem,
2490 3312 2695 3394 ipsum
2746 3312 3016 3374 liberum
3076 3314 3396 3375 arbitrium
3448 3315 3689 3393 gratiam
3798 3368 3800 3371 Α

2142 3404 2540 3484 appellando,
2588 3406 2735 3485 quia
2770 3410 2865 3467 est
2896 3405 3274 3469 beneficium
3304 3424 3419 3487 per
3446 3408 3691 3469 creatio-

2138 3516 2285 3558 nem
2316 3498 2506 3577 gratis
2534 3499 2849 3571 collatum,
2881 3505 2952 3560 ut
2980 3499 3289 3581 colligitur
3334 3518 3411 3561 ex
3444 3500 3685 3581 epistola

2138 3590 2425 3671 Prosperi
2446 3590 2529 3653 ad
2550 3592 2989 3671 Augustiuum,
3016 3611 3155 3671 quae
3173 3592 3404 3655 ibidem
3436 3594 3685 3655 habetur

2136 3688 2283 3743 ante
2314 3684 2641 3761 epistolam
2670 3685 2904 3746 Hilarii.

2215 3776 2473 3855 Propter
2512 3778 2783 3857 primam
2822 3783 2885 3839 et
2916 3778 3259 3841 secundam
3286 3782 3685 3843 confirmatio·

2136 3886 2283 3929 nem
2339 3869 2529 3950 hujus
2584 3872 2941 3951 argumenti
2960 3918 2979 3945 ,
3046 3873 3307 3952 quidam
3361 3874 3683 3935 attribuunt

2138 3961 2510 4040 Augustino,
2536 3963 2707 4042 quod
2731 3964 2796 4023 in
2826 3963 3183 4027 hominibus
3205 3966 3398 4047 lapsis
3426 3968 3685 4047 requirat

2138 4054 2477 4132 specialem
2518 4056 2779 4117 modum
2822 4058 3037 4137 gratiae
3076 4058 3553 4121 determinantis
3584 4078 3682 4121 eo-

3798 3446 3800 3501 ἕ

2134 4164 2277 4207 rum
2314 4146 2665 4209 voluntates
2706 4147 2788 4210 ad
2824 4156 3003 4211 actus
3050 4153 3577 4231 supernaturaleS,
3612 4172 3679 4215 ex

2136 4258 2203 4301 se
2237 4246 2299 4301 et
2334 4240 2573 4319 absque
2610 4242 2829 4304 ordine
2858 4242 2941 4304 ad
2984 4245 3445 4324 praescientiam
3484 4246 3679 4308 condi-

2133 4333 2456 4407 tionatam‚
2484 4352 2675 4413 quam
2702 4336 2986 4414 gratiam,
3020 4336 3083 4397 in
3107 4337 3365 4419 Angelis
3384 4340 3483 4401 vel
3500 4340 3679 4401 homi·

2132 4425 2317 4487 nibus
2346 4431 2493 4488 ante
2518 4427 2787 4507 lapsum,
2822 4446 2950 4490 non
2982 4430 3257 4509 postulet
3284 4432 3366 4493 ad
3395 4451 3679 4512 superna-

2132 4517 2367 4579 turales
2392 4520 2811 4597 operationes,
2841 4521 2964 4584 Sed
2991 4522 3122 4585 haec
3142 4526 3453 4587 sententia
3482 4534 3539 4588 et
3556 4526 3677 4587 nul-

2132 4611 2191 4671 la
2218 4610 2461 4673 ratione
2490 4612 2738 4675 fundari
2776 4620 3003 4693 potest,
3050 4620 3117 4677 et
3140 4624 3359 4697 aperte
3388 4620 3538 4681 falsa
3564 4626 3673 4688 est,

2132 4709 2194 4765 et
2218 4704 2528 4767 immerito
2558 4708 2909 4787 Augustino
2930 4708 3255 4785 tribuitur;
3290 4714 3552 4791 primum
3576 4733 3677 4791 pa·

2132 4802 2252 4870 tet,
2286 4798 2433 4877 quia
2460 4800 2513 4859 si
2542 4798 2647 4861 illa
2676 4800 2876 4879 gratia
2904 4801 3335 4866 determinans
3358 4807 3675 4885 requiritur

2128 4890 2211 4949 ob
2232 4891 2595 4968 generalem
2618 4892 2875 4953 modum
2902 4898 3313 4959 concurrendi
3340 4918 3531 4959 causae
3554 4900 3673 4979 pri-

2126 5000 2244 5045 moe
2268 5028 2285 5059 ,
2332 4985 2434 5046 hic
2474 4986 2760 5066 ejusdem
2800 4990 3059 5050 rationis
3100 4997 3194 5052 est
3230 4992 3291 5053 in
3333 4995 3671 5055 hominibus
3795 5060 3796 5063 Ἴ

2125 5082 2271 5139 ante
2302 5084 2364 5140 et
2394 5083 2538 5161 post
2564 5081 2834 5161 lapsum,
2864 5088 3053 5163 atque
3084 5086 3272 5147 etiam
3300 5087 3363 5147 in
3394 5088 3665 5167 Angelis;

2124 5170 2174 5231 si
2223 5189 2371 5233 vero
2418 5174 2671 5252 ponitur
2717 5175 2799 5236 ob
2850 5175 3153 5239 libertatis
3206 5178 3669 5241 indifferentiam

473 5249 625 5329 quid
645 5267 792 5311 vero
821 5248 1138 5329 Pelagiani
1167 5250 1396 5311 erroris
1423 5250 1488 5311 in
1522 5250 1643 5311 illis
1671 5270 2039 5331 permanse-
2120 5263 2541 5341 postulantem
2588 5266 3175 5332 determinationem
3213 5272 3294 5333 ad
3328 5273 3523 5345 aliud,
3566 5292 3671 5333 ρδ-

470 5349 587 5418 rat,
618 5343 770 5404 illud
786 5343 922 5418 fuit,
955 5343 1100 5423 quia
1126 5360 1284 5423 opus
1305 5344 1563 5417 bonum,
1589 5346 1760 5423 quod
1787 5346 2039 5409 inchoa·
2118 5353 2265 5417 dem
2306 5357 2495 5419 etiam
2538 5365 2633 5421 est
2677 5361 2742 5421 in
2790 5362 3030 5425 eisdem
3070 5366 3397 5445 personis;
3440 5368 3488 5427 si
3524 5385 3667 5426 vero

478 5436 532 5499 ri
571 5440 635 5497 et
673 5434 885 5519 perfici
914 5435 1114 5515 gratia
1153 5436 1264 5496 Dei
1297 5436 1608 5514 dicebant,
1653 5457 1692 5499 a
1733 5438 1882 5517 fide,
1923 5460 2037 5505 seu
2116 5448 2369 5527 ponitur
2434 5452 2516 5514 ob
2568 5453 3125 5535 improportionem
3178 5458 3343 5519 inter
3392 5466 3667 5520 naturam
