3850 6225
528 351 647 414 {08

528 463 833 519 monstrat
890 477 965 522 ex
1038 461 1313 540 generali
1364 463 1582 542 regula
1633 459 2084 543 interpretandi

528 551 910 632 Scripturam
941 560 1210 634 sumpta.
1242 555 1765 637 Quandocumque
1795 557 1962 616 enim
2005 572 2083 614 ex

528 661 714 704 sensu
732 646 1065 707 verborum
1096 649 1353 708 omnino
1373 649 1622 728 proprio
1654 655 1717 710 et
1744 647 1919 728 quasi
1955 664 2085 707 ma-

528 736 733 797 teriali
760 738 1039 816 sequitur
1066 739 1404 801 absurdum
1426 740 1697 820 aliquod,
1730 739 1947 821 pietati
1975 744 2086 800 aut

530 829 667 890 aliis
688 829 837 891 locis
856 831 1132 909 ejusdem
1154 833 1485 912 Scripturas
1508 835 1909 909 contrarium,
1938 839 2088 892 tunc

531 929 623 984 est
675 924 925 1001 signum
952 924 1205 986 evidens
1238 925 1307 986 in
1332 925 1535 988 verbis
1586 926 1707 988 illis
1758 926 1950 988 latere
1977 924 2090 986 ali-

529 1033 717 1094 quam
753 1016 1202 1096 metaphoram,
1232 1018 1334 1080 vel
1363 1020 1724 1098 mysterium
1740 1041 1761 1096 3
1803 1019 1891 1080 sic
1912 1036 2084 1098 ergo,

530 1109 599 1168 in
618 1110 925 1188 praedictis
946 1110 1119 1188 loeis,
1150 1113 1565 1174 necessarium
1592 1120 1685 1176 est
1726 1115 1990 1176 verbum
2015 1113 2089 1173 il-

530 1200 661 1276 lud,
694 1204 933 1280 affandi,
976 1205 1307 1282 seducendi,
1347 1206 1702 1283 indurandi,
1742 1213 1805 1268 et
1836 1205 2087 1282 similia,

532 1311 671 1354 cum
700 1293 909 1374 aliqua
926 1295 1389 1377 improprietate
1420 1305 1484 1360 et
1508 1299 1871 1380 metaphora
1896 1301 2090 1360 inter-

444 1425 449 1428 -
510 1387 787 1464 pretari,
830 1407 967 1468 quse
1018 1408 1145 1451 non
1186 1398 1385 1472 potest
1424 1410 1554 1454 esse
1580 1392 1726 1469 alia,
1776 1393 1893 1454 nisi
1922 1393 2092 1472 quod

530 1479 655 1540 Deo
680 1479 999 1558 tribuitur,
1025 1489 1323 1564 tanquam
1351 1487 1657 1566 operanti,
1696 1486 1761 1547 id
1796 1486 1963 1566 quod
1995 1504 2090 1546 so-

531 1571 662 1634 lum
682 1574 1009 1652 permittit.

610 1669 671 1727 4.
722 1666 848 1730 Cur
874 1668 1174 1734 interdum
1197 1674 1511 1736 tribuatur
1541 1675 1665 1736 Deo
1704 1691 1850 1752 opus
1870 1673 2091 1737 solum·-

530 1761 699 1822 modo
744 1765 1229 1840 permissum.-
1271 1768 1451 1828 Ratio
1505 1772 1713 1829 autem
1770 1766 1849 1828 ob
1904 1785 2092 1846 quam

533 1853 795 1932 Spiritus
833 1857 1092 1920 Sanctus
1124 1859 1325 1922 voluit
1364 1879 1439 1922 ea
1484 1861 1847 1942 metaphora
1896 1866 1960 1920 et
2005 1859 2092 1920 lo-

531 1946 763 2024 quendi
825 1967 1054 2026 genere
1108 1953 1199 2012 uti
1221 1998 1241 2028 ‚
1296 1971 1429 2016 esse
1486 1959 1682 2032 potest
1738 1952 2087 2033 multiplex.

532 2038 763 2113 Prima,
816 2041 895 2102 ad
952 2044 1267 2106 terrendos
1326 2046 1647 2122 homines;
1711 2064 1881 2120 nam,
1949 2046 2091 2107 licet

531 2130 691 2191 Deus
734 2131 868 2196 hoec
926 2137 1186 2216 positive
1236 2158 1363 2200 non
1414 2145 1724 2220 operetur,
1764 2145 1977 2200 tamen
2009 2137 2090 2199 ob

532 2224 666 2302 ejus
732 2226 1043 2290 infinitam
1110 2231 1551 2310 praescientiam
1611 2232 2090 2293 conditionalem

532 2325 779 2380 actuum
809 2323 1089 2384 omnium
1120 2343 1275 2404 quos
1296 2325 1529 2403 singuli
1552 2325 1837 2386 homines
1862 2325 1931 2386 in
1959 2343 2092 2385 om-

532 2410 717 2474 nihus
744 2415 1067 2477 eventibus
1091 2419 1405 2498 operaturi
1434 2423 1603 2493 sunt,
1634 2418 1687 2478 si
1718 2419 1785 2478 in
1814 2418 1903 2478 eis
1949 2435 2095 2478 con·-

531 2505 889 2582 stituantur,
936 2508 1017 2570 ob
1065 2510 1227 2573 hanc
1274 2510 1569 2592 (inquam)
1614 2511 2090 2590 praescientiam,

532 2604 660 2660 tam
690 2599 1102 2665 infallibiliter
1122 2605 1401 2684 sequitur
1418 2604 1581 2684 quod
1609 2605 1913 2684 permittit
1932 2602 2092 2680 fieri,

534 2693 691 2753 sicut
741 2695 805 2756 id
861 2697 1029 2775 quod
1078 2697 1269 2759 efficit
1320 2704 1385 2760 et
1435 2697 1827 2778 praeordinat.
1890 2697 2091 2772 Unde,

533 2787 698 2865 quod
724 2788 803 2848 ad
832 2788 1149 2852 hominem
1172 2797 1425 2870 spectat,
1466 2809 1595 2852 non
1624 2790 1830 2851 minus
1856 2790 2096 2851 malum

532 2881 591 2940 ei
624 2883 927 2958 provenit,
952 2882 1163 2945 divina
1208 2885 1406 2964 posita
1450 2883 1871 2964 permissione,
1906 2901 2096 2962 quam

532 2971 587 3032 si
612 2974 877 3052 positiva
904 2981 1063 3036 esset
1086 2977 1396 3038 ordinatio
1422 2982 1487 3038 et
1515 2976 1842 3038 efficacitas
1866 2974 1992 3036 Dei.
2017 2975 2098 3036 Ut

534 3082 683 3145 ergo
710 3066 994 3130 homines
1015 3068 1291 3132 divinam
1314 3071 1779 3151 permissionem
1808 3069 2095 3143 timeant,

534 3176 645 3237 per
676 3161 930 3221 modum
976 3162 1315 3223 effectionis
1348 3165 1738 3243 proponitur,
1788 3161 1956 3243 quod
2007 3167 2100 3223 est

533 3256 779 3313 tantum
806 3256 1177 3334 permissum
1207 3258 1401 3333 (Isaiae
1426 3258 1513 3334 7).

610 3346 927 3409 Interdum
974 3349 1212 3428 aliquid
1258 3349 1389 3412 vult
1440 3350 1603 3411 Deus
1657 3366 1729 3410 ex
1781 3365 1892 3428 quo
1943 3353 2097 3411 certo

532 3438 651 3501 scit
680 3442 965 3517 futurum
990 3447 1059 3503 ut
1101 3442 1269 3503 homo
1303 3447 1523 3521 peccet.
1544 3474 1623 3487 —
1643 3442 1731 3503 Id
1774 3441 2098 3521 aliquando

535 3538 621 3593 est
677 3533 828 3612 quid
872 3534 1239 3612 neqativum.
1270 3568 1353 3581 —-
1395 3534 1678 3596 Secunda
1741 3535 1925 3595 ratio.
1983 3536 2100 3595 Per

532 3626 653 3687 hoc
698 3644 895 3705 genus
947 3626 1274 3707 loquendi,
1334 3628 1753 3708 significatur,
1810 3628 2096 3707 quamvis

531 3730 857 3799 peccatum
886 3737 1011 3781 non
1036 3721 1117 3781 sit
1139 3739 1177 3782 a
1213 3722 1357 3796 Deo,
1384 3728 1597 3783 tamen
1622 3720 1911 3783 effectum
1957 3738 2096 3799 pec-

534 3812 656 3873 cati
698 3830 829 3874 esse
874 3812 953 3873 ab
981 3814 1113 3893 ipso
1144 3814 1483 3891 intentum,
1512 3820 1575 3875 et
1615 3832 1777 3894 saepe
1804 3814 2096 3894 praeordi-

534 3912 777 3982 natum,
832 3906 933 3967 vel
980 3907 1049 3968 in
1104 3926 1355 3988 poenam
1410 3909 1825 3989 peccantium.
1876 3908 1977 3969 vel
2026 3908 2095 3969 in

534 3999 729 4061 alium
760 3998 951 4061 finem
990 3998 1227 4061 bonum
1242 4016 1265 4078 3
1295 4002 1381 4062 sic
1414 4003 1627 4077 Assur,
1654 4000 1829 4061 verbi
1868 4000 2091 4079 gratia,

536 4092 761 4155 dicitur
786 4094 969 4172 virya
1002 4094 1245 4172 suroris
1284 4094 1427 4170 Dei,
1459 4092 1631 4173 quia,
1672 4092 1819 4154 licet
1858 4092 2097 4171 Assyrii

536 4194 861 4265 peccarent
931 4186 1263 4267 affligendo
1326 4186 1629 4268 populum
1691 4186 1823 4261 Dei,
1881 4190 2096 4247 tamen

536 4280 695 4341 Deus
726 4279 879 4341 illud
915 4286 1235 4359 peecatum
1268 4280 1547 4361 permisit
1594 4280 1661 4341 in
1704 4296 1956 4359 poenam
1997 4278 2093 4340 sui

533 4372 769 4453 populi,
800 4373 975 4451 cujus
1003 4373 1399 4435 afflictionem
1444 4379 1508 4435 et
1553 4373 1922 4453 passionem,
1957 4390 2096 4451 quas

534 4466 703 4529 bona
742 4470 895 4539 erat,
928 4466 1085 4526 Deus
1131 4465 1397 4543 volebat,
1428 4467 1568 4528 licet
1611 4470 1927 4546 peccatum
1967 4482 2094 4526 non

536 4558 745 4633 vellet,
758 4558 864 4619 sed
893 4558 1279 4639 permitteret
1304 4565 1571 4622 tantum.
1603 4559 1812 4621 Tertia
1827 4557 1986 4620 ratio
2003 4564 2098 4620 est

536 4651 817 4732 specialis
834 4651 901 4712 in
920 4652 1231 4731 aliquibus
1250 4653 1538 4732 peccatis,
1564 4651 1645 4713 ad
1672 4652 2094 4714 denotandum

536 4762 661 4805 non
693 4761 772 4806 ex
812 4744 943 4805 sola
977 4744 1251 4821 generali
1276 4744 1687 4825 providentia,
1733 4744 1839 4806 sed
1882 4743 2094 4823 aliquo

536 4836 785 4915 speciali
814 4836 921 4897 Dei
948 4836 1201 4898 consilio
1240 4845 1303 4899 et
1346 4838 1586 4899 ratione
1632 4836 1930 4916 permitti.
1970 4838 2096 4898 Ali-

537 4928 787 5008 quando
832 4928 1004 4989 enim
1051 4930 1229 5005 Deus,
1278 4935 1503 5009 proeter
1548 4928 1904 5007 generalem
1951 4946 2096 4990 con·

538 5040 785 5083 cursum
816 5040 1014 5083 causoe
1045 5024 1286 5102 primas,
1312 5022 1545 5103 aliquid
1572 5022 1820 5102 speciali
1854 5028 1917 5083 et
1955 5040 2096 5103 pro·

537 5115 673 5195 prio
699 5133 772 5177 ac
804 5115 1099 5196 peculiari
1138 5115 1390 5177 consilio
1427 5114 1588 5189 vult,
1628 5132 1707 5175 ex
1754 5133 1879 5194 quo
1926 5122 2094 5177 certo

536 5207 653 5267 scit
678 5206 812 5269 fore
840 5213 911 5269 ut
936 5206 1125 5269 homo
1152 5214 1396 5287 peccet;
1442 5208 1685 5269 ratione
1730 5208 1907 5286 cujus
1955 5208 2094 5269 talis

534 5301 855 5381 permissio
886 5302 1162 5381 specialis
1189 5302 1445 5377 dicitur3
1483 5307 1545 5363 et
1594 5300 1719 5363 illis
1762 5301 2094 5363 locutioni-

537 5395 653 5456 bus
698 5395 991 5474 explicari
1040 5395 1195 5457 solet
1211 5440 1232 5471 ,
1288 5398 1476 5457 etiam
1532 5401 1743 5457 nostro
1800 5395 2097 5476 loquendi

538 5506 731 5551 more.
764 5488 831 5550 Id
859 5493 1069 5551 autem
1095 5490 1259 5569 quod
1286 5491 1447 5552 Deus
1474 5489 1592 5551 hoc
1614 5488 1796 5553 modo
1826 5489 1982 5566 vult,
2002 5488 2098 5550 in-

1082 359 1293 412 OPUSC.
1326 361 1368 424 1,
1402 361 1519 414 LlB.
1556 362 1615 415 n.
1652 361 1733 414 DE
1764 356 2084 414 CONCURSU
2117 359 2219 412 nm
2252 358 2336 412 Ab
2368 358 2570 412 AG'rns
2603 357 2847 411 onmms
2879 355 3165 408 NATURAE.

2161 457 2408 520 terdum
2437 463 2532 519 est
2561 456 2796 536 aliquid
2843 455 3229 534 negativum,
3261 452 3556 516 interdum
3585 458 3670 518 ali-

2163 553 2312 631 quid
2365 551 2724 630 positivum.
2775 549 3146 626 Negativum
3193 552 3308 622 est,
3357 565 3492 608 cum
3527 551 3669 626 Deus,

2163 646 2505 727 praevidens
2527 644 2662 706 fore
2685 648 2780 720 ut,
2815 643 2868 703 si
2909 641 3231 702 hominem
3275 657 3404 701 non
3427 643 3669 720 corrigat,

2166 738 2266 800 vel
2292 737 2502 818 aliqua
2541 736 2916 800 correctione
2943 733 3203 813 affligat,
3227 732 3505 812 lapsurus
3539 736 3672 798 sitin

2165 831 2346 912 plura
2395 835 2667 910 peccata,
2695 827 3104 890 nihilominus
3143 825 3439 906 peculiari
3465 829 3673 890 consilio

2167 931 2231 987 et
2257 924 2641 986 inscrutabili
2663 923 2900 1003 judicio
2929 920 3398 999 castigationem
3423 929 3673 998 removet,

2168 1019 2608 1099 hominemque
2633 1015 2954 1079 desideriis
2981 1015 3108 1076 suis
3139 1015 3342 1076 tradit.
3383 1015 3504 1075 Hoc
3531 1018 3675 1078 modo

2168 1113 2393 1174 dicitur
2431 1118 2608 1192 pater
2639 1110 2899 1191 perdere
2943 1108 3168 1184 filium,
3199 1108 3490 1185 magister
3529 1108 3676 1170 disci·

2169 1204 2412 1286 pulum,
2433 1210 2496 1266 et
2523 1204 2895 1285 paedagogus
2921 1201 3270 1263 alumnum.
3297 1199 3472 1260 Unde
3491 1202 3673 1265 Eccles.

2173 1298 2284 1358 30:
2321 1297 2528 1360 Pande
2571 1298 2768 1359 latera
2819 1295 2947 1371 filii
2993 1295 3110 1369 tui,
3154 1312 3226 1356 ne
3267 1296 3429 1371 sorte
3465 1297 3676 1356 induret.

2171 1389 2349 1452 Hunc
2395 1389 2651 1451 modum
2703 1388 2907 1466 attigit
2954 1386 3248 1463 Origenes
3293 1387 3332 1446 3
3391 1385 3678 1463 periarch„

2171 1483 2354 1562 capit.
2391 1485 2452 1557 l,
2487 1493 2550 1542 et
2577 1481 2920 1562 explicatur
2949 1480 3183 1560 optime
3212 1477 3438 1538 Psalm.
3481 1481 3585 1538 72:
3623 1483 3683 1541 In

2169 1577 2373 1639 labore
2413 1577 2718 1639 hominum
2767 1594 2884 1637 mm
2931 1580 3098 1648 eunt,
3143 1577 3198 1636 et
3227 1591 3360 1635 cum
3397 1573 3683 1637 hominibus

2170 1687 2290 1730 non
2334 1669 2834 1748 flayeuabuntur,
2879 1669 3008 1730 idco
3059 1666 3249 1728 tenuit
3293 1683 3390 1726 eos
3429 1667 3681 1744 superbia.

2173 1761 2404 1822 Deinde
2431 1767 2633 1841 potest
2655 1761 2842 1823 etiam
2863 1777 2994 1821 esse
3013 1759 3144 1820 haee
3163 1755 3506 1839 permissio,
3533 1776 3684 1836 quan-

2173 1853 2254 1914 do
2303 1853 2484 1928 Deus,
2509 1855 2680 1933 justo
2727 1852 2992 1932 judicic,
3037 1857 3226 1932 negat
3269 1850 3562 1913 auxilium
3601 1851 3684 1910 ali-

2171 1948 2338 2027 quod
2365 1947 2627 2026 speciale
2655 1947 2734 2008 ad
2755 1946 3076 2008 vitandam
3091 1945 3364 2024 culpam,
3387 1943 3560 2024 quod,
3579 1943 3686 2003 licet

2170 2059 2300 2102 non
2348 2041 2428 2101 sit
2481 2040 2844 2120 simpliciter
2895 2039 3332 2111 necessarium,
3391 2043 3479 2098 est
3523 2043 3684 2096 tamen

2171 2135 2490 2196 moraliter
2522 2135 2956 2207 necessarium,
2985 2137 3096 2194 aut
3139 2131 3294 2206 fere,
3337 2131 3506 2210 quia,
3533 2130 3687 2189 consi·

2172 2227 2385 2290 derata
2409 2229 2682 2290 hominis
2705 2227 3128 2308 dispositione,
3157 2231 3220 2286 et
3257 2225 3582 2296 occasione,
3603 2223 3688 2282 dis-

2173 2320 2518 2382 ficillimum
2548 2327 2642 2382 est
2665 2321 2862 2382 vitare
2885 2319 3154 2399 culpam,
3177 2317 3298 2379 nisi
3327 2319 3486 2378 Deus
3505 2317 3690 2395 specia-

2172 2413 2314 2475 liori
2346 2413 2530 2475 modo
2579 2413 2854 2493 adjuvet,
2889 2413 3052 2492 quod
3103 2417 3318 2473 tamen
3365 2410 3557 2470 facere
3595 2429 3688 2468 non

2172 2513 2420 2568 tenetur
2455 2527 2470 2566 :
2515 2511 2578 2567 et
2627 2507 2765 2566 ideo
2809 2505 3126 2567 interdum
3159 2505 3330 2582 justo
3371 2503 3590 2582 judicio
3623 2501 3691 2560 illi

2173 2605 2380 2677 negat.
2433 2599 2752 2673 Quomodo
2807 2599 2972 2661 inter
3016 2597 3326 2673 homineS,
3387 2596 3494 2676 qui
3539 2594 3691 2655 alium

2173 2691 2472 2771 relinquit
2495 2693 2562 2752 in
2590 2691 2879 2753 manibus
2902 2691 3199 2765 hostium,
3217 2707 3422 2768 neque
3445 2688 3499 2748 ei
3518 2687 3693 2748 subve-

2177 2784 2290 2858 nit,
2333 2785 2561 2846 dicitur
2605 2802 2750 2845 eum
2797 2785 3062 2859 tradere,
3109 2783 3256 2844 licet
3299 2781 3551 2862 positive
3599 2798 3692 2840 non

2177 2878 2452 2957 adjuvet,
2505 2897 2630 2958 quo
2673 2878 2956 2958 exemplo
3003 2879 3202 2938 utitur
3245 2875 3691 2955 chrysostomus,

2177 2971 2394 3032 homil.
2451 2975 2488 3033 3
2527 2972 2596 3032 in
2627 2971 2804 3050 epist.
2843 2971 2924 3032 ad
2969 2972 3148 3032 Rom.
3155 3014 3176 3045 ,
3207 2985 3519 3048 exponens
3545 2965 3694 3025 verba

2179 3065 2320 3127 illa:
2357 3065 2647 3129 Tradidit
2687 3083 2782 3129 eos
2823 3067 3005 3141 Deus,
3050 3069 3168 3126 etc.
3217 3061 3415 3143 (Vide
3451 3061 3636 3138 Grcg„
3671 3063 3688 3119 i

2178 3162 2422 3237 Moral.‚
2455 3179 2588 3241 cap.
2625 3163 2739 3240 133
2769 3162 2962 3239 Aug„
2993 3160 3171 3242 epist.
3199 3160 3340 3234 105,
3375 3165 3438 3219 et
3462 3156 3562 3217 lib.
3591 3152 3693 3215 lad

2181 3254 2428 3336 Simpl.‚
2460 3262 2676 3334 quast.
2711 3256 2774 3329 2,
2801 3272 2986 3315 serm.
3025 3254 3105 3315 88
3146 3252 3224 3313 de
3251 3254 3497 3329 Temp.;
3536 3248 3693 3325 Orig„

2177 3347 2348 3409 hom.
2381 3352 2418 3409 7
2449 3350 2514 3409 in
2542 3348 2650 3411 lib.
2683 3348 3008 3423 Judicum3
3041 3343 3372 3426 chrysost.)

2257 3445 2316 3505 5.
2362 3445 2678 3507 Interdum
2705 3462 2839 3505 vero
2875 3450 2962 3506 est
2997 3444 3351 3522 positivum.
3386 3441 3466 3503 D.
3520 3439 3690 3500 Tkom.

2177 3538 2262 3599 ad
2287 3537 2460 3600 Rom.
2503 3539 2566 3599 9.
2613 3572 2677 3581 —
2705 3535 3044 3598 Positivum
3077 3541 3288 3595 autem
3314 3530 3546 3613 aliquid
3588 3529 3700 3589 facit

2175 3629 2360 3705 DeuS,
2389 3629 2638 3709 quando
2671 3648 2798 3691 non
2827 3629 3028 3691 solum
3059 3628 3300 3689 homini
3339 3626 3568 3687 malum
3603 3640 3699 3683 non

2175 3722 2383 3796 infert,
2413 3723 2520 3784 sed
2547 3724 2738 3784 etiam
2766 3722 3068 3784 beneficia
3099 3722 3362 3796 confert,
3397 3716 3699 3800 praevidens

2175 3815 2306 3877 fore
2333 3822 2405 3877 ut
2431 3816 2524 3877 illi
2551 3816 2766 3877 sintin
2791 3814 3152 3877 scandalum
3179 3820 3244 3875 et
3269 3814 3542 3885 ruinam,
3571 3806 3699 3888 quod

2175 3926 2304 3967 non
2331 3908 2532 3969 solum
2563 3908 2640 3970 de
2669 3906 3114 3987 temporalibus
3143 3905 3348 3982 boniS,
3395 3904 3500 3965 sed
3545 3902 3700 3963 etiam

2176 3998 2254 4061 de
2297 4000 2720 4079 spiritualibus
2768 4018 2986 4062 verum
3036 4011 3148 4061 est.
3205 3997 3522 4059 Interdum
3565 3992 3700 4055 enim

2176 4092 2369 4153 mittit
2399 4092 2561 4154 Deus
2602 4092 3068 4173 praedicatorem
3094 4090 3177 4153 ad
3205 4110 3351 4153 eum
3377 4108 3556 4171 quem
3581 4104 3702 4167 prae-

2175 4184 2286 4247 scit
2313 4204 2440 4246 non
2479 4186 2610 4247 fore
2657 4186 3117 4265 corrigendum,
3149 4186 3256 4247 scd
3308 4180 3699 4244 obdurandum

2175 4279 2404 4357 potius.
2425 4280 2524 4341 Sic
2543 4280 2732 4341 etiam
2751 4279 2898 4341 fecit
2919 4277 3220 4339 miracula
3242 4284 3305 4338 et
3331 4276 3509 4356 signa
3529 4289 3700 4335 coram

2177 4371 2520 4447 Pharaone,
2551 4375 2874 4453 praesciens
2922 4372 3101 4433 illum
3149 4372 3340 4433 fuisse
3386 4366 3702 4431 obstinatio-

2175 4481 2310 4527 rem
2365 4464 2777 4526 reddendum.
2837 4466 2908 4525 In
2961 4482 3084 4543 quo
3149 4463 3436 4543 exemplo
3489 4460 3704 4521 fortasse

2175 4564 2434 4635 uterque
2463 4557 2680 4617 modus
2705 4559 3042 4633 concurrit,
3065 4556 3368 4618 nimirum
3397 4561 3459 4617 et
3479 4552 3706 4633 positiva

2175 4651 2498 4729 signorum
2525 4651 2802 4730 operatio
2829 4655 2893 4711 et
2921 4649 3250 4728 denegatio
3275 4644 3706 4711 abundantioris

2175 4744 2418 4819 auxilii,
2449 4743 2541 4803 illi
2572 4742 2814 4804 homini
2839 4742 3186 4819 necessarii,
3219 4740 3316 4803 vel
3345 4760 3425 4803 ex
3471 4758 3555 4815 se,
3601 4754 3704 4797 mo-

2175 4836 2388 4899 raliter
2414 4836 2752 4916 loquendo,
2783 4834 2876 4897 vel
2905 4836 3088 4915 juxta
3115 4835 3562 4930 praescieptiam
3595 4828 3700 4891 Dei.

2177 4929 2530 5011 Aliquando
2557 4930 2748 4991 etiam
2785 4931 2944 4992 Deus
2972 4928 3206 5008 aliquid
3253 4926 3530 5009 praecipit
3572 4922 3702 4993 fieri,
3778 4962 3779 4975 1

2175 5023 2341 5103 quod
2365 5024 2477 5084 scit
2515 5030 2726 5103 postea
2751 5022 3034 5084 futurum
3081 5020 3322 5086 homini
3363 5019 3704 5119 occasionem
3778 5016 3779 5029 ³

2175 5118 2396 5177 ruinae.
2423 5118 2523 5178 Sic
2551 5118 2830 5198 praecipit
2855 5114 3001 5176 filiis
3030 5114 3218 5177 Israel
3239 5122 3311 5175 ut
3329 5114 3408 5175 ab
3431 5115 3706 5191 AEgyptns

2175 5215 2457 5290 peterent
2484 5228 2632 5271 vasa
2652 5227 2842 5271 aurea
2867 5214 2930 5269 et
2957 5212 3254 5287 argentea
3269 5222 3292 5285 3
3327 5212 3389 5267 et
3413 5206 3524 5266 bac
3558 5218 3706 5263 occa·
3778 5196 3779 5247 ἐ

2173 5304 2346 5363 sione
2375 5302 2602 5363 dicitur
2629 5301 3002 5364 convertisse
3029 5300 3213 5361 corda
3241 5316 3477 5373 eorum,
3503 5303 3569 5357 ut
3591 5293 3708 5354 ode-

2175 5395 2304 5457 rint
2332 5394 2633 5475 populum
2663 5412 2868 5469 suum,
2917 5410 3045 5453 non
3095 5393 3162 5453 in
3209 5392 3299 5453 eis
3339 5390 3545 5452 odium
3581 5403 3703 5465 ope·
3778 5398 3779 5479 J

2175 5488 2395 5566 rando,
2421 5488 2530 5551 sed
2547 5487 2784 5569 aliquid
2799 5485 3171 5563 ordinando,
3201 5504 3279 5547 ex
3303 5503 3426 5567 quo
3445 5482 3534 5543 illi
3553 5482 3703 5542 erant
3778 5522 3779 5563 ξ
