3850 6225
522 392 643 451 424

519 498 585 558 ni
615 496 918 577 adjungat
952 490 1451 578 promissionem,
1477 501 1613 579 jam
1641 500 1834 561 virtus
1863 500 2087 560 verita-

518 592 598 652 tis
625 592 802 651 illum
835 592 1088 671 obligat,
1123 598 1188 653 ut
1215 612 1432 653 verum
1461 594 1685 655 efficiat
1707 593 1879 673 quod
1909 592 2081 665 dixit,

517 684 752 747 factum
782 702 926 746 cum
955 686 1117 746 dicto
1153 685 1472 748 conforme
1503 687 1881 766 praestando.
1907 686 2087 758 Quod

519 779 572 839 si
614 778 872 840 accedat
909 778 1374 857 juramentum,
1429 779 1696 841 addetur
1747 780 2081 859 obligatio,

521 890 648 933 non
681 873 812 951 jam
847 872 1040 933 solius
1081 874 1378 947 veritatis,
1418 875 1532 933 sed
1572 873 1914 952 religioniS,
1942 892 2089 952 pro-

519 971 659 1044 pter
699 966 1114 1039 reverentiam
1161 966 1351 1027 divini
1399 968 1754 1027 testimonii.
1798 970 1882 1047 ,At
1936 985 2087 1027 vero

519 1060 710 1132 DeuS‚
751 1076 826 1119 eo
873 1058 1044 1137 quod
1081 1058 1158 1120 sit
1197 1058 1400 1138 prima
1446 1066 1507 1120 et
1555 1060 1896 1120 infallibilis
1926 1061 2088 1121 veri-

521 1157 638 1223 taS,
669 1169 742 1211 ex
783 1150 846 1211 vi
893 1152 1034 1211 talis
1059 1151 1300 1213 virtutis
1329 1171 1440 1213 seu
1471 1153 1746 1214 attributi
1777 1154 2089 1234 obligatur

521 1246 614 1320 (ut
642 1250 854 1304 nostro
885 1261 1058 1304 more
1093 1245 1448 1325 loquamur)
1487 1246 1735 1307 efficere
1771 1254 1838 1307 ut
1864 1264 2087 1325 perpe-

517 1342 627 1397 tuo
659 1356 878 1399 verum
907 1338 980 1398 sit
1013 1339 1180 1415 quod
1209 1340 1404 1399 semel
1433 1340 1719 1413 asseruit,
1754 1341 1901 1418 quia
1930 1340 2086 1399 alias

517 1430 787 1491 multum
825 1430 1078 1492 caderet
1119 1450 1154 1491 a
1195 1433 1454 1491 veritate
1507 1450 1618 1492 sua
1666 1440 1726 1493 et
1777 1433 2082 1493 infallibili

521 1525 918 1596 auctoritate3
951 1530 1012 1585 et
1035 1525 1177 1585 ideo
1207 1527 1446 1603 absque
1474 1527 1909 1605 promissione,
1946 1546 2084 1607 quae.

519 1616 902 1693 intelligatur
937 1617 1080 1677 addi
1120 1636 1232 1697 per
1271 1620 1656 1681 voluntatem
1687 1638 1798 1680 seu
1835 1638 1948 1699 per
1988 1639 2086 1681 ac-

523 1716 655 1769 tum
689 1711 931 1771 ratione
975 1711 1356 1785 distinctum,
1386 1714 1448 1773 in
1481 1714 1610 1773 sola
1656 1732 1770 1773 sua
1795 1716 2088 1775 assertio-

523 1820 603 1863 ne
645 1802 920 1863 continet
944 1809 1139 1865 totam
1167 1806 1292 1866 vim
1334 1807 1786 1883 promissioniS,
1822 1813 1884 1868 et
1913 1807 2087 1869 debi-

522 1900 658 1954 tum
701 1896 984 1973 ejusdem
1043 1898 1302 1959 rationis
1354 1918 1468 1961 seu
1529 1901 1980 1979 proportioniS,
2022 1900 2085 1961 id

525 1995 653 2061 est,
707 1990 790 2050 ad
844 1991 1134 2051 eamdem
1176 1991 1466 2053 virtutem
1509 1992 1851 2054 formaliter
1899 1993 2087 2071 perti·-

524 2099 704 2141 nens.
741 2078 1053 2156 Quainvis,
1089 2085 1244 2146 sicut
1270 2086 1528 2147 virtutes
1555 2104 1775 2147 omnes
1805 2105 1918 2147 seu
1945 2105 2086 2165 per-

525 2174 828 2235 fectiones
865 2177 1074 2249 etiam,
1109 2196 1246 2256 quae
1276 2178 1342 2238 in
1376 2180 1504 2239 Deo
1534 2179 1878 2240 formaliter
1916 2180 2088 2240 inve—

527 2268 803 2336 niuntur,
827 2270 1148 2349 analogice
1171 2272 1350 2333 nobis
1375 2272 1748 2333 conveniant
1768 2291 2089 2353 compara-

527 2361 696 2421 tione
719 2362 857 2433 Dei,
890 2362 974 2423 ita
1025 2370 1087 2423 ct
1120 2364 1370 2439 veritas,
1402 2372 1860 2442 consequenter
1899 2367 2090 2426 etiam

528 2452 808 2515 debitum
845 2472 917 2515 ac
941 2456 1291 2533 promissio,

605 2546 708 2605 29.
755 2547 884 2607 Hac
914 2548 1102 2627 igitur
1128 2551 1391 2625 ratione,
1427 2552 1488 2611 in
1521 2551 1784 2631 simplici
1809 2553 2097 2614 assertio-

533 2656 614 2699 ne
661 2638 870 2700 divina
909 2643 1269 2704 continetur
1322 2663 1468 2705 vera
1507 2663 1578 2705 ac
1632 2645 1906 2723 perfecta
1934 2648 2093 2707 ratio

527 2732 956 2809 promissionis
1001 2754 1076 2795 ac
1111 2736 1302 2797 debiti
1351 2756 1428 2797 ox
1455 2738 1736 2809 veritate,
1770 2756 1910 2817 quae
1938 2740 2094 2799 emi-

527 2830 753 2885 nenter
790 2827 1066 2887 continet
1098 2828 1542 2907 obligationem
1585 2830 1772 2891 debiti
1823 2850 1898 2891 ex
1921 2832 2093 2909 jura-

529 2922 766 2989 ment0,
825 2936 968 2978 cum
1013 2920 1101 2979 ibi
1157 2921 1438 2981 divinum
1497 2922 1868 2984 interveniat
1919 2926 2093 2984 testi-

531 3010 840 3084 monium;
875 3030 1000 3071 non
1030 3018 1243 3074 tamen
1273 3014 1426 3074 illud
1451 3020 1688 3093 spectat
1713 3016 1776 3075 in
1803 3017 1933 3077 Deo
1955 3018 2089 3096 ipso

531 3100 612 3162 ad
653 3102 1046 3184 religionem,
1089 3125 1233 3167 cum
1277 3108 1446 3168 Deus
1493 3106 1574 3168 ad
1617 3127 1684 3168 se
1721 3108 2092 3188 religionem

532 3202 640 3256 aut
660 3199 1073 3258 reverentiam
1103 3217 1230 3260 non
1261 3200 1514 3277 habeat,
1539 3201 1650 3260 sed
1677 3207 1878 3262 totum
1905 3203 2096 3282 perti-

531 3294 640 3350 net
679 3290 761 3351 ad
789 3307 1148 3370 supremam
1187 3293 1326 3372 ejus
1367 3296 1718 3368 veritatem,
1751 3312 1942 3374 quam
1971 3315 2099 3356 sua:

529 3383 838 3460 majestati
904 3391 964 3445 et
1015 3385 1363 3447 auctoritati
1423 3388 1962 3467 proportionatam
2022 3409 2095 3451 ac

531 3493 782 3554 semper
830 3477 1224 3556 adaequatam
1273 3497 1412 3541 esse
1455 3499 1712 3542 necesse
1757 3489 1872 3543 est.
1915 3483 2095 3546 Unde

534 3569 856 3646 eleganter
897 3571 1050 3631 dixit
1105 3573 1506 3646 Athanasius,
1561 3575 1628 3634 in
1683 3593 1957 3637 sermon.
2015 3577 2095 3638 de

527 3662 702 3734 Pasa.
748 3665 810 3723 et
857 3682 1040 3726 cruce
1093 3666 1378 3726 Domini:
1443 3669 1606 3730 Deus
1655 3686 1766 3747 per
1806 3672 2097 3732 nemiuem

515 3754 702 3832 jurat
709 3781 733 3828 ;
755 3757 859 3835 qui
883 3758 1042 3819 euim
1065 3763 1285 3840 pote-st,
1313 3777 1448 3822 oum
1467 3760 1550 3821 sit
1571 3761 1862 3824 Dominus
1881 3768 1941 3826 et
1962 3780 2097 3824 cou-

531 3847 692 3912 ditor
719 3849 1022 3912 omnium?
1063 3851 1188 3924 sed,
1223 3852 1281 3914 .ςί
1315 3854 1473 3932 quod
1514 3871 1611 3916 res
1647 3860 1738 3916 est
1783 3857 2097 3918 dicendum

531 3945 646 4014 est,
687 3942 884 4021 ipsius
917 3961 1109 4006 sermo
1137 3945 1584 4024 jusjurandum
1627 3955 1736 4022 est,
1777 3955 1945 4010 corta
1978 3949 2097 4027 fide

530 4031 799 4098 imbuens
845 4038 1174 4112 auditores,
1217 4040 1498 4118 quoniam
1531 4058 1661 4119 quoe
1679 4043 2001 4121 promittit
2040 4051 2100 4105 et

531 4127 804 4208 loquitur
821 4147 1079 4210 prorsus
1095 4134 1259 4212 fient.
1289 4135 1364 4192 Et
1389 4132 1580 4192 infra:
1613 4133 1720 4196 Ea
1747 4152 1879 4214 quoe
1903 4135 2099 4216 loqui-

533 4227 640 4283 tur
673 4223 858 4294 Deus,
894 4225 959 4286 ob
977 4225 1416 4302 firmitudinem
1459 4232 1517 4289 et
1540 4229 2098 4292 immutabilitatem

533 4315 866 4378 voluntatis
883 4317 1018 4395 ejus
1037 4335 1154 4398 pro
1156 4319 1536 4397 ,fur-amentis
1560 4322 1902 4401 reputanda
1927 4329 2091 4383 suut.

541 4407 614 4466 Et
637 4406 794 4468 infra
815 4408 1108 4488 :Nouper
1124 4410 1432 4474 veritatem
1440 4411 1626 4491 jurat
1641 4415 1821 4486 Deus,
1846 4415 1953 4476 sod
1960 4416 2064 4495 qui
2066 4433 2105 4476 ιι

534 4517 665 4579 quoe
704 4520 846 4564 vera
892 4509 1038 4564 sunt
1077 4520 1342 4567 sermone
1386 4521 1494 4567 auo
1541 4506 1712 4578 dicit,
1751 4508 1822 4567 id
1850 4507 2103 4569 homini-

538 4593 644 4654 bus
671 4595 753 4654 ad
790 4595 968 4672 fidem
984 4612 1102 4675 pro
1114 4595 1470 4672 juramento
1488 4601 1599 4659 est.
1631 4599 1705 4658 Et
1734 4599 2103 4676 chrysosto-

539 4703 702 4758 muS,
728 4687 1076 4764 exposit.in
1103 4688 1328 4748 Psalm.
1355 4691 1502 4750 109:
1533 4691 1694 4752 Deus
1719 4691 1966 4769 (inquit)
1986 4708 2103 4752 uon

535 4778 734 4852 jurat,
769 4781 876 4840 sed
914 4779 982 4840 id
1021 4781 1172 4842 dicit
1201 4783 1357 4861 quod
1397 4781 1634 4843 omuino
1665 4787 1947 4860 saturum
1986 4789 2097 4846 est.

541 4870 652 4940 Oui
697 4871 911 4931 Patres
951 4873 1136 4951 plane
1197 4873 1572 4933 confirmant
1631 4878 1826 4934 totam
1879 4874 2103 4936 doctri-

541 4980 691 5022 nam
729 4964 994 5042 positam
1035 4965 1112 5026 db
1154 4965 1342 5026 modo
1381 4965 1604 5026 divinae
1647 4968 2098 5044 promissionis.

541 5056 668 5116 Nec
699 5058 910 5117 tamen
945 5075 1177 5135 negare
1218 5058 1551 5120 intendunt
1589 5059 1740 5138 quin
1795 5061 1964 5120 Deus
1997 5061 2105 5121 ali-

542 5149 794 5227 quando
823 5150 1115 5228 loquatur
1141 5152 1208 5210 in
1237 5151 1437 5212 forma
1471 5170 1544 5210 ac
1587 5153 1774 5212 modo
1805 5154 2097 5231 jurantis,

537 5261 680 5302 cum
711 5243 776 5302 id
803 5243 1121 5322 Scriptura
1155 5249 1370 5321 aperte
1413 5244 1655 5316 doceat,
1691 5251 1758 5306 ut
1799 5265 1989 5325 supra
2016 5249 2101 5308 vi-

535 5334 777 5407 dimus;
807 5335 919 5396 sed
949 5335 1174 5396 docent
1207 5335 1383 5394 illum
1423 5354 1549 5395 non
1595 5354 1732 5398 esse
1773 5338 2099 5402 formalem

535 5434 744 5488 actum
751 5429 1119 5508 juramenti,
1147 5429 1350 5508 qualis
1375 5428 1438 5488 in
1461 5428 1642 5488 nobis
1658 5437 1772 5504 est,
1796 5433 1945 5511 quia
1972 5454 2099 5496 non

535 5529 628 5584 est
672 5529 847 5585 actus
888 5521 1230 5601 religionis,
1260 5539 1376 5581 nec
1409 5528 1502 5582 est
1530 5529 1786 5602 propter
1823 5526 2099 5606 aliquem

1003 394 1212 449 OPUSC.
1251 398 1333 450 IV.
1375 400 1677 451 RELECTlO
1711 398 1790 451 DE
1823 396 2172 451 LiBERTA‘rss
2208 400 2595 454 VOLUNTATIS
2626 401 2873 453 mvmAE.
2908 398 3147 453 DlSPU‘l'.
3182 400 3245 452 11.

2170 502 2537 563 auctoritate
2586 500 2923 579 maJorem3
2960 498 3127 559 unde
3172 516 3382 574 neque
3429 494 3603 557 addit
3634 492 3725 553 fir-

2168 594 2447 655 mitatem
2488 612 2694 673 neque
2746 592 3193 671 obligationem
3230 590 3497 670 simplici
3538 606 3725 647 asser-

2168 688 2320 748 tioni
2350 688 2599 749 dIvinae.

2252 782 2349 842 30.
2396 784 2675 845 Debitum
2694 780 2983 861 implendi
2999 797 3069 843 ea
3096 778 3378 859 beneficia
3404 794 3542 861 quoe
3574 776 3723 837 Dens

2168 875 2455 948 asseruit,
2484 878 2563 936 ad
2588 874 2942 951 fidelitatem
2972 876 3223 951 spectat.
3250 902 3338 916 --
3357 872 3560 948 Atque
3590 868 3721 925 hinc

2170 967 2359 1029 etiam
2391 967 2651 1047 intelligi
2678 966 2862 1027 facile
2900 970 3105 1045 potest
3131 962 3453 1043 quomodo
3482 963 3605 1021 hoc
3624 961 3723 1019 de-

2170 1060 2371 1121 bitum
2394 1061 2474 1120 ad
2502 1060 2865 1121 fidelitatem
2892 1060 3005 1122 Dei
3029 1058 3347 1137 pertinere
3370 1058 3715 1116 asseratur:

2168 1153 2327 1213 sicut
2354 1152 2522 1213 enim
2550 1154 2615 1212 in
2666 1152 2848 1213 nobis
2874 1152 3103 1213 veritas
3131 1156 3195 1212 et
3216 1148 3491 1211 fidelitas
3526 1147 3720 1207 stricte

2166 1250 2417 1326 sumpta
2448 1246 2615 1307 idem
2637 1252 2803 1318 sunt,
2836 1248 2919 1307 ita
2947 1247 3015 1306 in
3046 1248 3199 1305 Dec.
3238 1243 3394 1315 Quia
3434 1258 3587 1319 ergo
3616 1241 3719 1301 hoc

2166 1340 2447 1400 debitum
2466 1340 2547 1399 ad
2574 1340 2893 1401 veritatem
2928 1339 3221 1417 pertinet,
3250 1336 3443 1397 etiam
3474 1336 3557 1395 ad
3584 1334 3721 1394 fide-

2164 1434 2401 1495 litatem
2428 1440 2685 1512 spcctat.
2723 1434 2901 1496 Unde
2932 1432 3181 1503 Paulus,
3214 1431 3301 1491 ad
3330 1430 3631 1490 Hebraeos
3662 1432 3717 1490 6.

2168 1530 2366 1587 totam
2402 1525 2761 1586 firmitatem
2800 1526 3151 1586 divinorum
3190 1524 3641 1603 promissorum
3666 1523 3717 1581 in

2168 1620 2287 1680 hoc
2314 1620 2511 1698 ponit,
2530 1620 2699 1697 quod
2717 1620 2884 1680 Deus
2902 1618 3149 1679 mentiri
3168 1636 3296 1677 non
3314 1620 3541 1695 potest.
3568 1618 3637 1675 Et
3650 1616 3719 1675 ad

2165 1715 2345 1774 Rom.
2382 1714 2457 1774 3:
2506 1712 2829 1792 Numquid
2858 1711 3257 1773 incredulitas
3286 1710 3538 1771 illorum
3558 1711 3717 1788 fidem

2166 1808 2281 1869 Dei
2324 1804 2683 1869 evacuavit?
2740 1805 2799 1866 id
2852 1812 2969 1877 est,
3014 1804 3387 1865 fidelitatem
3418 1820 3543 1879 qua
3574 1822 3719 1880 prae-

2167 1906 2364 1961 statur
2390 1900 2455 1960 id
2480 1898 2651 1978 quod
2674 1899 3049 1978 promissum
3070 1902 3186 1968 est,
3214 1906 3283 1956 ut
3328 1898 3401 1956 D.
3437 1896 3715 1967 Thomna

2168 1993 2445 2054 Adamas
2470 1999 2533 2054 et
2552 1993 2656 2057 alii
2686 1993 3083 2053 adnotarunt.
3104 1990 3329 2053 Subdit
3346 1995 3559 2049 autem
3582 1990 3721 2049 Pau-

2168 2086 2300 2145 lus:
2326 2088 2453 2149 ,Est
2466 2090 2667 2149 autem
2690 2087 2854 2147 Deus
2880 2102 3097 2157 teram
3121 2084 3263 2143 ideo
3288 2100 3449 2161 ergo
3468 2081 3719 2141 fidelitas

2170 2179 2461 2239 evacuari
2488 2197 2615 2239 non
2648 2182 2877 2256 potest,
2916 2178 3063 2256 quia
3088 2179 3257 2237 Deus
3280 2194 3477 2235 verax
3498 2193 3613 2253 per
3634 2193 3717 2233 es-

2174 2272 2439 2333 sentiam
2459 2274 2553 2332 est
2574 2291 2590 2343 ;
2614 2271 2882 2331 fidelitas
2906 2290 3054 2349 ergo
3070 2271 3179 2331 Dei
3196 2271 3261 2329 in
3278 2286 3577 2347 suprema
3604 2272 3725 2346 ejus

2174 2366 2434 2426 veritate
2476 2364 2775 2436 consistit,
2810 2372 2877 2425 ut
2904 2364 3093 2424 etiam
3136 2363 3257 2423 alia
3290 2362 3634 2423 testimonia
3660 2363 3718 2419 in

2174 2458 2610 2537 probationem
2628 2458 3041 2517 conclusionis
3056 2456 3327 2517 adducta
3342 2454 3719 2516 confirmant.

2254 2552 2355 2611 31.
2398 2550 2535 2613 Nos
2558 2552 2749 2613 eodem
2776 2552 2990 2613 habitu
3025 2548 3165 2629 fidei
3211 2550 3583 2630 Theoloqicoe
3606 2566 3721 2609 cre-

2176 2642 2373 2706 dimus
2392 2645 2601 2705 divina
2628 2645 2811 2712 dicta,
2844 2650 2901 2707 et
2924 2644 3277 2724 firmitatem
3294 2642 3714 2723 promissorum

2174 2736 2395 2799 Dei.-
2414 2737 2651 2802 Veritas
2682 2743 2737 2799 ct
2760 2736 3026 2817 fidelitas
3052 2739 3121 2799 iu
3144 2738 3269 2798 Deo
3302 2736 3579 2816 quomodo
3608 2734 3719 2796 dis-

2174 2829 2842 2911 &Quantum—Unde
2879 2832 3078 2891 obiter
3120 2830 3485 2908 intelligitur
3520 2832 3597 2904 (et
3624 2848 3716 2906 po-

2173 2929 2293 2984 test
2340 2941 2477 2983 esse
2525 2942 2559 2981 a
2604 2924 2935 3002 posteriori
2978 2926 3281 2985 dictorum
3326 2923 3715 2996 confirmatio)

2174 3016 2488 3095 quomodo
2516 3036 2632 3078 nos
2660 3018 3115 3079 eodemhabitu
3142 3018 3289 3078 fidei
3320 3018 3635 3078 credamus
3662 3022 3717 3075 et

2174 3111 2503 3173 veritatem
2552 3113 2860 3174 dictorum
2890 3115 3169 3173 omnium
3204 3133 3243 3173 a
3276 3116 3435 3184 Deo,
3464 3116 3523 3173 et
3545 3111 3717 3172 firmi-

2177 3211 2371 3266 tatem
2438 3225 2514 3266 ac
2572 3207 3007 3267 certitudinem
3076 3207 3529 3286 promissorum
3574 3207 3715 3283 ejus.

2182 3299 2475 3371 Quamvis
2505 3299 2671 3360 enim
2704 3319 2957 3379 sperare
2986 3302 3296 3379 promissa
3334 3319 3461 3360 non
3494 3299 3567 3358 sit
3598 3319 3718 3357 mu-

2176 3411 2297 3452 nus
2343 3392 2719 3464 intellectus,
2766 3394 2880 3454 sed
2914 3393 3253 3455 voluntatis
3280 3395 3593 3471 operantis
3624 3410 3721 3469 per

2175 3485 2463 3546 virtutem
2516 3487 2673 3565 spei,
2720 3488 2979 3550 credere
3024 3495 3240 3549 tamen
3281 3488 3388 3547 illa
3440 3488 3720 3566 promissa

2176 3579 2581 3641 infallibiliter
2622 3599 2761 3642 esse
2810 3582 3129 3660 implenda
3150 3627 3167 3655 ‚
3230 3583 3311 3643 ad
3360 3582 3719 3642 intellectum

2176 3673 2467 3751 pertinet.
2512 3674 2791 3735 Dubitari
2820 3681 3031 3734 autem
3056 3681 3305 3754 poterat
3332 3693 3417 3735 an
3437 3675 3723 3754 pertineat

2178 3765 2295 3828 hoc
2310 3783 2541 3827 munus
2560 3767 2641 3826 ad
2664 3767 2951 3828 eamdem
2970 3769 3265 3829 virtutem
3280 3770 3449 3842 fidei,
3470 3787 3587 3846 qua
3606 3786 3722 3826 cre.-

2177 3858 2383 3920 dimus
2424 3877 2569 3920 vera
2612 3879 2751 3920 esse
2780 3879 2919 3939 quae
2958 3862 3119 3922 Deus
3159 3861 3329 3934 dicit,
3382 3863 3527 3940 quia
3564 3861 3715 3920 aliud

2180 3958 2273 4012 est
2309 3951 2517 4012 (licere
2546 3971 2788 4025 verum,
2822 3953 2993 4014 aliud
3022 3955 3287 4034 implere
3322 3955 3715 4034 promissum;

2180 4062 2329 4122 ergo
2366 4045 2555 4106 etiam
2584 4047 2701 4106 hoc
2716 4047 2818 4106 vel
2834 4047 2987 4106 illud
3002 4049 3189 4110 crede
3198 4067 3265 4110 re
3282 4049 3593 4110 diversum
3614 4053 3710 4105 est.

2178 4137 2323 4199 Sine
2361 4137 2549 4198 dubio
2584 4145 2798 4199 tamen
2826 4139 3167 4201 dicendum
3196 4149 3293 4202 est
3314 4142 3593 4222 ejusdem
3614 4140 3715 4198 vir-

2178 4231 2326 4292 tutis
2354 4249 2585 4292 munus
2602 4249 2739 4292 esse
2770 4239 3129 4312 utrumque,
3164 4253 3311 4294 nam
3346 4242 3603 4314 uterque
3634 4233 3716 4291 illc

2185 4341 2479 4384 assensus
2496 4330 2590 4384 est
2610 4325 3047 4405 Theologicus,
3064 4327 3365 4388 fundatus
3394 4328 3455 4387 in
3475 4325 3719 4387 auctori-

2184 4419 2311 4476 tate
2354 4417 2561 4477 divina
2590 4436 2605 4486 ;
2650 4435 2775 4478 non
2822 4426 2916 4478 est
2940 4425 3149 4479 autem
3182 4419 3245 4479 in
3272 4421 3586 4480 intellectu
3616 4418 3713 4477 uisi

2186 4527 2311 4568 uua
2336 4509 2529 4569 virtus
2550 4510 2945 4590 Theologica‚
2975 4529 3009 4570 a
3036 4529 3157 4589 qua
3190 4512 3383 4591 possit
3406 4513 3569 4579 oriri,
3598 4529 3717 4588 qua}

2185 4610 2280 4663 est
2328 4603 2506 4663 fides.
2554 4603 2729 4663 Ratio
2784 4611 2997 4664 autem
3042 4613 3139 4666 est
3194 4607 3363 4666 clara
3404 4625 3481 4666 ex
3538 4605 3713 4674 dictu,

2184 4695 2329 4773 quia
2366 4695 2469 4754 illa
2515 4696 2663 4767 duc,
2698 4716 2836 4774 quae
2872 4697 3163 4759 distincta
3206 4699 3519 4772 videntur,
3548 4705 3719 4758 mate-

2185 4788 2419 4849 rialiter
2458 4794 2701 4850 tantum
2732 4789 3021 4852 distincta
3048 4797 3231 4868 sunt3
3276 4811 3423 4852 nam
3456 4793 3603 4852 ratio
3636 4809 3716 4850 as-

2184 4881 2491 4943 sentiendi
2536 4884 2785 4962 utrique
2814 4884 3039 4945 eadem
3080 4893 3197 4953 est.
3241 4887 3493 4955 scilicet,
3530 4887 3713 4946 divina

2184 4974 2413 5034 veritas
2464 4980 2525 5034 et
2554 4975 2841 5050 fidelitas,
2884 4995 3025 5054 qum
3072 4995 3197 5038 non
3234 4983 3381 5039 sunt
3416 4979 3538 5039 duo
3564 4978 3715 5037 attri-

2182 5067 2333 5127 buta
2384 5066 2671 5129 distincta
2714 5069 2777 5128 in
2806 5069 2957 5140 Deo,
2997 5071 3109 5131 sed
3142 5089 3341 5132 unum
3368 5079 3431 5132 et
3455 5072 3607 5131 idem
3636 5069 3713 5128 di-

2182 5160 2378 5220 versis
2422 5161 2781 5222 nominibus
2823 5161 3265 5240 significatum,
3312 5164 3413 5224 vel
3459 5163 3535 5224 ad
3570 5179 3709 5221 sum-

2182 5271 2357 5312 mum
2383 5259 2449 5314 ut
2464 5252 2787 5332 adaequate
2806 5255 2905 5314 vel
2922 5255 3317 5334 inadaequate
3338 5262 3701 5333 conceptum

2182 5365 2329 5408 nam
2360 5347 2613 5406 nomine
2642 5348 2917 5408 veritatis
2944 5348 3278 5426 significari
3308 5351 3543 5409 videtur
3566 5349 3703 5407 adae·

2180 5443 2369 5520 quate
2404 5439 2751 5500 secundum
2790 5459 2965 5500 suam
3016 5442 3325 5502 rationem
3370 5441 3691 5507 formalem

2180 5529 2433 5592 nomine
2486 5535 2698 5595 autem
2764 5533 3077 5600 fidelitatis
3132 5535 3513 5614 inadaequate
3535 5579 3549 5602 ‚
3598 5550 3691 5592 seu
