3850 6225
751 373 962 430 OPUSG.
999 375 1082 428 111.
1117 374 1340 430 Bal-:vis
1374 376 1720 446 Rsssowuo
1751 377 2239 432 comnovssasm
2271 381 2351 434 ΒΕ
2383 380 2639 434 AUXILIO
2673 381 2867 434 Ech.

703 577 898 642 Prior
929 578 1248 642 sententia.

279 757 338 816 3.
369 753 544 816 Prior
573 753 905 828 sententia,
939 770 1132 832 quam
1162 753 1448 816 nonnulli
1465 753 1768 832 Theologi

185 848 568 922 defendunt,
592 847 657 909 in
683 849 806 909 hoc
839 848 1159 910 consistit:
1191 848 1494 910 auxilium
1521 849 1763 921 efficax,

187 941 364 1004 ultra
392 941 456 1002 id
499 945 702 1003 totum
743 941 914 1022 quod
939 941 1200 1003 includit
1243 942 1546 1004 auxilium
1595 941 1770 1003 suffi-

187 1035 396 1109 ciens,
432 1034 666 1096 addere
715 1034 1033 1114 quoddam
1085 1035 1256 1096 aliud
1309 1035 1609 1096 auxilium
1656 1034 1768 1095 Dei

190 1128 561 1190 distinctum
590 1127 672 1188 011
709 1127 844 1206 ipso
874 1134 1017 1190 actu
1053 1128 1274 1202 libero,
1305 1147 1430 1209 quo
1475 1128 1766 1190 voluntas

191 1221 516 1284 consentit
540 1220 849 1282 vocationi
871 1220 984 1282 Dei
1008 1237 1032 1300 ;
1065 1227 1128 1283 et
1168 1227 1262 1284 051
1291 1240 1480 1284 00050
1513 1223 1670 1302 ejuS,
1704 1227 1766 1282 et

189 1317 374 1398 prius
399 1321 626 1377 natura
656 1332 846 1394 quam
881 1314 1008 1376 ille.
1073 1307 1078 1313 ’

278 1413 340 1472 4.
355 1411 446 1471 De
465 1427 588 1489 quo
603 1407 832 1470 auxilio
851 1409 970 1470 1100
986 1408 1243 1471 docent:
1258 1409 1550 1490 primum,
1580 1429 1613 1470 a
1633 1407 1763 1471 5010

189 1505 330 1565 Deo
347 1503 506 1578 fieri,
533 1503 1045 1582 voluntatemque
1062 1503 1144 1564 ad
1163 1501 1315 1565 illud
1334 1503 1765 1583 recipiendum

191 1597 408 1658 solum
438 1597 684 1676 passive
715 1613 782 1656 se
811 1595 1070 1681 habere,
1123 1597 1270 1676 quia
1298 1615 1428 1659 non
1457 1602 1552 1658 est
1587 1603 1764 1657 actus

196 1693 366 1772 ejuS,
401 1691 512 1752 sed
539 1689 858 1770 quoddam
877 1689 1146 1750 activum
1171 1690 1546 1770 principium
1569 1690 1762 1770 ipsius

193 1791 384 1848 actus
409 1804 528 1846 500
553 1801 896 1847 0005011505
921 1783 1276 1846 voluntatis·

281 1882 346 1940 ὅ.
381 1877 666 1940 Secundo
687 1922 706 1952 ,
741 1877 984 1938 nullum
1011 1877 1329 1938 hominem
1354 1921 1370 1951 ,
1402 1877 1530 1938 sive
1568 1893 1765 1955 quum

187 1972 406 2052 primo
446 1971 826 2032 convertitur
858 1970 942 2032 ad
979 1972 1196 2044 Deum,
1245 1970 1372 2032 sive
1424 1989 1618 2050 quum
1653 1989 1767 2050 per

190 2065 454 2126 habitus
493 2064 730 2126 infusos
773 2069 1089 2144 operatur,
1121 2081 1306 2143 posse
1335 2068 1509 2124 actus
1542 2064 1767 2124 huma-

189 2177 320 2218 nos
351 2157 857 2237 supernaturales
885 2175 1176 2218 exercere
1201 2156 1336 2218 sine
1363 2156 1484 2217 hoc
1511 2155 1762 2230 auxilio,

193 2253 358 2332 quia
409 2259 722 2332 repugnat
769 2249 1328 2332 supernaturaliter
1378 2268 1567 2330 agere
1630 2250 1766 2312 sine

194 2346 436 2407 auxilio
463 2345 697 2407 efficaci
724 2345 858 2406 Dei.

291 2441 354 2500 6.
379 2440 606 2512 Tertio,
630 2439 894 2513 nullum,
918 2439 1026 2519 qui
1054 2439 1174 2499 hoc
1203 2437 1503 2498 auxilium
1524 2438 1766 2516 recipit,

201 2557 344 2599 non
389 2534 796 2615 operari„seu
825 2551 952 2594 nou
982 2530 1282 2604 converti,
1333 2533 1595 2592 autnon
1623 2549 1774 2591 eon-

201 2631 471 2706 sentire,
503 2646 734 2708 1100-011
781 2627 988 2705 aliqua
1030 2624 1422 2706 praescientia
1465 2625 1606 2698 Dei,
1662 2623 1775 2685 sed

197 2727 360 2805 quia
386 2721 539 2784 illud
561 2720 862 2782 auxilium
889 2718 1030 2780 talis
1059 2724 1154 2778 est
1187 2723 1449 2790 naturae,
1481 2723 1543 2778 et
1577 2717 1768 2778 talem

197 2819 468 2880 modum
496 2814 868 2878 actualitatis
909 2813 1123 2883 habet,
1150 2818 1221 2872 ut
1260 2816 1548 2890 potenter
1584 2817 1646 2871 et
1673 2810 1768 2868 in-

193 2912 544 2973 fallibiliter
571 2909 758 2969 faciat
781 2907 1168 2968 voluntatem
1195 2922 1410 2964 secum
1438 2901 1683 2982 operari
1707 2908 1770 2963 et

197 3004 584 3078 consentire,
615 3000 896 3082 quamvis
921 2999 1008 3060 ita
1037 2997 1330 3070 suaviter,
1373 3002 1444 3057 ut
1479 2996 1767 3056 voluntas

197 3099 402 3159 libere
433 3095 801 3159 consentiat.

285 3194 350 3252 7.
385 3190 638 3261 Qum-to,
671 3207 784 3267 per
811 3188 931 3248 hoc
959 3185 1259 3247 auxilium
1290 3182 1636 3245 formaliter
1658 3182 1768 3243 de-

193 3282 528 3347 terminari
547 3281 931 3343 voluntatem
967 3278 1046 3339 ad
1076 3295 1270 3338 unum
1311 3282 1544 3352 actum,
1586 3280 1648 3335 et
1685 3274 1765 3335 ad

197 3377 572 3439 exercitium
618 3376 784 3454 ejus3
818 3373 967 3453 quia
1016 3372 1325 3445 voluntaS,
1381 3388 1520 3448 quae
1572 3387 1649 3430 ex
1695 3386 1764 3429 se

197 3474 356 3535 erat'
382 3469 746 3530 indifferens
792 3466 874 3527 ad
921 3463 1295 3547 elici-endum
1336 3464 1436 3524 vel
1478 3480 1607 3524 non
1654 3462 1764 3521 eli-

195 3562 500 3625 ciendum
531 3561 718 3622 talem
755 3566 961 3621 actum
984 3604 1000 3634 ‚
1031 3558 1131 3621 vel
1169 3558 1359 3619 etiam
1402 3556 1483 3617 ad
1513 3554 1763 3615 elicien-

197 3658 358 3718 dum
379 3656 593 3729 alium,
619 3655 844 3715 affecta
859 3653 981 3715 hoc
1010 3652 1262 3723 auxilio,
1295 3649 1636 3711 formaliter
1656 3648 1761 3710 de-

189 3750 532 3812 terminata
559 3753 774 3809 manet
800 3746 882 3807 ad
918 3744 1384 3824 cooperandum
1417 3743 1527 3816 illi,
1578 3742 1662 3803 ita
1690 3747 1763 3802 ut

193 3863 330 3905 non
359 3846 480 3904 stet
519 3842 754 3903 habere
785 3840 908 3901 tale
940 3840 1238 3901 auxilium
1279 3844 1341 3900 et
1373 3855 1502 3899 non
1533 3830 1761 3915 coope-

193 3937 328 3997 rari
345 3936 456 4009 illi,
483 3935 586 3996 vel
613 3932 849 4013 aliquid
877 3934 962 3993 illi
989 3950 1353 4012 repugnans
1378 3930 1646 4011 operari.

277 4032 342 4091 8.
377 4030 624 4104 001010,
662 4026 1072 4100 voluntatem,
1103 4026 1274 4105 prius
1317 4030 1540 4085 natura
1567 4038 1760 4100 quam

195 4144 265 4187 50
295 4122 668 4186 determinet
707 4121 791 4182 ad
831 4140 1018 4181 suum
1060 4127 1268 4181 actum
1305 4116 1754 4200 praestandum,

195 4217 482 4285 effective
509 4214 1042 4294 praedeterminari
1065 4232 1101 4274 a
1124 4213 1258 4273 solo
1291 4216 1448 4287 Deo,
1486 4211 1622 4289 ipsa
1649 4227 1759 4270 vo-

185 4312 434 4372 luntate
463 4308 667 4369 solum
697 4308 942 4386 passive
971 4326 1037 4369 se
1062 4307 1334 4367 habente
1364 4304 1574 4385 quoad
1597 4304 1760 4364 hanc

187 4401 936 4483 proedeterminationem‚
984 4418 1122 4479 quae
1159 4406 1254 4461 est
1284 4398 1466 4478 quasi
1507 4399 1572 4458 in
1615 4405 1759 4459 actu

187 4498 420 4577 primo.
453 4496 608 4556 Nam
652 4494 912 4555 actualis
954 4493 1255 4572 operati0,
1303 4510 1417 4553 seu
1444 4498 1622 4553 actus
1661 4510 1760 4554 se-

187 4590 438 4651 cundus
464 4587 740 4663 volendi,
765 4603 895 4647 non
925 4590 1020 4647 est
1063 4586 1128 4645 in
1177 4585 1496 4647 voluntate
1543 4586 1756 4663 (etiam

192 4702 272 4745 ex
307 4683 532 4743 horum
577 4686 902 4742 auctorum
951 4678 1281 4758 sententia)
1331 4678 1567 4757 absque
1621 4680 1756 4757 ejus

191 4775 638 4856 cooperatione
672 4776 736 4835 et
783 4773 952 4834 vitali
999 4775 1062 4834 et
1105 4772 1347 4844 libera3
1382 4778 1548 4834 esset
1589 4772 1759 4834 enim

191 4876 452 4951 apertus
499 4886 675 4931 error
711 4867 1066 4947 oppositum
1119 4884 1433 4936 0550101·ος
1489 4866 1601 4927 sed
1652 4885 1769 4931 οο-,

189 4984 334 5026 rum
363 4982 590 5026 sensus
621 4970 737 5036 est,
763 4964 926 5023 inter
942 4961 1327 5022 voluntatem
1357 4963 1558 5039 ipsam
1582 4980 1658 5021 ex
1689 4978 1756 5021 50
1797 5012 1810 5023 .

191 5059 450 5121 omnino
487 5057 952 5118 indifferentem
981 5061 1044 5117 et
1082 5055 1453 5116 existentem
1502 5052 1567 5114 in
1613 5060 1758 5115 actu

189 5152 396 5233 primo
437 5150 616 5231 quasi
653 5154 920 5222 remoto,
967 5156 1031 5209 et
1068 5148 1277 5227 ipsum
1309 5154 1518 5209 aetum
1545 5146 1757 5208 volen-

189 5246 288 5315 di,
321 5245 432 5323 qui
472 5250 566 5305 est
593 5241 908 5305 secundus
937 5246 998 5303 et
1033 5241 1290 5303 ultimus
1330 5247 1527 5313 00105,
1568 5241 1755 5301 inter-

187 5340 417 5401 cedere
469 5337 808 5419 quamdam
861 5334 1446 5397 determinationem
1500 5336 1564 5395 iu
1613 5340 1756 5396 actu

187 5434 420 5512 prime,
459 5451 651 5511 quam
695 5430 867 5492 solus
907 5431 1074 5491 Deus
1117 5428 1266 5490 facit
1307 5430 1372 5489 in
1409 5428 1750 5503 voluntate,

188 5524 582 5585 infundendo
639 5522 729 5584 illi
779 5522 1141 5603 praedictum
1199 5522 1517 5583 auxilium.
1581 5523 1754 5584 Hanc

3296 379 3411 438 377

1845 477 2565 556 praedeterminationem
2593 479 2786 558 aliqui
2814 480 3139 560 physicam
3162 489 3410 560 vocant,

1849 567 1954 629 alii
1981 569 2161 648 quasi
2193 571 2543 650 physicam,
2575 571 2679 632 alii
2715 573 2970 633 omniuo
3000 591 3076 632 ex
3105 591 3173 634 se
3208 574 3415 635 effica-

1847 679 2023 734 cem3
2058 662 2169 724 sed
2205 681 2336 726 non
2378 669 2473 724 est
2520 663 2886 726 haerendum
2932 665 2997 725 in
3042 683 3217 741 voce,
3264 685 3414 728 nam

1851 771 2076 815 sensus
2103 760 2197 816 est
2225 755 2413 830 idem,
2440 757 2693 832 scilicet,
2717 757 2881 818 hanc
2906 758 3413 838 praedetermina-

1849 847 2085 909 tionem
2114 865 2253 910 esse
2279 849 2493 924 talem,
2528 855 2596 911 ut
2625 869 2702 911 ex
2739 851 2997 930 praecisa
3034 851 3261 914 virtute
3297 871 3413 914 500

1849 943 2107 1004 omnino
2135 942 2509 1006 determinet
2526 945 2915 1008 voluntatem
2953 947 3033 1007 ad
3068 951 3277 1009 actum
3298 966 3413 1009 seu

1848 1053 2249 1096 consensum.

1924 1130 1986 1190 9.
2006 1129 2215 1202 Sexte,
2234 1129 2381 1190 huie
2402 1129 2633 1190 auxilio
2656 1131 3003 1193 attribuunt
3018 1133 3249 1206 omnia,
3274 1150 3415 1211 quae

1842 1221 1944 1308 vel
1982 1223 2299 1302 Scriptura
2342 1242 2543 1298 sacra,
2589 1223 2691 1284 vel
2726 1225 3019 1299 Concilia,
3052 1225 3154 1286 vel
3198 1227 3411 1287 Sancti

1845 1315 2079 1390 Ρο1105,
2129 1316 2477 1395 praesertim
2528 1318 2935 1396 AugustinuS,
2972 1319 3188 1379 dicunt
3216 1319 3295 1380 de
3320 1317 3413 1379 di-

1844 1409 1989 1470 vina
2018 1410 2217 1488 gratia
2246 1410 2311 1470 in
2348 1410 2529 1471 nobis
2559 1416 2881 1488 operante,
2910 1418 2983 1478 ,01
3004 1411 3291 1486 velimus,
3319 1412 3412 1473 fa-

1845 1503 2085 1564 ciamus
2122 1509 2184 1565 et
2234 1505 2734 1578 consentiamus;
2796 1511 2856 1566 et
2909 1503 2988 1567 de
3030 1505 3181 1579 Dee,
3240 1505 3411 1584 quod

1844 1595 1979 1676 ipse
2019 1597 2095 1657 sit
2124 1597 2229 1676 qui
2271 1596 2336 1656 in
2363 1597 2546 1658 001115
2576 1603 2875 1676 operatur
2906 1599 3065 1660 velle
3118 1605 3181 1660 et
3224 1599 3413 1678 perfi-

1845 1708 2013 1762 cere,
2064 1689 2171 1771 qui
2223 1689 2518 1751 discernit
2554 1691 2799 1770 justum
2846 1691 2929 1752 ab
2982 1692 3251 1772 injuste,
3304 1693 3409 1771 qui

1844 1783 2180 1844 miseretur
2207 1783 2387 1863 cujus
2419 1783 2591 1856 vult,
2642 1783 2787 1864 quia
2823 1802 2948 1845 non
2987 1790 3084 1846 est
3120 1770 3407 1858 volentiS,

1843 1894 2055 1956 neque
2094 1876 2437 1952 currenti8‚
2488 1875 2602 1937 sed
2642 1877 2753 1938 Dei
2785 1877 3137 1938 miserentis
3156 1923 3178 1954 ,
3232 1883 3295 1939 et
3335 1878 3413 1939 si·

1845 1973 2040 2034 milia.

1931 2070 2029 2129 10.
2071 2067 2370 2146 Septim0,
2414 2066 2559 2127 hinc
2587 2071 3046 2147 consequenter
3073 2068 3247 2129 aiunt
3290 2067 3411 2128 hoc

1848 2159 2148 2222 auxilium
2176 2159 2309 2220 dari
2358 2159 2457 2221 vel
2508 2160 2728 2239 negari
2760 2179 2837 2222 011
2870 2161 3003 2221 sola
3047 2160 3255 2222 divina
3302 2177 3413 2220 vo-

1847 2255 2111 2324 luntate,
2159 2271 2307 2312 nam
2338 2241 2515 2332 cujus
2560 2253 2694 2314 vult
2740 2253 3091 2326 m1seretur,
3129 2259 3190 2314 et
3221 2270 3411 2332 quem

1849 2348 1982 2409 vult
2014 2346 2284 2407 indurat.
2320 2347 2408 2407 Ex
2457 2364 2581 2426 quo
2612 2346 2885 2408 infertur.
2912 2347 3104 2426 quod,
3151 2347 3201 2408 si
3247 2348 3411 2407 Deus

1850 2460 1979 2503 non
2011 2439 2285 2501 decrevit
2312 2439 2485 2514 dare,
2510 2459 2637 2500 non
2662 2444 2756 2501 est
2786 2441 2851 2500 in
2876 2443 3181 2519 potestate
3209 2440 3412 2500 homi·-

1850 2534 1951 2595 nis
1991 2533 2224 2594 habere
2249 2532 2424 2606 illud,
2458 2552 2597 2594 cum
2630 2553 2667 2594 a
2694 2534 2825 2594 solo
2870 2535 2999 2594 Deo
3041 2533 3237 2612 possit
3264 2551 3413 2594 con-

1853 2627 2024 2704 ferri,
2084 2634 2147 2688 et
2196 2627 2369 2687 nulla
2408 2628 2603 2707 possit
2656 2629 2721 2687 in
2764 2629 3020 2689 homine
3074 2627 3409 2708 excogitari

1851 2720 2175 2800 dispositio
2214 2720 2435 2793 libera,
2487 2739 2601 2799 per
2642 2739 2831 2798 quam
2877 2723 2955 2782 sit
2991 2721 3055 2782 in
3104 2724 3410 2800 potestate

1851 2815 1987 2894 ejus
2025 2815 2149 2874 tale
2189 2814 2486 2875 auxilium
2517 2834 2554 2875 a
2592 2817 2721 2876 Deo
2752 2816 3055 2876 obtinere.
3102 2814 3281 2889 Quia,
3312 2813 3411 2875 vel

1847 2909 1953 2970 illa
1982 2908 2303 2987 dispositio
2330 2896 2539 2969 futura
2568 2915 2735 2970 esset
2762 2927 2838 2970 ex
2876 2909 3021 2970 solis
3048 2908 3283 2969 viribus
3304 2925 3410 2967 na-

1847 3005 2025 3074 turae,
2054 3003 2218 3063 etita
2244 3001 2534 3062 discretio
2556 3001 2873 3080 operantis
2903 3008 2965 3062 et
2988 3019 3117 3061 nou
3144 3017 3412 3080 operan-

1848 3095 1947 3168 tis,
1965 3114 2077 3156 seu
2098 3094 2385 3156 habentis
2405 3101 2464 3156 et
2496 3114 2619 3156 non
2652 3095 2937 3156 habentis
2962 3092 3261 3155 auxilium
3284 3092 3411 3154 effi-

1849 3208 1983 3261 cax,
2016 3189 2284 3249 oriretur
2310 3208 2387 3249 ex
2418 3188 2548 3249 solo
2578 3188 2744 3249 bono
2782 3208 2902 3249 usu
2929 3188 3197 3249 naturali
3225 3187 3404 3247 liberi

1848 3282 2111 3359 arbitrii,
2161 3283 2351 3343 etiam
2395 3301 2471 3342 ex
2503 3289 2679 3362 parte
2712 3283 2847 3361 ejus
2879 3283 2984 3362 qui
3026 3288 3319 3361 operatur
3347 3288 3410 3342 et

1846 3377 2037 3462 habet
2090 3377 2389 3437 auxilium
2448 3376 2702 3451 efficax,
2760 3376 2929 3454 quod
2981 3382 3076 3437 est
3128 3374 3409 3453 Pelagia-

1845 3490 2029 3546 0001;
2079 3470 2180 3531 vel
2218 3470 2325 3530 illa
2364 3468 2682 3549 dispositio
2719 3475 2884 3531 esset
2926 3488 3003 3531 ex
3043 3470 3163 3530 alia
3216 3468 3407 3548 priori

1845 3566 2080 3644 gratia,
2134 3570 2199 3625 et
2244 3563 2413 3623 illam
2454 3564 2643 3623 etiam
2682 3561 2853 3623 solus
2898 3562 3065 3624 Deus
3112 3562 3302 3623 faciet
3343 3562 3408 3621 in

1842 3658 2120 3731 homine,
2164 3676 2304 3718 eum
2337 3656 2413 3717 sit
2454 3656 2627 3734 prior
2651 3656 2820 3716 omni
2866 3674 3177 3718 consensu
3204 3656 3403 3716 libero

1841 3764 1904 3813 et
1931 3750 2413 3832 supernaturali,
2446 3750 2574 3810 imo
2604 3750 2919 3812 etauxilio
2955 3750 3189 3812 efficaci
3219 3750 3300 3810 ad
3333 3749 3409 3810 il-

1837 3844 1970 3905 lum
1998 3844 2393 3917 00005500ος
2428 3861 2580 3923 ergo
2628 3842 2733 3903 illa
2776 3843 2976 3922 gratia
3005 3861 3134 3905 non
3178 3844 3295 3903 erit
3341 3843 3407 3903 in

1839 3942 2147 4019 potestate
2175 3936 2467 4008 110011015,
2498 3954 2645 3997 cum
2664 3936 2745 3996 ad
2768 3936 2959 3997 talem
2986 3935 3252 4015 gratiam
3280 3954 3404 3996 nou

1839 4030 2035 4111 possit
2060 4030 2177 4090 alia
2204 4029 2524 4107 dispositio
2556 4028 2812 4108 requiri,
2836 4047 2917 4089 ne
2946 4026 3322 4107 procedatur
3342 4026 3407 4086 in

1839 4122 2175 4195 infinitum,
2208 4128 2271 4182 et
2298 4121 2705 4187 devolvamur
2731 4140 2980 4200 semper
3018 4120 3081 4180 iu
3110 4119 3405 4181 eamdem

1839 4215 2303 4288 difficultatem3
2361 4232 2509 4293 ergo
2566 4214 2929 4293 simpliciter
2986 4219 3184 4275 totum
3230 4212 3407 4272 auxi-

1840 4310 1994 4370 lium
2025 4308 2268 4382 efficax,
2319 4313 2631 4385 quatenus
2677 4308 2757 4368 ab
2806 4306 2911 4367 illa
2959 4306 3149 4386 priori
3202 4305 3406 4385 gratia

1839 4402 2095 4482 pendet,
2131 4398 2405 4462 00110111
2432 4401 2498 4485 in
2521 4406 2829 4480 potestate
2864 4399 3159 4462 hominis,
3186 4400 3404 4478 Itaque

1833 4498 2012 4575 juxta
2037 4495 2201 4556 hanc
2230 4496 2606 4555 sententiam
2636 4493 2987 4555 distributio
3020 4492 3209 4570 hujus
3235 4490 3406 4552 auxi-

1839 4589 1906 4650 lii
1937 4589 1999 4648 in
2030 4587 2165 4649 sola
2205 4586 2403 4647 libera
2448 4587 2559 4649 Dei
2595 4587 2915 4649 voluntate
2960 4585 3254 4664 ponenda
3285 4590 3401 4659 est,

1839 4681 1947 4760 qui
1971 4679 2079 4743 dat
2105 4680 2258 4741 illud
2296 4680 2395 4741 eui
2422 4680 2578 4754 vult,
2608 4686 2669 4741 et
2698 4682 2797 4742 cui
2826 4680 2958 4742 vult
2982 4685 3194 4759 negat,
3232 4679 3405 4740 nulla

1838 4774 1961 4834 alia
1998 4779 2276 4852 spectata
2318 4773 2559 4845 ratione
2584 4791 2660 4833 ex
2689 4778 2867 4852 parte
2896 4773 3191 4845 hominis,
3224 4778 3285 4834 et
3320 4772 3406 4833 ita

1839 4866 2067 4929 docent
2108 4867 2305 4947 quiin
2361 4885 2437 4927 ea
2478 4866 2755 4927 doctrina
2806 4870 3269 4945 cousequenter
3318 4864 3407 4925 lo-

1839 4966 2136 5039 quuntur-j.
2181 4960 2257 5020 Et
2284 4959 2347 5019 iu
2378 4961 2497 5022 hoc
2528 4960 2756 5019 auxilio
2794 4960 3177 5020 constituunt
3208 4964 3405 5019 totum

1837 5054 2161 5131 negotium
2208 5053 2768 5132 praedestiuationis
2820 5053 3147 5115 hominum
3194 5050 3404 5131 quoad

1837 5138 2227 5209 infallibilem
2258 5147 2550 5209 effectum
2580 5148 2739 5226 ejus·

1918 5244 2015 5302 11.
2050 5240 2302 5314 Octavo,
2336 5241 2485 5319 quid
2516 5241 2735 5302 sithoc
2759 5239 3061 5301 auxilium
3096 5258 3222 5300 non
3253 5239 3405 5301 satis

1836 5334 2180 5409 declarant,
2214 5334 2393 5397 divisi
2426 5334 2593 5395 enim
2626 5339 2771 5396 sunt
2814 5352 2827 5393 ε
2872 5332 2955 5393 ad
2992 5333 3151 5395 duos
3190 5338 3404 5393 tamen

1835 5428 2057 5489 modos
2104 5427 2489 5489 reducuntur
2532 5427 2743 5488 omnia
2773 5445 2913 5503 quoe
2940 5426 3175 5486 dicunt.
3228 5426 3403 5489 Unus

1837 5524 1951 5591 est,
1994 5522 2112 5583 hoc
2142 5520 2441 5583 auxilium
2476 5537 2615 5581 0550
2644 5518 3007 5597 qualitatem
3033 5516 3399 5595 quamdam,
