3850 6225
786 404 921 463 mv.
955 388 1085 452 XIV.
1120 386 1413 459 Quomooo
1444 389 1696 451 clu'rtAE
1724 393 2052 453 nvncacu
2085 390 2558 463 immissum,
2595 396 2730 452 mc.

177 509 364 587 potest
416 502 579 565 enim
630 498 831 562 tribus
882 496 1086 557 modis
1133 496 1317 557 sumi.
1367 496 1595 569 Prim0‚
1649 502 1719 557 ut

178 604 403 661 tantum
430 596 591 657 dicat
614 594 907 655 virtutem
936 609 1049 651 seu
1075 589 1438 652 facultatem
1460 590 1713 670 agendi,

177 693 277 754 etsi
298 710 424 751 non
449 693 617 765 agat,
646 684 963 766 quomodo
992 684 1216 745 dicitur
1243 683 1555 745 medicina
1584 684 1719 745 effi-

178 804 302 859 cax,
333 789 393 844 et
420 780 767 862 specialiter
802 778 961 841 solet
1000 778 1135 839 hoec
1158 775 1583 839 denominatio
1608 777 1713 837 tri-

174 879 269 943 bui
296 878 378 938 illi
406 876 637 947 virtuti,
668 892 810 954 quae
854 872 917 933 in
952 889 1067 933 suo
1105 889 1340 951 genere
1376 871 1571 933 habet
1606 870 1717 931 ali-

175 988 349 1052 quam
376 968 711 1051 specialem
735 966 1093 1047 energiam:
1139 970 1201 1027 et
1237 964 1303 1025 in
1339 965 1457 1025 hac
1486 962 1717 1044 signifi·

174 1065 403 1129 catione
454 1061 756 1123 auxilinm
803 1059 1021 1139 gratiae
1070 1058 1385 1121 sufficiens
1431 1064 1525 1118 est
1567 1074 1715 1118 vere

174 1160 393 1233 efficax,
434 1156 581 1235 quia
610 1173 687 1215 ex
718 1172 787 1215 se
818 1152 1173 1215 effectivum
1215 1157 1312 1213 est
1338 1157 1712 1231 supernatu-

172 1252 305 1313 ralis
348 1249 797 1321 conversioniS,
830 1252 894 1308 et
924 1245 1311 1325 singularem
1352 1245 1480 1305 vim
1529 1244 1720 1305 habet

173 1346 243 1407 ad
282 1344 664 1406 voluntatem
705 1339 1229 1421 pertrahendam3
1266 1344 1329 1400 et
1360 1339 1481 1400 hoc
1527 1356 1719 1399 sensu

174 1444 255 1499 est
281 1436 455 1497 valde
482 1434 713 1496 usitata
756 1434 887 1495 baec
923 1452 1044 1494 vox
1078 1432 1251 1512 apud
1277 1431 1515 1505 PatreS,
1548 1436 1609 1493 et
1650 1431 1715 1491 in

174 1550 236 1593 ea
253 1529 397 1591 dixit
424 1528 678 1601 Paulus,
705 1525 787 1587 ad
814 1526 1113 1587 Hebraeos
1137 1527 1211 1585 4:
1260 1524 1447 1590 Vivus
1474 1528 1567 1587 est
1592 1541 1717 1587 aar·

170 1641 251 1685 m
293 1623 427 1696 Dei,
462 1625 520 1685 ot
548 1623 789 1702 efficaces,
820 1624 879 1683 et
916 1617 1351 1701 penetrabilior
1388 1618 1551 1679 omni
1580 1618 1720 1699 yla-

173 1720 255 1781 aio
278 1716 550 1799 ancipiti.
587 1714 767 1787 Quod
792 1712 1089 1775 indicavit
1110 1713 1353 1785 Petrae,
1370 1712 1407 1774 J
1411 1712 1633 1771 oannis
1652 1712 1713 1785 6,

170 1830 297 1873 cum
322 1810 507 1871 dixit:
540 1808 653 1871 Aa
668 1826 842 1890 quem
867 1806 1127 1869 ibimus?
1172 1806 1359 1873 Verba
1384 1804 1528 1868 vitoe
1548 1810 1717 1869 (υτον-

170 1925 249 1967 uoe
272 1905 477 1977 haben
507 1902 747 1982 quibus
772 1900 979 1961 verbis
1009 1899 1353 1960 efficaciam
1381 1898 1593 1979 gratiae
1612 1896 1719 1959 de-

168 1996 417 2059 claravit.
455 1996 580 2057 Hic
622 2013 773 2073 ergo
804 2012 933 2053 non
960 1992 1269 2057 sumimus
1298 1992 1563 2071 gratiam
1590 1991 1717 2051 effi-

172 2109 361 2153 cacem
383 2091 501 2150 hoc
537 2106 760 2161 sensu,
794 2090 863 2147 ut
899 2090 1178 2157 constat;
1213 2085 1359 2163 quia
1394 2085 1482 2145 sic
1521 2102 1717 2163 gene-

172 2184 299 2245 ralis
346 2188 438 2245 est
482 2180 849 2261 appellatio,
894 2184 957 2240 et
1000 2176 1413 2239 sufficientem
1450 2175 1716 2258 gratiam

171 2275 649 2356 comprehendit,
681 2278 752 2335 ut
782 2273 932 2333 dixi.
975 2264 982 2271 ’

232 2372 289 2431 2.
335 2368 680 2433 Socanda-s,
697 2397 780 2413 -
808 2363 1123 2439 Secundo,
1153 2365 1289 2427 haec
1310 2383 1451 2437 vox,
1476 2365 1711 2442 efficax,

168 2462 495 2541 siguificare
530 2464 739 2539 potest
782 2458 911 2519 vim
955 2456 1208 2537 agendi,
1260 2462 1330 2518 ut
1376 2462 1523 2517 actu
1572 2474 1717 2516 con-

160 2557 416 2635 junctam
474 2572 607 2614 suae
664 2551 932 2621 actioni,
983 2550 1069 2611 ita
1111 2556 1180 2611 ut
1228 2549 1383 2610 nibil
1427 2548 1597 2609 aliud
1639 2550 1718 2610 sit

166 2651 339 2711 virtus
384 2648 629 2719 efficax,
666 2664 861 2723 quam
893 2644 1089 2705 virtus
1132 2648 1279 2704 actu
1306 2642 1581 2704 efficiens
1608 2662 1624 2715 ;
1656 2647 1718 2705 et

166 2742 269 2801 hoc
292 2740 473 2801 modo
501 2740 663 2801 satis
692 2738 933 2799 clarum
962 2742 1055 2797 est
1101 2736 1251 2815 quid
1298 2736 1378 2795 sit
1416 2734 1718 2797 auxilium

168 2836 383 2908 efficax,
414 2840 477 2896 et
504 2832 669 2914 quid
694 2831 1048 2911 requiratur
1074 2834 1144 2891 ut
1172 2830 1393 2891 efficax
1412 2830 1525 2903 sit;
1555 2830 1717 2891 dice-

168 2934 255 2988 tur
278 2928 437 2987 enim
465 2924 799 2999 auxilium,
833 2923 1003 3003 quod
1050 2928 1193 2985 actu
1227 2922 1415 2985 efficit
1460 2941 1717 2985 conver-

170 3022 383 3081 sionem
422 3019 729 3089 hominiS‚
770 3036 883 3079 seu
930 3022 1137 3077 actum
1172 3016 1715 3098 supernaturalem

172 3121 224 3176 et
246 3116 605 3176 humanum.
642 3111 775 3184 Quo
804 3110 875 3171 fit
902 3117 973 3171 ut
1008 3110 1073 3171 in
1115 3109 1231 3171 hac
1260 3108 1715 3190 significatione

172 3211 343 3288 gratia
380 3227 509 3270 non
548 3205 755 3287 possit
796 3223 933 3266 esse
965 3205 1183 3266 efficax
1224 3204 1359 3265 sine
1401 3221 1713 3265 consensu

173 3307 223 3362 et
264 3299 785 3364 determinatione
824 3297 1023 3358 libera
1068 3303 1297 3358 nostrae
1349 3297 1708 3370 voluntatiS,

172 3396 293 3472 quia
324 3396 518 3474 gratia
549 3411 689 3454 non
726 3397 821 3452 est
844 3391 931 3451 ita
970 3391 1191 3451 efficax
1223 3390 1715 3470 supernaturalis

173 3495 323 3548 actus
350 3487 643 3559 humani,
673 3491 741 3545 ut
772 3503 837 3546 se
868 3485 1023 3557 sola,
1055 3489 1116 3544 et
1145 3484 1277 3544 sine
1313 3501 1623 3544 concursu
1647 3483 1717 3542 li·

170 3579 285 3640 beri
310 3579 564 3652 arbitrii,
612 3577 813 3658 possit
840 3576 1019 3636 illum
1052 3575 1339 3648 efficere3
1384 3577 1531 3654 quia
1578 3575 1717 3638 talis

172 3681 345 3748 actua,
372 3680 437 3734 ut
462 3673 675 3734 vitalis
705 3677 767 3732 et
782 3670 941 3732 liber
969 3675 1085 3743 est,
1110 3670 1298 3730 habet
1318 3669 1717 3730 essentialem

171 3767 633 3846 dependentiam
657 3784 691 3824 a
721 3764 919 3825 libero
947 3762 1225 3824 arbitrio.
1244 3762 1427 3825 Unde
1444 3763 1565 3824 hoc
1589 3781 1719 3823 non

172 3868 251 3920 est
292 3859 700 3922 tribuendum
746 3853 1198 3936 imperfectioni
1258 3857 1511 3936 gratiae;
1571 3856 1719 3936 quia

172 3971 279 4014 non
304 3953 482 4014 datur
518 3959 588 4014 ut
643 3952 721 4013 sit
779 3956 977 4011 totum
1019 3948 1393 4028 principium
1427 3954 1603 4010 actus
1653 3949 1719 4010 iu

174 4048 321 4106 omni
346 4065 601 4126 genere,
628 4046 744 4108 sed
762 4051 828 4106 ut
850 4045 929 4105 sit
948 4042 1289 4122 principale
1319 4043 1716 4122 principium,

172 4143 286 4198 tum
312 4138 569 4213 morale,
598 4145 737 4199 tum
762 4135 1114 4217 physicum,
1148 4141 1210 4196 et
1233 4135 1349 4196 suls
1380 4155 1452 4196 oa
1478 4136 1718 4196 ratione

172 4232 369 4304 totale;
402 4233 717 4313 adjuvans
764 4237 977 4292 tamen
1030 4235 1092 4290 et
1144 4229 1397 4289 elevans
1448 4229 1719 4290 liberum

173 4326 467 4387 arbitrium
529 4327 615 4388 ad
682 4341 898 4388 secum
956 4322 1445 4402 cooperandum.
1509 4323 1715 4401 Atque

175 4417 299 4479 hinc
324 4421 508 4480 etiam
534 4420 609 4481 fit
632 4423 704 4479 ut
726 4417 1029 4479 auxilium
1056 4415 1297 4494 gratiae,
1331 4415 1500 4495 quod
1545 4416 1623 4477 de
1652 4435 1719 4477 se

176 4518 257 4572 est
282 4514 489 4575 efficax
512 4513 709 4594 priori
736 4511 951 4586 modo,
978 4511 1043 4570 id
1072 4516 1188 4584 est,
1220 4511 1560 4571 maximam
1606 4511 1721 4570 ha-

174 4604 313 4667 bens
330 4608 450 4668 vim
478 4615 541 4670 et
572 4605 1032 4678 efficacitatem,
1054 4604 1301 4667 desinat
1330 4621 1468 4665 esse
1500 4605 1719 4666 efficax

177 4700 477 4776 posteriori
514 4701 734 4775 modu,
768 4697 971 4760 solum
1006 4715 1083 4758 ex
1112 4697 1379 4770 defectu,
1414 4703 1475 4758 et
1509 4703 1720 4776 potes-

181 4796 287 4852 tate
324 4793 497 4855 liheri
543 4792 807 4867 arbitrii,
843 4789 1036 4871 quod,
1064 4809 1203 4854 cum
1236 4791 1392 4851 nihil
1414 4809 1720 4870 superna·-

182 4887 371 4948 turalis
420 4886 571 4948 boni
623 4886 817 4967 possit
864 4903 979 4964 per
1004 4901 1073 4944 se
1118 4883 1321 4945 solum
1360 4903 1571 4964 agere,
1606 4903 1721 4963 po—

182 4979 285 5039 test
307 4979 505 5040 solum
543 4980 750 5060 ipsum
776 4979 899 5040 tale
922 4978 1163 5040 bonum
1182 4978 1507 5058 impedire,
1532 4985 1595 5040 et
1621 4977 1715 5038 di-

183 5069 317 5133 vinae
340 5074 551 5151 gratiae
592 5073 908 5148 resistere,
936 5071 1108 5151 quod
1135 5089 1263 5134 non
1313 5071 1601 5151 provenit
1640 5089 1717 5132 ex

182 5161 519 5241 impotentia
545 5164 767 5227 divinae
808 5165 1045 5245 gratiae,
1068 5164 1181 5226 sed
1214 5183 1291 5226 ex
1321 5165 1623 5228 suavitate
1655 5169 1717 5225 ct

185 5256 459 5334 sapientia
506 5257 727 5319 divinoe
768 5257 1207 5338 providentiae,
1256 5276 1392 5337 quae
1438 5257 1525 5318 ita
1587 5274 1715 5316 mo-

184 5353 275 5406 vet
316 5367 485 5410 suam
531 5358 905 5427 creaturam,
932 5353 999 5412 ut
1048 5367 1191 5412 eam
1241 5357 1481 5413 motum
1532 5367 1719 5412 suum

189 5455 357 5517 agere
380 5443 561 5504 sinat.

258 5533 456 5612 Neque
482 5541 810 5617 propterea
838 5535 1177 5598 dicendum
1200 5540 1295 5599 est
1318 5538 1585 5618 gratiam
1614 5556 1719 5601 ac·

3246 392 3354 460 221

1800 497 2006 577 cipere
2037 514 2076 557 a
2097 496 2293 559 libero
2327 497 2580 559 arbitrio
2610 498 2977 573 efficaciam,
3011 497 3075 561 id
3110 508 3226 574 est,
3263 522 3370 563 ac-

1796 590 2035 651 tualem
2063 590 2480 665 effectionem,
2529 591 2677 670 quia
2723 591 2992 653 liberum
3041 594 3368 655 arbitrium

1797 683 1954 744 nihil
1974 684 2212 745 confert
2238 684 2488 763 gratiae,
2521 683 2633 745 sed
2659 684 2860 765 gratia
2885 686 3094 764 potius
3126 688 3368 749 confer·

1797 782 1900 838 tur
1925 776 2122 837 libero
2150 776 2428 851 arbitri0,
2458 783 2521 839 et
2565 796 2680 857 per
2721 777 2890 838 illam
2918 796 2992 839 ac
3029 780 3271 841 ratione
3298 780 3366 840 il·

1796 869 1917 929 lius
1941 876 2324 949 praeparatur
2354 876 2416 931 et
2432 872 2734 950 juvatum
2769 870 2880 931 sed
2919 870 3122 931 solum
3162 874 3366 953 sequi-

1796 968 1899 1025 tur
1911 964 2178 1043 gratiam
2199 981 2326 1024 non
2352 981 2536 1042 posse
2560 982 2740 1025 suam
2767 964 3162 1027 effectionem
3189 984 3368 1027 exer-

1798 1077 1940 1121 cere
1957 1059 2091 1120 sine
2107 1059 2304 1120 libero
2327 1059 2604 1133 arbitrie,
2638 1059 2806 1138 quod
2827 1063 2921 1121 est
2945 1060 3362 1136 verissimum,

1798 1153 1946 1232 quia
1991 1153 2121 1214 hoec
2171 1158 2266 1215 est
2313 1158 2540 1213 natura
2588 1151 2728 1214 talis
2775 1153 3084 1233 principii,
3125 1158 3187 1217 et
3223 1156 3367 1217 talis

1798 1246 2082 1309 actionis.
2117 1245 2293 1310 Unde
2343 1264 2462 1308 nec
2515 1247 2766 1326 proprie
2811 1246 3053 1308 dicetur
3100 1247 3366 1327 gratiam

1798 1338 2074 1420 pendere
2107 1340 2368 1400 alibero
2412 1340 2668 1401 arbitrio
2710 1340 2772 1399 in
2816 1358 2928 1401 sua
2973 1339 3362 1415 efficacitate,

1798 1433 1946 1513 quia
1972 1432 2392 1513 dependentia
2419 1432 2566 1494 dicit
2601 1432 3032 1501 causalitatem
3073 1435 3174 1495 vel
3213 1435 3366 1494 sub-

1798 1526 2258 1588 ordinationem
2299 1526 2608 1587 inferioris
2636 1525 2718 1587 ad
2747 1526 3057 1605 superiuS,
3085 1526 3200 1589 sed
3225 1546 3366 1607 pro-

1797 1620 1930 1700 prie
1959 1620 2205 1681 dicetur
2227 1620 2426 1699 gratia
2455 1618 2776 1699 requirere
2819 1619 3364 1683 concomitantiam

1796 1712 1980 1775 liberi
2022 1713 2261 1774 arbitrii
2287 1718 2356 1774 ut
2383 1713 2602 1775 efficax
2624 1711 2757 1787 fiat,
2785 1712 2848 1773 id
2877 1720 2994 1787 est,
3017 1719 3089 1774 ut
3111 1715 3360 1777 efficiat.

1800 1807 1968 1869 Sicut
2009 1824 2200 1868 causa
2240 1806 2466 1885 prima,
2495 1812 2565 1867 ut
2611 1822 2808 1885 agens
2857 1824 3001 1867 cum
3047 1808 3361 1881 secundis,

1796 1916 1927 1959 non
1966 1897 2198 1978 pendet
2219 1898 2469 1977 proprie
2497 1898 2578 1957 ab
2611 1898 2754 1971 illis,
2786 1898 2899 1959 sed
2925 1900 3130 1978 potius
3158 1918 3194 1961 e
3219 1918 3366 1960 con-

1796 2010 1978 2053 verso
2025 1992 2123 2053 hoe
2173 1991 2451 2071 pendent
2509 1991 2590 2052 ab
2640 1992 2786 2065 illa;
2843 1992 3104 2071 requirit
3151 1999 3364 2055 tamen

1799 2104 1990 2147 causa
2016 2086 2240 2167 prima,
2269 2090 2339 2146 ut
2379 2085 2466 2147 sic
2508 2104 2802 2165 operam,
2831 2104 3088 2149 causam
3139 2106 3364 2149 secun-

1798 2179 1944 2241 dam
1973 2178 2448 2253 coefficientem,
2479 2196 2598 2240 nec
2639 2196 2754 2257 per
2777 2178 2956 2240 illum
2985 2196 3360 2242 concursum

1794 2270 2052 2353 praecise
2080 2277 2400 2352 sumptum
2429 2278 2642 2351 posset
2665 2290 2732 2333 se
2753 2272 2882 2334 sola
2907 2291 3120 2353 agere,
3143 2292 3360 2353 quam-

1794 2364 1888 2426 vis
1940 2366 2063 2426 alio
2115 2365 2301 2426 modo
2349 2364 2568 2444 possit,
2606 2366 2656 2425 si
2690 2366 2858 2426 velit.
2911 2366 3166 2445 Proprie
3208 2384 3360 2427 vero

1797 2458 2040 2519 dicetur
2087 2457 2247 2519 actio
2299 2458 2513 2537 gratiae
2557 2458 2836 2537 pendere
2881 2478 2918 2519 a
2969 2458 3168 2521 libero
3203 2458 3361 2520 arhi-

1796 2552 1940 2626 trio‚
1985 2552 2132 2631 quia
2177 2551 2404 2612 eadem
2445 2557 2542 2613 est
2589 2553 2912 2631 utriusque
2953 2553 3148 2626 actio;
3201 2552 3362 2613 sicut

1798 2643 2068 2705 diximus
2099 2644 2388 2705 eamdem
2426 2662 2564 2705 esse
2599 2644 2910 2706 actionem
2947 2650 3210 2706 a'causa
3241 2645 3362 2723 pri-

1800 2756 1903 2799 ma
1933 2744 1994 2799 et
2024 2736 2323 2811 secunda,
2355 2738 2454 2797 vel
2493 2737 2768 2821 sicut-est
2803 2738 3025 2799 eadem
3065 2739 3224 2800 actio
3255 2740 3362 2799 ha-

1796 2832 1964 2893 bitus
2005 2838 2069 2893 et
2105 2830 2432 2911 potentiae‚
2468 2831 2568 2892 vel
2607 2832 2852 2910 agentis
2894 2831 3252 2912 principalis
3301 2837 3363 2894 et

1796 2924 2233 2997 instrumenti;
2269 2924 2364 2985 his
2389 2924 2560 2985 enim
2591 2924 2816 2999 modis,
2851 2926 2952 2987 vel
2993 2926 3201 3005 aliquo
3232 2925 3363 2986 illo-

1795 3036 1960 3092 rum,
1989 3022 2434 3097 comparantur
2459 3018 2621 3079 inter
2649 3036 2716 3079 se
2745 3020 2970 3097 gratia,
2995 3024 3057 3080 et
3093 3018 3362 3080 liberum

1796 3114 2144 3176 arbitrium.
2173 3111 2376 3187 Unde,
2408 3113 2458 3173 si
2493 3113 2772 3176 efficacia
2799 3114 3036 3193 gratiae,
3080 3114 3144 3174 in
3169 3131 3245 3174 ea
3284 3115 3364 3174 si-

1796 3209 2191 3288 gnificatione
2240 3226 2430 3287 quam
2483 3226 2651 3268 nunc
2701 3209 3164 3287 prosequimur,
3211 3207 3366 3268 nihil

1793 3301 1964 3362 aliud
1994 3307 2088 3362 est
2125 3319 2317 3380 quam
2367 3301 2528 3363 actio
2583 3319 2695 3362 seu
2741 3303 3072 3363 efficientia
3127 3303 3361 3382 gratiae,

1797 3401 1906 3457 aut
1935 3394 2357 3456 denominatio
2399 3394 2545 3455 inde
2595 3395 2953 3474 desumpta,
2985 3396 3172 3456 etiam
3216 3413 3366 3455 con·-

1797 3489 1936 3551 cedi
1964 3493 2168 3568 potest
2194 3489 2536 3549 efficaciam
2566 3488 2781 3568 gratiae
2801 3481 3076 3568 pendere
3102 3509 3138 3549 a
3166 3489 3366 3550 libero

1800 3582 2078 3656 arbitri0‚
2113 3581 2260 3660 quia
2285 3581 2494 3642 abillo
2521 3582 2756 3661 pendet
2795 3582 2975 3658 acti0,
3010 3603 3047 3644 a
3074 3601 3196 3664 qua
3227 3601 3366 3662 gra-

1800 3677 1883 3736 tia
1939 3674 2382 3736 denominatur
2441 3675 2694 3748 efficax,
2753 3675 2818 3736 id
2877 3682 2995 3752 est,
3047 3675 3362 3747 efficiens;

1798 3768 2122 3847 multoque
2161 3768 2362 3848 magis
2405 3785 2438 3828 e
2477 3767 2788 3828 contrario
2827 3768 3130 3848 pendebit
3165 3787 3201 3828 a
3228 3786 3368 3848 gra-

1798 3863 1906 3936 tia,
1953 3859 2123 3941 quod
2149 3859 2420 3921 liberum
2448 3861 2775 3922 arbitrium
2814 3861 2893 3921 sit
2941 3879 3210 3940 operans
3252 3879 3368 3922 seu

1801 3972 2182 4034 cooperans;
2217 3954 2365 4033 quia
2390 3954 2582 4033 ipsius
2612 3953 2890 4034 operatio
2914 3958 2976 4015 et
3007 3953 3364 4034 cooperatio

1802 4046 2226 4127 principaliter
2251 4066 2286 4106 a
2317 4046 2516 4126 gratia
2542 4045 2796 4126 pendet.
2829 4046 3001 4108 Sicut
3043 4046 3230 4107 etiam
3262 4065 3370 4108 ac-

1798 4140 1968 4202 tuale
2009 4139 2376 4202 exercitium
2421 4139 2635 4219 gratiae
2678 4140 2742 4200 in
2781 4138 3028 4220 agendo
3040 4185 3061 4216 ,
3113 4140 3213 4200 vel
3259 4139 3368 4201 de·-

1799 4235 2158 4296 terminatio
2211 4235 2348 4313 ejus
2395 4232 2476 4294 ad
2504 4233 2822 4313 agendum
2840 4233 2905 4293 in
2926 4233 3032 4294 tali
3057 4238 3364 4313 tempore,

1799 4328 1900 4390 vel
1929 4328 2248 4400 interdum
2279 4327 2469 4389 etiam
2507 4327 2570 4388 in
2608 4327 2714 4389 tali
2747 4327 2955 4406 specie
2987 4333 3186 4402 actus,
3217 4345 3368 4407 pen·

1802 4420 1907 4483 det
1947 4440 1985 4481 a
2019 4420 2218 4482 libero
2261 4420 2538 4494 arbitr-ic,
2579 4426 2890 4499 quatenus
2927 4421 3034 4480 illa
3073 4419 3368 4482 determi-

1799 4515 1969 4575 natio
2000 4519 2094 4575 est
2123 4514 2284 4575 actio
2310 4513 2469 4593 ejuS,
2496 4519 2558 4575 et
2586 4513 2730 4575 licet
2759 4514 2950 4576 etiam
2976 4514 3096 4576 hoc
3124 4513 3302 4576 titulo
3327 4531 3366 4574 a

1802 4608 2001 4688 gratia
2047 4606 2420 4687 dependeat,
2462 4614 2676 4669 tamen
2727 4607 2846 4668 sub
2891 4607 3012 4669 hac
3055 4626 3208 4670 voce
3251 4625 3364 4670 seu

1800 4701 2308 4762 denominatione
2353 4700 2912 4774 determinationiS,
2957 4701 3256 4780 peculiari
3293 4701 3366 4762 ti·

1800 4793 1930 4854 tulo
1977 4799 2182 4871 potest
2228 4793 2478 4855 attribui
2527 4793 2725 4854 libero
2774 4792 3066 4869 arbitrio,
3109 4801 3368 4875 propter

1800 4886 2123 4965 proprium
2145 4892 2207 4948 et
2225 4886 2631 4948 intrinsecum
2660 4886 3028 4961 dominium,
3063 4889 3232 4968 quod
3255 4889 3366 4950 ha-

1796 4979 1903 5040 bet
1932 4979 1998 5038 in
2029 4979 2344 5040 actionem
2378 4997 2580 5054 suam,
2613 4983 2680 5042 ut
2708 4998 2846 5061 cap.
2893 4984 2968 5042 17
3010 4982 3214 5061 magis
3253 4981 3365 5043 de-

1796 5069 2199 5131 clarabimus.

1876 5164 1937 5224 3.
1985 5163 2128 5224 Haec
2148 5162 2358 5224 omnia
2377 5163 2520 5225 ideo
2542 5162 2706 5225 dicta
2729 5169 2896 5237 sunt,
2921 5164 3066 5243 quia
3089 5183 3128 5226 a
3151 5164 3362 5226 multis

1797 5255 2174 5336 reprehendi
2205 5255 2408 5318 solent
2436 5257 2500 5317 in
2519 5257 2614 5316 his
2633 5255 3016 5330 auctoribus,
3035 5257 3140 5337 qui
3158 5257 3364 5318 effica-

1799 5349 1962 5411 ciam
1995 5349 2204 5412 auxilii
2231 5350 2432 5411 solum
2463 5355 2704 5430 ponunt
2733 5349 2796 5410 in
2835 5351 3064 5412 actuali
3091 5350 3358 5423 actione,

1800 5449 1864 5507 et
1890 5443 2047 5506 nihil
2072 5443 2244 5504 aliud
2271 5461 2412 5505 esse
2440 5451 2682 5523 putant,
2701 5461 2891 5522 quam
2912 5444 3364 5505 denominatio-

1798 5557 1948 5602 nem
1976 5537 2058 5600 ab
2083 5537 2308 5600 actuali
2335 5537 2574 5598 influxu
2602 5555 2713 5599 seu
2743 5536 2990 5600 actione
3021 5544 3357 5617 sumptam.
