<?xml version="1.0" encoding="UTF-8"?>
<!DOCTYPE html PUBLIC "-//W3C//DTD XHTML 1.0 Transitional//EN"
    "http://www.w3.org/TR/xhtml1/DTD/xhtml1-transitional.dtd">
<html xmlns="http://www.w3.org/1999/xhtml" xml:lang="en" lang="en">
 <head>
  <title>
</title>
<meta http-equiv="Content-Type" content="text/html;charset=utf-8" />
  <meta name='ocr-system' content='tesseract 3.04.00' />
  <meta name='ocr-capabilities' content='ocr_page ocr_carea ocr_par ocr_line ocrx_word'/>
</head>
<body>
  <div class='ocr_page' id='page_1' title='image "./rpfranciscisuar01duvagoog_0450.png"; bbox 0 0 3850 6225; ppageno 0'>
   <div class='ocr_carea' id='block_1_1' title="bbox 591 360 3699 416">
    <p class='ocr_par' dir='ltr' id='par_1_1' title="bbox 591 360 3699 416">
     <span class='ocr_line' id='line_1_1' title="bbox 591 360 3699 416; baseline 0 5809"><span class='ocrx_word' id='word_1_1' title='bbox 591 360 3699 416; x_wconf 95' lang='lat' dir='ltr'><strong> </strong></span> 
     </span>
    </p>
   </div>
   <div class='ocr_carea' id='block_1_2' title="bbox 1339 650 3043 801">
    <p class='ocr_par' dir='ltr' id='par_1_2' title="bbox 1339 650 3043 801">
     <span class='ocr_line' id='line_1_2' title="bbox 1339 650 3043 801; baseline 0.001 -25"><span class='ocrx_word' id='word_1_2' title='bbox 1339 650 2234 788; x_wconf 89' lang='lat' dir='ltr'>OPUSCULUM</span> <span class='ocrx_word' id='word_1_3' title='bbox 2322 654 3043 801; x_wconf 83' lang='lat' dir='ltr'><strong>QUINTUM.</strong></span> 
     </span>
    </p>
   </div>
   <div class='ocr_carea' id='block_1_3' title="bbox 1873 1124 2529 1221">
    <p class='ocr_par' dir='ltr' id='par_1_3' title="bbox 1873 1124 2529 1221">
     <span class='ocr_line' id='line_1_3' title="bbox 1873 1124 2529 1221; baseline 0.006 -4"><span class='ocrx_word' id='word_1_4' title='bbox 1873 1124 2529 1221; x_wconf 89' lang='lat' dir='ltr'>RELECTIO</span> 
     </span>
    </p>
   </div>
   <div class='ocr_carea' id='block_1_4' title="bbox 712 1296 3639 1663">
    <p class='ocr_par' dir='ltr' id='par_1_4' title="bbox 712 1296 3639 1663">
     <span class='ocr_line' id='line_1_4' title="bbox 712 1296 3639 1663; baseline 0.005 -64"><span class='ocrx_word' id='word_1_5' title='bbox 712 1372 998 1599; x_wconf 81' lang='lat' dir='ltr'><strong>DE</strong></span> <span class='ocrx_word' id='word_1_6' title='bbox 1108 1296 2017 1603; x_wconf 77' lang='lat' dir='ltr'><strong>MERITIS</strong></span> <span class='ocrx_word' id='word_1_7' title='bbox 2140 1378 3639 1663; x_wconf 75' lang='lat' dir='ltr'><strong>MORTIFIGATIS</strong></span> 
     </span>
    </p>
   </div>
   <div class='ocr_carea' id='block_1_5' title="bbox 1465 1738 2875 1825">
    <p class='ocr_par' dir='ltr' id='par_1_5' title="bbox 1465 1738 2875 1825">
     <span class='ocr_line' id='line_1_5' title="bbox 1465 1738 2875 1825; baseline 0.006 -21"><span class='ocrx_word' id='word_1_8' title='bbox 1465 1738 1557 1804; x_wconf 88' lang='grc' dir='ltr'><strong>ΕΤ</strong></span> <span class='ocrx_word' id='word_1_9' title='bbox 1607 1738 1752 1805; x_wconf 89' lang='lat' dir='ltr'><strong>PER</strong></span> <span class='ocrx_word' id='word_1_10' title='bbox 1803 1738 2359 1808; x_wconf 75' lang='lat' dir='ltr'><strong>POENITENTIAM</strong></span> <span class='ocrx_word' id='word_1_11' title='bbox 2414 1742 2875 1825; x_wconf 75' lang='grc' dir='ltr'><strong>ΒΕΡΔΒΑΤΙΒ,</strong></span> 
     </span>
    </p>
   </div>
   <div class='ocr_carea' id='block_1_6' title="bbox 1591 1955 2768 2013">
    <p class='ocr_par' dir='ltr' id='par_1_6' title="bbox 1591 1955 2768 2013">
     <span class='ocr_line' id='line_1_6' title="bbox 1591 1955 2768 2013; baseline 0.005 -6"><span class='ocrx_word' id='word_1_12' title='bbox 1591 1956 1666 2008; x_wconf 80' lang='grc' dir='ltr'><strong>ΙΝ</strong></span> <span class='ocrx_word' id='word_1_13' title='bbox 1695 1955 1918 2009; x_wconf 66' lang='lat' dir='ltr'><strong>Locum</strong></span> <span class='ocrx_word' id='word_1_14' title='bbox 1952 1958 2151 2011; x_wconf 75' lang='lat' dir='ltr'><em>PAULI</em></span> <span class='ocrx_word' id='word_1_15' title='bbox 2184 1958 2275 2011; x_wconf 75' lang='lat' dir='ltr'><strong>AD</strong></span> <span class='ocrx_word' id='word_1_16' title='bbox 2307 1959 2633 2013; x_wconf 71' lang='lat' dir='ltr'><strong><em>HEBRAEOS</em></strong></span> <span class='ocrx_word' id='word_1_17' title='bbox 2666 1962 2732 2013; x_wconf 78' lang='lat' dir='ltr'><strong>V!</strong></span> <span class='ocrx_word' id='word_1_18' title='bbox 2750 1976 2768 2013; x_wconf 94' lang='grc'><strong>.·</strong></span> 
     </span>
    </p>
   </div>
   <div class='ocr_carea' id='block_1_7' title="bbox 577 2118 3750 2335">
    <p class='ocr_par' dir='ltr' id='par_1_7' title="bbox 577 2118 3750 2335">
     <span class='ocr_line' id='line_1_7' title="bbox 577 2118 3750 2207; baseline 0.006 -24"><span class='ocrx_word' id='word_1_19' title='bbox 577 2135 922 2183; x_wconf 69' lang='lat' dir='ltr'><strong>commuue</strong></span> <span class='ocrx_word' id='word_1_20' title='bbox 963 2134 1172 2183; x_wconf 70' lang='lat' dir='ltr'><strong>Amr-M</strong></span> <span class='ocrx_word' id='word_1_21' title='bbox 1209 2138 1286 2183; x_wconf 80' lang='lat' dir='ltr'><strong>DE</strong></span> <span class='ocrx_word' id='word_1_22' title='bbox 1315 2138 1504 2199; x_wconf 79' lang='lat' dir='ltr'><strong>voms,</strong></span> <span class='ocrx_word' id='word_1_23' title='bbox 1542 2128 1948 2203; x_wconf 61' lang='lat' dir='ltr'><strong>inmensam,</strong></span> <span class='ocrx_word' id='word_1_24' title='bbox 1990 2142 2246 2191; x_wconf 71' lang='lat' dir='ltr'><strong>mmm</strong></span> <span class='ocrx_word' id='word_1_25' title='bbox 2283 2146 2361 2191; x_wconf 75' lang='lat' dir='ltr'><strong>m·</strong></span> <span class='ocrx_word' id='word_1_26' title='bbox 2390 2146 2695 2193; x_wconf 63' lang='lat' dir='ltr'><strong>nummu.</strong></span> <span class='ocrx_word' id='word_1_27' title='bbox 2736 2147 2969 2207; x_wconf 64' lang='lat' dir='ltr'><strong>suun,</strong></span> <span class='ocrx_word' id='word_1_28' title='bbox 3003 2149 3267 2195; x_wconf 68' lang='lat' dir='ltr'><strong>‘tumst</strong></span> <span class='ocrx_word' id='word_1_29' title='bbox 3304 2149 3407 2197; x_wconf 80' lang='grc' dir='ltr'><strong>ΙΤΔ</strong></span> <span class='ocrx_word' id='word_1_30' title='bbox 3444 2148 3699 2203; x_wconf 65' lang='lat' dir='ltr'><strong>loomim:</strong></span> <span class='ocrx_word' id='word_1_31' title='bbox 3749 2118 3750 2121; x_wconf 7' lang='grc' dir='ltr'><strong>Ἰ</strong></span> 
     </span>
     <span class='ocr_line' id='line_1_8' title="bbox 1127 2242 3248 2335; baseline 0.006 -48"><span class='ocrx_word' id='word_1_32' title='bbox 1127 2242 1240 2289; x_wconf 72' lang='lat' dir='ltr'><strong>NON</strong></span> <span class='ocrx_word' id='word_1_33' title='bbox 1281 2243 1432 2291; x_wconf 62' lang='lat'><strong>8⁸11</strong></span> <span class='ocrx_word' id='word_1_34' title='bbox 1469 2243 1742 2291; x_wconf 71' lang='lat' dir='ltr'><strong>msusrus</strong></span> <span class='ocrx_word' id='word_1_35' title='bbox 1779 2245 1955 2335; x_wconf 52' lang='lat' dir='ltr'><strong>UUS,</strong></span> <span class='ocrx_word' id='word_1_36' title='bbox 1998 2247 2077 2293; x_wconf 79' lang='lat' dir='ltr'><strong>UT</strong></span> <span class='ocrx_word' id='word_1_37' title='bbox 2118 2248 2542 2297; x_wconf 64' lang='lat' dir='ltr'><strong>onuwscxrua</strong></span> <span class='ocrx_word' id='word_1_38' title='bbox 2578 2250 2788 2297; x_wconf 67' lang='lat' dir='ltr'><strong>ornus</strong></span> <span class='ocrx_word' id='word_1_39' title='bbox 2830 2254 3064 2316; x_wconf 69' lang='lat' dir='ltr'><strong>vnsrm,</strong></span> <span class='ocrx_word' id='word_1_40' title='bbox 3108 2256 3248 2301; x_wconf 69' lang='lat' dir='ltr'><strong>nc.</strong></span> 
     </span>
    </p>
   </div>
   <div class='ocr_carea' id='block_1_8' title="bbox 1990 2461 2363 2487">
    <p class='ocr_par' dir='ltr' id='par_1_8' title="bbox 1990 2461 2363 2487">
     <span class='ocr_line' id='line_1_9' title="bbox 1990 2461 2363 2487; baseline 0.005 -3"><span class='ocrx_word' id='word_1_41' title='bbox 1990 2461 2363 2487; x_wconf 56' lang='lat'><strong>*-</strong></span> 
     </span>
    </p>
   </div>
   <div class='ocr_carea' id='block_1_9' title="bbox 557 2727 2129 5604">
    <p class='ocr_par' dir='ltr' id='par_1_9' title="bbox 557 2727 2129 5604">
     <span class='ocr_line' id='line_1_10' title="bbox 641 2727 2126 2811; baseline 0.004 -24"><span class='ocrx_word' id='word_1_42' title='bbox 641 2727 729 2787; x_wconf 85' lang='lat' dir='ltr'><strong>Ex</strong></span> <span class='ocrx_word' id='word_1_43' title='bbox 759 2728 944 2789; x_wconf 82' lang='lat' dir='ltr'><strong>variis</strong></span> <span class='ocrx_word' id='word_1_44' title='bbox 981 2734 1045 2789; x_wconf 87' lang='lat' dir='ltr'><strong>et</strong></span> <span class='ocrx_word' id='word_1_45' title='bbox 1080 2728 1463 2811; x_wconf 82' lang='lat' dir='ltr'><strong>gravissimis</strong></span> <span class='ocrx_word' id='word_1_46' title='bbox 1493 2732 1939 2809; x_wconf 54' lang='lat' dir='ltr'><strong>quaestionibus</strong></span> <span class='ocrx_word' id='word_1_47' title='bbox 1968 2750 2126 2811; x_wconf 89' lang='lat' dir='ltr'><strong>quas</strong></span> 
     </span>
     <span class='ocr_line' id='line_1_11' title="bbox 563 2821 2128 2900; baseline 0.003 -19"><span class='ocrx_word' id='word_1_48' title='bbox 563 2821 868 2900; x_wconf 84' lang='lat' dir='ltr'>superiori</span> <span class='ocrx_word' id='word_1_49' title='bbox 893 2840 1062 2883; x_wconf 88' lang='lat' dir='ltr'><strong>anno</strong></span> <span class='ocrx_word' id='word_1_50' title='bbox 1091 2822 1170 2883; x_wconf 89' lang='lat' dir='ltr'><strong>de</strong></span> <span class='ocrx_word' id='word_1_51' title='bbox 1201 2822 1528 2883; x_wconf 83' lang='lat' dir='ltr'><strong>effectibus</strong></span> <span class='ocrx_word' id='word_1_52' title='bbox 1553 2824 1796 2885; x_wconf 81' lang='lat' dir='ltr'><strong>virtutis</strong></span> <span class='ocrx_word' id='word_1_53' title='bbox 1825 2832 1887 2887; x_wconf 90' lang='lat' dir='ltr'><strong>et</strong></span> <span class='ocrx_word' id='word_1_54' title='bbox 1919 2844 2128 2886; x_wconf 87' lang='lat' dir='ltr'><strong>sacra-</strong></span> 
     </span>
     <span class='ocr_line' id='line_1_12' title="bbox 559 2912 2128 2994; baseline 0.005 -22"><span class='ocrx_word' id='word_1_55' title='bbox 559 2912 754 2973; x_wconf 82' lang='lat' dir='ltr'><strong>menti</strong></span> <span class='ocrx_word' id='word_1_56' title='bbox 785 2914 1170 2993; x_wconf 78' lang='lat' dir='ltr'><strong>poenitentioe</strong></span> <span class='ocrx_word' id='word_1_57' title='bbox 1197 2914 1530 2994; x_wconf 73' lang='lat' dir='ltr'><strong>disputavi,</strong></span> <span class='ocrx_word' id='word_1_58' title='bbox 1563 2916 1668 2977; x_wconf 90' lang='lat' dir='ltr'><strong>illa</strong></span> <span class='ocrx_word' id='word_1_59' title='bbox 1693 2919 1848 2977; x_wconf 89' lang='lat' dir='ltr'><strong>mihi</strong></span> <span class='ocrx_word' id='word_1_60' title='bbox 1875 2918 2128 2979; x_wconf 88' lang='lat' dir='ltr'><strong>hodier-</strong></span> 
     </span>
     <span class='ocr_line' id='line_1_13' title="bbox 558 3006 2129 3091; baseline 0.004 -26"><span class='ocrx_word' id='word_1_61' title='bbox 558 3024 642 3068; x_wconf 85' lang='lat' dir='ltr'><strong>na</strong></span> <span class='ocrx_word' id='word_1_62' title='bbox 679 3006 802 3079; x_wconf 89' lang='lat' dir='ltr'><strong>die,</strong></span> <span class='ocrx_word' id='word_1_63' title='bbox 841 3006 958 3067; x_wconf 81' lang='lat' dir='ltr'><strong>viri</strong></span> <span class='ocrx_word' id='word_1_64' title='bbox 995 3008 1366 3087; x_wconf 87' lang='lat' dir='ltr'><strong>gravissimi,</strong></span> <span class='ocrx_word' id='word_1_65' title='bbox 1411 3014 1620 3071; x_wconf 77' lang='lat' dir='ltr'><strong>vestro</strong></span> <span class='ocrx_word' id='word_1_66' title='bbox 1652 3018 1995 3091; x_wconf 85' lang='lat' dir='ltr'><strong>conspectu</strong></span> <span class='ocrx_word' id='word_1_67' title='bbox 2034 3011 2129 3072; x_wconf 90' lang='lat' dir='ltr'><strong>di-</strong></span> 
     </span>
     <span class='ocr_line' id='line_1_14' title="bbox 562 3098 2127 3182; baseline 0.006 -24"><span class='ocrx_word' id='word_1_68' title='bbox 562 3098 860 3180; x_wconf 84' lang='lat' dir='ltr'><strong>gnissima</strong></span> <span class='ocrx_word' id='word_1_69' title='bbox 899 3100 1032 3160; x_wconf 86' lang='lat' dir='ltr'><strong>visa</strong></span> <span class='ocrx_word' id='word_1_70' title='bbox 1070 3106 1186 3176; x_wconf 90' lang='lat' dir='ltr'><strong>est,</strong></span> <span class='ocrx_word' id='word_1_71' title='bbox 1231 3119 1374 3182; x_wconf 78' lang='lat' dir='ltr'><strong>quae</strong></span> <span class='ocrx_word' id='word_1_72' title='bbox 1413 3102 1798 3182; x_wconf 81' lang='lat' dir='ltr'><strong>poenitentiae</strong></span> <span class='ocrx_word' id='word_1_73' title='bbox 1835 3105 2127 3168; x_wconf 82' lang='lat' dir='ltr'><strong>virtutem</strong></span> 
     </span>
     <span class='ocr_line' id='line_1_15' title="bbox 565 3191 2129 3277; baseline 0.005 -25"><span class='ocrx_word' id='word_1_74' title='bbox 565 3198 628 3254; x_wconf 88' lang='lat' dir='ltr'><strong>et</strong></span> <span class='ocrx_word' id='word_1_75' title='bbox 675 3191 1129 3267; x_wconf 84' lang='lat' dir='ltr'><strong>efficacitatem,</strong></span> <span class='ocrx_word' id='word_1_76' title='bbox 1169 3194 1250 3254; x_wconf 86' lang='lat' dir='ltr'><strong>ad</strong></span> <span class='ocrx_word' id='word_1_77' title='bbox 1278 3195 1487 3273; x_wconf 86' lang='lat' dir='ltr'><strong>priora</strong></span> <span class='ocrx_word' id='word_1_78' title='bbox 1533 3197 1776 3272; x_wconf 84' lang='lat' dir='ltr'><strong>merita,</strong></span> <span class='ocrx_word' id='word_1_79' title='bbox 1826 3216 1968 3276; x_wconf 73' lang='lat' dir='ltr'><strong>quse</strong></span> <span class='ocrx_word' id='word_1_80' title='bbox 2012 3218 2129 3277; x_wconf 87' lang='lat' dir='ltr'><strong>per</strong></span> 
     </span>
     <span class='ocr_line' id='line_1_16' title="bbox 563 3286 2127 3368; baseline 0.006 -23"><span class='ocrx_word' id='word_1_81' title='bbox 563 3293 892 3364; x_wconf 87' lang='lat' dir='ltr'><strong>peccatum</strong></span> <span class='ocrx_word' id='word_1_82' title='bbox 931 3286 1399 3366; x_wconf 88' lang='lat' dir='ltr'><strong>quodammodo</strong></span> <span class='ocrx_word' id='word_1_83' title='bbox 1438 3289 1680 3368; x_wconf 86' lang='lat' dir='ltr'><strong>perdita</strong></span> <span class='ocrx_word' id='word_1_84' title='bbox 1716 3291 1987 3358; x_wconf 79' lang='lat' dir='ltr'><strong>fuerant,</strong></span> <span class='ocrx_word' id='word_1_85' title='bbox 2027 3311 2127 3354; x_wconf 91' lang='lat' dir='ltr'><strong>re-</strong></span> 
     </span>
     <span class='ocr_line' id='line_1_17' title="bbox 561 3379 2127 3464; baseline 0.004 -24"><span class='ocrx_word' id='word_1_86' title='bbox 561 3379 863 3459; x_wconf 84' lang='lat' dir='ltr'><strong>paranda.</strong></span> <span class='ocrx_word' id='word_1_87' title='bbox 883 3379 1137 3459; x_wconf 86' lang='lat' dir='ltr'><strong>inquirit</strong></span> <span class='ocrx_word' id='word_1_88' title='bbox 1159 3387 1223 3442; x_wconf 89' lang='lat' dir='ltr'><strong>et</strong></span> <span class='ocrx_word' id='word_1_89' title='bbox 1246 3381 1534 3444; x_wconf 85' lang='lat' dir='ltr'><strong>illustrat.</strong></span> <span class='ocrx_word' id='word_1_90' title='bbox 1554 3384 1642 3442; x_wconf 88' lang='lat' dir='ltr'><strong>Ea</strong></span> <span class='ocrx_word' id='word_1_91' title='bbox 1667 3389 1758 3445; x_wconf 88' lang='lat' dir='ltr'><strong>est</strong></span> <span class='ocrx_word' id='word_1_92' title='bbox 1787 3385 1955 3446; x_wconf 89' lang='lat' dir='ltr'><strong>enim</strong></span> <span class='ocrx_word' id='word_1_93' title='bbox 1983 3403 2127 3464; x_wconf 86' lang='lat' dir='ltr'><strong>pec·</strong></span> 
     </span>
     <span class='ocr_line' id='line_1_18' title="bbox 562 3471 2120 3554; baseline 0.004 -22"><span class='ocrx_word' id='word_1_94' title='bbox 562 3471 680 3532; x_wconf 86' lang='lat' dir='ltr'><strong>cati</strong></span> <span class='ocrx_word' id='word_1_95' title='bbox 709 3473 988 3533; x_wconf 87' lang='lat' dir='ltr'><strong>mortalis</strong></span> <span class='ocrx_word' id='word_1_96' title='bbox 1015 3473 1292 3553; x_wconf 84' lang='lat' dir='ltr'><strong>gravitas</strong></span> <span class='ocrx_word' id='word_1_97' title='bbox 1319 3481 1382 3534; x_wconf 88' lang='lat' dir='ltr'><strong>et</strong></span> <span class='ocrx_word' id='word_1_98' title='bbox 1410 3475 1580 3554; x_wconf 89' lang='lat' dir='ltr'><strong>apud</strong></span> <span class='ocrx_word' id='word_1_99' title='bbox 1606 3478 1808 3537; x_wconf 88' lang='lat' dir='ltr'><strong>Deum</strong></span> <span class='ocrx_word' id='word_1_100' title='bbox 1835 3479 2120 3552; x_wconf 78' lang='lat' dir='ltr'><strong>offensiO,</strong></span> 
     </span>
     <span class='ocr_line' id='line_1_19' title="bbox 565 3565 2123 3648; baseline 0.004 -23"><span class='ocrx_word' id='word_1_101' title='bbox 565 3571 632 3626; x_wconf 88' lang='lat' dir='ltr'><strong>ut</strong></span> <span class='ocrx_word' id='word_1_102' title='bbox 675 3583 802 3626; x_wconf 87' lang='lat' dir='ltr'><strong>non</strong></span> <span class='ocrx_word' id='word_1_103' title='bbox 848 3567 1050 3626; x_wconf 86' lang='lat' dir='ltr'><strong>solum</strong></span> <span class='ocrx_word' id='word_1_104' title='bbox 1095 3565 1176 3627; x_wconf 90' lang='lat' dir='ltr'><strong>ad</strong></span> <span class='ocrx_word' id='word_1_105' title='bbox 1225 3585 1390 3628; x_wconf 86' lang='lat' dir='ltr'><strong>nova</strong></span> <span class='ocrx_word' id='word_1_106' title='bbox 1437 3569 1698 3648; x_wconf 78' lang='lat' dir='ltr'><strong>proemia</strong></span> <span class='ocrx_word' id='word_1_107' title='bbox 1735 3589 1949 3631; x_wconf 87' lang='lat' dir='ltr'><strong>coram</strong></span> <span class='ocrx_word' id='word_1_108' title='bbox 1989 3571 2123 3632; x_wconf 90' lang='lat' dir='ltr'><strong>Deo</strong></span> 
     </span>
     <span class='ocr_line' id='line_1_20' title="bbox 561 3658 2119 3742; baseline 0.004 -22"><span class='ocrx_word' id='word_1_109' title='bbox 561 3658 980 3738; x_wconf 87' lang='lat' dir='ltr'><strong>promerenda</strong></span> <span class='ocrx_word' id='word_1_110' title='bbox 1009 3659 1324 3722; x_wconf 88' lang='lat' dir='ltr'><strong>hominem</strong></span> <span class='ocrx_word' id='word_1_111' title='bbox 1355 3661 1680 3742; x_wconf 81' lang='lat' dir='ltr'><strong>indignum</strong></span> <span class='ocrx_word' id='word_1_112' title='bbox 1713 3665 1971 3738; x_wconf 86' lang='lat' dir='ltr'><strong>reddat,</strong></span> <span class='ocrx_word' id='word_1_113' title='bbox 2012 3683 2119 3727; x_wconf 86' lang='lat' dir='ltr'><strong>ve-</strong></span> 
     </span>
     <span class='ocr_line' id='line_1_21' title="bbox 559 3753 2115 3836; baseline 0.003 -22"><span class='ocrx_word' id='word_1_114' title='bbox 559 3771 700 3814; x_wconf 88' lang='lat' dir='ltr'><strong>rum</strong></span> <span class='ocrx_word' id='word_1_115' title='bbox 751 3753 938 3813; x_wconf 90' lang='lat' dir='ltr'><strong>etiam</strong></span> <span class='ocrx_word' id='word_1_116' title='bbox 980 3759 1108 3814; x_wconf 86' lang='lat' dir='ltr'><strong>toto</strong></span> <span class='ocrx_word' id='word_1_117' title='bbox 1163 3753 1355 3833; x_wconf 84' lang='lat' dir='ltr'><strong>priori</strong></span> <span class='ocrx_word' id='word_1_118' title='bbox 1401 3760 1683 3836; x_wconf 88' lang='lat' dir='ltr'><strong>tempore</strong></span> <span class='ocrx_word' id='word_1_119' title='bbox 1729 3765 2115 3836; x_wconf 83' lang='lat' dir='ltr'><strong>comparata,</strong></span> 
     </span>
     <span class='ocr_line' id='line_1_22' title="bbox 559 3846 2118 3929; baseline 0.004 -22"><span class='ocrx_word' id='word_1_120' title='bbox 559 3846 956 3926; x_wconf 84' lang='lat' dir='ltr'><strong>quantumvis</strong></span> <span class='ocrx_word' id='word_1_121' title='bbox 985 3846 1210 3907; x_wconf 83' lang='lat' dir='ltr'><strong>eximia</strong></span> <span class='ocrx_word' id='word_1_122' title='bbox 1237 3853 1298 3908; x_wconf 84' lang='lat' dir='ltr'><strong>et</strong></span> <span class='ocrx_word' id='word_1_123' title='bbox 1327 3847 1622 3923; x_wconf 75' lang='lat' dir='ltr'><strong>illustria,</strong></span> <span class='ocrx_word' id='word_1_124' title='bbox 1651 3851 2118 3929; x_wconf 89' lang='lat' dir='ltr'><strong>quodammodo</strong></span> 
     </span>
     <span class='ocr_line' id='line_1_23' title="bbox 559 3939 2114 4024; baseline 0.003 -24"><span class='ocrx_word' id='word_1_125' title='bbox 559 3940 800 4012; x_wconf 87' lang='lat' dir='ltr'><strong>deleat,</strong></span> <span class='ocrx_word' id='word_1_126' title='bbox 850 3958 964 4000; x_wconf 87' lang='lat' dir='ltr'><strong>seu</strong></span> <span class='ocrx_word' id='word_1_127' title='bbox 1002 3939 1210 4019; x_wconf 86' lang='lat' dir='ltr'><strong>potius</strong></span> <span class='ocrx_word' id='word_1_128' title='bbox 1247 3941 1429 4018; x_wconf 86' lang='lat' dir='ltr'><strong>quasi</strong></span> <span class='ocrx_word' id='word_1_129' title='bbox 1457 3941 1522 4001; x_wconf 87' lang='lat' dir='ltr'><strong>in</strong></span> <span class='ocrx_word' id='word_1_130' title='bbox 1555 3942 1817 4002; x_wconf 88' lang='lat' dir='ltr'><strong>nihilum</strong></span> <span class='ocrx_word' id='word_1_131' title='bbox 1849 3943 2114 4024; x_wconf 84' lang='lat' dir='ltr'><strong>redigat.</strong></span> 
     </span>
     <span class='ocr_line' id='line_1_24' title="bbox 563 4031 2122 4112; baseline 0.003 -20"><span class='ocrx_word' id='word_1_132' title='bbox 563 4031 740 4104; x_wconf 87' lang='lat' dir='ltr'><strong>Quod</strong></span> <span class='ocrx_word' id='word_1_133' title='bbox 767 4032 819 4092; x_wconf 96' lang='lat' dir='ltr'><strong>si</strong></span> <span class='ocrx_word' id='word_1_134' title='bbox 847 4051 922 4092; x_wconf 89' lang='lat' dir='ltr'><strong>ea</strong></span> <span class='ocrx_word' id='word_1_135' title='bbox 951 4037 1045 4093; x_wconf 83' lang='lat' dir='ltr'><strong>est</strong></span> <span class='ocrx_word' id='word_1_136' title='bbox 1073 4033 1454 4112; x_wconf 84' lang='lat' dir='ltr'><strong>poenitentiae</strong></span> <span class='ocrx_word' id='word_1_137' title='bbox 1482 4034 1607 4107; x_wconf 81' lang='lat' dir='ltr'><strong>vis,</strong></span> <span class='ocrx_word' id='word_1_138' title='bbox 1649 4041 1720 4095; x_wconf 92' lang='lat' dir='ltr'><strong>ut</strong></span> <span class='ocrx_word' id='word_1_139' title='bbox 1746 4053 1876 4098; x_wconf 90' lang='lat' dir='ltr'><strong>non</strong></span> <span class='ocrx_word' id='word_1_140' title='bbox 1919 4037 2122 4097; x_wconf 89' lang='lat' dir='ltr'><strong>solum</strong></span> 
     </span>
     <span class='ocr_line' id='line_1_25' title="bbox 563 4125 2123 4203; baseline 0.002 -17"><span class='ocrx_word' id='word_1_141' title='bbox 563 4127 628 4186; x_wconf 90' lang='lat' dir='ltr'><strong>in</strong></span> <span class='ocrx_word' id='word_1_142' title='bbox 673 4143 750 4187; x_wconf 90' lang='lat' dir='ltr'><strong>eo</strong></span> <span class='ocrx_word' id='word_1_143' title='bbox 788 4127 952 4186; x_wconf 86' lang='lat' dir='ltr'><strong>statu</strong></span> <span class='ocrx_word' id='word_1_144' title='bbox 989 4125 1310 4187; x_wconf 89' lang='lat' dir='ltr'><strong>hominem</strong></span> <span class='ocrx_word' id='word_1_145' title='bbox 1351 4127 1582 4188; x_wconf 90' lang='lat' dir='ltr'><strong>iterum</strong></span> <span class='ocrx_word' id='word_1_146' title='bbox 1633 4129 2005 4203; x_wconf 87' lang='lat' dir='ltr'><strong>constituat,</strong></span> <span class='ocrx_word' id='word_1_147' title='bbox 2058 4129 2123 4190; x_wconf 90' lang='lat' dir='ltr'><strong>in</strong></span> 
     </span>
     <span class='ocr_line' id='line_1_26' title="bbox 559 4218 2122 4298; baseline 0.003 -19"><span class='ocrx_word' id='word_1_148' title='bbox 559 4237 686 4298; x_wconf 90' lang='lat' dir='ltr'><strong>quo</strong></span> <span class='ocrx_word' id='word_1_149' title='bbox 725 4224 788 4280; x_wconf 91' lang='lat' dir='ltr'><strong>et</strong></span> <span class='ocrx_word' id='word_1_150' title='bbox 814 4218 1063 4298; x_wconf 88' lang='lat' dir='ltr'><strong>placare</strong></span> <span class='ocrx_word' id='word_1_151' title='bbox 1092 4221 1294 4280; x_wconf 87' lang='lat' dir='ltr'><strong>Deum</strong></span> <span class='ocrx_word' id='word_1_152' title='bbox 1312 4266 1329 4292; x_wconf 90' lang='lat'><strong>,</strong></span> <span class='ocrx_word' id='word_1_153' title='bbox 1373 4227 1436 4282; x_wconf 89' lang='lat' dir='ltr'><strong>et</strong></span> <span class='ocrx_word' id='word_1_154' title='bbox 1471 4237 1635 4282; x_wconf 85' lang='lat' dir='ltr'><strong>nova</strong></span> <span class='ocrx_word' id='word_1_155' title='bbox 1658 4223 1882 4282; x_wconf 85' lang='lat' dir='ltr'><strong>merita</strong></span> <span class='ocrx_word' id='word_1_156' title='bbox 1909 4241 2122 4284; x_wconf 86' lang='lat' dir='ltr'><strong>coram</strong></span> 
     </span>
     <span class='ocr_line' id='line_1_27' title="bbox 561 4313 2121 4394; baseline 0.002 -20"><span class='ocrx_word' id='word_1_157' title='bbox 561 4331 638 4374; x_wconf 89' lang='lat' dir='ltr'><strong>eo</strong></span> <span class='ocrx_word' id='word_1_158' title='bbox 665 4313 962 4374; x_wconf 88' lang='lat' dir='ltr'><strong>inchoare</strong></span> <span class='ocrx_word' id='word_1_159' title='bbox 989 4313 1207 4392; x_wconf 81' lang='lat' dir='ltr'><strong>possit,</strong></span> <span class='ocrx_word' id='word_1_160' title='bbox 1243 4313 1356 4375; x_wconf 90' lang='lat' dir='ltr'><strong>sed</strong></span> <span class='ocrx_word' id='word_1_161' title='bbox 1382 4315 1570 4375; x_wconf 88' lang='lat' dir='ltr'><strong>etiam</strong></span> <span class='ocrx_word' id='word_1_162' title='bbox 1591 4316 1898 4394; x_wconf 82' lang='lat' dir='ltr'><strong>prioribus</strong></span> <span class='ocrx_word' id='word_1_163' title='bbox 1930 4317 2121 4377; x_wconf 83' lang='lat' dir='ltr'><strong>veluti</strong></span> 
     </span>
     <span class='ocr_line' id='line_1_28' title="bbox 559 4406 2121 4490; baseline 0.003 -23"><span class='ocrx_word' id='word_1_164' title='bbox 559 4423 788 4467; x_wconf 88' lang='lat' dir='ltr'><strong>novam</strong></span> <span class='ocrx_word' id='word_1_165' title='bbox 837 4406 1028 4466; x_wconf 81' lang='lat' dir='ltr'><strong>vitam</strong></span> <span class='ocrx_word' id='word_1_166' title='bbox 1078 4411 1142 4467; x_wconf 87' lang='lat' dir='ltr'><strong>et</strong></span> <span class='ocrx_word' id='word_1_167' title='bbox 1187 4407 1468 4486; x_wconf 76' lang='lat' dir='ltr'><strong>vigorem</strong></span> <span class='ocrx_word' id='word_1_168' title='bbox 1517 4407 1780 4482; x_wconf 87' lang='lat' dir='ltr'><strong>reddat,</strong></span> <span class='ocrx_word' id='word_1_169' title='bbox 1836 4415 1906 4470; x_wconf 89' lang='lat' dir='ltr'><strong>ut</strong></span> <span class='ocrx_word' id='word_1_170' title='bbox 1952 4409 2121 4490; x_wconf 90' lang='lat' dir='ltr'><strong>apud</strong></span> 
     </span>
     <span class='ocr_line' id='line_1_29' title="bbox 559 4497 2119 4582; baseline 0.002 -22"><span class='ocrx_word' id='word_1_171' title='bbox 559 4501 761 4560; x_wconf 89' lang='lat' dir='ltr'><strong>Deum</strong></span> <span class='ocrx_word' id='word_1_172' title='bbox 801 4497 1096 4560; x_wconf 86' lang='lat' dir='ltr'><strong>eumdem</strong></span> <span class='ocrx_word' id='word_1_173' title='bbox 1134 4499 1412 4560; x_wconf 84' lang='lat' dir='ltr'><strong>valorem</strong></span> <span class='ocrx_word' id='word_1_174' title='bbox 1451 4500 1748 4580; x_wconf 81' lang='lat' dir='ltr'><strong>idemque</strong></span> <span class='ocrx_word' id='word_1_175' title='bbox 1790 4505 2119 4582; x_wconf 81' lang='lat' dir='ltr'><strong>praemium</strong></span> 
     </span>
     <span class='ocr_line' id='line_1_30' title="bbox 561 4591 2120 4675; baseline 0.003 -23"><span class='ocrx_word' id='word_1_176' title='bbox 561 4592 837 4652; x_wconf 77' lang='lat' dir='ltr'><strong>habeant</strong></span> <span class='ocrx_word' id='word_1_177' title='bbox 864 4637 879 4665; x_wconf 91' lang='lat'><strong>,</strong></span> <span class='ocrx_word' id='word_1_178' title='bbox 929 4591 1206 4670; x_wconf 85' lang='lat' dir='ltr'><strong>profecto</strong></span> <span class='ocrx_word' id='word_1_179' title='bbox 1237 4610 1468 4673; x_wconf 84' lang='lat' dir='ltr'><strong>magna</strong></span> <span class='ocrx_word' id='word_1_180' title='bbox 1501 4600 1598 4655; x_wconf 89' lang='lat' dir='ltr'><strong>est</strong></span> <span class='ocrx_word' id='word_1_181' title='bbox 1636 4595 1877 4657; x_wconf 79' lang='lat' dir='ltr'><strong>virtutis</strong></span> <span class='ocrx_word' id='word_1_182' title='bbox 1915 4597 2120 4675; x_wconf 86' lang='lat' dir='ltr'><strong>poeni-</strong></span> 
     </span>
     <span class='ocr_line' id='line_1_31' title="bbox 559 4683 2119 4764; baseline 0.004 -21"><span class='ocrx_word' id='word_1_183' title='bbox 559 4685 769 4744; x_wconf 63' lang='lat' dir='ltr'><strong>tentiae</strong></span> <span class='ocrx_word' id='word_1_184' title='bbox 813 4683 1120 4758; x_wconf 88' lang='lat' dir='ltr'><strong>laudatio,</strong></span> <span class='ocrx_word' id='word_1_185' title='bbox 1166 4686 1464 4764; x_wconf 67' lang='lat' dir='ltr'><strong>praeclara</strong></span> <span class='ocrx_word' id='word_1_186' title='bbox 1501 4685 1725 4748; x_wconf 59' lang='lat' dir='ltr'><strong>divina}</strong></span> <span class='ocrx_word' id='word_1_187' title='bbox 1767 4688 2119 4750; x_wconf 82' lang='lat' dir='ltr'><strong>misericor-</strong></span> 
     </span>
     <span class='ocr_line' id='line_1_32' title="bbox 563 4775 2121 4862; baseline 0.004 -25"><span class='ocrx_word' id='word_1_188' title='bbox 563 4775 680 4838; x_wconf 77' lang='lat' dir='ltr'><strong>diae</strong></span> <span class='ocrx_word' id='word_1_189' title='bbox 731 4795 806 4837; x_wconf 88' lang='lat' dir='ltr'><strong>ac</strong></span> <span class='ocrx_word' id='word_1_190' title='bbox 843 4777 1096 4856; x_wconf 80' lang='lat' dir='ltr'><strong>justitiae</strong></span> <span class='ocrx_word' id='word_1_191' title='bbox 1147 4777 1630 4854; x_wconf 80' lang='lat' dir='ltr'><strong>commendatio,</strong></span> <span class='ocrx_word' id='word_1_192' title='bbox 1691 4781 2016 4862; x_wconf 83' lang='lat' dir='ltr'><strong>sanguinis</strong></span> <span class='ocrx_word' id='word_1_193' title='bbox 2056 4789 2121 4843; x_wconf 89' lang='lat' dir='ltr'><strong>et</strong></span> 
     </span>
     <span class='ocr_line' id='line_1_33' title="bbox 562 4867 2119 4952; baseline 0.004 -24"><span class='ocrx_word' id='word_1_194' title='bbox 562 4867 926 4930; x_wconf 87' lang='lat' dir='ltr'><strong>meritorum</strong></span> <span class='ocrx_word' id='word_1_195' title='bbox 953 4869 1176 4932; x_wconf 87' lang='lat' dir='ltr'><strong>Christi</strong></span> <span class='ocrx_word' id='word_1_196' title='bbox 1207 4871 1499 4934; x_wconf 85' lang='lat' dir='ltr'><strong>exaltatio</strong></span> <span class='ocrx_word' id='word_1_197' title='bbox 1530 4873 1778 4948; x_wconf 84' lang='lat' dir='ltr'><strong>eximia,</strong></span> <span class='ocrx_word' id='word_1_198' title='bbox 1807 4881 1998 4952; x_wconf 89' lang='lat' dir='ltr'><strong>atque</strong></span> <span class='ocrx_word' id='word_1_199' title='bbox 2024 4875 2119 4934; x_wconf 87' lang='lat' dir='ltr'><strong>in-</strong></span> 
     </span>
     <span class='ocr_line' id='line_1_34' title="bbox 561 4961 2119 5044; baseline 0.004 -22"><span class='ocrx_word' id='word_1_200' title='bbox 561 4961 872 5022; x_wconf 81' lang='lat' dir='ltr'><strong>credibilis</strong></span> <span class='ocrx_word' id='word_1_201' title='bbox 907 4961 1220 5042; x_wconf 76' lang='lat' dir='ltr'><strong>fragilium</strong></span> <span class='ocrx_word' id='word_1_202' title='bbox 1261 4964 1760 5044; x_wconf 83' lang='lat' dir='ltr'><strong>miserorumque</strong></span> <span class='ocrx_word' id='word_1_203' title='bbox 1791 4967 2119 5029; x_wconf 88' lang='lat' dir='ltr'><strong>hominum</strong></span> 
     </span>
     <span class='ocr_line' id='line_1_35' title="bbox 560 5053 2121 5139; baseline 0.005 -25"><span class='ocrx_word' id='word_1_204' title='bbox 560 5053 922 5115; x_wconf 87' lang='lat' dir='ltr'><strong>consolatio.</strong></span> <span class='ocrx_word' id='word_1_205' title='bbox 954 5055 1034 5116; x_wconf 87' lang='lat' dir='ltr'><strong>Ut</strong></span> <span class='ocrx_word' id='word_1_206' title='bbox 1063 5059 1273 5116; x_wconf 88' lang='lat' dir='ltr'><strong>autem</strong></span> <span class='ocrx_word' id='word_1_207' title='bbox 1299 5057 1648 5136; x_wconf 82' lang='lat' dir='ltr'><strong>disputatio·</strong></span> <span class='ocrx_word' id='word_1_208' title='bbox 1659 5060 1812 5134; x_wconf 82' lang='lat' dir='ltr'><strong>haec,</strong></span> <span class='ocrx_word' id='word_1_209' title='bbox 1840 5077 1979 5137; x_wconf 79' lang='lat' dir='ltr'><strong>quae</strong></span> <span class='ocrx_word' id='word_1_210' title='bbox 2006 5078 2121 5139; x_wconf 87' lang='lat' dir='ltr'><strong>per</strong></span> 
     </span>
     <span class='ocr_line' id='line_1_36' title="bbox 559 5146 2115 5232; baseline 0.005 -26"><span class='ocrx_word' id='word_1_211' title='bbox 559 5165 698 5207; x_wconf 86' lang='lat' dir='ltr'><strong>sese</strong></span> <span class='ocrx_word' id='word_1_212' title='bbox 720 5146 1000 5227; x_wconf 82' lang='lat' dir='ltr'><strong>jucunda</strong></span> <span class='ocrx_word' id='word_1_213' title='bbox 1029 5152 1145 5222; x_wconf 81' lang='lat' dir='ltr'><strong>est,</strong></span> <span class='ocrx_word' id='word_1_214' title='bbox 1177 5155 1242 5209; x_wconf 92' lang='lat' dir='ltr'><strong>et</strong></span> <span class='ocrx_word' id='word_1_215' title='bbox 1265 5152 1698 5228; x_wconf 87' lang='lat' dir='ltr'><strong>peccatoribus</strong></span> <span class='ocrx_word' id='word_1_216' title='bbox 1723 5153 2069 5232; x_wconf 88' lang='lat' dir='ltr'><strong>plausibilis</strong></span> <span class='ocrx_word' id='word_1_217' title='bbox 2098 5197 2115 5228; x_wconf 94' lang='lat'><strong>,</strong></span> 
     </span>
     <span class='ocr_line' id='line_1_37' title="bbox 561 5240 2115 5324; baseline 0.006 -24"><span class='ocrx_word' id='word_1_218' title='bbox 561 5240 914 5319; x_wconf 84' lang='lat' dir='ltr'><strong>quibusque</strong></span> <span class='ocrx_word' id='word_1_219' title='bbox 964 5241 1152 5302; x_wconf 87' lang='lat' dir='ltr'><strong>etiam</strong></span> <span class='ocrx_word' id='word_1_220' title='bbox 1198 5241 1573 5304; x_wconf 85' lang='lat' dir='ltr'><strong>doctissimis</strong></span> <span class='ocrx_word' id='word_1_221' title='bbox 1622 5247 1856 5324; x_wconf 79' lang='lat' dir='ltr'><strong>gratior</strong></span> <span class='ocrx_word' id='word_1_222' title='bbox 1899 5247 2080 5309; x_wconf 88' lang='lat' dir='ltr'><strong>fieret</strong></span> <span class='ocrx_word' id='word_1_223' title='bbox 2098 5293 2115 5320; x_wconf 94' lang='lat'><strong>,</strong></span> 
     </span>
     <span class='ocr_line' id='line_1_38' title="bbox 557 5333 2116 5418; baseline 0.005 -24"><span class='ocrx_word' id='word_1_224' title='bbox 557 5335 924 5414; x_wconf 79' lang='lat' dir='ltr'><strong>veritatique</strong></span> <span class='ocrx_word' id='word_1_225' title='bbox 952 5333 1328 5396; x_wconf 80' lang='lat' dir='ltr'><strong>conformior</strong></span> <span class='ocrx_word' id='word_1_226' title='bbox 1355 5343 1707 5415; x_wconf 82' lang='lat' dir='ltr'><strong>appareret,</strong></span> <span class='ocrx_word' id='word_1_227' title='bbox 1734 5340 1870 5418; x_wconf 86' lang='lat' dir='ltr'><strong>ejus</strong></span> <span class='ocrx_word' id='word_1_228' title='bbox 1895 5340 2116 5402; x_wconf 84' lang='lat' dir='ltr'><strong>funda-</strong></span> 
     </span>
     <span class='ocr_line' id='line_1_39' title="bbox 557 5427 2109 5508; baseline 0.005 -22"><span class='ocrx_word' id='word_1_229' title='bbox 557 5434 839 5489; x_wconf 81' lang='lat' dir='ltr'><strong>mentum</strong></span> <span class='ocrx_word' id='word_1_230' title='bbox 883 5427 1282 5488; x_wconf 87' lang='lat' dir='ltr'><strong>statuendum</strong></span> <span class='ocrx_word' id='word_1_231' title='bbox 1318 5430 1530 5508; x_wconf 86' lang='lat' dir='ltr'><strong>putavi</strong></span> <span class='ocrx_word' id='word_1_232' title='bbox 1569 5430 1634 5490; x_wconf 90' lang='lat' dir='ltr'><strong>in</strong></span> <span class='ocrx_word' id='word_1_233' title='bbox 1672 5433 1880 5493; x_wconf 75' lang='lat' dir='ltr'><strong>verbis</strong></span> <span class='ocrx_word' id='word_1_234' title='bbox 1915 5434 2109 5506; x_wconf 83' lang='lat' dir='ltr'><strong>Pauli,</strong></span> 
     </span>
     <span class='ocr_line' id='line_1_40' title="bbox 557 5519 2110 5604; baseline 0.005 -22"><span class='ocrx_word' id='word_1_235' title='bbox 557 5521 638 5582; x_wconf 88' lang='lat' dir='ltr'><strong>ad</strong></span> <span class='ocrx_word' id='word_1_236' title='bbox 671 5519 826 5584; x_wconf 80' lang='lat' dir='ltr'><strong>Eeb.</strong></span> <span class='ocrx_word' id='word_1_237' title='bbox 857 5523 920 5598; x_wconf 82' lang='lat'><strong>6,</strong></span> <span class='ocrx_word' id='word_1_238' title='bbox 957 5521 1066 5582; x_wconf 88' lang='lat' dir='ltr'><strong>ubi</strong></span> <span class='ocrx_word' id='word_1_239' title='bbox 1105 5527 1438 5602; x_wconf 81' lang='lat' dir='ltr'><strong>postquam</strong></span> <span class='ocrx_word' id='word_1_240' title='bbox 1467 5531 1825 5604; x_wconf 82' lang='lat' dir='ltr'><strong>peccatores</strong></span> <span class='ocrx_word' id='word_1_241' title='bbox 1869 5528 2110 5604; x_wconf 82' lang='lat' dir='ltr'><strong>terruit,</strong></span> 
     </span>
    </p>
   </div>
   <div class='ocr_carea' id='block_1_10' title="bbox 2206 2722 3696 3274">
    <p class='ocr_par' dir='ltr' id='par_1_10' title="bbox 2206 2722 3696 3274">
     <span class='ocr_line' id='line_1_41' title="bbox 2206 2722 3695 2808; baseline 0.006 -26"><span class='ocrx_word' id='word_1_242' title='bbox 2206 2724 2588 2800; x_wconf 84' lang='lat' dir='ltr'><strong>poenitentiae</strong></span> <span class='ocrx_word' id='word_1_243' title='bbox 2624 2722 2986 2788; x_wconf 82' lang='lat' dir='ltr'><strong>difficultate</strong></span> <span class='ocrx_word' id='word_1_244' title='bbox 3026 2730 3088 2788; x_wconf 89' lang='lat' dir='ltr'><strong>et</strong></span> <span class='ocrx_word' id='word_1_245' title='bbox 3121 2728 3461 2790; x_wconf 86' lang='lat' dir='ltr'><strong>acerbitate</strong></span> <span class='ocrx_word' id='word_1_246' title='bbox 3486 2732 3695 2808; x_wconf 81' lang='lat' dir='ltr'><strong>proposi-</strong></span> 
     </span>
     <span class='ocr_line' id='line_1_42' title="bbox 2206 2816 3696 2902; baseline 0.005 -26"><span class='ocrx_word' id='word_1_247' title='bbox 2206 2822 2291 2889; x_wconf 87' lang='lat' dir='ltr'><strong>ta,</strong></span> <span class='ocrx_word' id='word_1_248' title='bbox 2328 2816 2533 2877; x_wconf 87' lang='lat' dir='ltr'><strong>statim</strong></span> <span class='ocrx_word' id='word_1_249' title='bbox 2564 2835 2674 2877; x_wconf 88' lang='lat' dir='ltr'><strong>eos</strong></span> <span class='ocrx_word' id='word_1_250' title='bbox 2704 2818 2769 2877; x_wconf 90' lang='lat' dir='ltr'><strong>in</strong></span> <span class='ocrx_word' id='word_1_251' title='bbox 2802 2837 2980 2897; x_wconf 88' lang='lat' dir='ltr'><strong>spem</strong></span> <span class='ocrx_word' id='word_1_252' title='bbox 3012 2820 3195 2899; x_wconf 78' lang='lat' dir='ltr'><strong>erigit</strong></span> <span class='ocrx_word' id='word_1_253' title='bbox 3220 2865 3236 2894; x_wconf 94' lang='lat'><strong>,</strong></span> <span class='ocrx_word' id='word_1_254' title='bbox 3284 2821 3489 2881; x_wconf 86' lang='lat' dir='ltr'><strong>dicens</strong></span> <span class='ocrx_word' id='word_1_255' title='bbox 3516 2838 3529 2881; x_wconf 92' lang='lat'><strong>:</strong></span> <span class='ocrx_word' id='word_1_256' title='bbox 3566 2822 3696 2902; x_wconf 73' lang='lat' dir='ltr'><em>Confi-</em></span> 
     </span>
     <span class='ocr_line' id='line_1_43' title="bbox 2207 2910 3693 2989; baseline 0.003 -16"><span class='ocrx_word' id='word_1_257' title='bbox 2207 2910 2405 2973; x_wconf 79' lang='lat' dir='ltr'><strong>dimm</strong></span> <span class='ocrx_word' id='word_1_258' title='bbox 2432 2916 2632 2975; x_wconf 71' lang='lat' dir='ltr'><strong>autem</strong></span> <span class='ocrx_word' id='word_1_259' title='bbox 2657 2912 2727 2975; x_wconf 67' lang='lat' dir='ltr'><strong>de</strong></span> <span class='ocrx_word' id='word_1_260' title='bbox 2750 2914 2933 2986; x_wconf 76' lang='lat' dir='ltr'><strong>vobis,</strong></span> <span class='ocrx_word' id='word_1_261' title='bbox 2966 2910 3375 2989; x_wconf 70' lang='lat' dir='ltr'><strong>dilectissimi,</strong></span> <span class='ocrx_word' id='word_1_262' title='bbox 3404 2915 3631 2987; x_wconf 64' lang='lat' dir='ltr'><strong>meliora</strong></span> <span class='ocrx_word' id='word_1_263' title='bbox 3654 2923 3693 2978; x_wconf 77' lang='lat' dir='ltr'><strong>et</strong></span> 
     </span>
     <span class='ocr_line' id='line_1_44' title="bbox 2208 3002 3695 3088; baseline 0.003 -23"><span class='ocrx_word' id='word_1_264' title='bbox 2208 3003 2503 3067; x_wconf 77' lang='lat' dir='ltr'><strong>viciniora</strong></span> <span class='ocrx_word' id='word_1_265' title='bbox 2541 3002 2753 3077; x_wconf 70' lang='lat' dir='ltr'><strong>saluti,</strong></span> <span class='ocrx_word' id='word_1_266' title='bbox 2802 3005 3046 3069; x_wconf 72' lang='lat' dir='ltr'><strong>tametsi</strong></span> <span class='ocrx_word' id='word_1_267' title='bbox 3092 3006 3188 3069; x_wconf 73' lang='lat' dir='ltr'><strong>ita</strong></span> <span class='ocrx_word' id='word_1_268' title='bbox 3244 3006 3580 3088; x_wconf 67' lang='lat' dir='ltr'><strong>loquimur.-</strong></span> <span class='ocrx_word' id='word_1_269' title='bbox 3613 3028 3695 3069; x_wconf 73' lang='lat' dir='ltr'><strong>nou</strong></span> 
     </span>
     <span class='ocr_line' id='line_1_45' title="bbox 2208 3096 3693 3183; baseline 0.003 -23"><span class='ocrx_word' id='word_1_270' title='bbox 2208 3096 2366 3160; x_wconf 76' lang='lat' dir='ltr'><strong>enim</strong></span> <span class='ocrx_word' id='word_1_271' title='bbox 2389 3097 2663 3178; x_wconf 71' lang='lat' dir='ltr'><strong>injustus</strong></span> <span class='ocrx_word' id='word_1_272' title='bbox 2690 3099 2876 3174; x_wconf 75' lang='lat' dir='ltr'><strong>Deus,</strong></span> <span class='ocrx_word' id='word_1_273' title='bbox 2902 3106 2975 3165; x_wconf 73' lang='lat' dir='ltr'><strong>ut</strong></span> <span class='ocrx_word' id='word_1_274' title='bbox 2999 3100 3398 3164; x_wconf 69' lang='lat' dir='ltr'><strong>obliviscatur</strong></span> <span class='ocrx_word' id='word_1_275' title='bbox 3422 3101 3587 3183; x_wconf 79' lang='lat' dir='ltr'><strong>operis</strong></span> <span class='ocrx_word' id='word_1_276' title='bbox 3607 3121 3693 3164; x_wconf 70' lang='lat' dir='ltr'><strong>ves·</strong></span> 
     </span>
     <span class='ocr_line' id='line_1_46' title="bbox 2208 3190 3695 3274; baseline 0.001 -20"><span class='ocrx_word' id='word_1_277' title='bbox 2208 3191 2318 3266; x_wconf 78' lang='lat' dir='ltr'><strong>tri,</strong></span> <span class='ocrx_word' id='word_1_278' title='bbox 2356 3193 2415 3253; x_wconf 78' lang='lat' dir='ltr'><strong>et</strong></span> <span class='ocrx_word' id='word_1_279' title='bbox 2454 3190 2791 3254; x_wconf 75' lang='lat' dir='ltr'><strong>dilectionis</strong></span> <span class='ocrx_word' id='word_1_280' title='bbox 2826 3211 3006 3274; x_wconf 68' lang='lat' dir='ltr'><strong>qnam</strong></span> <span class='ocrx_word' id='word_1_281' title='bbox 3046 3195 3407 3256; x_wconf 72' lang='lat' dir='ltr'><strong>ostendistis</strong></span> <span class='ocrx_word' id='word_1_282' title='bbox 3438 3197 3499 3255; x_wconf 70' lang='lat' dir='ltr'><strong>in</strong></span> <span class='ocrx_word' id='word_1_283' title='bbox 3524 3197 3695 3256; x_wconf 67' lang='lat' dir='ltr'><strong>nomine</strong></span> 
     </span>
    </p>
   </div>
   <div class='ocr_carea' id='block_1_11' title="bbox 2206 3282 3697 3458">
    <p class='ocr_par' dir='ltr' id='par_1_11' title="bbox 2206 3282 3697 3458">
     <span class='ocr_line' id='line_1_47' title="bbox 2206 3282 3697 3370; baseline 0.004 -26"><span class='ocrx_word' id='word_1_284' title='bbox 2206 3282 2429 3370; x_wconf 67' lang='lat' dir='ltr'><strong>ipsius,</strong></span> <span class='ocrx_word' id='word_1_285' title='bbox 2458 3285 2565 3364; x_wconf 72' lang='lat' dir='ltr'><strong>qui</strong></span> <span class='ocrx_word' id='word_1_286' title='bbox 2596 3284 3005 3350; x_wconf 67' lang='lat' dir='ltr'><strong>ministrastis</strong></span> <span class='ocrx_word' id='word_1_287' title='bbox 3038 3286 3331 3360; x_wconf 72' lang='lat' dir='ltr'><strong>Sanctis,</strong></span> <span class='ocrx_word' id='word_1_288' title='bbox 3370 3293 3427 3349; x_wconf 76' lang='lat' dir='ltr'><strong>et</strong></span> <span class='ocrx_word' id='word_1_289' title='bbox 3452 3289 3697 3350; x_wconf 73' lang='lat' dir='ltr'><strong>ministra·</strong></span> 
     </span>
     <span class='ocr_line' id='line_1_48' title="bbox 2206 3377 3695 3458; baseline 0.001 -20"><span class='ocrx_word' id='word_1_290' title='bbox 2206 3377 2290 3438; x_wconf 71' lang='lat' dir='ltr'><strong>tis</strong></span> <span class='ocrx_word' id='word_1_291' title='bbox 2314 3401 2341 3449; x_wconf 89' lang='lat'><strong>,·</strong></span> <span class='ocrx_word' id='word_1_292' title='bbox 2386 3377 2559 3436; x_wconf 83' lang='lat' dir='ltr'><strong>nulla</strong></span> <span class='ocrx_word' id='word_1_293' title='bbox 2612 3377 2777 3438; x_wconf 84' lang='lat' dir='ltr'><strong>enim</strong></span> <span class='ocrx_word' id='word_1_294' title='bbox 2830 3379 3025 3440; x_wconf 84' lang='lat' dir='ltr'><strong>verba</strong></span> <span class='ocrx_word' id='word_1_295' title='bbox 3066 3380 3133 3440; x_wconf 90' lang='lat' dir='ltr'><strong>in</strong></span> <span class='ocrx_word' id='word_1_296' title='bbox 3190 3379 3404 3440; x_wconf 86' lang='lat' dir='ltr'><strong>divina</strong></span> <span class='ocrx_word' id='word_1_297' title='bbox 3451 3381 3695 3458; x_wconf 73' lang='lat' dir='ltr'><strong>Scriptura</strong></span> 
     </span>
    </p>
   </div>
   <div class='ocr_carea' id='block_1_12' title="bbox 2196 3466 3695 4840">
    <p class='ocr_par' dir='ltr' id='par_1_12' title="bbox 2196 3466 3695 4840">
     <span class='ocr_line' id='line_1_49' title="bbox 2203 3466 3695 3551; baseline 0.003 -24"><span class='ocrx_word' id='word_1_298' title='bbox 2203 3466 2464 3530; x_wconf 80' lang='lat' dir='ltr'><strong>fortasse</strong></span> <span class='ocrx_word' id='word_1_299' title='bbox 2491 3469 2884 3548; x_wconf 83' lang='lat' dir='ltr'><strong>reperientur</strong></span> <span class='ocrx_word' id='word_1_300' title='bbox 2905 3517 2922 3544; x_wconf 92' lang='lat'><strong>,</strong></span> <span class='ocrx_word' id='word_1_301' title='bbox 2970 3489 3111 3551; x_wconf 76' lang='lat' dir='ltr'><strong>quae</strong></span> <span class='ocrx_word' id='word_1_302' title='bbox 3140 3472 3225 3532; x_wconf 87' lang='lat' dir='ltr'><strong>ad</strong></span> <span class='ocrx_word' id='word_1_303' title='bbox 3250 3472 3557 3534; x_wconf 82' lang='lat' dir='ltr'><strong>veritatem</strong></span> <span class='ocrx_word' id='word_1_304' title='bbox 3582 3473 3695 3532; x_wconf 81' lang='lat' dir='ltr'><strong>hanc</strong></span> 
     </span>
     <span class='ocr_line' id='line_1_50' title="bbox 2206 3561 3695 3643; baseline 0.002 -22"><span class='ocrx_word' id='word_1_305' title='bbox 2206 3561 2701 3624; x_wconf 87' lang='lat' dir='ltr'><strong>confirmandam</strong></span> <span class='ocrx_word' id='word_1_306' title='bbox 2740 3565 2981 3643; x_wconf 83' lang='lat' dir='ltr'><strong>aptiora</strong></span> <span class='ocrx_word' id='word_1_307' title='bbox 3022 3565 3145 3627; x_wconf 87' lang='lat' dir='ltr'><strong>sint</strong></span> <span class='ocrx_word' id='word_1_308' title='bbox 3184 3571 3254 3627; x_wconf 92' lang='lat' dir='ltr'><strong>et</strong></span> <span class='ocrx_word' id='word_1_309' title='bbox 3293 3567 3611 3627; x_wconf 78' lang='lat' dir='ltr'><strong>illustriora.</strong></span> <span class='ocrx_word' id='word_1_310' title='bbox 3644 3569 3695 3628; x_wconf 76' lang='lat' dir='ltr'><strong>[t</strong></span> 
     </span>
     <span class='ocr_line' id='line_1_51' title="bbox 2202 3657 3693 3740; baseline 0.002 -25"><span class='ocrx_word' id='word_1_311' title='bbox 2202 3661 2413 3716; x_wconf 82' lang='lat' dir='ltr'><strong>autem</strong></span> <span class='ocrx_word' id='word_1_312' title='bbox 2441 3673 2697 3716; x_wconf 88' lang='lat' dir='ltr'><strong>sensum</strong></span> <span class='ocrx_word' id='word_1_313' title='bbox 2718 3657 2994 3737; x_wconf 78' lang='lat' dir='ltr'><strong>Apostoli</strong></span> <span class='ocrx_word' id='word_1_314' title='bbox 3022 3659 3359 3740; x_wconf 85' lang='lat' dir='ltr'><strong>explicem,</strong></span> <span class='ocrx_word' id='word_1_315' title='bbox 3386 3665 3445 3721; x_wconf 89' lang='lat' dir='ltr'><strong>et</strong></span> <span class='ocrx_word' id='word_1_316' title='bbox 3464 3660 3537 3720; x_wconf 88' lang='lat' dir='ltr'><strong>ab</strong></span> <span class='ocrx_word' id='word_1_317' title='bbox 3558 3659 3693 3721; x_wconf 77' lang='lat' dir='ltr'><strong>Scho-</strong></span> 
     </span>
     <span class='ocr_line' id='line_1_52' title="bbox 2200 3749 3693 3832; baseline 0.002 -24"><span class='ocrx_word' id='word_1_318' title='bbox 2200 3749 2413 3810; x_wconf 84' lang='lat' dir='ltr'><strong>lastica</strong></span> <span class='ocrx_word' id='word_1_319' title='bbox 2434 3749 2851 3828; x_wconf 88' lang='lat' dir='ltr'><strong>disputatione</strong></span> <span class='ocrx_word' id='word_1_320' title='bbox 2878 3751 3039 3831; x_wconf 58' lang='lat' dir='ltr'><strong>(quat</strong></span> <span class='ocrx_word' id='word_1_321' title='bbox 3060 3753 3181 3814; x_wconf 89' lang='lat' dir='ltr'><strong>mei</strong></span> <span class='ocrx_word' id='word_1_322' title='bbox 3208 3755 3485 3816; x_wconf 89' lang='lat' dir='ltr'><strong>muneris</strong></span> <span class='ocrx_word' id='word_1_323' title='bbox 3506 3754 3693 3832; x_wconf 83' lang='lat' dir='ltr'><strong>propria</strong></span> 
     </span>
     <span class='ocr_line' id='line_1_53' title="bbox 2201 3841 3693 3924; baseline 0 -22"><span class='ocrx_word' id='word_1_324' title='bbox 2201 3843 2317 3920; x_wconf 89' lang='lat' dir='ltr'><strong>est)</strong></span> <span class='ocrx_word' id='word_1_325' title='bbox 2348 3859 2475 3901; x_wconf 88' lang='lat' dir='ltr'><strong>non</strong></span> <span class='ocrx_word' id='word_1_326' title='bbox 2506 3841 2797 3903; x_wconf 88' lang='lat' dir='ltr'><strong>recedam</strong></span> <span class='ocrx_word' id='word_1_327' title='bbox 2822 3889 2837 3915; x_wconf 92' lang='lat'>‚</span> <span class='ocrx_word' id='word_1_328' title='bbox 2879 3844 2945 3904; x_wconf 91' lang='lat' dir='ltr'><strong>in</strong></span> <span class='ocrx_word' id='word_1_329' title='bbox 2978 3844 3137 3904; x_wconf 90' lang='lat' dir='ltr'><strong>duas</strong></span> <span class='ocrx_word' id='word_1_330' title='bbox 3172 3846 3511 3924; x_wconf 62' lang='lat' dir='ltr'><strong>praecipuas</strong></span> <span class='ocrx_word' id='word_1_331' title='bbox 3538 3843 3693 3921; x_wconf 79' lang='lat' dir='ltr'><strong>dispu-</strong></span> 
     </span>
     <span class='ocr_line' id='line_1_54' title="bbox 2204 3935 3689 4018; baseline -0.001 -22"><span class='ocrx_word' id='word_1_332' title='bbox 2204 3935 2469 3996; x_wconf 86' lang='lat' dir='ltr'><strong>tationes</strong></span> <span class='ocrx_word' id='word_1_333' title='bbox 2492 3935 2655 3996; x_wconf 85' lang='lat' dir='ltr'><strong>hanc</strong></span> <span class='ocrx_word' id='word_1_334' title='bbox 2680 3937 2992 3998; x_wconf 83' lang='lat' dir='ltr'><strong>actionem</strong></span> <span class='ocrx_word' id='word_1_335' title='bbox 3018 3937 3411 4000; x_wconf 85' lang='lat' dir='ltr'><strong>distribuam.</strong></span> <span class='ocrx_word' id='word_1_336' title='bbox 3440 3941 3504 4000; x_wconf 87' lang='lat' dir='ltr'><strong>In</strong></span> <span class='ocrx_word' id='word_1_337' title='bbox 3524 3939 3689 4018; x_wconf 84' lang='lat' dir='ltr'><strong>prima,</strong></span> 
     </span>
     <span class='ocr_line' id='line_1_55' title="bbox 2204 4029 3690 4108; baseline 0.001 -21"><span class='ocrx_word' id='word_1_338' title='bbox 2204 4031 2415 4088; x_wconf 86' lang='lat' dir='ltr'><strong>utrum</strong></span> <span class='ocrx_word' id='word_1_339' title='bbox 2436 4029 2663 4090; x_wconf 82' lang='lat' dir='ltr'><strong>veritas</strong></span> <span class='ocrx_word' id='word_1_340' title='bbox 2692 4029 2827 4090; x_wconf 78' lang='lat' dir='ltr'><strong>haec</strong></span> <span class='ocrx_word' id='word_1_341' title='bbox 2851 4048 2965 4091; x_wconf 88' lang='lat' dir='ltr'><strong>seu</strong></span> <span class='ocrx_word' id='word_1_342' title='bbox 2996 4033 3257 4108; x_wconf 83' lang='lat' dir='ltr'><strong>quaestio</strong></span> <span class='ocrx_word' id='word_1_343' title='bbox 3288 4033 3367 4094; x_wconf 86' lang='lat' dir='ltr'><strong>de</strong></span> <span class='ocrx_word' id='word_1_344' title='bbox 3398 4033 3577 4093; x_wconf 85' lang='lat' dir='ltr'><strong>reditu</strong></span> <span class='ocrx_word' id='word_1_345' title='bbox 3598 4047 3690 4089; x_wconf 84' lang='lat' dir='ltr'><strong>me-</strong></span> 
     </span>
     <span class='ocr_line' id='line_1_56' title="bbox 2202 4121 3687 4201; baseline 0 -21"><span class='ocrx_word' id='word_1_346' title='bbox 2202 4121 2461 4181; x_wconf 87' lang='lat' dir='ltr'><strong>ritorum</strong></span> <span class='ocrx_word' id='word_1_347' title='bbox 2488 4139 2603 4201; x_wconf 88' lang='lat' dir='ltr'><strong>per</strong></span> <span class='ocrx_word' id='word_1_348' title='bbox 2644 4122 3077 4201; x_wconf 83' lang='lat' dir='ltr'><strong>poenitentiam</strong></span> <span class='ocrx_word' id='word_1_349' title='bbox 3116 4124 3182 4184; x_wconf 88' lang='lat' dir='ltr'><strong>in</strong></span> <span class='ocrx_word' id='word_1_350' title='bbox 3224 4126 3323 4186; x_wconf 89' lang='lat' dir='ltr'><strong>his</strong></span> <span class='ocrx_word' id='word_1_351' title='bbox 3350 4126 3541 4186; x_wconf 82' lang='lat' dir='ltr'><strong>verbis</strong></span> <span class='ocrx_word' id='word_1_352' title='bbox 3568 4123 3687 4184; x_wconf 83' lang='lat' dir='ltr'><strong>Pauli</strong></span> 
     </span>
     <span class='ocr_line' id='line_1_57' title="bbox 2200 4214 3690 4298; baseline -0.001 -24"><span class='ocrx_word' id='word_1_353' title='bbox 2200 4214 2679 4275; x_wconf 86' lang='lat' dir='ltr'><strong>fundamentum</strong></span> <span class='ocrx_word' id='word_1_354' title='bbox 2706 4216 2958 4290; x_wconf 87' lang='lat' dir='ltr'><strong>habeat,</strong></span> <span class='ocrx_word' id='word_1_355' title='bbox 2990 4217 3330 4298; x_wconf 86' lang='lat' dir='ltr'><strong>inquiram,</strong></span> <span class='ocrx_word' id='word_1_356' title='bbox 3360 4218 3463 4278; x_wconf 89' lang='lat' dir='ltr'><strong>ubi</strong></span> <span class='ocrx_word' id='word_1_357' title='bbox 3484 4215 3690 4278; x_wconf 83' lang='lat' dir='ltr'><strong>simulet</strong></span> 
     </span>
     <span class='ocr_line' id='line_1_58' title="bbox 2202 4309 3691 4392; baseline -0.005 -20"><span class='ocrx_word' id='word_1_358' title='bbox 2202 4310 2575 4372; x_wconf 84' lang='lat' dir='ltr'><strong>sententiam</strong></span> <span class='ocrx_word' id='word_1_359' title='bbox 2606 4311 2883 4389; x_wconf 81' lang='lat' dir='ltr'><strong>Apostoli</strong></span> <span class='ocrx_word' id='word_1_360' title='bbox 2898 4358 2916 4384; x_wconf 91' lang='lat'>‚</span> <span class='ocrx_word' id='word_1_361' title='bbox 2958 4319 3021 4373; x_wconf 88' lang='lat' dir='ltr'><strong>et</strong></span> <span class='ocrx_word' id='word_1_362' title='bbox 3044 4331 3182 4373; x_wconf 88' lang='lat' dir='ltr'><strong>rem</strong></span> <span class='ocrx_word' id='word_1_363' title='bbox 3206 4313 3410 4392; x_wconf 87' lang='lat' dir='ltr'><strong>ipsam</strong></span> <span class='ocrx_word' id='word_1_364' title='bbox 3432 4309 3691 4372; x_wconf 77' lang='lat' dir='ltr'><strong>confirma-</strong></span> 
     </span>
     <span class='ocr_line' id='line_1_59' title="bbox 2200 4402 3689 4484; baseline -0.005 -19"><span class='ocrx_word' id='word_1_365' title='bbox 2200 4405 2281 4465; x_wconf 89' lang='lat' dir='ltr'><strong>bo</strong></span> <span class='ocrx_word' id='word_1_366' title='bbox 2313 4409 2499 4482; x_wconf 87' lang='lat' dir='ltr'><strong>atque</strong></span> <span class='ocrx_word' id='word_1_367' title='bbox 2526 4402 2882 4466; x_wconf 83' lang='lat' dir='ltr'><strong>defendam.</strong></span> <span class='ocrx_word' id='word_1_368' title='bbox 2912 4405 2983 4465; x_wconf 91' lang='lat' dir='ltr'><strong>In</strong></span> <span class='ocrx_word' id='word_1_369' title='bbox 3002 4406 3303 4478; x_wconf 86' lang='lat' dir='ltr'><strong>secunda,</strong></span> <span class='ocrx_word' id='word_1_370' title='bbox 3336 4422 3514 4484; x_wconf 88' lang='lat' dir='ltr'><strong>quam</strong></span> <span class='ocrx_word' id='word_1_371' title='bbox 3528 4403 3689 4462; x_wconf 82' lang='lat' dir='ltr'><strong>exacte</strong></span> 
     </span>
     <span class='ocr_line' id='line_1_60' title="bbox 2202 4498 3691 4578; baseline -0.005 -20"><span class='ocrx_word' id='word_1_372' title='bbox 2202 4503 2263 4558; x_wconf 92' lang='lat' dir='ltr'><strong>et</strong></span> <span class='ocrx_word' id='word_1_373' title='bbox 2288 4498 2561 4578; x_wconf 84' lang='lat' dir='ltr'><strong>perfecte</strong></span> <span class='ocrx_word' id='word_1_374' title='bbox 2581 4543 2597 4572; x_wconf 94' lang='lat'><strong>,</strong></span> <span class='ocrx_word' id='word_1_375' title='bbox 2630 4515 2945 4577; x_wconf 89' lang='lat' dir='ltr'><strong>quamque</strong></span> <span class='ocrx_word' id='word_1_376' title='bbox 2986 4500 3275 4561; x_wconf 83' lang='lat' dir='ltr'><strong>celeriter</strong></span> <span class='ocrx_word' id='word_1_377' title='bbox 3308 4517 3382 4561; x_wconf 88' lang='lat' dir='ltr'><strong>ac</strong></span> <span class='ocrx_word' id='word_1_378' title='bbox 3420 4499 3538 4558; x_wconf 84' lang='lat' dir='ltr'><strong>sine</strong></span> <span class='ocrx_word' id='word_1_379' title='bbox 3562 4510 3691 4554; x_wconf 82' lang='lat' dir='ltr'><strong>mora</strong></span> 
     </span>
     <span class='ocr_line' id='line_1_61' title="bbox 2199 4587 3691 4670; baseline -0.002 -19"><span class='ocrx_word' id='word_1_380' title='bbox 2199 4592 2367 4652; x_wconf 90' lang='lat' dir='ltr'><strong>hunc</strong></span> <span class='ocrx_word' id='word_1_381' title='bbox 2398 4591 2688 4652; x_wconf 85' lang='lat' dir='ltr'><strong>effectum</strong></span> <span class='ocrx_word' id='word_1_382' title='bbox 2720 4591 3085 4670; x_wconf 84' lang='lat' dir='ltr'><strong>poenitentia</strong></span> <span class='ocrx_word' id='word_1_383' title='bbox 3122 4593 3436 4664; x_wconf 86' lang='lat' dir='ltr'><strong>conferat,</strong></span> <span class='ocrx_word' id='word_1_384' title='bbox 3474 4587 3691 4650; x_wconf 83' lang='lat' dir='ltr'><strong>declara·</strong></span> 
     </span>
     <span class='ocr_line' id='line_1_62' title="bbox 2196 4677 3688 4763; baseline -0.002 -19"><span class='ocrx_word' id='word_1_385' title='bbox 2196 4684 2279 4744; x_wconf 91' lang='lat' dir='ltr'><strong>bo</strong></span> <span class='ocrx_word' id='word_1_386' title='bbox 2301 4703 2316 4756; x_wconf 82' lang='lat'>3</span> <span class='ocrx_word' id='word_1_387' title='bbox 2346 4690 2534 4762; x_wconf 87' lang='lat' dir='ltr'><strong>atque</strong></span> <span class='ocrx_word' id='word_1_388' title='bbox 2554 4685 2653 4743; x_wconf 83' lang='lat' dir='ltr'><strong>hae</strong></span> <span class='ocrx_word' id='word_1_389' title='bbox 2674 4683 2813 4744; x_wconf 78' lang='lat' dir='ltr'><strong>duae</strong></span> <span class='ocrx_word' id='word_1_390' title='bbox 2834 4690 3045 4763; x_wconf 85' lang='lat' dir='ltr'><strong>partes</strong></span> <span class='ocrx_word' id='word_1_391' title='bbox 3070 4685 3445 4748; x_wconf 82' lang='lat' dir='ltr'><strong>videbuntur</strong></span> <span class='ocrx_word' id='word_1_392' title='bbox 3460 4677 3688 4762; x_wconf 65' lang='lat' dir='ltr'><strong>prasenti</strong></span> 
     </span>
     <span class='ocr_line' id='line_1_63' title="bbox 2200 4777 2815 4840; baseline -0.002 -2"><span class='ocrx_word' id='word_1_393' title='bbox 2200 4777 2477 4840; x_wconf 86' lang='lat' dir='ltr'><strong>instituto</strong></span> <span class='ocrx_word' id='word_1_394' title='bbox 2508 4777 2815 4840; x_wconf 86' lang='lat' dir='ltr'><strong>sufficere.</strong></span> 
     </span>
    </p>
   </div>
   <div class='ocr_carea' id='block_1_13' title="bbox 2705 4993 3245 5056">
    <p class='ocr_par' dir='ltr' id='par_1_13' title="bbox 2705 4993 3245 5056">
     <span class='ocr_line' id='line_1_64' title="bbox 2705 4993 3245 5056; baseline -0.002 -2"><span class='ocrx_word' id='word_1_395' title='bbox 2705 4993 3161 5056; x_wconf 86' lang='lat' dir='ltr'>DISPUTATIO</span> <span class='ocrx_word' id='word_1_396' title='bbox 3198 4995 3245 5054; x_wconf 92' lang='lat'><strong>1.</strong></span> 
     </span>
    </p>
   </div>
   <div class='ocr_carea' id='block_1_14' title="bbox 2198 5159 3684 5309">
    <p class='ocr_par' dir='ltr' id='par_1_14' title="bbox 2198 5159 3684 5309">
     <span class='ocr_line' id='line_1_65' title="bbox 2198 5159 3684 5214; baseline -0.004 -2"><span class='ocrx_word' id='word_1_397' title='bbox 2198 5165 2275 5212; x_wconf 73' lang='lat' dir='ltr'><strong>DE</strong></span> <span class='ocrx_word' id='word_1_398' title='bbox 2316 5166 2539 5214; x_wconf 70' lang='lat' dir='ltr'><strong>nnnc</strong></span> <span class='ocrx_word' id='word_1_399' title='bbox 2592 5167 2943 5214; x_wconf 76' lang='lat' dir='ltr'><strong>nmmum</strong></span> <span class='ocrx_word' id='word_1_400' title='bbox 2994 5167 3059 5214; x_wconf 77' lang='lat' dir='ltr'><strong>m</strong></span> <span class='ocrx_word' id='word_1_401' title='bbox 3105 5163 3551 5214; x_wconf 63' lang='lat' dir='ltr'><strong>murmannus</strong></span> <span class='ocrx_word' id='word_1_402' title='bbox 3582 5159 3684 5208; x_wconf 72' lang='lat' dir='ltr'><strong>uc-</strong></span> 
     </span>
     <span class='ocr_line' id='line_1_66' title="bbox 2840 5261 3107 5309; baseline -0.011 -2"><span class='ocrx_word' id='word_1_403' title='bbox 2840 5261 3107 5309; x_wconf 66' lang='lat' dir='ltr'><strong>carons.</strong></span> 
     </span>
    </p>
   </div>
   <div class='ocr_carea' id='block_1_15' title="bbox 2194 5425 3682 5611">
    <p class='ocr_par' dir='ltr' id='par_1_15' title="bbox 2194 5425 3682 5611">
     <span class='ocr_line' id='line_1_67' title="bbox 2276 5425 3682 5518; baseline -0.005 -21"><span class='ocrx_word' id='word_1_404' title='bbox 2276 5435 2517 5498; x_wconf 75' lang='lat' dir='ltr'><strong>Divisio</strong></span> <span class='ocrx_word' id='word_1_405' title='bbox 2544 5433 2826 5498; x_wconf 67' lang='lat' dir='ltr'><strong>boum-um</strong></span> <span class='ocrx_word' id='word_1_406' title='bbox 2853 5453 3096 5518; x_wconf 74' lang='lat' dir='ltr'><strong>operm</strong></span> <span class='ocrx_word' id='word_1_407' title='bbox 3120 5433 3188 5496; x_wconf 72' lang='lat' dir='ltr'><strong>in</strong></span> <span class='ocrx_word' id='word_1_408' title='bbox 3212 5438 3463 5503; x_wconf 68' lang='lat' dir='ltr'><strong>mortua,</strong></span> <span class='ocrx_word' id='word_1_409' title='bbox 3491 5427 3619 5496; x_wconf 74' lang='lat' dir='ltr'><strong>tiva,</strong></span> <span class='ocrx_word' id='word_1_410' title='bbox 3643 5425 3682 5484; x_wconf 68' lang='lat' dir='ltr'><strong>et</strong></span> 
     </span>
     <span class='ocr_line' id='line_1_68' title="bbox 2194 5521 3680 5611; baseline -0.009 -19"><span class='ocrx_word' id='word_1_411' title='bbox 2194 5531 2587 5608; x_wconf 77' lang='lat' dir='ltr'><strong>mortificata.</strong></span> <span class='ocrx_word' id='word_1_412' title='bbox 2630 5563 2709 5576; x_wconf 92' lang='lat'><em>-</em></span> <span class='ocrx_word' id='word_1_413' title='bbox 2760 5531 3098 5611; x_wconf 86' lang='lat' dir='ltr'><strong>Disputatio</strong></span> <span class='ocrx_word' id='word_1_414' title='bbox 3145 5531 3275 5590; x_wconf 82' lang='lat' dir='ltr'><strong>haec</strong></span> <span class='ocrx_word' id='word_1_415' title='bbox 3322 5541 3575 5590; x_wconf 82' lang='lat' dir='ltr'><strong>connexa</strong></span> <span class='ocrx_word' id='word_1_416' title='bbox 3614 5521 3680 5580; x_wconf 81' lang='lat' dir='ltr'><strong>est</strong></span> 
     </span>
    </p>
   </div>
   <div class='ocr_carea' id='block_1_16' title="bbox 3740 432 3760 6156">
    <p class='ocr_par' dir='ltr' id='par_1_16' title="bbox 3740 432 3760 6156">
     <span class='ocr_line' id='line_1_69' title="bbox 3740 432 3760 6156; baseline 0 0"><span class='ocrx_word' id='word_1_417' title='bbox 3740 432 3760 6156; x_wconf 95' lang='lat' dir='ltr'><strong> </strong></span> 
     </span>
    </p>
   </div>
  </div>
 </body>
</html>
