3850 6225
507 357 626 420 198

505 467 665 530 infra
698 485 712 527 :
766 467 1136 532 Subventum
1173 477 1266 535 est
1301 490 1438 556 erqo
1477 474 1827 554 infirmitati
1861 475 2069 536 lamna-

505 579 626 638 noe,
656 567 728 624 ut
766 563 971 624 divina
999 566 1210 643 ‚qratia
1233 567 1773 644 indeclinabiliter,
1813 573 1868 629 et
1911 570 2067 630 inse-

501 653 864 736 parabiliter
896 663 1195 737 aqeretur,
1223 666 1283 722 et
1308 662 1436 724 ideo
1483 661 1755 741 quamvis
1793 661 2061 740 infirma,

505 765 624 808 non
654 754 852 812 tamen
897 751 1204 827 deficeret,
1252 771 1434 833 neque
1467 754 1832 816 adversitate
1859 753 2069 832 aliqua

505 841 866 903 vinceretur.
915 842 1062 913 Quae
1098 845 1288 906 verba
1339 851 1484 907 sunt
1535 846 1694 906 adeo
1743 865 2061 925 expressa,

506 937 576 992 ut
615 934 786 994 nulla
817 937 1264 1014 ponderatione
1299 939 1639 1020 indigeant.

597 1031 656 1090 5.
708 1031 839 1090 Imo
882 1048 957 1090 ex
988 1031 1077 1090 eis
1108 1033 1267 1092 sumi
1295 1039 1499 1112 potest
1525 1019 1691 1094 aliud
1731 1051 2069 1112 argumen-

507 1129 669 1199 tum,
701 1123 868 1202 quod
896 1123 1078 1186 valde
1107 1132 1363 1187 enervat
1391 1127 1604 1188 omnia
1633 1128 1694 1187 in
1735 1126 2071 1207 superiori-

508 1219 630 1278 bus
653 1237 690 1278 a
715 1218 897 1278 nobis
919 1217 1113 1290 facta;
1145 1220 1313 1297 quod
1343 1221 1606 1282 sumitur
1633 1240 1708 1282 ex
1736 1221 1901 1282 dono
1933 1239 2067 1300 per-

511 1312 897 1383 severantioe,
917 1330 1065 1390 quo,
1097 1318 1253 1374 teste
1275 1314 1645 1393 Au‘gustino,
1665 1316 1786 1390 hic,
1821 1333 1947 1377 non
1974 1333 2067 1375 so-

507 1407 640 1468 lum
679 1406 862 1467 datur
896 1405 1133 1467 homini
1171 1414 1241 1468 ut
1272 1409 1487 1487 possit,
1523 1409 1635 1471 sed
1677 1413 1746 1469 ut
1775 1427 2069 1488 perseve-

507 1507 628 1574 ret,
661 1503 722 1561 et
745 1505 815 1561 ut
837 1500 1239 1562 infallibiliter
1255 1509 1637 1582 perseveret,
1665 1504 1834 1584 quod
1863 1509 2068 1582 potest

505 1595 732 1655 merito
779 1595 985 1654 vocari
1035 1594 1334 1656 auxilium
1377 1595 1597 1657 efficax
1641 1597 1724 1657 ad
1777 1615 2069 1676 perseve-

503 1687 796 1749 randum.
827 1688 972 1750 Sine
1001 1707 1126 1768 quo
1162 1689 1350 1762 dono,
1382 1697 1524 1769 post
1547 1690 1794 1769 lapsum
1819 1690 2064 1761 Adami,

505 1783 826 1843 neminem
859 1801 1262 1861 perseverare
1313 1802 1499 1864 posse
1545 1785 1728 1846 docet
1775 1785 2069 1863 Augusti-

508 1893 649 1947 nuS,
679 1875 854 1946 ibid„
886 1876 949 1935 in
979 1876 1098 1937 illis
1127 1878 1334 1938 verbis
1373 1897 1386 1938 ε
1419 1878 1588 1942 Nam
1613 1879 1674 1940 si
1703 1878 2070 1955 infirmitate

507 1970 648 2032 vitoe
694 1971 876 2051 hujus
931 1970 1264 2035 homnibus
1299 1973 1742 2053 relinqueretur
1785 1973 2068 2035 voluntas

507 2081 644 2136 sua,
673 2068 744 2126 ut
779 2064 846 2124 in
883 2065 1184 2144 adjutorio
1226 2065 1362 2137 Dei,
1391 2067 1522 2129 sine
1553 2084 1664 2146 quo
1683 2083 2069 2145 perseverare

505 2173 628 2217 non
651 2161 921 2238 possent,
955 2162 1267 2220 manerent
1293 2159 1351 2221 si
1391 2157 1634 2231 vellent,
1664 2177 1770 2221 nec
1809 2158 1973 2220 Deus
2001 2159 2069 2218 in

506 2249 594 2312 eis
626 2256 977 2330 operaretur
1021 2256 1092 2313 ut
1131 2251 1386 2321 vellent,
1441 2251 1602 2314 inter
1637 2256 1726 2314 tot
1765 2257 1824 2315 et
1856 2255 2067 2315 tantas

509 2343 891 2415 tentationes,
919 2341 1276 2423 infirmitate
1311 2362 1427 2406 sua
1453 2345 1734 2406 voluntas
1759 2342 1898 2425 ipsa
1930 2360 2069 2406 suo-

508 2437 800 2500 oumberet
815 2463 840 2508 ;
896 2443 951 2498 et
1001 2437 1130 2498 ideo
1173 2454 1559 2516 perseverare
1609 2453 1730 2498 non
1782 2440 2064 2518 possent,

505 2529 654 2610 quia
711 2530 1042 2608 deficientes
1092 2530 1451 2609 infirmitate
1505 2547 1609 2594 uec
1655 2529 1905 2602 vellent,
1960 2535 2071 2592 aut

508 2621 747 2684 nonita
778 2621 1019 2696 vellent,
1047 2621 1404 2703 infirmitate
1425 2622 1782 2695 voluntatis,
1823 2627 1896 2686 ut
1927 2639 2068 2702 pos-

507 2719 661 2776 sent.
697 2715 906 2794 Igitur,
941 2714 1074 2774 sine
1122 2715 1351 2776 auxilio
1388 2715 1625 2776 efficaci
1665 2721 1728 2776 et
1763 2715 2070 2776 infallibili

506 2805 590 2867 ad
616 2808 1167 2886 perseverandum,
1191 2827 1379 2870 nemo
1407 2827 1812 2889 perseverare
1840 2814 2067 2887 potest,

506 2906 666 2962 teste
693 2903 1061 2980 Angustiae,
1093 2903 1204 2963 tali
1246 2903 1481 2964 scilicet
1511 2904 1808 2981 potentia,
1839 2903 2070 2981 quanin

505 3000 714 3056 actum
739 2996 1094 3056 reducatur.
1138 2997 1244 3057 Est
1274 3015 1425 3076 ergo
1455 2997 1578 3057 tale
1623 2997 1922 3057 auxilium
1960 3015 2069 3058 ne-

504 3090 846 3151 cessarium
871 3089 952 3150 ad
972 3091 1502 3169 perseverandum
1525 3109 1541 3163 ;
1577 3096 1640 3151 et
1665 3089 2068 3152 nihilominus

507 3184 644 3245 sine
683 3183 786 3243 illo
831 3184 1066 3246 habent
1093 3186 1380 3246 homines
1409 3186 1706 3247 auxilium
1752 3185 2068 3245 sufficiens

507 3276 592 3337 ad
617 3277 1169 3355 perseverandum,
1212 3278 1402 3339 etiam
1431 3279 1520 3355 iui
1556 3279 1659 3359 qui
1699 3298 1826 3340 non
1856 3296 2071 3357 perse-

504 3375 764 3443 verant,
813 3375 883 3431 ut
915 3376 1159 3432 constat
1205 3390 1284 3433 ex
1331 3372 1604 3433 Concilio
1663 3372 2064 3445 Tridentino,

509 3480 663 3525 sess.
707 3465 767 3533 6,
796 3482 850 3525 c.
886 3466 983 3535 13,
1025 3469 1087 3524 et
1109 3465 1383 3525 Concilio
1412 3466 1797 3527 Arausicano
1823 3466 1898 3538 11,
1923 3482 2063 3544 cap.

507 3559 621 3627 25;
657 3574 805 3635 ergo
847 3555 980 3616 dari
1012 3562 1216 3636 potest
1253 3558 1550 3618 auxilium
1589 3558 1904 3619 sufficiens
1932 3558 2067 3619 sine

509 3648 632 3709 alio
661 3650 746 3711 ita
785 3649 1043 3721 efficaci,
1093 3650 1264 3729 quod
1313 3668 1390 3711 ex
1432 3668 1500 3711 se
1539 3651 1929 3712 infallibilem
1962 3652 2066 3711 ha-

505 3744 655 3805 beat
699 3742 1011 3813 effectum,
1067 3749 1132 3803 et
1169 3742 1361 3803 faciat
1413 3744 1732 3805 hominem
1793 3746 2061 3823 operari,

505 3836 801 3916 quodque
831 3853 960 3895 non
989 3835 1156 3896 sitin
1193 3836 1466 3897 hominis
1489 3842 1815 3915 potestate,
1847 3836 1962 3898 sed
1988 3854 2065 3898 ex

505 3929 638 3991 sola
675 3927 785 3989 Dei
809 3929 1126 3990 voluntate
1158 3929 1376 4001 detur3
1409 3948 1560 4007 ergo
1597 3930 1766 3990 idem
1800 3930 1918 3990 dici
1954 3948 2065 4008 po-

501 4028 624 4085 test
651 4022 838 4083 etiam
880 4020 961 4083 de
1005 4022 1267 4103 singulis
1307 4022 1658 4083 actionibus
1695 4029 2066 4101 supernatu-

499 4115 734 4177 ralibus
755 4160 770 4188 ‚
829 4119 1018 4191 atq-ue
1067 4116 1153 4175 ita
1217 4114 1396 4177 facile
1453 4120 1644 4176 ruunt
1691 4122 2063 4195 argumenta

497 4208 816 4287 praecipua
851 4208 916 4267 in
959 4208 1500 4269 confirmationem
1537 4214 1766 4269 nostrae
1815 4215 2065 4270 senten-

497 4302 600 4362 tiae
637 4301 822 4363 facta.
865 4302 940 4360 Et
969 4302 1322 4362 confirmari
1365 4306 1578 4380 posset
1621 4300 1756 4361 haeo
1803 4301 2061 4362 difficul-

495 4400 616 4468 tas,
663 4412 846 4466 nam,
888 4394 1066 4473 juxta
1108 4393 1458 4456 doctrinam
1488 4394 1838 4473 Augustini,
1872 4395 2061 4475 longe

497 4488 618 4549 alia
667 4489 868 4566 gratia
907 4488 1142 4566 requiri
1177 4487 1424 4571 videtur
1472 4488 1540 4547 in
1585 4488 1838 4549 homine
1881 4489 2060 4567 lapso

497 4582 581 4642 ad
635 4580 1198 4660 perseverandum,
1257 4587 1366 4642 aut
1409 4582 1571 4642 bene
1623 4583 2053 4660 operandum,

497 4692 690 4754 quam
726 4674 792 4734 in
819 4674 1058 4753 angelis
1089 4674 1186 4735 vel
1222 4675 1424 4752 primo
1462 4674 1752 4748 homine;
1781 4676 1917 4737 hoec
1946 4696 2060 4736 au-

494 4774 624 4829 tem
656 4766 985 4828 difficultas
1027 4766 1091 4825 in
1129 4786 1266 4846 cap.
1309 4770 1384 4829 15
1416 4768 1807 4828 commodius
1833 4774 2057 4830 tracta·

496 4861 684 4922 bitur.

575 4956 636 5016 6.
683 4953 864 5015 Aliud
895 4960 1332 5034 argumentum
1374 4957 1536 5017 sumi
1574 4963 1778 5035 potest
1807 4976 1884 5018 ex
1914 4957 2059 5017 doc-

493 5047 658 5107 trina
701 5049 1073 5127 Augustini,
1115 5050 1315 5110 citatis
1355 5049 1531 5111 locis,
1585 5052 1742 5111 Nam
1777 5050 1828 5111 si
1858 5050 2057 5130 gratia

495 5140 772 5201 excitans
799 5144 1156 5203 necessaria
1193 5143 1275 5203 ad
1313 5143 1655 5225 volendum
1685 5162 1813 5204 non
1852 5144 2057 5205 deter-

493 5232 694 5294 minat
719 5232 1122 5296 infallibiliter
1161 5235 1545 5297 voluntatem
1585 5236 1878 5307 hominis,
1917 5234 2059 5295 nul-

491 5323 626 5385 lum
657 5332 752 5389 est
777 5328 1146 5407 mysterium
1183 5329 1430 5389 nullave
1459 5328 1788 5391 admiratio
1817 5330 1880 5389 in
1911 5330 2051 5400 hoc,

492 5438 606 5480 cur
661 5437 738 5481 ex
789 5420 1033 5483 duobus
1081 5422 1318 5484 vocatis
1367 5441 1534 5484 unus
1578 5423 1794 5485 credat
1819 5468 1838 5497 ‚
1893 5422 2055 5483 alius

491 5530 622 5575 non
648 5514 882 5591 credat,
913 5515 1061 5593 quia
1101 5516 1385 5581 neutrius
1411 5518 1700 5579 voluntas
1724 5534 1839 5597 per
1870 5534 2055 5578 voca-

1343 367 1554 422 OPUSC.
1591 371 1630 432 1,
1666 369 1782 422 LIB.
1821 371 1905 422 111.
1942 371 2021 422 ΒΕ
2053 369 2325 424 AUXILllS
2360 373 2590 424 mvmAE
2621 371 2887 426 GRATlAE.

2148 473 2383 534 tionem
2431 474 2915 545 determinatum
2956 473 3131 534 etita
3169 477 3373 552 potest
3400 489 3562 530 unus
3590 489 3681 531 suo

2148 567 2403 627 arbitrio
2450 568 2508 628 ei
2554 585 2907 648 repugnare
2926 611 2941 638 ,
2984 567 3143 626 alter
3184 565 3409 626 eodem
3454 563 3683 624 arbitrio

2148 662 2471 738 cooperari
2507 661 2717 738 gratias
2746 661 2855 722 Dei
2900 666 2961 720 et
3008 657 3385 719 consentire.
3434 659 3514 717 At
3558 675 3683 716 vero

2149 754 2535 832 Augustinus
2570 771 2871 832 magnum
2920 756 2987 812 in
3038 754 3157 812 hoc
3200 750 3437 812 invenit
3478 755 3685 826 myste-
3805 823 3807 830 Ι

2148 845 2311 906 rium
2332 893 2347 920 ,
2380 867 2492 908 cur
2518 867 2684 908 unus
2714 849 2798 908 ita
2840 851 3095 906 vocetur
3132 849 3203 906 ut
3230 843 3683 922 persuadeatur,
3805 835 3807 886 ἶ

2150 940 2309 1000 alter
2351 959 2501 1002 vero
2542 960 2673 1002 non
2704 942 2791 1002 ita
2826 945 2895 1000 ut
2936 937 3415 1018 persuadeatur.
3460 937 3547 996 De
3582 954 3687 1013 quo
3805 939 3807 1006 ζ

2150 1052 2341 1112 super
2367 1037 2677 1096 Joannem
2706 1035 2821 1096 ait:
2854 1032 2979 1096 Gur
3014 1033 3171 1096 launo
3198 1032 3409 1095 trahat
3436 1034 3499 1092 et
3536 1030 3687 1092 illum
3805 1027 3807 1104 j

2148 1145 2269 1190 uon
2299 1129 2529 1201 trahat,
2563 1128 2690 1190 noli
2708 1127 3025 1208 judicare,
3068 1126 3129 1188 si
3169 1143 3291 1187 uon
3326 1124 3425 1186 vis
3466 1142 3658 1186 errare
3668 1151 3688 1196 ,·
3805 1123 3807 1128 ’

2150 1227 2213 1281 et
2242 1220 2320 1281 de
2348 1223 2510 1300 Spir.
2550 1235 2612 1283 et
2652 1221 2795 1292 litt„
2822 1239 2961 1299 cap.
2986 1220 3067 1280 34
3094 1237 3107 1278 ε
3134 1219 3303 1290 Jam,
3332 1216 3397 1278 si
3426 1217 3511 1278 ad
3536 1215 3691 1278 illam
3808 1219 3810 1278 ἐ

2142 1317 2624 1394 profunditatem
2662 1314 3055 1378 scrutandam
3096 1312 3415 1392 quisquam
3454 1325 3567 1370 nos
3618 1326 3692 1369 eo-
3808 1337 3810 1362 ε

2150 1413 2361 1482 arctet,
2396 1428 2509 1472 cur
2534 1407 2638 1471 ille
2669 1409 2764 1472 ita
2788 1408 3121 1470 suadeatur
3144 1410 3217 1468 ut
3246 1403 3689 1486 persuadeatur,

2148 1499 2255 1566 ille
2286 1507 2487 1565 autem
2538 1519 2657 1562 non
2700 1501 2827 1574 ita,
2880 1502 2995 1564 duo
3027 1499 3159 1561 sola
3200 1499 3535 1560 occurrunt
3564 1496 3691 1556 iute-

2148 1600 2293 1666 rim,
2342 1615 2474 1676 qum
2516 1596 2869 1677 respondere
2904 1593 3057 1654 milti
3096 1591 3344 1671 placet:
3372 1586 3425 1650 Ο
3452 1587 3695 1650 altitudo
3809 1629 3810 1632 κ

2150 1690 2551 1756 divitiarum!
2584 1695 2679 1753 et:
2720 1687 3043 1768 Numquid
3082 1685 3380 1764 iniquitas
3422 1685 3517 1744 est
3556 1683 3699 1762 apud
3809 1710 3810 1714 =

2151 1785 2379 1848 Deum?
2430 1784 2551 1847 Cui
2592 1781 2899 1862 responsio
2942 1778 3069 1843 ista
3118 1775 3397 1857 displicet
3410 1819 3433 1849 ,
3478 1779 3695 1855 qua-rat
3808 1803 3811 1838 τ

2148 1881 2415 1942 doctores
2432 1923 2451 1951 ‚
2494 1879 2601 1940 sed
2636 1876 2835 1939 videat
2886 1891 2960 1936 ne
3004 1868 3275 1936 inveniat
3312 1870 3695 1950 presumpta
3808 1893 3810 1932 ÷

2148 1988 2247 2034 2⁸08
2256 2017 2271 2030 .

2149 2152 2505 2237 Reponitur
2535 2153 2703 2216 locus
2736 2150 2999 2216 Joanuis
3024 2153 3066 2212 6
3099 2169 3114 2210 ε
3152 2151 3351 2211 Nemo
3382 2151 3591 2226 potest
3614 2164 3697 2206 ve·
3809 2207 3810 2210 ,

2656 2247 2789 2308 nire
2818 2246 2902 2307 ad
2934 2263 3060 2319 me,
3088 2250 3202 2308 etc.

2230 2441 2287 2499 7.
2337 2437 2430 2499 Ad
2458 2437 2789 2515 Scripturas
2830 2431 3187 2495 testimonia
3206 2475 3224 2503 ,
3256 2429 3467 2492 dicam
3512 2429 3701 2506 impri-
3808 2393 3810 2400 ⁴

2146 2533 2266 2592 mis
2294 2530 2445 2610 quid
2476 2531 2539 2590 in
2574 2527 2835 2608 singulis
2887 2526 3049 2600 ratio
3095 2531 3157 2586 et
3194 2523 3421 2586 litterae
3464 2525 3701 2582 contex·
3808 2551 3810 2588 3

2146 2631 2249 2688 tus
2282 2624 2509 2704 exigat,
2540 2622 2766 2684 deinde
2806 2617 3137 2698 Augustini
3174 2623 3451 2678 mentem
3496 2616 3565 2675 in
3590 2631 3703 2673 om·

2150 2719 2335 2780 nibus
2366 2717 2711 2796 explicabo.
2746 2715 2839 2776 Ad
2870 2714 2974 2774 illa
3004 2729 3155 2792 ergo
3184 2710 3375 2772 verba
3402 2707 3697 2772 Joannis:
3809 2769 3810 2794 3

2148 2813 2343 2878 Nemo
2374 2817 2572 2892 potest
2615 2809 2815 2872 venire
2858 2809 2943 2872 ad
2978 2825 3093 2881 me,
3146 2806 3274 2867 uisi
3314 2803 3513 2868 Pater
3554 2819 3703 2864 meus

2150 2907 2418 2970 traxerit
2452 2923 2585 2968 eum
2609 2949 2625 2975 ,
2680 2901 3024 2971 Manichaei,
3076 2905 3147 2961 ut
3188 2898 3699 2975 chrysostomus.

2150 2999 2363 3060 homil.
2412 3000 2514 3070 45,
2564 3002 2627 3057 et
2663 2995 3069 3075 AugustinuS,
3098 2995 3280 3054 tract.
3317 2990 3399 3052 26
3432 2989 3495 3050 iu
3528 2989 3703 3050 Joan·

2148 3111 2319 3164 nem,
2356 3090 2709 3171 significant
2729 3135 2744 3163 ‚
2793 3090 2913 3149 hoc
2966 3084 3319 3149 testimonio
3374 3082 3705 3143 utebantur

2150 3187 2231 3248 ad
2265 3184 2621 3265 negandam
2666 3183 3017 3243 libertatem
3044 3178 3315 3249 arbitrii;
3358 3177 3514 3253 quia
3558 3182 3703 3235 trac-

2148 3280 2235 3341 tio
2262 3280 2387 3339 vim
2416 3278 2755 3357 quamdam
2788 3282 2850 3337 et
2891 3272 3327 3335 necessitatem
3358 3268 3705 3349 significare

2148 3373 2415 3433 videtur.
2464 3370 2587 3431 Sed
2632 3370 2696 3429 hi
2746 3374 3034 3429 errarunt
3080 3384 3209 3427 non
3258 3362 3705 3441 distinguentes

2146 3466 2311 3525 inter
2347 3464 2663 3543 propriam
2696 3468 2759 3523 et
2780 3460 2961 3540 quasi
2991 3456 3382 3520 materialem
3412 3455 3585 3514 illius
3616 3470 3704 3512 vo·

2148 3558 2237 3619 cis
2269 3556 2821 3635 significationem,
2882 3560 2945 3615 et
2992 3551 3361 3615 translatam
3402 3566 3483 3609 asc
3520 3550 3708 3608 meta-

2147 3649 2469 3730 phoricam
2491 3694 2507 3721 ,
2542 3666 2681 3727 quoe
2734 3647 3033 3726 frequens
3072 3650 3185 3718 est,
3237 3662 3367 3704 non
3394 3642 3609 3703 solum
3650 3640 3707 3699 in

2146 3762 2267 3803 usu
2298 3742 2650 3820 Scripturae,
2688 3740 2799 3801 sed
2828 3740 3019 3801 etiam
3054 3738 3321 3801 aliorum
3356 3741 3703 3795 auctorum.

2147 3835 2401 3899 fractio
2442 3835 2631 3907 enim,
2666 3852 2743 3895 ex
2784 3834 2985 3913 prima
3020 3831 3443 3910 impositione,
3480 3826 3709 3907 signifi-

2146 3935 2247 3990 cat
2268 3928 2534 3990 localem
2566 3936 2839 3998 motum;
2880 3928 3032 3999 imo,
3068 3925 3135 3987 in
3173 3926 3381 4005 rigore
3407 3967 3425 3995 ,
3478 3922 3709 3983 violen-

2142 4028 2277 4083 tum
2306 4022 2661 4102 significare
2710 4021 2986 4092 videtum
3028 4020 3175 4080 hinc
3210 4036 3361 4080 vero
3406 4016 3705 4080 translata

2145 4122 2241 4177 est
2278 4116 2383 4176 illa
2412 4133 2534 4176 vox
2574 4115 2657 4175 ad
2690 4114 3175 4193 significandum
3214 4112 3707 4191 metaphoricam

2146 4228 2255 4270 seu
2301 4208 2605 4269 moralem
2647 4208 3025 4283 motionem,
3062 4226 3189 4286 qua
3232 4206 3333 4267 vel
3382 4204 3555 4276 finis,
3616 4202 3709 4261 vel

2144 4320 2377 4382 rogans
2424 4308 2534 4363 aut
2586 4301 2975 4381 persuadens
2998 4346 3013 4373 ,
3046 4298 3307 4379 impellit
3344 4316 3463 4359 seu
3504 4302 3709 4357 movet

2142 4398 2529 4457 voluntatem
2558 4440 2575 4468 ,
2637 4396 2817 4475 juxta
2866 4394 3025 4455 illud
3092 4392 3263 4473 quod
3324 4391 3705 4471 Augustinus

2144 4489 2333 4550 etiam
2368 4489 2515 4550 citat
2548 4506 2565 4549 :
2595 4488 2822 4552 Trahit
2853 4506 2969 4551 sua
3002 4504 3283 4568 quemque
3306 4486 3613 4567 voluptas.
3642 4485 3705 4544 ln

2142 4582 2262 4643 hac
2290 4600 2439 4661 ergo
2470 4580 2919 4661 significatione
2956 4599 3109 4641 usus
3132 4586 3228 4641 est
3260 4578 3543 4641 christus
3570 4594 3705 4637 ver·

2138 4677 2220 4737 bo
2254 4675 2577 4746 trahend13
2616 4678 2681 4734 et
2708 4674 2849 4734 ideo
2879 4674 3035 4734 nihil
3060 4692 3139 4735 ex
3156 4671 3365 4733 verbis
3394 4671 3533 4751 ejus
3564 4688 3705 4731 con-

2137 4776 2231 4829 tra
2270 4768 2619 4828 libertatem
2649 4767 2851 4845 colligi
2886 4771 3115 4845 potest.

2223 4864 2364 4923 Hoec
2413 4868 2627 4922 autem
2670 4860 3015 4940 responsiO,
3050 4878 3243 4937 quam
3276 4859 3549 4939 praedicti
3590 4860 3701 4920 Pa-

2140 4962 2267 5017 tres
2318 4955 2617 5015 adhibent
2664 4954 3055 5027 ManichaeiS,
3102 4954 3327 5014 eodem
3380 4954 3569 5015 modo
3622 4953 3702 5013 ad

2140 5068 2275 5109 rem
2330 5049 2409 5109 de
2460 5066 2585 5127 qua
2640 5048 2909 5124 agimuS,
2962 5047 3335 5126 applicanda
3390 5054 3504 5109 est.
3562 5047 3701 5107 Non

2142 5142 2312 5202 enim
2340 5141 2541 5218 magis
2569 5158 2647 5200 cx
2684 5141 2875 5201 verbo
2900 5140 3214 5213 trahendi,
3246 5140 3309 5201 in
3340 5139 3447 5201 illa
3468 5138 3703 5219 signifi-

2138 5236 2382 5296 catione
2412 5241 2682 5315 sumptO,
2716 5236 2917 5315 colligi
2950 5242 3155 5314 potest
3184 5236 3445 5315 physica
3470 5234 3703 5315 praede—

2134 5329 2510 5401 terminatiO,
2556 5344 2748 5407 quam
2792 5329 3159 5398 necessitas;
3212 5328 3501 5407 voluptas
3530 5327 3699 5387 enim

2135 5438 2274 5500 quae
2298 5440 2811 5501 unumquemque
2842 5422 3089 5483 trahere
3118 5422 3364 5497 dicitur,
3392 5441 3519 5485 uon
3542 5422 3701 5501 phy-

2136 5515 2262 5576 sice
2304 5515 2476 5575 illum
2506 5514 3035 5595 praedeterminat.
3068 5516 3223 5577 Item
3266 5516 3331 5577 in
3352 5516 3693 5595 Scriptura.
3809 5582 3810 5607 ἶ
