3850 6225
1498 414 1688 467 INDEX
1721 415 1950 470 RERUM.

141 511 288 576 tdque
313 511 393 562 est
418 507 486 560 de
515 506 636 570 tide,
663 520 748 574 op.
780 511 826 570 1,
855 507 888 560 t.
918 513 965 571 1,
996 521 1042 562 c.
1068 513 1114 560 a.

138 587 358 639 Libertas
387 582 603 646 tollitur,
627 581 672 636 si
704 589 932 650 ponatur
953 584 1007 636 in
1031 583 1146 638 sola
1175 583 1530 638 indifferentia
1552 599 1680 654 pas-

193 662 316 722 siva,
342 659 411 712 ib.

139 741 242 790 Haec
257 737 450 790 veritas
465 735 680 788 detlnita
697 733 849 788 estin
865 737 1100 791 Concilio
1118 740 1444 804 Tridentin0,
1460 739 1552 804 ib„
1567 754 1614 794 c.
1629 743 1674 792 1.

138 817 507 880 impugnantur
542 811 632 876 qui
663 811 961 864 libertatem
986 815 1316 868 constituunt
1356 815 1410 867 in
1459 815 1678 870 rationis

193 886 558 944 indifferentia.
593 886 686 949 ib„
719 901 766 940 c.
794 892 841 940 2.

136 962 486 1018 Indifferentia
509 961 730 1016 rationis
762 963 910 1018 radix
927 969 1009 1018 est
1039 964 1312 1030 libertatis,
1337 977 1448 1020 non
1481 965 1682 1020 sorma-

193 1041 255 1093 lis
282 1039 514 1100 libertas,
542 1038 613 1091 ib.

137 1115 358 1169 Libertas
385 1115 652 1180 duplicem
677 1114 976 1169 facultatem
1001 1116 1243 1182 includit,
1268 1116 1502 1182 volendi,
1533 1118 1682 1171 scili-

193 1194 286 1251 cet,
311 1195 364 1242 et
391 1189 627 1252 nolendi,
659 1189 736 1243 ib.

137 1271 356 1322 Potestas
385 1267 642 1320 libertatis
663 1267 911 1334 impediri
943 1275 1134 1336 potest,
1173 1270 1254 1324 vel
1293 1270 1338 1323 si
1369 1273 1509 1326 Deus
1548 1285 1685 1328 con-

193 1355 397 1398 cursum
426 1344 738 1410 suspendat,
763 1345 837 1396 ib.

138 1419 220 1472 vel
244 1419 287 1474 si
314 1419 584 1486 ignoretur
605 1420 868 1485 objectum
891 1420 1031 1474 circa
1054 1421 1218 1488 quod,
1243 1421 1312 1474 ib.

137 1497 260 1549 Usus
284 1495 540 1550 libertatis
564 1509 674 1549 non
705 1502 880 1562 potest
903 1497 1146 1564 impediri
1188 1511 1252 1552 ex
1291 1504 1438 1564 parte
1465 1499 1679 1566 objecti,

195 1572 262 1624 ib.

139 1650 494 1701 Potesttamen
527 1647 772 1713 impediri
801 1661 834 1701 a
865 1650 988 1710 Deo,
1015 1649 1092 1703 ib.

139 1724 272 1787 Quod
299 1723 588 1777 discrimen
613 1726 684 1776 sit
707 1725 842 1777 inter
865 1731 1098 1778 nostram
1123 1731 1175 1779 et
1209 1724 1448 1779 divinam
1487 1726 1683 1780 volun-

195 1807 344 1854 tatem
370 1800 422 1852 iu
455 1801 620 1855 modo
648 1801 922 1863 libertatis,
949 1801 1021 1854 ib.

139 1879 394 1930 Decretum
425 1877 516 1930 Dei
547 1885 804 1932 aeternum
833 1891 942 1930 non
964 1884 1225 1946 repugnat
1245 1890 1366 1932 cum
1397 1891 1496 1932 sua
1523 1878 1683 1932 liber-

193 1959 290 2006 tate
323 1953 374 2006 in
399 1954 610 2007 actibus
639 1953 838 2014 liberis,
864 1953 935 2006 ib.

139 2031 248 2093 Quae
273 2028 336 2083 sit
357 2036 570 2095 recepta
594 2029 833 2083 delinitio
861 2029 1138 2094 libertatis,
1161 2029 1233 2082 ib.

139 2104 364 2158 conditio
389 2104 588 2168 praevia
614 2105 870 2170 requisita
896 2105 963 2157 ad
991 2113 1165 2158 actum
1192 2106 1488 2159 libertatem
1529 2103 1682 2169 tollit,

196 2180 236 2232 si
269 2178 678 2233 indifferentiam
708 2181 950 2245 destruit,
989 2181 1080 2244 ib,
1112 2195 1158 2235 c.
1197 2187 1244 2232 3.

137 2255 356 2308 Libertas
386 2266 488 2308 nec
520 2255 806 2321 impeditur
847 2270 910 2309 ex
945 2263 1094 2323 parte
1132 2256 1431 2311 intellectus
1465 2263 1556 2310 aut
1585 2255 1686 2310 ob-

191 2331 326 2395 jecti,
351 2330 422 2384 ib.

139 2406 232 2457 Nec
255 2419 317 2458 ex
343 2413 494 2472 parte
521 2407 632 2470 Dei,
657 2407 730 2458 ib.

139 2481 425 2546 suppositio
469 2482 788 2536 antecedens
826 2482 1124 2536 libertatem
1159 2481 1312 2546 tollit,
1342 2495 1450 2537 non
1485 2493 1684 2536 conse-

195 2569 376 2623 quenS,
403 2569 469 2610 ex
497 2559 766 2620 Anselmo,
805 2557 879 2610 ib.

139 2634 254 2696 Quae
275 2633 344 2685 sit
363 2633 602 2699 potentia
629 2645 735 2700 qua
760 2632 1009 2686 voluntas
1037 2639 1209 2700 potest
1237 2632 1447 2698 operari
1473 2633 1554 2687 vel
1575 2644 1684 2687 non

195 2709 394 2774 operari
425 2709 554 2762 dum
577 2716 658 2762 est
681 2707 864 2768 libera,
903 2708 997 2770 ib.,
1031 2721 1077 2760 c.
1114 2713 1160 2760 1.

138 2783 240 2836 Non
263 2793 340 2836 est
366 2783 584 2836 libertas
613 2783 828 2849 quando
845 2797 974 2836 usus
996 2796 1104 2837 non
1121 2790 1201 2836 est
1221 2784 1274 2836 in
1299 2784 1538 2836 libertate
1557 2796 1682 2850 pro-

195 2860 324 2911 xima
347 2859 651 2922 voluntatis,
685 2859 776 2920 ib„
808 2870 855 2911 c.
882 2863 931 2910 9.

137 2935 202 2985 Ex
219 2947 282 2987 eo
302 2934 444 3000 quod
466 2935 712 2989 voluntas
733 2933 1114 2987 determinetur
1137 2949 1167 2986 a
1195 2936 1321 2997 Dee,
1346 2942 1402 2988 ut
1424 2937 1569 2989 hunc
1587 2947 1680 2988 ac·-

193 3017 298 3062 tum
320 3024 544 3064 numero
565 3010 762 3072 eliciat,
777 3009 924 3061 nulla
938 3011 986 3063 ei
1009 3009 1232 3064 infertur
1253 3011 1559 3075 necessitas,
1584 3011 1679 3073 ib.,

195 3097 238 3137 ο.
273 3089 346 3137 12.

137 3159 276 3213 Nulla
295 3162 509 3215 libertas
542 3170 624 3216 est.
653 3164 708 3216 in
731 3165 1000 3218 voluntate
1029 3170 1274 3230 respectu
1298 3161 1682 3215 individuatio-

195 3238 276 3289 nis
301 3246 465 3299 actus.
503 3240 574 3291 ib.

139 3314 288 3367 Error
313 3322 394 3367 est
418 3314 600 3369 dicere
634 3316 908 3369 hominem
946 3316 1064 3369 ideo
1094 3315 1260 3369 libere
1289 3314 1518 3379 operari,
1558 3314 1684 3380 quia

197 3402 252 3442 se
273 3390 479 3455 operari
498 3391 779 3453 existimat,
803 3392 875 3443 ib.

141 3465 430 3531 suppositio
452 3468 793 3529 antecedenS,
819 3466 861 3520 si
891 3466 1212 3519 determinat
1241 3465 1588 3530 voluntatem,
1625 3466 1686 3517 li-

198 3541 446 3594 bertatem
467 3542 619 3602 tollit,
645 3542 986 3606 quantumvis
1007 3541 1076 3593 sit
1095 3542 1404 3605 extrinseca,
1427 3542 1517 3602 ib„
1536 3554 1583 3594 c.
1604 3545 1680 3593 13.

143 3616 404 3678 Voluntas,
425 3624 488 3671 ut
505 3630 564 3669 se
595 3619 762 3683 ipsam
806 3616 972 3670 libere
995 3616 1328 3679 determinet,
1356 3618 1554 3671 habere
1587 3617 1684 3671 de-

201 3692 286 3744 bet
311 3692 361 3744 in
388 3698 643 3758 potestate
680 3693 920 3760 proxima
947 3692 1206 3758 quidquid
1225 3694 1293 3746 ad
1313 3700 1487 3747 actum
1513 3696 1686 3759 requi-

197 3775 338 3827 ritur.
367 3768 420 3819 ib
447 3808 460 3831 ,
491 3782 522 3821 c
571 3773 650 3821 17.

139 3844 378 3895 Voluntas
405 3845 496 3897 Dei
526 3857 634 3897 non
665 3858 724 3899 se
753 3846 915 3901 habet
945 3846 1187 3914 negative
1216 3846 1357 3899 circa
1388 3858 1450 3900 ea
1473 3859 1592 3911 quae
1614 3846 1684 3899 ti-

195 3918 314 3971 bere
337 3932 442 3971 non
475 3919 614 3981 t'acit,
645 3933 732 3985 op.
767 3926 813 3982 1,
853 3922 888 3973 l.
923 3927 971 3983 Β,
1008 3934 1053 3974 c.
1087 3926 1164 3973 13.

136 3992 251 4053 Quae
267 3996 561 4060 suppositio
580 3997 900 4051 antecedens
923 3996 1216 4051 libertatem
1241 3997 1494 4056 destruat,
1521 3996 1594 4047 ib.

136 4068 340 4121 Etiamsi
363 4070 662 4135 suppositio
691 4073 1011 4125 antecedens
1033 4073 1356 4125 voluntatem
1383 4085 1490 4126 non
1513 4072 1680 4125 deter-

198 4144 390 4206 minet,
438 4144 766 4199 infallibilem
824 4146 1208 4199 connexionem
1267 4147 1464 4199 habere
1512 4154 1684 4213 potest

198 4232 314 4270 cum
347 4219 552 4278 effectu.
591 4220 660 4271 ib.

140 4294 303 4346 variae
335 4295 588 4348 libertatis
607 4296 961 4362 acceptiones,
999 4308 1085 4363 op.
1111 4300 1157 4357 ⁴,
1182 4295 1318 4362 disp.
1343 4302 1387 4357 2,
1414 4304 1538 4349 sect.
1570 4302 1616 4348 2.

137 4370 262 4430 Quid
305 4370 372 4422 sit
408 4371 622 4424 libertas
666 4373 842 4437 quoad
889 4372 1192 4426 exercitium
1239 4380 1294 4425 et
1333 4373 1686 4439 specificatio—

195 4458 332 4505 nem,
368 4446 440 4499 ib.
676 4498 688 4503 ,
1636 4452 1646 4463 “

139 4520 254 4579 Quae
273 4522 338 4573 sit
359 4522 576 4574 libertas
605 4535 636 4574 a
658 4524 972 4576 necessitate
1004 4522 1248 4585 naturali,
1273 4522 1347 4575 ib.

137 4596 256 4647 Cum
281 4610 342 4649 ea
369 4611 474 4650 non
513 4606 709 4663 pugnat
735 4599 1026 4651 necessitas
1052 4613 1116 4651 ex
1135 4598 1522 4665 suppositione,
1549 4598 1621 4650 ib.

139 4673 186 4723 Si
223 4673 516 4727 intellectus
555 4674 809 4739 judicium
839 4675 1217 4727 determinaret
1246 4674 1590 4735 voluntatem,
1621 4674 1688 4726 li·

195 4748 364 4802 bertas
388 4751 770 4814 destrueretur,
802 4764 889 4817 op.
925 4756 973 4811 2,
1012 4752 1044 4801 1.
1086 4754 1132 4813 1,
1169 4764 1216 4804 c.
1255 4755 1300 4801 3.

138 4824 252 4886 Quae
279 4826 568 4879 necessitas
599 4826 892 4880 libertatem
930 4826 1092 4890 tollat,
1120 4839 1183 4880 ex
1211 4826 1486 4889 Anselmo,
1514 4838 1600 4890 op.
1639 4830 1686 4889 1,

197 4900 230 4951 l.
266 4903 310 4963 1,
347 4914 394 4953 c.
433 4906 512 4953 12.

645 5030 857 5069 Linum!
888 5030 1168 5069 autmun-

140 5128 290 5179 Actus
311 5133 644 5194 spontaneus
669 5126 806 5179 liber
831 5124 936 5179 dici
962 5132 1162 5193 posset,
1187 5126 1285 5179 sed
1313 5126 1414 5179 iste
1436 5124 1689 5189 loquendi

199 5203 386 5255 modus
415 5210 694 5267 suspectus
716 5209 797 5257 est
828 5202 932 5255 hoc
951 5208 1210 5266 tempore,
1235 5213 1324 5266 op.
1356 5205 1403 5261 1,
1441 5200 1472 5251 l.
1497 5205 1544 5263 1,
1569 5212 1613 5252 c.
1639 5204 1688 5254 1.

137 5276 408 5331 Libertatis
439 5278 660 5331 facultas
689 5277 846 5346 longe
875 5274 1052 5330 differt
1076 5276 1144 5328 ab
1166 5278 1281 5342 ejus
1308 5289 1425 5338 usu,
1455 5275 1528 5327 ib.

139 5352 282 5445 Hunc
308 5354 554 5443 ⁰.s}¹m.⁵¹¹
582 5354 740 5408 nobis
777 5352 998 5420 reperiri
1032 5352 1314 5418 Scripturae
1353 5356 1611 5404 testantur
1636 5358 1692 5404 et

144 5430 588 5636 Qutt'gssgiffit'lttssg
605 5504 830 5559 liberum
865 5504 1144 5559 arbitrium
1176 5515 1284 5569 non
1313 5514 1433 5559 esse
1467 5515 1582 5558 rem
1624 5500 1694 5557 de

204 5592 262 5635 so
284 5592 316 5636 o
341 5588 435 5635 tttu
457 5594 509 5646 0,
535 5580 548 5632 i
593 5622 605 5635 .

3209 413 3327 474 595

1765 514 1992 568 Proinde
2012 521 2091 568 est
2114 516 2387 570 hominem
2425 528 2699 582 nunquam
2722 515 2797 569 uti
2822 514 3062 568 libertate
3087 527 3151 568 ac
3179 514 3322 568 illam

1823 601 1931 642 non
1958 589 2171 652 habere,
2196 603 2281 657 op.
2314 597 2361 651 1,
2386 591 2420 642 l.
2458 597 2505 654 1,
2540 609 2585 645 c.
2620 596 2666 642 8.

1760 666 1816 716 ln
1849 677 1955 730 qno
1985 666 2315 732 compleatur
2333 667 2571 720 definitio
2598 666 2747 720 liberi
2778 673 2943 732 actus,
2976 667 3047 718 ib.

1758 741 1900 792 inter
1946 754 2029 804 ea,
2072 742 2265 807 quibus
2313 744 2517 807 positiS,
2559 741 2784 795 liberum
2827 743 3104 795 arbitrium
3149 750 3324 810 petest

1823 817 2031 882 operari
2062 824 2113 868 et
2136 829 2244 869 non
2274 819 2500 883 operari,
2526 831 2635 870 non
2669 823 2749 870 est
2773 819 3179 871 annumeranda
3209 821 3326 886 ipsa

1827 892 1964 944 actio
1992 905 2097 957 qua
2121 899 2389 957 operatur,
2414 893 2484 946 ib.

1765 967 1899 1030 Quid
1929 969 2227 1032 requiratur
2249 974 2307 1022 ut
2334 978 2483 1022 actus
2503 970 2773 1024 secundus
2800 970 2867 1022 sit
2899 968 3050 1029 liber,
3083 971 3155 1022 ib.

1763 1042 2026 1106 Quidquid
2050 1043 2369 1108 sequitur'ex
2391 1051 2511 1099 actu
2533 1045 2703 1098 libero
2726 1045 2950 1098 liberum
2973 1045 3185 1108 dicitur,
3216 1045 3287 1098 ib.

1763 1118 1979 1170 Etiamsi
2005 1120 2142 1171 Deus
2166 1119 2233 1170 sit
2254 1119 2405 1181 liber,
2430 1120 2475 1172 si
2504 1120 2823 1174 determinet
2842 1121 3189 1186 voluntatem,
3208 1123 3325 1188 ejus

1829 1191 1968 1247 actio
1992 1204 2101 1245 non
2127 1193 2227 1246 erit
2250 1193 2435 1258 libera,
2467 1195 2539 1249 ib.

2383 1326 2427 1363 u
2432 1326 2709 1366 nauatae.

1763 1425 1876 1476 Non
1899 1429 2025 1478 sunt
2047 1426 2286 1492 pecuniae
2316 1426 2488 1480 solum
2520 1425 2849 1480 liberalitatis
2878 1426 3115 1490 materia,
3153 1440 3239 1494 op.
3272 1435 3321 1490 e,

1766 1507 1958 1642 1:331).
1974 1505 2185 1630 difflant
2205 1577 2495 1630 liberalitas
2517 1591 2549 1632 a
2571 1579 2957 1637 misericordia,
2996 1579 3069 1630 ib.

1764 1653 2070 1718 Amplitudo
2109 1654 2357 1713 materiae.
2392 1667 2551 1719 quam
2595 1654 2754 1706 habet
2786 1654 2968 1706 divina
3012 1651 3321 1712 liberalitas,

1828 1740 1939 1780 non
1961 1729 2097 1782 toltit
2118 1729 2245 1794 quin
2269 1731 2483 1796 proprie
2506 1729 2793 1783 liberalitas
2815 1729 2900 1793 sit,
2924 1729 2997 1782 ib.

2512 1895 2581 1967 M

2431 2084 2667 2122 ntttttwn.

1767 2181 1926 2234 Bonis
1956 2180 2211 2246 operibus
2241 2179 2293 2231 in
2318 2179 2487 2244 gratia
2520 2178 2669 2232 factis
2701 2192 2971 2232 meremur
2994 2179 3327 2245 praemium.a

1828 2258 1955 2318 Deo,
1982 2255 2186 2308 etiamsi
2210 2256 2280 2308 ab
2303 2267 2369 2308 eo
2392 2256 2500 2307 sint
2523 2255 2646 2308 talia
2674 2267 2855 2321 opera,
2890 2268 2979 2321 op.
3019 2260 3064 2318 t,
3097 2256 3235 2320 disp.
3272 2261 3321 2318 Β,

1829 2338 1959 2384 sect.
1996 2337 2043 2382 2.

1767 2409 1927 2460 Actus
1966 2407 2239 2460 charitatis
2273 2412 2447 2472 potest
2474 2419 2592 2460 esse
2619 2407 2799 2460 minus
2832 2407 3136 2458 meritorius
3163 2419 3323 2471 quam

1827 2490 1973 2536 actus
1994 2483 2211 2536 alterius
2233 2482 2460 2544 virtutiS,
2492 2496 2579 2548 op.
2618 2487 2664 2544 5,
2696 2481 2835 2546 disp.
2873 2486 2921 2542 2,
2952 2487 3080 2534 sect.
3118 2487 3164 2532 a.

1766 2559 2005 2612 ueritum
2028 2559 2216 2611 crescit
2238 2571 2301 2610 ex
2322 2558 2721 2611 continuatione
2742 2565 2891 2610 actus
2912 2557 3187 2618 meritorii,
3218 2556 3290 2608 ib.

1767 2637 2031 2700 Daturque
2051 2634 2353 2686 successive
2377 2645 2474 2698 pro
2495 2645 2560 2687 eo
2582 2633 2764 2698 gratiae
2782 2639 3144 2700 augmentum,
3178 2632 3248 2684 ib.

1765 2711 1870 2764 Nec
1901 2723 1965 2764 ex
1986 2722 2049 2763 eo
2072 2710 2311 2774 sequitur
2338 2709 2481 2775 quod
2512 2709 2581 2762 sit
2610 2708 2891 2768 infinitum,
2925 2709 2996 2760 ib.

1765 2786 1879 2838 Non
1910 2785 2197 2850 respondet
2226 2789 2428 2836 tantum
2464 2790 2807 2851 augmentum
2841 2784 3025 2850 gratiae
3058 2783 3195 2835 actui
3228 2794 3325 2848 pro

1828 2861 2065 2926 quolibet
2090 2861 2307 2912 instanti
2336 2867 2595 2926 quantum
2622 2871 2718 2924 pro
2748 2859 2939 2924 primo,
2966 2859 3037 2911 ib.

1765 2937 1879 2990 Non
1921 2950 2133 3002 semper
2168 2943 2403 2990 meretur
2441 2943 2643 2988 tantum
2682 2935 2957 3000 praemium
2992 2947 3132 2986 unns
3179 2940 3327 2986 actus

1827 3015 2167 3067 continuatus
2190 3014 2369 3078 aliquo
2398 3013 2750 3066 determinato
2788 3019 3045 3077 tempore,
3067 3018 3326 3076 quantum

1829 3096 2105 3143 merentur
2124 3089 2303 3157 plures
2328 3088 2383 3140 in
2410 3089 2498 3141 illo
2521 3087 2660 3151 facti,
2688 3087 2757 3141 ib.

1766 3165 1818 3218 Si
1849 3166 2041 3231 aliquis
2068 3171 2215 3218 actus
2249 3166 2465 3217 duraret
2501 3178 2599 3230 per
2626 3164 2799 3217 solum
2839 3164 3063 3227 instans,
3101 3164 3323 3230 dignum

1828 3246 1971 3295 esset
1992 3240 2261 3294 essentiali
2283 3248 2336 3293 et
2365 3239 2678 3293 accidentali
2705 3239 2946 3305 praemio,
2972 3238 3041 3289 ib.

1766 3317 1899 3380 Quid
1948 3316 2014 3369 sit
2054 3322 2227 3369 actum
2277 3328 2398 3369 esse
2440 3315 2772 3369 meritorium
2816 3315 3111 3367 secundum
3160 3318 3322 3367 totam

1829 3405 1980 3445 suam
2006 3391 2333 3445 latitudinem
2359 3392 2425 3442 ad
2448 3390 2819 3456 aequalitatem,
2849 3390 2919 3442 ib.

1766 3470 1878 3533 Quo
1899 3482 2063 3523 sensu
2084 3481 2267 3521 verum
2300 3468 2355 3519 id
2378 3468 2462 3529 sit,
2494 3468 2566 3520 ib.

1765 3545 1877 3599 Non
1901 3544 2095 3597 dantur
2120 3556 2216 3610 pro
2248 3544 2453 3595 meritis
2482 3548 2557 3597 tot
2590 3542 2787 3609 gradus
2824 3540 3023 3609 gloriae,
3051 3546 3179 3606 quot
3201 3545 3329 3593 sunt

1827 3621 2025 3688 gradus
2044 3626 2193 3673 actus
2213 3618 2491 3681 meritorii,
2516 3618 2587 3669 ib.

1766 3696 2004 3750 ueritum
2034 3694 2333 3749 essentialis
2364 3692 2549 3759 gloriae
2579 3690 2943 3757 principaliter
2976 3695 3056 3743 est
3088 3702 3123 3741 a
3148 3690 3329 3743 chari-

1828 3778 1951 3833 tate,
1980 3771 2052 3824 ib.

1763 3848 1999 3899 Meritum
2024 3844 2247 3899 formale
2272 3842 2509 3909 eiusdem
2524 3842 2712 3909 -gloriae
2738 3853 2845 3893 non
2866 3839 3039 3892 solum
3066 3840 3327 3905 reperitur

1827 3923 1881 3973 in
1905 3919 2112 3975 actibus
2133 3933 2162 3971 a
2187 3919 2443 3973 charitate
2466 3919 2673 3980 elicitis,
2699 3916 2793 3969 sed
2816 3916 2973 3968 etiam
3006 3916 3059 3967 in
3082 3915 3219 3976 aliis,
3254 3915 3324 3967 ib.

1763 3996 1886 4058 Quae
1917 3994 2251 4048 conditiones
2278 3994 2633 4059 requirantur,
2655 3998 2713 4043 ut
2735 4004 2831 4056 per
2856 3990 2999 4041 bona
3022 4002 3185 4055 opera
3212 4003 3329 4043 me-

1827 4078 2006 4124 reatur
2025 4071 2145 4135 quis
2170 4070 2331 4123 vitam
2358 4077 2632 4129 aeternam,
2657 4080 2743 4132 op.
2772 4072 2817 4128 5,
2839 4065 2977 4131 disp.
3004 4073 3049 4126 1,
3074 4073 3200 4117 sect.
3226 4071 3274 4115 2.

1763 4147 1979 4199 Etiamsi
2010 4146 2154 4199 bona
2190 4158 2355 4210 opera
2382 4144 2543 4211 digna
2583 4144 2691 4195 sint
2734 4142 2969 4207 praemio,
3009 4148 3185 4192 tamen
3216 4153 3327 4193 non

1828 4222 2068 4274 tribuunt
2104 4220 2170 4271 ad
2207 4220 2337 4272 illud
2367 4218 2582 4283 jtistitiae
2605 4218 2693 4282 jus
2730 4216 2933 4281 absque
2974 4216 3331 4281 promissione

1826 4297 1916 4349 Dei
1947 4296 2049 4347 illis
2076 4296 2228 4353 facta.
2253 4296 2347 4353 ib..
2380 4300 2507 4346 sect.
2544 4298 2595 4343 3.

1766 4372 1898 4434 Quid
1930 4372 2231 4436 requiratur
2256 4378 2312 4422 ut
2338 4370 2500 4421 homo
2524 4369 2612 4420 hic
2634 4376 2687 4421 et
2710 4381 2853 4420 nunc
2876 4367 3070 4433 dignus
3094 4364 3163 4417 sit
3191 4377 3331 4431 prae-

1831 4446 1940 4497 mio
1964 4453 2179 4511 propter
2208 4446 2408 4497 bonum
2437 4456 2590 4507 opuS,
2618 4442 2690 4495 ib.

1769 4521 2084 4574 multitudini
2144 4528 2354 4573 actuum
2402 4519 2686 4585 respondet
2733 4516 2893 4570 etiam
2945 4516 3173 4569 intensio
3220 4519 3337 4581 glo-

1834 4598 1945 4659 riae‚
1979 4610 2067 4663 op.
2106 4604 2152 4659 ts,
2188 4598 2325 4663 disp.
2362 4603 2419 4659 2,
2454 4602 2583 4649 sect.
2623 4600 2669 4645 1.

1775 4673 1984 4725 Praemii
2031 4672 2331 4726 essentialis
2385 4670 2691 4737 magnitudo
2723 4668 2866 4721 unde
2902 4668 2969 4719 sit
3011 4680 3335 4739 mensuran-

1832 4750 1917 4809 da,
1948 4747 2015 4801 ib.

1769 4826 1912 4879 Idem
1952 4826 2226 4891 proemium
2258 4824 2373 4890 dari
2406 4827 2581 4888 potest.
2606 4834 2669 4873 ex
2704 4819 2915 4873 duobus
2940 4818 3105 4871 titulis
3124 4818 3333 4872 ⁸diversi

1835 4902 2067 4969 generis,
2094 4901 2166 4953 ib.

1769 4980 1882 5031 Non
1908 4983 2085 5029 tamen
2108 4976 2153 5029 si
2178 4976 2287 5028 sint
2314 4974 2553 5041 ejusdem
2586 4971 2823 5033 rationis,
2852 4970 2922 5022 ib.

1770 5052 1921 5115 Quod
1950 5052 2021 5104 sit
2058 5050 2347 5104 discrimen
2390 5050 2527 5103 inter
2550 5047 2743 5101 merita
2765 5046 2973 5098 intinita
3000 5051 3053 5099 et
3090 5044 3237 5096 finita
3276 5043 3331 5095 in

1833 5127 2023 5181 ordine
2050 5126 2119 5179 ad
2150 5126 2445 5192 praemium,
2476 5123 2547 5176 ib.

1771 5204 1906 5267 Quid
1942 5209 2248 5256 mereantur
2298 5214 2461 5266 opera
2504 5198 2631 5265 justi
2669 5197 2883 5250 diversa
2922 5208 2955 5248 a
2992 5194 3314 5249 contritione

1829 5281 1976 5344 juxta
2003 5278 2295 5331 Concilium
2321 5274 2707 5335 Tridentinum,
2745 5272 2814 5324 ib.

1770 5357 1932 5407 Actus
1964 5352 2395 5419 supernaturales
2427 5352 2811 5416 cujuscumque
2833 5346 3044 5400 virtutis
3070 5344 3330 5398 meritorii

1832 5433 1959 5481 sunt
1980 5427 2181 5495 glorioe,
2209 5427 2279 5480 ib.

1771 5505 1882 5567 Qua
1923 5503 2129 5555 ratione
2168 5501 2359 5555 dentur
2400 5498 2747 5554 accidentalia
2772 5496 2991 5565 praemia
3030 5507 3128 5563 pro
3172 5494 3331 5548 honis

1836 5576 2108 5645 operibus,
2140 5575 2213 5629 ib.
