3850 6225
764 424 900 479 CAP.
938 428 1064 479 vni.
1100 426 1223 489 Qt'o
1255 425 1507 477 TANDEM
1541 424 1708 475 MODO
1743 422 2102 477 cocNoscA'r
2135 425 2293 477 DEUS
2327 426 2362 477 F
2368 426 2596 489 UTURA,
2628 427 2761 478 mc.

153 526 446 589 deservit.
496 530 833 607 Utrumque
863 546 1011 589 vero
1039 527 1291 587 brevius
1337 532 1398 589 et
1441 543 1719 585 commo-

154 621 287 681 dius
314 621 685 680 ostendetur
722 638 855 697 seq.
892 638 1057 697 cap.‚
1102 620 1167 679 iu
1201 637 1326 697 quo
1370 618 1569 696 magis
1610 616 1719 677 de-

153 714 533 775 clarabimus
558 720 835 773 mentem
872 718 935 773 et
974 713 1325 773 discursum
1363 712 1432 771 D.
1465 711 1717 770 Thomae

154 808 213 867 iu
240 806 345 867 illo
378 814 501 867 art.
534 806 776 866 decimo
804 806 1007 867 tertio.

228 903 327 961 20.
364 898 715 963 Solvuntur
746 900 1143 973 fundamenta
1179 898 1462 981 oppositoe
1493 897 1719 975 opinio-

155 993 265 1055 nis.
297 1024 380 1039 —
410 993 531 1055 Dei
568 994 827 1057 scientia
860 996 1210 1067 fictur-orum
1248 997 1305 1055 ct
1326 991 1720 1072 preasentim

156 1088 346 1149 eadem
393 1089 511 1147 est.
560 1117 641 1129 —
690 1084 1128 1146 Fundamenta
1174 1085 1429 1145 alterius
1478 1083 1717 1161 opinio-

158 1180 245 1241 nis
272 1196 351 1239 ex
374 1177 560 1239 dictis
594 1179 885 1259 expedita
914 1187 1097 1253 sunt;
1132 1198 1280 1240 nam
1320 1178 1482 1239 dicta
1524 1178 1718 1238 Sanc-

157 1281 349 1334 torum
389 1271 597 1331 solum
634 1272 903 1351 probant
938 1272 1001 1332 in
1057 1271 1400 1333 {eternitate
1446 1270 1557 1331 Dei
1588 1288 1714 1329 non

158 1384 283 1429 esse
318 1364 725 1427 intrinsecam
756 1366 1238 1427 successionem.
1271 1367 1361 1425 Ex
1390 1383 1515 1443 quo
1546 1367 1713 1423 recte

160 1459 427 1537 sequitur
478 1477 587 1519 res
636 1476 879 1533 omneS,
930 1458 1231 1537 quamdiu
1279 1458 1573 1529 existunt,
1628 1455 1712 1516 illi

160 1554 257 1613 toti
282 1551 631 1613 coexistere
653 1571 667 1624 ;
692 1570 820 1613 non
846 1559 1058 1613 tamen
1083 1552 1229 1612 inde
1250 1552 1532 1630 sequitur
1556 1567 1716 1610 sem-

158 1666 259 1726 per
287 1647 340 1707 ei
370 1646 743 1717 coexistere,
784 1646 931 1723 quia
960 1646 1131 1705 nulla
1171 1664 1272 1705 res
1322 1651 1416 1705 est
1444 1662 1581 1722 quae
1622 1648 1716 1703 to-

158 1740 349 1801 taliter
386 1743 449 1798 et
478 1738 813 1816 adoequate
842 1739 929 1798 illi
962 1739 1281 1799 coexistat.
1337 1740 1424 1799 Ac
1460 1742 1715 1815 propte-

158 1852 254 1894 rea
296 1832 484 1893 ctiam
530 1850 659 1891 non
700 1838 867 1893 recte
921 1832 1183 1893 infertur
1232 1850 1333 1893 res
1370 1849 1587 1891 omues
1632 1828 1712 1889 ab

158 1918 371 1989 aeteriio
414 1924 764 1986 coexistere
792 1928 945 1997 Deo,
994 1926 1183 1986 etiam
1229 1926 1291 1985 in
1340 1924 1709 1993 ae'ternitate,

160 2040 286 2082 cum
314 2038 445 2080 non
492 2038 747 2099 semper
796 2020 861 2079 in
912 2020 1017 2079 illa
1055 2021 1339 2093 existant,
1376 2024 1502 2091 aut,
1544 2016 1713 2095 quod

155 2116 305 2175 idem
324 2119 439 2186 est,
458 2112 551 2171 illi
568 2114 933 2175 coexistunt.
954 2113 1131 2175 Unde
1151 2114 1339 2173 etiam
1354 2112 1424 2173 fit
1445 2112 1599 2172 nihil
1619 2130 1714 2172 re-

159 2224 420 2287 pugnare
447 2205 681 2267 divinae
713 2206 1042 2266 aeternitati
1072 2211 1134 2266 et
1169 2206 1305 2284 ejus
1344 2222 1713 2285 permanen-

158 2303 269 2373 tiae,
300 2306 364 2359 ut
394 2299 750 2359 successive
774 2298 961 2359 rebus
986 2299 1209 2358 creatis
1238 2300 1538 2359 coexistat
1564 2316 1711 2375 qua-

160 2402 321 2455 tenus
340 2392 462 2453 illae
494 2392 849 2453 successive
880 2392 1173 2463 existunt,
1218 2392 1365 2470 quia
1406 2392 1533 2451 haec
1578 2409 1712 2451 suc-

162 2486 335 2548 cessio
359 2504 491 2545 non
523 2493 625 2546 est
648 2485 983 2546 intrinsece
1013 2484 1077 2543 in
1106 2486 1261 2557 De0,
1294 2484 1405 2544 sed
1430 2482 1713 2543 denomi-

164 2580 309 2640 natio
338 2580 693 2640 extrinseca
718 2585 1011 2657 respectu
1036 2577 1223 2653 iuius,
1256 2595 1446 2656 quam
1476 2594 1711 2654 negare

162 2690 269 2731 non
298 2678 563 2750 possunt
600 2671 933 2750 cajetanus
976 2676 1039 2731 el
1081 2671 1208 2743 ahi,
1260 2677 1569 2749 quatenus
1616 2688 1715 2730 se-

164 2766 413 2827 cundum
453 2767 783 2845 propriam
836 2767 1136 2843 temporis
1182 2765 1581 2826 durationem
1618 2764 1714 2825 fa·-

166 2867 348 2921 teutur
367 2878 497 2920 non
550 2877 803 2938 semper
854 2878 1063 2937 neque
1118 2858 1303 2919 simul
1365 2858 1709 2926 coexistere

164 2956 273 3014 Deo
296 2972 396 3013 res
431 2970 661 3013 omnes
688 2958 961 3025 creatas;
1009 2970 1159 3031 ergo
1192 2951 1539 3013 secund-um
1571 2970 1711 3011 eam

166 3046 711 3107 considerationem
754 3046 1104 3107 coexistunt
1133 3045 1519 3117 successive;
1552 3062 1711 3124 prce-

166 3148 249 3201 ter
285 3142 442 3201 hanc
470 3159 633 3200 vero
678 3159 805 3201 non
835 3140 969 3200 dari
1018 3139 1227 3212 aliam,
1272 3139 1443 3212 satiS,
1476 3145 1546 3199 ut
1585 3138 1713 3216 opi-

166 3253 282 3307 nor,
309 3240 633 3294 ostensum
664 3239 778 3294 est.
807 3233 904 3294 Ad
950 3233 1212 3293 alteram
1251 3251 1400 3293 vero
1442 3238 1709 3310 partem,

164 3327 405 3388 fatemur
444 3327 735 3406 quidem.
784 3327 835 3386 si
888 3327 1141 3387 daretur
1192 3325 1333 3388 talis
1381 3326 1715 3405 praesentia

166 3421 323 3480 realis
352 3427 809 3492 creaturarum,
836 3418 1006 3478 illam
1039 3437 1116 3480 ex
1150 3425 1327 3497 parte
1361 3419 1589 3497 objecti
1620 3417 1709 3478 fo-

166 3533 221 3574 re
246 3513 652 3578 sufficientem
681 3515 991 3574 rationem
1018 3531 1131 3572 seu
1162 3513 1607 3585 conditionem,
1646 3517 1711 3572 ut

167 3609 233 3666 ah
272 3608 587 3668 intellectu
641 3607 913 3667 habente
964 3607 1375 3666 sufficientem
1426 3605 1553 3665 vim
1607 3624 1713 3664 co-

170 3701 477 3782 gnoscendi
514 3700 719 3762 videri
758 3706 1048 3779 possent;
1104 3706 1337 3774 tamen,
1387 3699 1535 3777 quia
1582 3699 1711 3758 haec

170 3796 463 3874 praesentia
505 3795 773 3873 intelligi
826 3813 953 3854 non
1000 3799 1203 3872 potest
1250 3799 1589 3871 antequam
1642 3791 1710 3850 in

173 3909 265 3948 sua
289 3889 615 3949 duratione
638 3888 883 3962 existat,
907 3887 1049 3947 ideo
1074 3905 1381 3964 negamus
1404 3885 1713 3945 rationem

173 3983 313 4040 illam
340 3982 424 4041 sic
446 3981 837 4041 intellectam
869 3999 1006 4040 esse
1036 3980 1469 4050 sufficientem,
1495 3979 1621 4038 imo
1652 3984 1712 4038 ct

177 4094 291 4135 csse
313 4075 691 4154 possibilem.
712 4073 890 4136 Unde
922 4093 959 4132 a
986 4073 1223 4135 fortiori
1242 4091 1550 4150 negamus
1574 4089 1709 4132 esse

176 4169 581 4228 necessariam.
619 4169 750 4229 Nec
778 4169 851 4228 D.
882 4168 1156 4228 Thomas
1178 4172 1239 4227 et
1272 4166 1373 4226 alii
1405 4167 1619 4226 Patres
1645 4165 1712 4225 in

176 4261 275 4320 hoc
300 4279 478 4320 sensu
504 4261 701 4320 locuti
728 4264 897 4332 sunt,
928 4266 991 4321 ut
1016 4260 1424 4321 ostendimus.
1458 4260 1585 4318 Nec
1612 4277 1713 4318 ve-

176 4371 233 4410 ro
272 4354 403 4414 hinc
444 4354 729 4432 sequitur
771 4354 971 4414 Deum
1020 4353 1203 4413 aliter
1240 4353 1396 4412 scire
1454 4369 1587 4412 rem
1631 4353 1711 4411 ab

177 4451 415 4518 eterno,
465 4465 575 4506 seu
634 4451 976 4524 antequam
1032 4445 1110 4506 sit
1154 4451 1216 4505 et
1268 4450 1412 4506 actu
1462 4444 1707 4516 existat,

177 4539 322 4614 quia,
368 4545 431 4599 ut
468 4557 660 4618 supra
706 4538 1105 4610 dicebamus„
1148 4537 1284 4597 haec
1314 4537 1570 4598 scientia
1598 4537 1710 4597 Dei

177 4631 245 4688 ab
285 4635 505 4692 aeterno
555 4639 651 4692 est
701 4631 1006 4703 intuitiva,
1062 4631 1209 4709 quia
1264 4629 1709 4709 perfectissime

182 4732 559 4802 repraesentat
582 4745 717 4786 rem
758 4726 1103 4786 secundum
1150 4743 1369 4785 omnes
1410 4725 1711 4785 conditio-

181 4835 275 4876 ues
303 4819 635 4879 existentiae
662 4819 819 4898 ejuS,
850 4826 1065 4896 neque'
1090 4818 1323 4896 aliquid
1354 4818 1621 4896 amplius
1648 4817 1709 4876 in

184 4927 244 4968 ea
272 4912 427 4972 videt
454 4913 705 4992 quando
750 4913 974 4985 existit,
1009 4929 1199 4989 quam
1228 4919 1415 4972 antea
1441 4932 1455 4984 ;
1503 4930 1709 4990 neque

182 5002 283 5061 alio
308 5005 483 5066 modo
512 5025 590 5066 ex
620 5012 796 5084 parte
828 5024 965 5077 sua,
1000 5006 1144 5083 quia
1177 5005 1399 5064 eadem
1434 5005 1709 5065 clai-state

188 5101 239 5153 et
270 5098 688 5176 perspicuitate
720 5115 969 5176 semper
1018 5097 1225 5170 videt3
1278 5098 1389 5158 sed
1431 5116 1507 5156 ex
1535 5104 1711 5175 parte

186 5189 262 5248 rei
281 5191 437 5252 videt
462 5213 601 5253 eam
632 5195 811 5254 aliter
836 5211 902 5252 se
931 5192 1193 5265 habere,
1228 5199 1289 5253 ct
1316 5193 1433 5252 sub
1464 5193 1585 5252 alio
1615 5211 1715 5252 re-

188 5291 375 5359 spectu
399 5287 743 5364 comparari
770 5286 851 5346 ad
878 5287 998 5347 hoc
1025 5286 1123 5346 vel
1149 5286 1301 5345 illud
1322 5291 1591 5365 tempus.
1618 5287 1713 5345 An

188 5391 315 5434 vero
333 5395 441 5465 per
460 5378 1031 5438 denominationem
1056 5378 1394 5457 quamdam
1418 5379 1719 5438 extrinse-

190 5485 309 5526 cam
344 5473 525 5547 possit
573 5473 690 5532 hoc
730 5471 915 5532 modo
958 5471 1216 5532 scientia
1258 5473 1365 5532 Dei
1397 5472 1637 5532 ratione
1680 5491 1717 5531 a

191 5560 349 5622 nobis
376 5563 664 5646 distingui
695 5565 759 5624 in
794 5565 1051 5629 scientia
1084 5566 1433 5628 futurorum
1468 5571 1531 5627 et
1557 5583 1720 5648 prae-

3243 418 3358 479 327

1800 526 2096 599 sentium,
2139 546 2268 589 non
2320 526 2586 587 multum
2627 528 2852 597 refert;
2907 526 3052 605 quia
3102 527 3359 605 quaestio

1800 623 2004 685 solum
2039 622 2286 685 videtur
2328 642 2465 685 csse
2518 623 2596 683 de
2645 624 2919 683 nomine.
2971 620 3220 681 Gabriel
3269 626 3361 679 ta-

1799 736 1970 790 men,
2002 718 2068 777 in
2113 724 2172 794 1,
2201 721 2262 781 d.
2297 722 2398 791 39,
2431 720 2675 780 videtur
2719 719 2782 779 id
2824 718 3164 789 insinuare,
3215 735 3359 777 cum

1801 816 2220 893 cognitionem
2258 815 2422 874 hanc
2463 813 2784 890 distinguit
2827 812 2890 871 in
2943 811 3260 871 scientiam
3301 816 3361 869 et

1798 910 2284 988 praescientiam;
2311 907 2537 969 eadem
2563 925 2712 967 vero
2735 907 2978 965 ratione
2999 905 3230 965 addere
3257 905 3361 965 de·

1797 1004 1904 1063 bet
1947 1004 2336 1071 memoriam,
2396 1020 2534 1081 quae
2582 1001 2661 1061 sit
2710 999 2965 1061 scientia
3015 999 3361 1077 praeterito-

1798 1116 1964 1167 rum,
2011 1116 2157 1157 nam
2187 1097 2410 1157 eadem
2440 1104 2535 1158 est
2579 1097 2656 1158 de
2695 1096 2800 1157 illa
2837 1094 3016 1155 ratio.
3064 1094 3183 1154 Alii
3212 1112 3359 1154 vero

1797 1193 2097 1253 Doctores
2151 1192 2566 1251 communiter
2613 1209 2738 1250 non
2805 1190 2892 1249 ita
2942 1188 3355 1265 distinguunt,

1796 1306 1913 1347 nec
1939 1286 2186 1359 videtur
2220 1286 2667 1357 necessarium,
2700 1286 2846 1363 quia
2876 1284 2980 1344 illa
3005 1283 3124 1342 tria
3157 1282 3360 1341 solum

1796 1380 2267 1457 distinguuntur
2304 1399 2341 1440 a
2375 1381 2576 1453 nobiS,
2621 1379 2873 1458 quando
2915 1377 3122 1455 aliquo
3171 1376 3360 1435 modo

1794 1474 2071 1534 variatur
2119 1472 2388 1548 cognitio
2445 1480 2697 1552 propter
2743 1472 2916 1531 illum
2963 1473 3355 1548 respectum,

1797 1568 1996 1627 autin
2041 1567 2286 1645 objecto
2330 1567 2566 1645 aliquid
2607 1572 2886 1626 mutatur
2933 1565 3032 1624 vel
3082 1564 3352 1630 additur,

1797 1661 1966 1739 quod
1996 1661 2218 1723 saltem
2265 1661 2613 1721 secundum
2661 1660 2966 1721 rationem
2997 1654 3360 1733 intelligitur

1797 1756 1944 1817 addi
1990 1756 2056 1815 in
2111 1755 2390 1825 scientia,
2444 1754 2759 1832 quomodo
2801 1752 3240 1825 distinguimus
3296 1751 3358 1811 in

1794 1851 1923 1912 Deo
1956 1850 2278 1911 scientiam
2317 1848 2671 1909 futurorum
2715 1866 2752 1929 a
2804 1846 3058 1907 scientia
3101 1844 3360 1923 possibi-

1793 1944 1982 2015 lium;
2042 1948 2106 2003 at
2150 1959 2299 2002 vcro
2353 1960 2469 2020 per
2515 1942 2838 2003 scientiam
2888 1939 2979 1999 rei
3033 1938 3359 2016 praesentis

1794 2037 1948 2097 nihil
2026 2035 2306 2105 additur,
2369 2035 2556 2095 etiam
2622 2034 2968 2095 secundum
3024 2033 3357 2101 rationem,

1794 2130 2066 2191 scientiae
2111 2129 2200 2189 rei
2252 2128 2497 2197 futurae,
2547 2127 2659 2187 sed
2689 2128 2909 2187 eadem
2943 2144 3046 2186 res
3089 2143 3234 2185 cum
3272 2123 3362 2182 di-

1791 2243 1974 2285 verso
1999 2226 2288 2301 respectu
2338 2221 2760 2300 significatum
2808 2221 2924 2279 illae
2960 2238 3111 2293 ergo
3165 2218 3364 2277 deno-

1792 2318 2170 2379 minationes
2197 2316 2512 2394 pertinent
2540 2316 2740 2391 magis
2788 2314 2866 2373 ad
2910 2314 3155 2385 objecta
3198 2312 3356 2388 ipsa,
3443 2328 3452 2339 ·

1794 2430 1982 2490 quam
2015 2411 2093 2471 ad
2141 2411 2412 2472 scientias
2457 2409 2935 2470 distinctionem.
2971 2408 3232 2476 Caetera,
3285 2422 3362 2464 ex

1794 2506 2074 2567 dicendis
2099 2506 2346 2567 duobus
2373 2504 2676 2583 capitibus
2705 2500 3133 2581 sequentibUS‚
3162 2498 3358 2559 disso-

1793 2600 1923 2663 luta
1955 2600 2409 2679 relinquentur.

2329 2818 2579 2880 CAPUT
2625 2817 2779 2877 VIII.

1854 3048 1965 3101 0110
2012 3047 2254 3094 TANDEM
2301 3048 2459 3093 MODO
2501 3047 2826 3093 coeNoscAT
2869 3047 3019 3093 DEUS
3056 3044 3294 3091 FUTURA

2347 3141 2802 3188 GONTINGENTIA.

1882 3341 1940 3398 l.
1985 3337 2398 3410 Difficultatis
2439 3338 2624 3400 ratio.
2657 3329 2736 3382 -'-
2765 3338 2836 3397 In
2868 3335 3156 3396 omnibus
3207 3333 3364 3394 divi-

1791 3430 1889 3489 nis
1918 3429 2130 3500 rebuS‚
2172 3429 2480 3489 difficilius
2511 3436 2604 3490 est
2634 3447 3013 3504 cognoscere
3046 3427 3362 3506 quomodo

1792 3522 1916 3583 sint
1951 3541 2140 3600 quam
2181 3522 2494 3600 quomodo
2525 3541 2652 3582 non
2684 3523 2825 3582 sint.
2867 3523 2941 3582 Et
2968 3521 3134 3594 ideo,
3168 3521 3367 3597 rejec-

1796 3615 1872 3676 tis
1899 3615 2102 3675 modis
2131 3615 2357 3694 quibus
2387 3635 2514 3676 non
2561 3617 2708 3676 satis
2737 3619 3202 3692 cognoscuntur
3234 3615 3364 3674 haec

1792 3707 2024 3776 futura,
2058 3708 2264 3768 adhuc
2313 3713 2620 3787 superest,
2679 3709 2851 3787 quod
2897 3708 3204 3768 difficilius
3246 3712 3360 3780 est,

1796 3807 1883 3872 ut,
1920 3799 2119 3860 sifieri
2145 3806 2372 3878 potest,
2407 3800 2799 3862 declaremus
2828 3801 3086 3861 modum
3115 3818 3239 3879 quo
3267 3820 3366 3859 co-

1794 3899 2199 3971 gnoscuntur.
2247 3894 2424 3954 Ratio
2487 3900 2695 3954 autem
2772 3894 3150 3954 difficultatis
3218 3894 3368 3954 satis

1794 3987 2106 4064 colligitur
2139 4007 2216 4047 ex
2241 3987 2441 4061 dictis,
2470 3988 2616 4066 quia
2649 4005 2858 4066 neque
2895 3988 2962 4047 in
2989 3987 3130 4061 alio,
3157 4005 3366 4065 neque

1792 4079 1857 4139 in
1903 4079 2123 4157 seipsis
2154 4081 2447 4142 videntur
2480 4099 2662 4159 posse
2719 4081 3053 4160 cognosci;
3111 4097 3370 4158 quomo-

1792 4173 1873 4232 do
1916 4189 2068 4250 ergo
2104 4178 2610 4252 cognoscentur?
2654 4177 2915 4253 Propter
2961 4191 3150 4252 quam
3207 4171 3371 4232 diffi-

1794 4267 2114 4338 cultatem,
2150 4273 2215 4327 ut
2245 4286 2436 4346 supra
2485 4268 2792 4340 dicebam,
2824 4269 2954 4329 fere
2987 4285 3208 4328 omnes
3245 4268 3368 4326 No-

1791 4359 2058 4420 minales
2097 4359 2335 4433 dicunt,
2369 4361 2494 4421 fide
2531 4361 2782 4439 quidem
2825 4379 2941 4422 nos
2969 4365 3140 4421 certo
3185 4358 3367 4434 scire,

1792 4452 1995 4514 Deum
2037 4453 2174 4512 haec
2229 4472 2608 4531 cognoscere
2643 4500 2658 4526 ,
2715 4453 3097 4532 impossibile
3147 4458 3362 4512 tamen

1794 4566 1933 4607 csse
2002 4545 2343 4607 intellectui
2402 4547 2680 4608 humano
2739 4547 3058 4608 declarare
3109 4546 3370 4606 modum

1794 4658 1918 4718 quo
1949 4639 2054 4700 illa
2083 4641 2423 4718 cognoscit.
2457 4642 2548 4701 Ita
2592 4641 2851 4714 Ocham,
2891 4641 2958 4700 in
3000 4644 3058 4713 l,
3093 4638 3364 4699 distinct.

1794 4735 1893 4806 38,
1929 4735 2146 4810 quaest.
2177 4735 2247 4806 1;
2292 4733 2565 4806 Gabriel,
2600 4741 2816 4812 quaest.
2852 4737 2910 4804 l,
2936 4732 3110 4792 artic.
3137 4735 3199 4803 2,
3232 4737 3373 4811 post

1793 4824 2140 4886 secundam
2181 4827 2650 4886 conclusionem
2686 4846 2701 4898 ;
2745 4825 3101 4904 (Ξῖ-(38014115,
3149 4831 3369 4903 quaest.

1792 4921 1855 4989 2,
1900 4919 2076 4978 artic.
2111 4921 2183 4990 Ως
2219 4924 2280 4978 et
2307 4919 2439 4981 fere
2470 4920 2634 4981 idem
2665 4919 2812 4980 dicit
2839 4918 3147 4990 Corduba,
3179 4937 3367 4996 supra

1794 5011 1959 5070 dicta
1989 5017 2206 5088 quaest.
2246 5014 2346 5085 55,
2385 5013 2536 5074 dub.
2576 5015 2672 5074 10.

1874 5105 1933 5164 Ξ.
1981 5105 2108 5166 Per
2143 5103 2476 5185 simplicem
2515 5105 2812 5168 intuitum
2837 5105 3120 5168 veritatis
3165 5123 3374 5186 coquo-

1795 5200 2054 5258 scuntur
2086 5199 2210 5260 Itoeo
2233 5201 2470 5275 statura.
2495 5230 2576 5242 —
2595 5197 3010 5258 Nihilominus
3041 5197 3376 5257 dicendum

1802 5295 1897 5350 est
1924 5291 2126 5350 Deum
2155 5309 2536 5367 cognoscere
2569 5291 2698 5350 haec
2727 5290 2961 5361 futura,
3015 5290 3219 5348 solum
3259 5308 3374 5368 per

1800 5383 2148 5462 simplicem
2181 5383 2473 5444 intuitum
2525 5384 2802 5444 veritatis
2843 5383 2947 5442 vel
2975 5382 3066 5441 rei
3111 5399 3249 5459 quae
3282 5380 3372 5441 fu-
3407 5389 3422 5418 ²

1801 5480 1943 5535 tura
1965 5483 2080 5546 est,
2108 5476 2171 5535 in
2202 5495 2314 5537 sua
2361 5475 2660 5555 temporis
2690 5475 3066 5546 differentia,
3100 5478 3163 5533 et
3191 5483 3376 5550 prout

1801 5567 1869 5628 in
1918 5567 2022 5628 illa
2051 5567 2260 5628 futura
2295 5575 2410 5642 est,
2443 5574 2503 5629 et
2539 5567 2884 5628 secundum
2919 5584 3136 5628 omnes
3167 5567 3382 5628 condi-
