3850 6225
608 479 706 538 11.
751 475 1099 554 Besellitwr.
1145 507 1230 524 --
1271 478 1418 538 Haec
1464 479 1790 558 responsio
1839 478 2087 540 videtur

527 575 746 631 contra
796 577 1072 632 mentem
1135 577 1198 632 et
1246 571 1552 634 rationem
1607 573 1880 634 Concilii.
1938 574 2083 634 Esto

527 665 697 726 enim
719 683 939 725 verum
969 666 1066 739 sit,
1100 665 1440 727 Concilium
1491 685 1629 728 esse
1677 667 1959 728 locutum
2004 667 2085 727 de

528 757 726 838 gratia
755 759 1084 829 excitante,
1115 763 1326 820 tamen
1367 760 1546 835 ratio,
1581 778 1720 840 quae
1765 760 1916 820 illud
1952 777 2087 820 mo-

525 851 633 920 vit,
665 869 796 911 non
840 851 955 911 fuit
1005 851 1240 930 aliquid
1291 853 1612 930 proprium
1660 853 1875 932 gratiae
1923 853 2085 913 exci-

523 943 733 1017 tantiS,
787 944 900 1004 sed
943 944 1008 1004 id
1056 945 1226 1023 quod
1269 963 1604 1006 commune
1647 947 1842 1030 habet
1886 947 2085 1025 gratia

509 1037 804 1121 ‚excitans
831 1056 974 1098 cum
1013 1056 1408 1118 quacumque
1443 1039 1720 1102 motione
1749 1041 2087 1101 voluntatis

527 1131 756 1208 praevia
787 1131 868 1191 ad
899 1137 1108 1192 actum
1127 1132 1429 1205 liberum;
1459 1133 1776 1206 nimirum,
1808 1133 1979 1214 quod
2001 1134 2085 1194 ita

525 1225 714 1284 trahit
742 1231 804 1284 et
831 1231 1039 1285 movet
1075 1225 1338 1286 liberam
1383 1227 1786 1300 voluntatem,
1817 1233 1885 1287 ut
1915 1227 2087 1287 illam

523 1317 840 1397 relinquat
888 1318 1150 1379 liberam
1196 1319 1278 1380 ad
1329 1321 1868 1382 consentiendum.
1921 1321 2087 1400 Ergo

527 1412 716 1474 sentit
744 1411 1084 1473 Concilium
1114 1419 1177 1474 et
1199 1413 1492 1493 implicite
1523 1433 1596 1476 ac
1633 1415 1860 1476 virtute
1905 1414 2088 1477 docet

527 1505 675 1566 duo.
709 1507 1007 1580 Primum,
1042 1525 1180 1570 esse
1215 1508 1295 1570 de
1343 1510 1585 1570 ratione
1625 1509 1929 1570 libertatis
1978 1527 2089 1588 po-

526 1603 820 1660 testatem
850 1599 932 1660 ad
959 1601 1378 1663 resistendum
1411 1602 1603 1662 cuivis
1629 1601 1887 1663 motioni
1932 1619 2089 1680 prae-

525 1693 798 1754 venienti
830 1711 1204 1754 consensum
1241 1695 1397 1774 ejus·
1431 1695 1812 1766 Secundum,
1847 1695 2087 1755 nullam

525 1787 866 1848 motionem
901 1789 1378 1850 antecedentem
1419 1808 1604 1869 posse
1657 1791 1740 1850 ita
1789 1789 2088 1851 determi-

526 1897 680 1940 nare
707 1879 974 1941 liberum
1004 1881 1351 1955 arbitrium,
1382 1889 1450 1943 ut
1491 1901 1616 1943 non
1664 1883 1976 1962 relinquat
2026 1883 2090 1942 in

527 1973 632 2034 illo
671 1977 1045 2051 potestatem
1085 1975 1414 2036 resistendi
1439 1976 1723 2048 motioni,
1757 1978 1806 2036 si
1834 1976 2091 2038 libertas

527 2067 594 2128 in
631 2068 736 2128 illo
787 2068 1021 2128 tuenda
1069 2075 1184 2129 est.
1238 2071 1417 2131 Hanc
1439 2088 1590 2132 vero
1629 2076 2089 2132 esse-mentem

529 2161 804 2233 Concilii,
840 2167 1014 2241 patet
1035 2162 1340 2241 imprimis
1367 2181 1444 2224 ex
1469 2163 1682 2225 verbis
1706 2163 1829 2224 illis
1853 2181 1991 2242 cap.
2024 2165 2083 2224 5:

528 2255 736 2340 Neque
778 2255 946 2318 nomo
985 2257 1116 2337 ipse
1145 2256 1302 2318 nihil
1345 2256 1581 2319 omnino
1619 2263 1780 2341 ayat,
1819 2258 2091 2339 inspira-

531 2345 750 2410 tionem
771 2349 950 2412 illam
975 2351 1295 2433 recipiens,
1327 2352 1544 2434 quippe
1571 2353 1675 2432 qui
1697 2351 1874 2414 illam
1899 2357 1957 2414 et
1990 2353 2091 2414 ab·

515 2437 709 2520 ficere
721 2446 944 2522 potest.
965 2445 1081 2506 Ubi
1101 2444 1428 2504 considero
1444 2445 1706 2504 verbum
1725 2443 1898 2516 illud,
1919 2450 2088 2525 aqat,

527 2533 596 2594 in
623 2535 792 2596 omni
831 2536 1208 2615 proprietate
1239 2542 1300 2598 et
1330 2537 1535 2616 rigore
1588 2542 1908 2617 sumptum
1954 2555 2092 2598 csse

529 2645 568 2688 a
616 2628 910 2702 Concilio,
959 2633 1146 2709 prout
1191 2635 1284 2690 est
1339 2631 1404 2691 in
1449 2649 1568 2691 usu
1610 2629 1777 2709 apud
1825 2630 2095 2691 morales

530 2721 957 2801 philosophoS,
991 2723 1072 2783 ad
1105 2722 1506 2784 indicandum
1537 2724 1794 2784 modum
1839 2723 2091 2802 agendi,

533 2831 724 2891 quem
748 2821 973 2876 vocant
1016 2835 1054 2875 a
1100 2816 1442 2895 proposito,
1473 2815 1539 2876 id
1566 2823 1682 2892 est,
1719 2835 1796 2878 ex
1843 2817 2094 2896 proprio

529 2907 786 2969 arbitrio
845 2913 906 2969 et
971 2908 1234 2969 ratione.
1301 2909 1434 2982 Quo
1498 2909 1794 2988 loquendi
1861 2927 2094 2989 genere

531 2999 684 3061 dixit
722 3001 1108 3074 Aristotelea,
1151 3002 1256 3062 lib.
1297 3011 1324 3064 1
1389 3003 1599 3082 Mag-n.
1653 3002 1898 3078 morah,
1951 3019 2089 3082 cap.

534 3093 640 3155 12:
671 3092 882 3175 Neque
927 3096 1086 3159 euim
1129 3093 1606 3161 inanimatorum
1651 3096 1900 3177 aliquod
1923 3115 2097 3178 affere

532 3188 790 3255 dicimus
805 3234 820 3262 ,
865 3206 1048 3270 aeque
1095 3191 1278 3253 etiam
1309 3189 1470 3252 anim
1480 3196 1740 3261 acorum,
1793 3190 1955 3253 citra
1994 3191 2097 3253 Ιιο-

533 3285 777 3355 minem,
822 3283 1168 3364 quidquam.
1219 3282 1620 3363 Manifestum
1657 3284 1856 3363 iyitur
1903 3286 2096 3347 actio-

531 3395 680 3439 mm
721 3375 1012 3439 hominem
1067 3393 1192 3439 esse
1233 3378 1698 3457 progenitorem.
1757 3376 1854 3437 Sic
1911 3376 2099 3437 etiam

531 3471 982 3541 DamascenuS,
1011 3469 1116 3529 lib.
1153 3471 1212 3541 2,
1245 3487 1383 3548 cap.
1417 3471 1518 3541 27,
1543 3469 1719 3544 dixit,
1761 3469 2103 3533 inanimata

533 3582 654 3625 mm
683 3580 878 3645 affore,
911 3563 1018 3625 scd
1035 3564 1158 3645 aqi.
1210 3562 1409 3634 Quem
1453 3563 1660 3623 locum
1708 3563 1792 3623 ita
1835 3563 1982 3623 citat
2026 3563 2095 3621 D.

534 3658 830 3730 ThomaS,
874 3662 1096 3736 quaest.
1147 3658 1186 3717 5
1223 3656 1304 3718 de
1345 3656 1626 3729 Veritat.,
1657 3660 1772 3717 art.
1807 3658 1868 3730 9,
1916 3656 1999 3716 ad
2036 3658 2099 3729 t,

537 3758 602 3812 et
633 3751 907 3830 exponit,
941 3767 1136 3834 affere,
1167 3748 1250 3810 ibi
1277 3748 1649 3829 significare,
1684 3750 1933 3828 operari
1960 3766 2103 3810 cum

537 3843 814 3904 dominio
853 3843 947 3904 sui
979 3849 1154 3904 actus
1170 3859 1191 3921 ;
1223 3844 1506 3921 quamvis
1533 3843 1738 3904 littera
1766 3844 2104 3903 Damasce-

537 3940 601 3999 ni
627 3940 805 4019 juxta
835 3939 1022 4000 aliam
1051 3940 1406 4001 versionem
1431 3940 1612 4000 aliter
1637 3939 1888 4013 habeat,
1919 3945 1991 4001 ut
2014 3940 2102 4000 in-

535 4034 632 4094 fra
677 4032 1084 4095 commodiori
1139 4032 1276 4094 loco
1323 4034 1646 4113 attingam.
1694 4032 1872 4104 Quod
1914 4032 2103 4111 igitur

537 4127 878 4189 Concilium
899 4128 962 4187 in
994 4126 1112 4187 hac
1141 4125 1520 4205 proprietate
1536 4126 1850 4206 loquatur,
1875 4126 2101 4206 colligo

539 4220 842 4301 imprimis
871 4238 950 4281 ex
986 4218 1316 4298 subjuncta
1363 4218 1626 4280 ratione.
1664 4219 1889 4279 Probat
1934 4220 2103 4280 enim

539 4317 860 4377 hominem
899 4332 1028 4374 non
1071 4313 1510 4375 omnino-nihil
1539 4330 1750 4393 agere,
1785 4332 1979 4393 quum
2008 4314 2105 4373 in-

541 4409 944 4488 spirationem
989 4406 1226 4485 recipit,
1261 4406 1405 4485 quia
1447 4406 1622 4467 illam
1673 4406 1947 4485 abjicere
1998 4424 2108 4485 po-

540 4508 697 4575 test;
743 4501 1018 4581 loquitur
1045 4517 1196 4579 ergo
1235 4498 1313 4560 de
1362 4501 1612 4579 propria
1661 4500 1904 4561 actione
1962 4519 2105 4562 cum

543 4596 843 4667 dominio,
865 4611 1013 4653 nam
1039 4593 1120 4653 ad
1141 4592 1339 4653 solam
1363 4592 1754 4655 effectionem
1781 4592 2107 4673 physicam

542 4708 668 4749 non
729 4693 866 4748 erat
919 4685 1274 4747 necessaria
1334 4692 1611 4765 potestas
1667 4704 1794 4747 non
1851 4686 2102 4763 agendi.

543 4781 782 4843 Deinde
809 4780 977 4841 idem
1009 4778 1232 4859 colligo
1283 4797 1361 4841 ex
1401 4796 1612 4840 errore
1663 4796 1850 4859 quem
1895 4780 2109 4840 Conci-

544 4876 697 4936 lium
721 4874 1022 4935 damnare
1059 4870 1343 4943 intendit,
1379 4872 1635 4944 scilicet,
1667 4872 2107 4934 haereticorum

545 4970 734 5049 hujus
781 4966 1098 5045 temporiS,
1133 4964 1242 5044 qui
1285 4964 1500 5025 dicunt
1529 4964 1800 5027 hominis
1827 4965 2109 5027 volunta-

547 5070 674 5124 tem
706 5080 784 5122 ex
810 5059 1180 5120 necessitate
1217 5060 1455 5121 moveri
1483 5078 1520 5119 a
1549 5061 1699 5133 Deo,
1729 5078 1872 5121 cum
1897 5067 2111 5121 tamen

549 5174 678 5217 non
715 5158 950 5233 negent
979 5150 1364 5213 voluntatem
1393 5152 1640 5213 efficere
1667 5171 1851 5213 suum
1877 5160 2109 5227 actum,

549 5256 612 5311 et
647 5248 730 5309 ad
763 5248 934 5307 illum
975 5250 1274 5323 tanquam
1307 5244 1388 5305 ad
1433 5250 1643 5305 actum
1689 5246 1828 5307 vitae
1857 5245 2113 5325 physice

551 5358 960 5412 concurrere3
994 5338 1162 5416 quia,
1192 5356 1400 5417 neque
1431 5338 1514 5400 ad
1537 5357 1720 5399 suum
1751 5357 2028 5401 errorem
2052 5340 2117 5401 id

551 5443 687 5499 erat
729 5433 1179 5505 necessarium,
1208 5449 1416 5511 neque
1453 5448 1532 5492 ex
1557 5432 1766 5493 verbis
1795 5451 2015 5494 eorum
2050 5434 2117 5495 id

553 5528 756 5609 colligi
784 5532 1012 5607 potest,
1039 5524 1152 5586 sed
1177 5525 1532 5605 oppositum
1555 5526 1782 5605 potius,
1805 5530 1876 5587 ut
1899 5532 2115 5605 aperte

1357 373 1568 427 OPUSC.
1605 376 1644 438 1,
1681 375 1780 426 LIB
1835 375 1916 426 111.
1952 374 2035 428 DE
2066 375 2339 430 auxitns
2374 376 2603 430 131leAE
2630 375 2895 431 cama-2.

2168 467 2411 540 donstat
2436 499 2512 542 ex
2549 481 2645 541 his
2684 497 2825 560 quae
2874 478 3155 540 referunt
3198 485 3479 540 auctores
3520 483 3669 560 citati,

2167 575 2515 654 praesertim
2562 572 2989 654 Stapletonius
3036 576 3099 632 et
3154 572 3523 648 Bellarmin.,
3570 593 3670 654 qum

2168 668 2408 741 omitt0,
2452 687 2533 729 ne
2578 669 2643 728 in
2693 686 2763 728 re
2810 685 2941 726 non
2982 665 3321 726 admodum
3370 673 3671 731 necessaria
3775 737 3777 742 ,

2168 760 2467 822 lectorem
2496 779 2727 822 morer.
2750 760 2927 824 Unde
2958 759 3183 820 eodem
3210 777 3399 820 sensu
3424 762 3672 840 accipien-

2170 852 2249 913 da
2290 859 2387 914 est
2440 853 2721 914 definitio
2766 871 2991 914 canon.
3034 856 3075 914 4
3118 852 3403 931 ejusdem
3448 854 3671 932 Cous-ilii,

2168 945 2435 1008 liberum
2484 947 2831 1018 arbitrium,
2865 946 3015 1006 dum
3058 947 3315 1006 assentit
3356 947 3571 1025 gratiae,
3598 951 3675 1010 ali-

2169 1039 2319 1118 quid
2343 1059 2557 1120 agere,
2586 1047 2649 1100 et
2674 1058 2805 1100 non
2832 1057 3007 1100 mere
3048 1037 3293 1118 passive
3342 1057 3409 1098 sc
3448 1040 3671 1114 habam

2168 1133 2423 1205 scilicet,
2479 1131 2689 1210 quoad
2744 1131 3330 1192 determinationem
3376 1131 3456 1191 ad
3502 1151 3673 1196 unum.
3775 1195 3777 1204 ,

2167 1225 2329 1303 Ergo
2356 1225 2637 1286 doctriua
2666 1224 2917 1285 Concilii
2958 1229 3069 1298 est,
3120 1222 3200 1283 ad
3248 1223 3552 1302 agendum
3588 1227 3677 1288 hoe.

2168 1317 2376 1390 modo,
2412 1324 2473 1380 et
2492 1326 2561 1379 ut
2576 1319 2767 1380 homo
2794 1336 2924 1378 non
2953 1317 3195 1378 dicatur
3222 1317 3529 1378 moraliter
3546 1339 3676 1382 mere

2174 1412 2422 1492 passive
2456 1431 2525 1474 se
2574 1413 2803 1474 habere
2834 1413 2899 1472 in
2928 1412 3057 1472 suis
3086 1411 3677 1490 determinationibus

2170 1507 2592 1567 necessariam
2618 1523 2758 1567 esse
2804 1511 3179 1586 potestatem
3226 1505 3547 1566 resistendi
3584 1511 3680 1568 eui-

2170 1617 2439 1678 cumque
2480 1598 2871 1660 antecedenti
2918 1599 3201 1670 motioni,
3230 1599 3419 1659 etiam
3454 1599 3553 1659 illa
3576 1619 3679 1680 sup

2168 1692 2393 1772 posita,
2438 1692 2671 1772 alioqui
2716 1709 2843 1752 uon
2896 1697 3064 1753 esset
3110 1696 3389 1771 potestas
3436 1693 3512 1752 ad
3546 1696 3682 1755 resis-

2169 1788 2458 1861 tendum,
2486 1787 2587 1848 vel
2616 1785 3031 1866 abjiciendam
3058 1785 3428 1859 motionem,
3452 1791 3679 1866 utsupra

2170 1881 2407 1942 dictum
2436 1885 2551 1941 est.

2254 1976 2351 2035 12.
2398 1973 2637 2035 Deinde
2662 1978 2908 2035 constat
2926 1975 3089 2034 hanc
3118 1991 3255 2034 esse
3278 1979 3549 2036 mentem
3566 1976 3679 2035 Con-

2174 2069 2317 2141 cilii,
2348 2069 2495 2148 quia
2534 2086 2665 2128 non
2694 2087 2773 2130 ex
2814 2072 3041 2128 natura
3084 2068 3383 2129 motionis
3420 2069 3681 2130 excitantis

2172 2162 2405 2241 colligit
2432 2166 2806 2242 potestatem
2854 2162 3184 2224 resistendi
3234 2163 3350 2238 illi,
3381 2162 3490 2223 sed
3526 2180 3589 2223 ex
3628 2181 3680 2224 eo

2172 2254 2343 2335 quod
2376 2255 2481 2316 illa
2506 2255 2700 2316 motio
2738 2273 2867 2316 non
2894 2255 3096 2317 aufert
3144 2257 3529 2328 libertatem3
3574 2275 3681 2336 ergo

2173 2348 2467 2428 implicite
2486 2348 2671 2410 docet
2698 2349 2863 2409 hanc
2884 2353 3255 2427 potestatem
3282 2367 3530 2428 semper
3548 2349 3684 2410 relin-
3779 2415 3780 2418 ,

2172 2441 2368 2520 quiin
2400 2441 2568 2502 omni
2598 2441 2875 2502 motione
2902 2442 3342 2518 antecedente,
3374 2460 3508 2521 quae
3544 2441 3685 2502 liber·
3779 2503 3780 2516 ζ

2172 2541 2367 2598 tatem
2392 2553 2519 2596 non
2554 2535 2743 2610 tollit3
2776 2553 2928 2615 ergo
2978 2553 3013 2596 e
3058 2537 3373 2597 contrario
3400 2537 3683 2614 pra-motio,
3779 2533 3780 2540 ’

2176 2645 2315 2708 quoe
2340 2628 2505 2688 hanc
2534 2633 2909 2706 potestatem
2938 2629 3161 2697 aufert,
3194 2628 3461 2708 impedit
3486 2628 3687 2689 liberta-
3778 2701 3780 2712 Ι

2174 2727 2325 2795 tem,
2356 2721 2485 2782 sive
2516 2721 2594 2781 sit
2630 2722 2823 2781 motio
2850 2721 3150 2796 excitam,
3182 2725 3314 2782 sive
3344 2741 3685 2802 quacumqu(²
3778 2721 3781 2744 ¹

2176 2813 2297 2875 alia
2344 2814 2586 2876 ratione
2640 2813 3199 2893 praedeterminans
3234 2817 3515 2895 physice.
3554 2817 3688 2877 Deni-

2176 2926 2299 2987 que
2334 2907 2527 2969 verba
2575 2907 2852 2984 Concilii,
2882 2909 2947 2967 in
2988 2909 3207 2990 rigore·
3232 2915 3507 2988 sumpta,
3544 2927 3691 2990 gene-

2176 3002 2331 3061 ralia
2358 3007 2524 3074 sunt,
2557 3000 2825 3062 scilicet:
2870 3001 3153 3064 Liberum
3181 3003 3505 3066 arbitrium
3537 3021 3570 3064 a
3602 3003 3689 3062 Deo

2174 3099 2401 3159 motam
2438 3100 2497 3159 et
2534 3095 2901 3168 weitaim&
2950 3114 3097 3157 nam
3152 3096 3269 3157 sub
3316 3098 3561 3158 nomine
3595 3114 3694 3155 mo-

2176 3191 2383 3261 tioniS‚
2418 3206 2494 3249 ex
2522 3189 2581 3248 vi
2618 3188 2786 3249 vocis
2816 3189 3375 3269 comprehenditur
3402 3190 3587 3250 omnis
3618 3208 3691 3248 ae-

2175 3283 2263 3344 tio
2311 3281 2537 3343 divinae
2576 3282 2815 3361 gratiae,
2864 3298 3005 3361 quae
3054 3300 3441 3343 consensum
3479 3282 3693 3343 hominis

2179 3375 2517 3448 antecedit,
2552 3382 2614 3436 et
2656 3374 2737 3435 ad
2762 3375 2941 3436 illum
2964 3376 3391 3455 praestandum
3428 3376 3689 3436 hominem

2182 3470 2459 3531 inclinat.
2494 3469 2688 3548 quue
2718 3486 2907 3529 nemo
2936 3487 3170 3549 negare
3202 3470 3485 3541 audebit,
3514 3470 3603 3547 qui
3635 3468 3694 3527 le·

2184 3564 2344 3644 gerit
2392 3580 2532 3642 quae
2582 3562 2943 3624 referuntur
2992 3564 3293 3625 accidisse
3358 3564 3423 3623 in
3474 3561 3693 3623 secunda

2184 3662 2359 3737 parte
2410 3660 2705 3718 Actorum
2752 3656 3037 3735 ejusdem
3080 3657 3340 3718 Concilii
3382 3654 3691 3722 Tridentini,

2184 3751 2303 3813 sub
2346 3751 2535 3812 Paulo
2562 3752 2665 3825 m,
2702 3768 2849 3811 ann.
2905 3752 3083 3813 1546.
3134 3752 3315 3827 Nam,
3370 3758 3437 3812 ut
3486 3751 3696 3811 habetur

2180 3844 2289 3907 fol.
2324 3846 2464 3917 134,
2496 3844 2753 3923 quidam
2792 3862 2871 3905 ex
2904 3844 3237 3925 Theologis
3274 3846 3586 3924 proposuit
3622 3860 3697 3902 ex-

2182 3939 2443 4019 pediens
2468 3938 2585 3999 sibi
2614 3937 2835 4014 videri,
2860 3944 2927 3999 ut
2956 3938 3077 3997 illis
3106 3938 3509 4017 generalibus
3538 3936 3699 3997 verbis

2182 4050 2408 4094 canon.
2446 4034 2487 4095 4
2520 4030 2807 4111 eiusdem
2852 4031 3138 4093 Concilii:
3173 4030 3388 4113 Neque
3422 4050 3584 4113 pom
3606 4032 3699 4091 dis-

2182 4126 2429 4201 sentire,
2480 4126 2541 4187 si
2584 4123 2751 4197 velit,
2793 4124 2929 4185 haec
2986 4125 3413 4187 adderentur:
3444 4122 3699 4189 Gommw

2182 4216 2501 4283 vocationi.
2566 4218 2792 4279 Renuit
2854 4223 3067 4279 tamen
3129 4218 3490 4292 Concilium,
3536 4232 3697 4294 neque

2186 4311 2355 4373 enim
2386 4310 2681 4391 expedire
2712 4312 2955 4372 censuit
3000 4318 3069 4371 ut
3110 4312 3349 4390 aliquid
3392 4312 3697 4381 adderetur,

2186 4423 2311 4486 quo
2335 4404 2751 4465 limitat-entur
2777 4405 2971 4465 verba
2998 4422 3139 4484 quae
3176 4405 3257 4466 de
3296 4405 3589 4466 industria
3623 4420 3702 4479 po-

2188 4500 2305 4559 sita
2352 4502 2533 4559 erant
2574 4497 2709 4557 sine
2752 4497 2882 4557 ulla
2924 4497 3313 4573 limitatione,
3366 4504 3435 4559 ut
3474 4496 3699 4559 include-

2188 4598 2351 4669 rent,
2384 4592 2642 4667 scilicet,
2692 4590 2999 4671 quidquid
3026 4592 3089 4652 in
3136 4592 3393 4654 homine
3444 4588 3703 4653 antecedit

2188 4686 2459 4747 liberum
2485 4702 2885 4747 consensum.
2910 4686 2987 4746 Et
3010 4693 3289 4747 mentem
3310 4687 3475 4747 hanc
3500 4681 3701 4747 Concilii

2190 4780 2339 4841 satis
2364 4784 2579 4859 aperte
2618 4778 2962 4854 declarant,
2994 4779 3043 4839 si
3074 4785 3307 4841 attente
3362 4776 3704 4859 perpendan-

2190 4880 2311 4946 tur,
2346 4870 2629 4951 ejusdem
2660 4871 2919 4932 canonis
2946 4872 3079 4933 haec
3100 4872 3329 4933 verba:
3368 4872 3450 4936 Si
3492 4871 3611 4951 quis
3632 4866 3703 4929 di-

2188 4966 2353 5029 aera
2378 4964 2633 5028 liberum
2660 4965 2918 5028 hominis
2943 4966 3292 5036 arbitrium,
3312 4984 3357 5027 a
3380 4968 3501 5028 Deo
3524 4966 3705 5025 motum

2190 5064 2249 5122 et
2272 5059 2618 5133 excitatum,
2660 5058 2817 5123 nihil
2870 5058 3175 5142 cooperari
3209 5060 3575 5145 arsoffl'endo
3622 5056 3705 5115 Deo

2194 5154 2509 5229 excitanti,
2548 5158 2669 5213 etc.
2694 5168 2715 5231 3
2742 5171 2893 5233 ergo
2922 5154 3107 5232 plane
3132 5154 3319 5214 sentit
3360 5154 3519 5213 inter
3554 5158 3705 5209 totam

2198 5247 2471 5307 divinam
2498 5246 2935 5309 excitationem
2964 5265 3075 5308 seu
3104 5247 3471 5322 motionem,
3500 5250 3555 5305 et
3590 5241 3707 5301 libe·

2196 5358 2337 5401 rum
2378 5340 2711 5401 voluntatis
2756 5358 3157 5415 consensum,
3200 5358 3331 5401 non
3370 5335 3707 5401 intercedere

2196 5434 2385 5495 aliam
2412 5435 2723 5495 actionem
2746 5452 2859 5495 seu
2896 5434 3235 5495 motionem
3266 5434 3409 5505 Dei;
3466 5447 3601 5511 ergo
3635 5424 3707 5485 vel

2198 5527 2538 5589 Concilium
2588 5528 2860 5591 excludit
2908 5546 3161 5589 omnem
3206 5528 3539 5589 motionem
3574 5527 3709 5581 ante-
