3850 6225
621 384 755 439 CAP.
791 386 895 438 XX.
932 382 1237 436 sotvrrun
1271 381 1419 433 ALIA
1451 379 1756 444 comerio,
1794 381 1873 432 ET
1906 382 2302 435 EXPLlCATUR
2331 384 2630 458 QQAES‘rlo,
2667 384 2800 436 ETC.

152 512 259 557 non
286 490 519 571 proprie
538 488 743 549 vocari
768 486 1093 557 auxilium,
1125 501 1255 545 non
1280 482 1423 561 quia
1456 499 1671 561 super-

152 586 417 651 naturalis
451 601 574 643 non
604 581 701 653 sit,
734 581 847 641 sed
892 580 1039 658 quia
1086 576 1386 639 auxilium
1420 574 1669 655 proprie

3191 382 3308 443 ⁶277

1753 482 2001 555 ciensiS,
2033 484 2101 543 in
2125 488 2188 557 2,
2217 485 2360 547 dist.
2395 490 2492 559 17,
2523 494 2640 549 art.
2671 490 2732 561 3,
2769 488 2874 549 ubi
2905 488 2993 548 ait
3019 489 3308 550 volunta-

1751 583 1879 637 tem
1931 594 2076 637 cum
2125 580 2349 657 aequali
2399 581 2635 660 gratia,
2673 581 2723 640 si
2757 582 2958 659 magis
2996 588 3298 655 conetur,

150 680 463 762 significare
482 675 722 738 videtur
736 674 899 735 vires
924 673 1005 733 ad
1038 670 1380 752 agendum,
1414 687 1540 729 non
1564 687 1671 729 ac-
1750 689 1938 750 posse
1979 672 2181 752 magis
2223 674 2506 745 efficere;
2553 680 2616 735 ct
2641 675 2807 734 hunc
2853 675 3112 735 modum
3161 694 3308 754 ope-

151 779 355 839 tionem
398 772 591 851 ipsam
610 815 627 843 ,
678 785 870 848 quam
916 784 1257 827 concursus
1314 761 1621 841 significat
1646 780 1661 834 ;

149 868 293 949 quod
315 867 573 945 pertinet
586 863 667 924 ad
682 861 1093 943 quaestionem
1104 858 1183 919 de
1200 857 1385 919 modo
1402 856 1669 937 loquen-

150 964 297 1032 di‚ut
322 956 694 1037 inprincipio
722 956 913 1034 hujus
942 952 1085 1015 libri
1110 951 1283 1029 tetigi
1318 970 1334 1023 ;
1364 950 1465 1010 vel
1498 954 1667 1011 certe

146 1057 215 1119 ita
262 1053 418 1133 loqui
474 1056 811 1131 potuerunt
850 1050 985 1109 sine
1040 1044 1469 1117 distinctione,
1520 1044 1669 1122 quia

146 1149 369 1229 quaestio
394 1146 585 1207 alium
610 1161 865 1205 sensum
878 1140 1019 1223 {non
1039 1140 1291 1219 patitur,
1322 1138 1667 1218 praesertim

145 1246 283 1304 Inter
304 1240 633 1319 sapientes·
660 1238 843 1311 Nam,
875 1253 1018 1297 cum
1054 1232 1313 1313 quaestio
1340 1233 1419 1293 sit
1456 1232 1535 1291 de
1562 1250 1667 1291 ac·

144 1338 285 1397 tione
304 1380 317 1405 ‚
361 1350 543 1393 nemo
589 1329 865 1409 prudens
918 1328 1267 1403 intelligere
1320 1328 1525 1404 potest
1582 1342 1665 1383 an

142 1448 262 1490 cum
288 1426 504 1507 aequali
533 1426 781 1487 actione
824 1428 943 1485 stet
969 1438 1169 1482 unum
1215 1437 1403 1499 agere
1434 1424 1497 1479 et
1534 1436 1661 1479 non

142 1524 323 1594 alium,
355 1520 463 1581 sed
500 1537 646 1580 cum
680 1515 1023 1597 aequalibus
1067 1513 1303 1575 viribus
1353 1512 1435 1572 ad
1474 1528 1661 1591 agen·

140 1619 285 1689 dum,
306 1634 415 1677 seu
442 1632 587 1675 cum
609 1612 833 1691 aequali
860 1610 1184 1690 principio,
1216 1607 1477 1681 Quando
1510 1623 1661 1685 ergo

136 1714 399 1771 tractatur
424 1707 684 1787 quaestio
709 1706 789 1767 de
800 1704 1045 1765 duobus
1064 1702 1439 1763 habentibus
1455 1718 1661 1779 aequa-

136 1806 203 1865 lia
216 1802 447 1877 auxilia,
460 1801 705 1879 absque
720 1799 841 1859 alia
856 1796 1298 1867 declaratione,
1314 1792 1663 1871 intelligen-

138 1898 202 1959 da
219 1896 389 1957 estde
420 1893 667 1954 auxiliis
690 1910 831 1971 quae
863 1896 1009 1951 sunt
1030 1908 1144 1969 per
1156 1888 1409 1949 modum
1438 1886 1662 1966 princi-

135 1991 225 2071 pii,
253 2008 371 2049 non
417 1987 495 2047 de
539 2004 853 2047 concursu
880 1983 1038 2063 ipso.
1073 1981 1317 2061 Alioqui
1372 1981 1559 2041 etiam
1598 1979 1661 2039 in

135 2083 341 2143 actibus
370 2080 715 2141 moral-ibus
743 2078 977 2139 ordinis
1004 2082 1265 2145 naturae,
1301 2074 1509 2135 dicere
1532 2092 1661 2134 non

134 2192 443 2256 possemuS,
474 2193 555 2235 ex
580 2172 828 2234 duobus
854 2168 1231 2232 habentibus
1258 2166 1521 2245 aequalia
1548 2164 1661 2225 do-

128 2290 195 2329 na
243 2276 467 2330 naturae
496 2315 513 2342 ,
552 2284 757 2328 unum
800 2284 913 2344 pro
964 2280 1079 2323 sua
1128 2261 1411 2321 libertate
1450 2260 1658 2321 facere

128 2364 589 2441 eleemosynam,
620 2360 814 2421 alium
840 2376 971 2418 non
996 2356 1227 2426 facere3
1256 2356 1407 2428 im0,
1444 2371 1654 2431 neque

124 2476 291 2517 unum
347 2474 615 2534 peccare
640 2500 659 2529 ,
718 2452 911 2513 alium
964 2468 1095 2510 non
1150 2467 1411 2527 peccare
1438 2468 1453 2521 ;
1509 2447 1657 2526 quia

127 2569 345 2629 semper
370 2550 421 2610 is
447 2548 557 2628 qui
610 2552 753 2609 actu
778 2549 1097 2625 operatur,
1128 2543 1319 2603 habet
1348 2542 1655 2602 actualem

125 2664 457 2719 concursum
480 2641 863 2710 naturalem,
910 2656 1097 2718 quem
1129 2655 1255 2696 non
1282 2636 1473 2696 habet
1500 2635 1657 2695 alius

126 2738 361 2815 quinon
398 2742 723 2815 operatur.
766 2732 961 2812 Igitur
1002 2750 1081 2791 ex
1130 2736 1196 2789 s'e
1243 2734 1484 2789 constat
1530 2747 1659 2789 non

126 2832 237 2890 fieri
289 2830 823 2909 comparationem
860 2826 925 2885 in
963 2841 1271 2885 concursu
1302 2868 1316 2895 ,
1376 2822 1661 2901 quamvis

126 2926 225 2983 hoc
252 2930 523 3002 tempore
554 2968 571 2995 ,
618 2921 707 2982 ad
756 2918 1039 2980 vitandas
1076 2916 1445 2987 calumniae,
1504 2916 1662 2993 opti-

128 3036 273 3077 mum
298 3016 629 3077 consilium
676 3014 755 3073 sit
805 3010 1307 3073 declarationem.
1336 3007 1656 3068 adhibere.

192 3114 243 3170 4.
292 3109 567 3174 Secunda
578 3106 1034 3170 ‹inertia—At
1056 3100 1559 3180 vere,loquendo
1582 3099 1659 3160 de

127 3204 337 3264 auxiliis
350 3203 561 3264 omnib
568 3220 647 3262 us
662 3219 801 3278 quae
824 3199 1051 3260 dantur
1067 3203 1137 3257 ut
1145 3195 1447 3276 principia
1460 3200 1657 3266 actae,

128 3303 177 3356 et
196 3315 337 3357 exse
365 3294 801 3374 praescindunt
828 3293 907 3352 ab
934 3290 1158 3351 actuali
1177 3287 1663 3359 concursu‚sim-

126 3390 333 3468 pliciter
366 3407 591 3451 verum
622 3405 853 3448 censeo
896 3403 1081 3464 posse
1120 3383 1258 3444 fieri
1287 3387 1375 3454 ut,
1402 3400 1479 3442 ex
1502 3381 1660 3442 duo-

124 3482 221 3542 bus
248 3483 621 3544 habentibus
642 3479 907 3558 aequalia
936 3477 1187 3550 auxilia,
1205 3495 1369 3536 unus
1397 3493 1659 3535 consen-

120 3577 232 3650 tint,
258 3577 487 3648 credat,
519 3581 639 3635 aut
664 3571 1095 3653 poenitentiam
1110 3575 1279 3650 agat,
1324 3587 1449 3628 non
1478 3568 1655 3627 alter.

124 3671 197 3728 lta
258 3669 606 3731 docuerunt
666 3685 745 3727 ex
794 3663 1247 3726 recentioribus
1302 3661 1660 3722 auctoribus

122 3763 341 3834 Driedo,
378 3763 457 3826 de
504 3761 877 3841 captivitate
918 3763 983 3820 et
1010 3756 1441 3836 redemptione
1472 3773 1663 3832 gene-

124 3856 191 3916 ris
208 3858 475 3929 humani,
510 3861 590 3916 tr.
612 3856 681 3928 4,
706 3873 759 3914 c.
783 3855 847 3925 2,
878 3858 1041 3931 part.
1074 3855 1133 3922 5,
1160 3850 1359 3912 concl.
1378 3851 1439 3921 ὃς
1469 3851 1663 3910 Ruar-

124 3949 241 4023 dus,
268 3957 381 4012 art.
410 3955 470 4024 7,
504 3948 712 4011 concl.
746 3951 807 4020 7,
838 3949 877 4008 8
908 3951 971 4008 et
1000 3949 1112 4020 {03
1142 3944 1513 4023 stapleton„
1546 3942 1655 4002 lib.

124 4045 155 4102 4
179 4044 245 4102 de
274 4045 477 4106 Gratia
494 4049 561 4104 et
595 4043 777 4103 liber.
797 4041 1038 4113 arbitr„
1070 4058 1208 4118 cap.
1232 4039 1301 4109 8;
1338 4036 1661 4098 Bellarmi-

122 4137 356 4210 nu3,1ib.
387 4139 429 4198 6
458 4137 538 4198 de
568 4135 797 4198 Libero
825 4133 1065 4204 arbitr„
1100 4151 1237 4211 cap.
1272 4133 1371 4204 15,
1402 4136 1561 4190 sent.
1584 4131 1653 4203 93

124 4229 270 4302 Soto,
301 4233 327 4290 1
362 4230 441 4291 de
471 4232 617 4292 Nat.
653 4234 715 4289 et
730 4233 1074 4307 grat.,cap.
1104 4227 1214 4297 16;
1248 4230 1311 4285 et
1328 4225 1517 4302 Vega,
1550 4223 1655 4283 lib.

123 4323 155 4380 6
186 4322 239 4381 in
264 4323 640 4394 Tridentin.‚
680 4340 819 4400 cap.
860 4322 934 4393 93
972 4325 1033 4380 et
1062 4339 1139 4380 ex
1174 4317 1445 4394 antiquis
1474 4316 1661 4378 Scho-

122 4414 347 4490 lasticis,
382 4417 665 4477 insinuat
717 4415 837 4474 hoc
874 4415 1315 4474 Bonaventura
1346 4455 1361 4482 ‚
1406 4409 1471 4469 in
1500 4411 1560 4478 4,
1592 4409 1655 4468 d.

125 4509 207 4579 16,
250 4515 361 4570 art.
405 4512 467 4583 4,
506 4513 735 4588 quaest.
779 4509 837 4580 l,
872 4506 978 4566 ubi
1034 4505 1121 4566 sic
1165 4503 1405 4583 inquit:
1452 4503 1661 4564 Motus

124 4603 480 4666 contritionis
501 4605 805 4678 ferventer
830 4616 956 4662 esee
968 4602 1167 4679 potest
1192 4597 1513 4660 secundum
1538 4611 1662 4656 coo-

121 4695 457 4770 perationem
476 4694 657 4758 libert
684 4691 947 4756 arbitrii.
982 4691 1145 4756 Unde
1171 4708 1246 4752 eze
1271 4687 1493 4769 ceqnali
1518 4705 1663 4769 qra-

126 4787 204 4849 tia
244 4789 565 4869 aliquando
606 4785 807 4866 maqie
846 4790 1085 4865 fervens
1138 4781 1381 4846 elicitur
1438 4786 1661 4850 motae,

128 4878 425 4959 aliqnando
467 4881 695 4952 minus,
742 4878 1067 4942 secundum
1098 4875 1562 4956 cooperationem
1590 4871 1665 4934 li-

126 4971 233 5033 beri
276 4971 519 5036 arbitrii
537 4998 565 5044 ,·
616 4971 789 5033 addit
840 4987 988 5030 vero
1046 4967 1255 5029 statim
1298 4985 1310 5026 :
1362 4965 1491 5030 Sed
1514 4982 1665 5047 pro·

124 5063 237 5142 prie
260 5083 373 5128 non
402 5065 633 5130 dc'citur
653 5065 875 5144 major,
906 5061 1031 5124 nisi
1056 5061 1281 5125 virtute
1298 5058 1667 5140 poenitentia·

126 5164 543 5235 aucmentum,
584 5164 645 5221 et
675 5159 782 5220 noc
818 5161 909 5218 est
944 5173 1057 5234 per
1090 5153 1377 5234 qratiam.
1412 5153 1483 5213 In
1530 5150 1667 5230 qui-

126 5247 229 5309 bus
255 5250 491 5312 ‘ultimis
530 5250 739 5312 verbis
778 5248 1085 5328 significat
1128 5247 1391 5327 gratiam
1440 5264 1667 5325 coope-

126 5351 367 5418 rantem,
392 5364 504 5406 seu
532 5349 1033 5414 concurrentem,
1054 5359 1304 5420 semper
1317 5359 1455 5401 esse
1472 5340 1667 5418 majo-

129 5453 267 5496 rem.
292 5438 579 5518 Apertius
600 5438 661 5498 id
680 5439 863 5500 docet
890 5436 1273 5504 Altisiodor.‚
1292 5435 1399 5494 lib.
1419 5437 1459 5494 2
1486 5435 1670 5496 Sum-

129 5544 265 5602 mae,
319 5537 563 5594 tractat.
612 5533 671 5606 Ξ,
701 5549 837 5610 cap.
884 5532 944 5604 3,
980 5535 1043 5592 et
1081 5528 1413 5607 Dionysius
1446 5528 1670 5588 Cister-

1747 763 1929 824 randi
1953 784 2090 826 esse
2112 768 2438 846 proprium
2466 768 2710 845 agentis
2735 768 2934 840 liberi,
2969 769 3151 829 docet
3185 770 3307 829 Hu-

1749 873 1829 935 go
1857 856 1936 919 de
1965 858 2196 919 Sancto
2219 860 2474 931 Victor„
2505 862 2570 921 in
2595 864 2978 923 annotation.
3013 863 3078 922 in
3103 882 3240 941 cap.
3265 865 3306 923 9

1750 952 1931 1029 epist.
1964 954 2046 1015 ad
2100 957 2280 1016 Rom.
2313 958 2404 1017 Ex
2434 957 2722 1017 Patribus
2755 1002 2770 1029 ,
2809 960 3074 1035 possunt
3109 958 3306 1017 multa

1750 1044 1976 1107 adduci
2038 1047 2104 1107 in
2155 1048 2346 1128 hujus
2395 1051 2484 1111 rei
2525 1048 3060 1111 confirmationem
3093 1096 3108 1122 ‚
3167 1067 3306 1128 quae

1746 1137 2020 1201 breviter
2059 1140 2372 1203 indicabo.
2873 1166 2884 1176 ·

1826 1232 2090 1310 Cyrillus
2139 1236 2628 1309 Alexandrinus,
2674 1237 2782 1297 lib.
2843 1240 2907 1297 tl
2974 1238 3038 1298 in
3086 1239 3299 1307 Joan.,

1746 1340 1801 1383 c.
1830 1326 1932 1397 21,
1963 1332 2296 1406 postquam
2327 1330 2526 1391 multa
2557 1330 2636 1391 de
2674 1331 3028 1391 necessaria
3077 1348 3306 1409 coope-

1743 1416 1984 1478 ratione
2005 1418 2188 1483 liberi
2208 1423 2444 1483 arbitrii
2465 1442 2608 1483 cum
2631 1423 2842 1483 divina
2869 1424 3067 1503 gratia
3095 1424 3304 1504 dispu-

1742 1514 1959 1584 tasset,
1989 1512 2074 1573 ita
2104 1514 2418 1576 concludit
2451 1535 2464 1575 ε
2503 1516 2674 1589 Quod
2707 1518 2765 1577 ei
2801 1518 3074 1597 proditor
3103 1536 3306 1597 oequa-

1742 1601 1885 1665 liter
1920 1605 2066 1667 aliie
2095 1608 2416 1689 discipulis
2459 1608 2810 1673 Salvatoris
2851 1609 3147 1671 auxilium
3185 1628 3306 1671 non

1744 1696 2054 1772 habuerat,
2097 1702 2348 1775 frastra
2377 1704 2504 1765 koec
2528 1721 2566 1763 a
2593 1701 2756 1763 nobis
2783 1702 3142 1765 dicerentur.
3183 1703 3307 1765 Sin

1743 1794 1940 1851 autem
1977 1808 2096 1853 non
2136 1794 2339 1857 minae
2389 1814 2567 1875 qaam·
2611 1796 2815 1859 cateri
2853 1796 3058 1858 divina
3097 1798 3306 1874 ⁸aratia

1741 1884 2077 1964 reyebatam
2108 1888 2216 1949 ced
2234 1906 2344 1949 suo
2365 1888 2565 1971 ipsius
2581 1890 2817 1969 judicio
2843 1890 2910 1950 in
2935 1891 3304 1970 profundum

1736 1978 2100 2056 perditionis
2145 1981 2426 2059 delapsae
2477 1984 2584 2057 sit,
2629 1984 2911 2063 quomodo
2955 1980 3137 2046 etiam
3183 2002 3304 2045 non

1742 2071 2008 2135 servavit
2034 2090 2166 2135 eam
2199 2073 2522 2138 Christus?
2544 2081 2661 2136 etc.
2686 2077 3185 2155 chrysostomuS,
3221 2076 3303 2135 ad

1742 2167 1917 2225 Rom.
1948 2168 2009 2241 9,
2043 2167 2216 2228 hom.
2249 2171 2346 2243 16,
2377 2170 2540 2231 inter
2567 2171 2713 2246 alia,
2743 2170 2830 2231 sic
2868 2170 3070 2249 inquit
3099 2189 3111 2230 :
3143 2173 3302 2235 Deae

1739 2260 2054 2323 admodum
2089 2261 2272 2323 bonae
2303 2282 2436 2325 cam
2475 2265 2584 2337 eit,
2627 2265 2695 2325 in
2736 2264 3010 2344 atrisque
3044 2266 3303 2327 eamdem

1739 2354 1998 2416 ostendit
2023 2354 2412 2430 volientatm,
2443 2358 2659 2421 etenim
2691 2376 2808 2419 non
2832 2376 2928 2420 eos
2965 2360 3132 2419 modo
3155 2374 3302 2437 quoe

1736 2448 2034 2517 servabat,
2079 2448 2402 2513 miseratus
2431 2458 2544 2524 eet,
2575 2454 2684 2514 sed
2717 2457 2774 2513 et
2802 2451 3184 2512 Pharaonem
3210 2450 3304 2531 ip-

1736 2556 1871 2599 sum
1887 2583 1902 2611 ,
1963 2544 2494 2622 quantumquidem
2541 2546 2608 2605 in
2657 2546 2790 2625 ipso
2832 2545 2999 2619 faith-
3043 2544 3300 2605 eamdem

1739 2635 1895 2694 enim
1924 2632 2234 2697 lenitatem
2261 2641 2320 2697 et
2347 2636 2454 2699 ille
2487 2645 2544 2699 et
2569 2637 2666 2699 kic
2695 2642 2841 2699 eunt
2863 2638 3126 2699 assecuti
3140 2662 3166 2709 ,·
3199 2636 3302 2715 qai

1740 2727 1799 2788 ci
1820 2732 2096 2789 servatae
2123 2746 2242 2789 non
2273 2730 2420 2807 fnit,
2465 2732 2558 2793 rei
2597 2732 2786 2793 totius
2823 2732 3003 2809 culpa
3031 2731 3102 2791 ab
3129 2730 3304 2793 illiue

1742 2822 1944 2881 animo
1970 2819 2210 2895 accidit,
2237 2840 2380 2885 nam
2407 2824 2520 2887 Dei
2548 2828 2758 2905 partes
2788 2828 2964 2903 atque
2993 2825 3190 2903 officia
3213 2824 3306 2885 ni-

1744 2913 1863 2975 hilo
1886 2914 2088 2975 minus
2109 2916 2330 2995 accipit
2357 2936 2538 2998 quam
2561 2916 2666 2997 qui
2681 2916 2910 2979 serrati
2931 2920 3098 2977 eunt.
3130 2916 3302 2977 Idem

1745 3006 1927 3067 docet
1959 3008 2260 3085 Origenes
2292 3012 2614 3086 latissime,
2645 3011 2980 3090 multisque
3004 3009 3304 3089 exemplis

1744 3099 2021 3160 declarat
2060 3101 2166 3163 lib.
2201 3105 2238 3164 3
2293 3106 2630 3177 Periarch.,
2685 3104 2873 3185 paulo
2911 3109 3050 3182 post
3075 3102 3308 3182 princi-

1744 3215 1940 3275 pium.

1824 3295 1883 3353 5.
1929 3295 2053 3356 Sed
2077 3297 2244 3375 apud
2275 3296 2692 3372 Augustinum
2723 3302 2819 3356 est
2847 3294 2924 3356 de
2962 3296 3078 3354 hac
3107 3311 3174 3353 re
3210 3292 3304 3352 lo-

1742 3405 1853 3447 cus
1880 3388 2140 3468 insignis
2184 3390 2289 3449 lib.
2325 3389 2406 3450 de
2459 3390 2752 3450 Proedest.
2801 3395 2864 3450 et
2909 3389 3128 3468 gratia,
3159 3405 3297 3465 cap.

1742 3479 1985 3541 decimo
2029 3482 2268 3560 quinto,
2319 3483 2422 3542 ubi
2455 3488 2775 3562 comparat
2812 3481 3306 3544 Nabuchodono-

1744 3590 1847 3632 sor
1876 3580 1938 3633 ct
1968 3575 2394 3646 Pharaonem,
2432 3593 2700 3653 quorum
2741 3575 2913 3654 prior
2953 3576 3303 3655 flagellatus

1744 3666 2170 3743 poenitentiam
2216 3669 2344 3748 egit
2383 3668 2790 3740 fructuosam,
2839 3669 3150 3747 posterior
3189 3669 3306 3728 du-

1742 3757 1869 3818 rior
1896 3760 2156 3822 effectus
2187 3767 2280 3822 est
2315 3780 2326 3822 :
2360 3761 2548 3824 Ambo
2579 3763 2864 3832 homines,
2904 3763 3070 3824 ambo
3110 3780 3302 3845 reyes,

1744 3853 1911 3912 ambo
1939 3855 2244 3934 captivum
2281 3855 2398 3917 Dei
2433 3855 2723 3936 populum
2764 3853 3153 3934 possidente&
3183 3873 3306 3916 am·

1744 3945 1809 4005 bo
1837 3946 2109 4025 flayeZlic
2147 3948 2461 4010 clementer
2501 3949 2816 4010 admoniti.
2865 3947 2988 4010 Cur
3026 3965 3163 4027 erqo
3193 3967 3306 4009 me-

1743 4035 2142 4102 dicamentum
2185 4042 2368 4102 anias
2415 4040 2630 4102 medici
2675 4045 3003 4117 confectum
3060 4041 3176 4104 alii
3229 4042 3312 4104 ad

1741 4129 2080 4208 interitum,
2113 4133 2230 4195 alii
2277 4133 2464 4196 volvit
2507 4135 2590 4196 ad
2625 4133 2933 4196 salutem?
2976 4131 3138 4206 Quid
3155 4135 3306 4212 sines

1738 4240 1944 4288 eorum
1969 4225 2114 4304 lecit
2141 4244 2266 4288 esse
2291 4225 2580 4300 diversos,
2622 4226 2748 4286 nisi
2787 4218 2946 4304 q'wod
2979 4243 3136 4288 unae
3176 4244 3306 4288 ma·

1742 4335 1887 4378 nam
1912 4320 2032 4382 Dei
2057 4319 2318 4382 sentiens
2345 4321 2412 4382 in
2440 4319 2848 4382 recordatione
2889 4321 3157 4400 proprioe
3185 4321 3308 4381 ini-

1742 4411 2000 4489 quitatis
2019 4412 2332 4493 ingemuit,
2366 4413 2526 4476 alter
2553 4413 2732 4475 libero
2759 4417 2975 4474 contra
2999 4411 3112 4474 Dei
3131 4414 3307 4477 miec-

1742 4504 2223 4568 ricordiceimam
2251 4507 2567 4569 veritatem
2587 4506 2892 4587 puynavit
2916 4507 3170 4568 arbitrio
3187 4531 3212 4578 ,·
3251 4514 3313 4567 et

1742 4602 1963 4673 postea
2017 4599 2352 4672 concludit,
2405 4600 2532 4661 noec
2573 4598 2795 4670 omnia,
2847 4599 2939 4660 cel
2989 4600 3312 4679 adjuvante

1742 4690 1998 4750 Domino
2017 4693 2254 4771 perfici,
2284 4691 2377 4754 vel
2417 4693 2714 4754 deserente
2732 4690 3033 4772 permitti.
3063 4692 3312 4772 Signifi-

1746 4799 1921 4856 canS,
1951 4801 2029 4844 ex
2057 4789 2236 4860 parte
2274 4784 2412 4862 ejus
2444 4784 2554 4862 qui
2578 4783 2988 4857 convertitur,
3023 4784 3086 4844 id
3121 4787 3313 4864 potis-

1748 4875 1976 4935 simum
2021 4894 2160 4936 esse
2193 4876 2597 4938 tribuendum
2638 4877 2875 4955 gratioe,
2909 4895 3036 4938 non
3075 4897 3314 4957 praeve-

1745 4968 1940 5028 nienti
1985 4971 2267 5044 tantum,
2317 4969 2430 5030 sed
2475 4968 2796 5048 adjuvanti
2839 4976 2900 5031 et
2953 4972 3314 5050 cooperanti

1746 5062 1947 5122 libero
1977 5062 2255 5124 arbitrio.
2292 5063 2418 5125 Sed
2450 5063 2594 5142 quia
2625 5063 2728 5123 hic
2759 5063 2918 5124 liber
2945 5065 3008 5124 in
3051 5065 3314 5125 dubium

1746 5161 2078 5218 revocatur
2101 5174 2184 5217 an
2206 5158 2534 5237 Augustini
2559 5157 2658 5229 sit,
2685 5158 2976 5220 eamdem
2997 5158 3128 5220 fere
3149 5177 3317 5219 com·

1748 5249 2142 5328 parationem
2167 5249 2318 5312 facit
2355 5250 2522 5312 idem
2556 5250 2942 5329 Augustinus
2974 5253 3048 5310 12
3079 5251 3158 5311 de
3185 5251 3316 5310 Tri-

1748 5344 1891 5414 nit.‚
1922 5361 2061 5422 cap.
2092 5350 2289 5415 sexto,
2313 5343 2421 5404 ubi
2451 5344 2766 5404 constituit
2796 5343 2956 5403 duos
2991 5343 3316 5422 aequaliter

1750 5435 1960 5496 animo
1991 5441 2054 5498 et
2095 5455 2356 5515 corpore
2403 5435 2681 5509 effectori,
2743 5441 2804 5496 et
2844 5435 3070 5514 aequali
3117 5441 3318 5495 tenta-

1751 5529 1921 5590 tione
1973 5527 2286 5607 pulsatOS,
2349 5535 2411 5590 et
2455 5545 2654 5588 unum
2697 5527 2878 5601 velle,
2931 5534 2993 5589 et
3043 5527 3314 5590 alterum
