3850 6225
532 390 655 452 470

536 491 765 555 mereri
796 492 1083 553 eamdem
1108 494 1296 555 vitam
1317 498 1641 567 aeternam,
1666 495 1952 573 quamvis
1971 512 2100 553 non

535 592 901 649 mereantur
952 586 1241 649 eamdem
1293 588 1580 667 gratiam.
1626 590 2096 660 Verumtamen,

537 680 658 743 hoc
686 679 904 742 ultimo
944 686 1175 759 puncto
1222 680 1603 759 incipiendo,
1634 682 1919 743 contritio
1959 680 2100 740 ideo

536 792 666 837 non
686 779 961 837 meretur
978 774 1245 853 primam
1266 792 1371 853 gra
1382 774 1553 849 tiam,
1578 776 1727 854 quia
1748 775 1879 854 ipsa
1902 773 2102 854 prima

538 866 741 947 gratia
768 866 915 929 data
944 872 1041 929 est
1062 867 1305 927 ratione
1336 866 1523 941 illiue,
1547 874 1848 948 tanquam
1872 868 2104 927 ultimae

540 966 603 1021 et
650 959 1079 1021 convenientis
1126 960 1581 1039 dispositionis:
1628 968 1690 1022 et
1742 961 1907 1035 ideo,
1951 960 2104 1021 dum

538 1053 645 1115 illa
676 1054 872 1133 gratia
902 1053 1292 1127 informatur,
1322 1056 1683 1117 immediate
1724 1055 1994 1116 refertur
2023 1055 2104 1115 ad

540 1146 851 1228 gloriam,
890 1152 953 1207 et
998 1166 1125 1208 non
1172 1146 1255 1207 ad
1302 1147 1605 1227 gratiam;
1658 1155 1873 1210 tamen
1933 1154 2108 1208 actus

542 1240 957 1321 procedentes
988 1260 1025 1301 a
1056 1241 1255 1320 gratia
1279 1243 1416 1321 jam
1446 1244 1748 1305 existente
1780 1243 1843 1303 in
1873 1241 2104 1316 anima,

542 1351 660 1394 nec
690 1340 833 1395 sunt
864 1340 968 1393 aut
996 1332 1171 1394 fuere
1222 1326 1501 1414 unquam
1550 1336 1991 1414 dispositiones
2027 1334 2110 1395 ad

540 1424 710 1487 illam
732 1426 1023 1505 gratiam,
1056 1445 1171 1487 nec
1201 1429 1563 1506 praecedunt
1591 1430 1777 1490 etiam
1806 1430 1868 1489 in
1896 1429 2110 1507 aliquo

540 1520 723 1600 signo
777 1526 1042 1596 naturis,
1094 1527 1161 1582 ut
1194 1524 1531 1597 informes;
1582 1524 1693 1585 sed
1726 1524 1884 1586 fiunt
1924 1524 2108 1584 simul

543 1618 616 1673 ut
644 1614 891 1675 formati
926 1617 1009 1677 ab
1050 1618 1183 1696 ipsa
1214 1617 1438 1696 gratia,
1470 1618 1587 1679 nisi
1620 1625 1686 1679 nt
1712 1618 1962 1680 formati
1997 1636 2110 1697 per

544 1706 754 1779 illam3
802 1714 866 1769 et
898 1708 1065 1783 ideo,
1096 1710 1255 1771 sicut
1306 1712 1655 1790 procedunt
1682 1710 1851 1789 digni
1882 1710 2103 1789 gloria,

542 1799 631 1861 ita
650 1798 819 1878 digni
850 1803 1084 1879 gratia:
1110 1804 1159 1863 si
1194 1821 1344 1882 ergo
1373 1822 1502 1865 non
1532 1812 1853 1865 merentur
1878 1821 2109 1864 novam

542 1893 833 1971 gratiam,
876 1914 1132 1959 necesse
1174 1901 1363 1959 estut
1392 1904 1755 1959 mereantur
1782 1897 1956 1977 prius
2001 1899 2108 1958 ha·-

546 1984 783 2058 bitam;
850 1994 912 2049 et
966 1994 1446 2068 consequenter,
1495 1991 1543 2051 si
1598 1998 1777 2051 actus
1817 1992 1943 2051 sint
1997 1990 2110 2051 ad-

549 2080 779 2157 oequati
814 2080 931 2159 ipsi
960 2083 1195 2158 gratiae,
1230 2083 1497 2163 ideoque
1528 2089 1889 2145 mereantur
1912 2090 2106 2145 totam

546 2172 739 2232 vitam
774 2180 1075 2235 aeternam
1117 2177 1199 2236 illi
1242 2176 1861 2255 correspondentem,
1902 2194 2112 2238 mere-

546 2262 781 2325 buntur
822 2266 1007 2327 etiam
1054 2272 1246 2329 totam
1294 2270 1493 2349 ipsam
1523 2270 1810 2348 gratiam,
1843 2289 1879 2329 a
1910 2270 2110 2349 prima

548 2376 747 2436 usque
776 2360 858 2421 ad
886 2361 1191 2423 ultimam.
1225 2364 1401 2426 Unde
1442 2364 1524 2425 ad
1554 2365 1826 2443 priorem
1854 2382 2113 2443 respon-

550 2452 791 2513 sionem
816 2452 1019 2515 fateor
1048 2474 1186 2517 esse
1222 2464 1441 2517 contra
1478 2456 1861 2518 ordinariam
1904 2457 2115 2537 legem

550 2545 781 2619 meriti,
810 2547 890 2607 de
920 2566 1083 2609 novo
1112 2550 1343 2611 mereri
1368 2549 1433 2611 id
1460 2550 1633 2627 quod
1653 2551 1787 2629 jam
1832 2551 2113 2629 posside-

549 2644 675 2711 tur,
703 2641 977 2703 maxime
1008 2642 1056 2701 si
1088 2642 1163 2703 sit
1188 2644 1561 2721 principium
1590 2644 1831 2716 meriti;
1862 2644 2003 2704 dico
2023 2651 2114 2705 ta-

551 2748 701 2793 men
730 2732 793 2793 id
822 2733 1001 2811 sequi
1042 2752 1117 2795 ex
1147 2736 1439 2815 praedicta
1472 2737 1813 2808 sententia,
1842 2738 1988 2816 quia
2025 2737 2116 2797 illi

552 2828 729 2885 actus
758 2832 903 2887 sunt
930 2827 1098 2905 digni
1127 2829 1349 2906 gratia,
1380 2831 1541 2891 sicut
1570 2834 1633 2891 et
1662 2830 1895 2910 gloria;
1939 2848 2112 2909 erge,

552 2917 603 2979 si
632 2925 888 2997 propter
926 2920 1065 2981 illos
1104 2940 1231 2981 non
1276 2922 1461 2984 datur
1490 2942 1655 2985 nova
1703 2924 1930 3002 gratia,
1958 2925 2119 2985 sicut

552 3030 669 3073 nec
718 3016 1059 3092 acceptatio
1120 3016 1201 3076 ad
1248 3034 1473 3077 novam
1516 3016 1815 3097 gloriam,
1854 3035 2116 3078 necesse

556 3109 737 3168 estut
766 3106 989 3168 eadem
1016 3109 1217 3190 gratia
1248 3110 1404 3171 sicut
1431 3117 1495 3172 et
1537 3110 1757 3172 eadem
1792 3110 1917 3172 vita
1944 3117 2118 3172 aeter-

552 3217 635 3260 na
676 3199 811 3279 jam
862 3201 1241 3276 conferatur,
1272 3204 1371 3265 vel
1416 3209 1821 3265 conservetur
1864 3209 2120 3284 propter

550 3291 655 3353 illa
696 3293 941 3368 merita,
974 3314 1139 3357 novo
1166 3297 1366 3358 titulo,

633 3387 731 3448 35.
754 3386 905 3450 Alia
941 3388 1158 3452 evasio.
1188 3421 1266 3436 --
1296 3385 1581 3452 Fortasse
1620 3391 1843 3471 aliquis
1866 3397 2122 3472 propter

552 3479 685 3540 haec
724 3479 889 3540 dicet
926 3499 1055 3542 non
1096 3483 1181 3544 ita
1214 3483 1349 3544 dari
1392 3484 1559 3546 idem
1603 3486 1925 3563 praemium
1975 3503 2121 3564 pro-

548 3578 687 3652 pter
716 3573 895 3652 plura
928 3575 1171 3648 merita,
1206 3582 1272 3637 ut
1299 3576 1545 3656 singula
1579 3577 1699 3640 sint
1732 3597 1934 3639 causae
1961 3583 2118 3638 tota·

550 3663 643 3726 les
666 3665 731 3724 in
766 3683 997 3744 genere
1020 3669 1221 3729 meriti
1252 3669 1446 3748 ipsius
1474 3671 1708 3748 praemii
1736 3689 1751 3743 ;
1790 3671 1904 3731 sed
1931 3670 2016 3730 ita
2051 3674 2121 3731 ut

548 3759 875 3838 praemium
902 3759 1083 3822 detur
1102 3769 1357 3842 propter
1378 3763 1587 3824 omnia
1618 3765 1717 3824 illa
1744 3765 1927 3824 simul
1953 3781 2120 3826 sum-

550 3859 681 3933 pta,
714 3855 1227 3915 concurrentibus
1264 3856 1523 3936 singulis
1548 3858 1908 3936 partialiter.
1935 3859 2113 3930 Nam,

550 3946 695 4008 licet
747 3945 1013 4027 singula,
1048 3948 1097 4006 si
1127 3966 1243 4028 per
1279 3966 1346 4009 se
1376 3949 1501 4009 sola
1536 3955 1767 4019 essent,
1810 3949 2002 4028 digna
2027 3950 2116 4012 fo-

551 4047 693 4102 rent
720 4047 849 4102 toto
876 4041 979 4103 illo
1016 4043 1292 4121 praemio,
1328 4050 1539 4122 utpote
1572 4043 1687 4123 ipsi
1710 4044 1998 4123 aequalia,
2029 4050 2117 4104 ta-

546 4153 693 4196 men
722 4135 801 4196 de
826 4135 991 4196 sacto
1010 4155 1135 4196 non
1154 4143 1561 4216 acceptantur
1576 4137 1697 4198 nisi
1722 4143 1789 4198 ut
1818 4138 2118 4217 conjunc-

547 4234 609 4288 ta
639 4245 781 4289 cum
806 4229 980 4300 aliis;
1022 4235 1083 4290 ct
1114 4229 1258 4290 ideo
1294 4231 1373 4290 de
1420 4231 1580 4290 facto
1606 4237 1847 4290 tantum
1884 4230 2114 4310 partia-

548 4319 689 4382 liter
716 4329 1113 4384 concurrunt.
1150 4325 1349 4402 Atque
1370 4323 1481 4382 hac
1498 4323 1737 4384 ratione
1766 4327 1974 4402 potest
2000 4323 2120 4383 diei

548 4413 809 4491 quilibet
838 4421 1015 4475 actus
1032 4415 1408 4488 meritoriuS,
1442 4435 1554 4494 per
1570 4433 1637 4476 se
1662 4415 2116 4486 consideratuS,

546 4506 775 4568 mereri
818 4515 1227 4586 augmentum
1260 4508 1397 4568 vitae
1439 4515 1707 4582 aeternae,
1755 4527 1867 4570 seu
1910 4527 2121 4569 essen-

546 4597 710 4658 tialis
754 4600 1011 4678 praemii,
1048 4601 1193 4679 quia
1225 4607 1513 4678 respectu
1570 4602 1754 4674 illius,
1790 4603 1996 4682 majus
2026 4609 2119 4662 est

548 4707 739 4768 quam
796 4692 930 4754 sine
969 4692 1073 4753 illo
1112 4699 1299 4754 esset.
1348 4695 1515 4755 Sicut
1546 4693 1611 4754 in
1652 4696 1874 4757 Christi
1904 4713 2124 4774 opera-

546 4783 819 4844 tionibus
846 4785 1131 4858 dicimus,
1172 4786 1316 4847 licet
1350 4787 1673 4865 quodlibet
1705 4807 1863 4868 opus
1912 4807 2028 4868 per
2053 4807 2121 4850 se

548 4875 1011 4938 consideratum
1065 4883 1229 4940 esset
1290 4880 1605 4942 sufficiens
1662 4881 1745 4942 ad
1798 4881 2122 4960 quodlibet

544 4971 895 5048 praemium,
924 4979 1136 5033 tamen
1162 4973 1239 5034 de
1268 4973 1431 5036 facto
1456 4993 1584 5036 non
1612 4975 1803 5036 fuisse
1831 4974 2120 5035 ordinata

548 5063 793 5144 singula
838 5083 1033 5144 opera
1078 5067 1159 5126 ad
1188 5067 1358 5127 idem
1398 5069 1747 5146 praemium,
1792 5075 1860 5128 ut
1904 5068 2120 5130 totalia

548 5159 791 5230 merita,
826 5158 937 5218 sed
972 5161 1167 5220 totam
1210 5161 1429 5220 Christi
1471 5161 1663 5222 vitam
1702 5161 1893 5222 fuisse
1938 5161 2118 5239 quasi

548 5269 742 5310 unam
756 5252 1065 5312 actionem
1086 5252 1471 5314 meritoriam
1498 5255 1946 5328 continuatam,
1975 5273 2116 5334 quae

544 5342 661 5403 fuit
692 5343 977 5406 ordinata
1004 5344 1087 5405 ad
1116 5345 1466 5424 praemium,
1499 5353 1799 5426 tanquam
1828 5347 2116 5425 adaequa-

550 5441 679 5496 tam
704 5441 767 5496 et
798 5436 1043 5498 unicam
1074 5457 1331 5500 causam
1357 5439 1611 5500 totalem
1641 5441 1777 5520 ejus
1810 5441 1875 5500 in
1904 5457 1982 5500 eo
2011 5457 2118 5518 ge-

550 5545 701 5590 nere
722 5547 739 5602 ;
767 5529 1045 5612 singulas
1068 5549 1217 5594 vero
1236 5531 1512 5594 actiones
1530 5533 1786 5612 proecise
1808 5539 2111 5614 sumptas,

1106 394 1318 447 owse.
1354 396 1411 445 V.
1440 396 1753 449 nunerio
1790 396 1867 447 m:
1898 392 2376 447 {invivtscffl'rm
2409 392 2788 447 naitonum.
2825 392 3064 446 msrm'.
3101 392 3166 446 ss.

2181 494 2384 555 solum
2403 493 2594 555 fuisse
2621 500 2924 571 tanquam
2953 492 3247 572 partiales
3263 508 3528 561 causas,
3561 496 3624 551 et
3651 489 3756 551 sub

2183 588 2302 649 hac
2323 588 2624 649 relatione
2653 587 2870 659 fuisse,
2901 592 2964 649 et
2991 604 3029 647 a
3049 586 3294 648 Christo
3323 584 3676 655 ordinatas,
3703 594 3756 647 et

2183 700 2220 743 a
2247 682 2428 743 Patre
2456 687 2828 759 acceptataS.

2264 776 2364 837 36.
2415 774 2741 855 Rejioitur.
2787 806 2870 819 -
2923 775 3370 835 Verumtamen
3440 773 3754 849 responsio

2183 868 2314 929 hoec
2346 886 2464 930 nec
2492 868 2574 929 ab
2607 867 2966 929 auctoribus
3011 866 3179 927 illius
3209 864 3540 946 opinionis
3567 864 3754 935 datur,

2183 980 2302 1024 nec
2329 968 2424 1023 est
2451 980 2848 1041 consequens
2875 962 2956 1023 ad
2981 978 3200 1023 eorum
3229 960 3620 1026 doctrinam,
3657 976 3758 1019 nec

2187 1058 2582 1121 difficultates
2626 1056 2978 1136 propositas
3023 1057 3174 1117 satis
3215 1054 3508 1135 expedit.
3546 1053 3756 1124 Primo,

2189 1149 2339 1229 quia
2387 1168 2464 1211 ex
2488 1150 2612 1229 ,illa
2655 1150 2936 1227 sequitur
2983 1150 3226 1210 nullum
3269 1166 3354 1211 ex
3401 1148 3508 1207 his
3539 1146 3759 1207 actibus

2187 1243 2522 1305 meritoriis
2545 1243 2826 1322 recipere
2853 1242 3240 1323 condignum
3267 1240 3636 1321 praemium.
3667 1240 3758 1299 Pa·

2189 1344 2280 1399 tet
2307 1336 2591 1416 sequela,
2626 1337 2772 1416 quia
2807 1336 2960 1397 dum
2987 1342 3164 1396 actus
3193 1335 3428 1396 dicitur
3463 1350 3608 1393 esse
3637 1350 3757 1393 cau-

2191 1448 2260 1491 sa
2288 1431 2590 1509 partialis,
2621 1430 2721 1491 vel
2755 1430 2817 1491 id
2859 1429 3225 1509 intelligitur
3257 1446 3337 1489 ex
3373 1433 3568 1506 parte
3595 1426 3760 1485 effee-

2189 1530 2313 1599 tae,
2363 1543 2476 1585 seu
2502 1524 2890 1603 partialitatis
2919 1523 3180 1583 effectus
3209 1522 3303 1597 (ut
3330 1521 3568 1595 aiunt),
3603 1520 3758 1580 etsie

2191 1618 2474 1697 sequitur
2503 1617 2702 1677 solam
2731 1623 2973 1695 partem
3003 1616 3166 1676 illius
3197 1614 3444 1693 praemii
3479 1612 3622 1672 dari
3643 1632 3760 1690 pro-

2189 1719 2328 1791 pter
2375 1710 2527 1771 illud
2557 1711 2875 1783 meritum,
2911 1728 3057 1770 cum
3109 1715 3326 1770 tamen
3369 1704 3540 1766 illud
3571 1711 3660 1765 est
3689 1704 3758 1765 di-

2191 1824 2384 1885 gnum
2428 1811 2558 1867 toto
2589 1804 2886 1885 praemi03
2924 1804 3020 1863 vel
3063 1801 3434 1881 intelligitur
3477 1816 3562 1859 ex
3605 1808 3758 1877 parte

2191 1916 2416 1971 causae,
2451 1904 2515 1959 et
2541 1898 2626 1959 ita
2655 1898 2844 1958 etiam
2887 1896 3170 1975 sequitur
3199 1894 3379 1954 illum
3406 1896 3632 1953 actum
3667 1910 3764 1971 per
3806 1970 3807 1973 Ἴ

2191 2010 2258 2053 se
2283 2009 2412 2052 non
2437 1992 2772 2071 acceptari,
2805 1996 3106 2068 tanquam
3131 1988 3448 2048 rationem
3469 1986 3762 2046 sufficien-

2191 2090 2320 2147 tem
2343 2085 2540 2163 ipsius
2561 2084 2823 2163 pra-mii,
2851 2090 2912 2143 et
2945 2084 3408 2158 consequenter
3447 2098 3582 2139 non
3611 2098 3762 2139 acce-

2191 2179 2351 2258 ptari
2399 2178 2746 2239 secundum
2785 2181 2980 2237 totam
3011 2174 3522 2253 condignitatem
3575 2190 3756 2231 suam.

2193 2272 2484 2333 Secundo
2533 2271 2650 2331 hoc
2697 2276 3006 2348 repugnat
3039 2267 3360 2329 communi
3399 2264 3603 2325 modo
3629 2284 3760 2343 ope-

2193 2364 2374 2425 randi
2403 2372 2468 2426 et
2491 2364 2782 2425 merendi
2831 2362 3192 2432 liominum;
3241 2361 3457 2421 statim
3493 2359 3660 2419 enim
3695 2380 3754 2419 ac

2191 2459 2384 2519 homo
2430 2459 2638 2537 justus
2684 2457 2850 2518 elicit
2904 2461 3112 2516 actum
3155 2452 3485 2515 charitatis
3515 2458 3584 2511 ut
3611 2458 3750 2521 octo,

2193 2552 2412 2631 recipit
2439 2557 2632 2613 totam
2663 2550 3084 2611 intensionem
3127 2547 3379 2607 habitus
3405 2562 3752 2622 correspon-

2193 2646 2448 2707 dentem
2495 2646 2720 2705 merito
2746 2645 2912 2703 illius
2959 2647 3170 2702 actus:
3201 2646 3265 2701 et
3307 2646 3750 2717 consequenter

2199 2743 2560 2817 acceptatur
2609 2738 2690 2797 ad
2747 2736 3014 2815 gloriam
3073 2734 3300 2795 eidem·
3337 2732 3582 2793 habitui
3629 2750 3748 2809 pro·

2197 2832 2615 2912 portionatam
2635 2877 2650 2903 ,
2681 2848 2874 2908 quam
2909 2828 3214 2890 obtinebit
3251 2826 3508 2888 etiamsi
3535 2824 3750 2885 nullum

2198 2926 2392 2987 alium
2439 2930 2646 2985 actum
2699 2923 3088 2985 meritorium
3129 2921 3384 2992 habeat,
3429 2918 3749 2979 dummodo

2199 3020 2263 3080 in
2292 3020 2492 3098 gratia
2513 3018 2849 3093 moriatur3
2875 3023 2938 3078 et
2965 3032 3108 3077 cum
3137 3016 3256 3076 hac
3283 3012 3752 3093 independentia
3806 3024 3807 3095 j

2199 3131 2238 3173 a
2269 3111 2494 3173 futuris
2531 3110 2768 3172 meritis
2793 3110 2864 3172 fit
2891 3110 2994 3171 illa
3019 3108 3400 3188 acceptati0;
3433 3124 3590 3182 ergo
3617 3104 3749 3166 illud

2201 3205 2494 3266 meritum
2525 3207 2622 3264 est
2649 3222 2838 3264 causa
2861 3203 3092 3273 totalis,
3123 3202 3225 3262 vel
3243 3201 3407 3262 ratio
3433 3201 3580 3260 talis
3624 3217 3750 3278 prte-

2201 3297 2333 3372 mii,
2379 3297 2478 3359 vel
2533 3296 3010 3376 acceptationis3
3047 3295 3100 3355 si
3141 3313 3294 3373 crgo
3337 3301 3563 3373 postea
3607 3292 3749 3352 idem

2194 3393 2402 3473 justus
2437 3389 2802 3468 multiplicet
2831 3389 3066 3449 similes
3093 3396 3294 3460 actua,
3349 3405 3478 3448 non
3515 3391 3750 3465 possunt

2201 3503 2338 3546 esse
2371 3503 2576 3546 eausoe
2607 3482 2900 3562 partiales
2921 3501 3066 3543 cum
3091 3484 3296 3560 primo
3315 3487 3462 3541 actu
3491 3479 3746 3558 ejusdem

2199 3577 2465 3656 praemii,
2517 3577 2664 3656 quia
2723 3577 2896 3656 prior
2937 3574 3272 3635 causalitas
3315 3578 3384 3633 et
3431 3573 3745 3650 acceptatio

2199 3689 2328 3730 non
2357 3675 2716 3741 mutantur3
2757 3675 2819 3729 et
2859 3668 3018 3729 sicut
3043 3669 3284 3747 primus
3311 3673 3493 3728 actus
3525 3682 3744 3743 compa-

2199 3771 2375 3827 ratur
2404 3764 2486 3826 ad
2513 3763 2883 3834 secundum,
2917 3764 3002 3822 ita
3031 3759 3348 3822 secundus
3377 3761 3464 3821 ad
3499 3761 3737 3822 tertium.

2201 3864 2264 3920 et
2291 3861 2510 3920 tertius
2547 3857 2628 3918 ad
2664 3863 2983 3937 quartum,
3015 3859 3162 3928 etc„
3191 3855 3243 3916 si
3281 3855 3564 3934 aequales
3599 3859 3738 3924 sunt,

2199 3953 2300 4012 vel
2323 3952 2386 4011 in
2417 3951 2618 4031 gradu
2647 3952 2709 4010 in
2735 3968 2862 4029 quo
2887 3954 3035 4009 sunt
3057 3948 3368 4026 oequales;
3403 3967 3552 4008 nam
3577 3963 3740 4005 unus·

2199 4044 2464 4123 quisque
2503 4051 2864 4122 acceptatur
2901 4060 3018 4120 per
3061 4059 3130 4101 se
3177 4047 3242 4102 et
3275 4041 3740 4120 independenter

2198 4135 2280 4196 ab
2332 4137 2490 4208 aliis,
2539 4143 2602 4196 et
2641 4134 2760 4195 sub
2803 4135 2922 4194 hac
2967 4133 3322 4194 intentione
3361 4133 3604 4193 formali
3655 4131 3736 4190 vel
3806 4187 3807 4190 ,

2195 4228 2648 4309 virtuaUunt,
2671 4233 2732 4289 et
2761 4228 3110 4288 offeruntur
3137 4245 3174 4286 a
3203 4225 3488 4305 quolibet
3509 4241 3736 4304 operan-
3806 4245 3807 4290 1

2199 4327 2298 4394 te3
2333 4322 2684 4398 eodemque
2711 4319 2898 4380 modo
2929 4319 3232 4398 promittit
3253 4319 3424 4380 Deus
3443 4319 3733 4399 praemium

2201 4415 2428 4476 nostris
2453 4413 2768 4492 operibus,
2809 4420 2878 4474 ut
2919 4431 2996 4472 ex
3015 4412 3380 4492 vulgaribus
3425 4414 3574 4474 locis
3603 4412 3738 4473 Scri-

2201 4513 2400 4587 pturae
2436 4512 2700 4578 constat,
2725 4513 2786 4566 et
2815 4523 2890 4566 ex
2917 4507 3184 4566 materia
3215 4507 3294 4567 de
3319 4508 3561 4566 merito.

2287 4601 2385 4660 37.
2411 4598 2588 4662 Unde
2615 4617 2744 4659 non
2773 4605 2869 4660 est
2895 4598 3098 4660 simile
3139 4599 3310 4676 qnod
3349 4599 3432 4660 de
3477 4599 3733 4678 operibus

2203 4693 2432 4754 Christi
2456 4691 2874 4763 atrei-ebatum
2907 4709 3058 4752 nam
3083 4692 3572 4770 unumquodque
3595 4692 3730 4752 Chri-

2203 4787 2283 4848 sti
2299 4805 2479 4865 opus,
2501 4785 2852 4845 secundum
2877 4785 3156 4846 valorem
3179 4803 3366 4845 suum
3395 4792 3727 4864 spectatum,

2203 4884 2338 4940 erat
2365 4877 2518 4938 tanti
2555 4877 2761 4938 meriti
2803 4883 2866 4938 et
2901 4878 3154 4950 valoris,
3201 4885 3271 4940 ut
3297 4879 3520 4940 saltem
3543 4895 3730 4938 secun·

2201 4972 2354 5033 dum
2407 4971 2615 5050 legem
2667 4971 3048 5032 ordinariam
3093 4991 3223 5033 non
3271 4978 3488 5052 posset
3533 4975 3728 5033 habere

2202 5065 2598 5143 adaequatum
2639 5064 2990 5142 praemium.
3038 5065 3114 5126 Et
3155 5065 3297 5126 ideo
3343 5067 3724 5128 necessaiium

2197 5159 2314 5219 fuit
2345 5162 2435 5230 ut,
2477 5167 2555 5218 ex
2583 5163 2765 5234 pacto
2795 5158 2902 5217 Dei
2937 5164 2998 5218 et
3025 5175 3103 5218 ex
3135 5158 3444 5220 relatione
3474 5161 3722 5220 hamana

2196 5251 2536 5313 voluntatis
2577 5249 2796 5310 Christi
2828 5249 3246 5311 subordinatae
3287 5251 3534 5325 divinae,
3563 5253 3722 5312 deter-

2199 5344 2605 5406 minationem
2648 5343 2958 5422 recipcret
2999 5343 3165 5404 illius
3199 5346 3439 5422 praemii
3477 5347 3554 5407 ad
3589 5342 3722 5423 quod

2198 5437 2652 5516 acceptandum
2689 5441 2845 5510 erat,
2881 5436 2980 5498 vel
3019 5438 3367 5498 secundum
3399 5439 3716 5504 efficaciam,

2194 5532 2296 5594 vel
2343 5529 2691 5593 secundum
2733 5529 3198 5592 sufficientiam.
3245 5532 3320 5594 Et
3357 5533 3442 5594 ob
3473 5530 3718 5593 eamdem
