3850 6225
611 394 781 447 SECT.
820 396 903 451 111.
948 394 1165 449 manu
1194 396 1359 449 TOTA
1390 394 1625 449 GRA'rlA
1656 396 1777 449 PER
1821 397 2151 453 Paeonum
2181 401 2406 453 Amissa
2439 401 2685 465 S'rssm,
2719 404 2857 458 mc.

106 492 433 556 tribuitur·
452 496 737 576 dignitati
755 516 1062 578 personae,
1095 516 1287 577 quam
1318 498 1468 577 ipsis
1505 498 1700 559 virtu-

106 586 315 647 tibus.
343 590 554 673 Potest
576 596 787 652 tamen
806 592 939 652 sine
959 592 1423 653 inconvenienti
1440 592 1697 653 concedi

110 679 289 739 hanc
320 700 661 760 personam
706 684 843 762 plus
872 686 1099 745 mereri
1144 703 1259 764 per
1302 690 1509 745 actum
1556 702 1700 764 per-

108 772 367 835 fectum
394 776 649 837 alterius
668 777 932 851 virtutiS‚
965 776 1159 856 quam‘
1184 797 1299 856 per
1322 784 1528 839 actum
1556 795 1699 856 per-

111 866 364 928 fectum
398 870 736 943 charitatiS‚
774 878 835 932 et
870 878 1329 950 consequenter
1358 870 1698 951 principale

114 961 264 1038 ejus
310 963 607 1023 meritum
666 965 875 1044 potius
928 984 1065 1025 esse
1124 965 1399 1026 elicitum
1456 965 1537 1025 ab
1578 964 1697 1025 alia

112 1054 359 1115 virtute
405 1073 594 1133 quam
632 1076 671 1118 a
706 1057 1029 1119 charitate.
1060 1058 1191 1118 Imo
1240 1058 1304 1117 in
1334 1058 1455 1117 hoc
1509 1074 1699 1118 sensu

114 1164 355 1207 verum
409 1155 502 1209 est
560 1166 893 1212 commune
950 1151 1175 1231 vulgus
1204 1150 1697 1212 Christianorum

116 1240 268 1317 plus
301 1242 533 1303 mereri
572 1242 743 1321 apud
768 1243 965 1305 Deum
1001 1262 1115 1321 per
1140 1249 1315 1303 actus
1367 1243 1699 1303 moralium

114 1334 460 1408 virtutum,
489 1354 677 1415 quam
701 1355 817 1415 per
837 1345 1012 1398 actus
1042 1338 1277 1398 elicitos
1304 1356 1339 1397 a
1362 1337 1694 1410 charitate3

114 1444 253 1485 non
294 1429 447 1505 quia
476 1428 572 1490 isti
598 1447 725 1490 non
750 1430 893 1508 plus
913 1430 1165 1491 valeant
1186 1429 1265 1489 ad
1300 1431 1615 1503 meritum,
1648 1430 1698 1490 si

118 1520 411 1597 perfecte
438 1521 616 1594 fiant,
643 1522 755 1582 sed
785 1524 930 1602 quia
962 1524 1043 1583 ab
1064 1523 1159 1583 his
1180 1523 1535 1584 hominibus
1558 1541 1699 1583 raro

120 1620 183 1672 et
208 1613 584 1693 imperfecte
614 1616 794 1687 fiunt,
828 1635 969 1677 cum
994 1623 1206 1678 tamen
1231 1624 1406 1677 actus
1438 1615 1701 1678 aliarum

118 1704 439 1768 virtutum
490 1708 855 1787 frequenter
919 1715 1278 1770 exerceant.
1330 1712 1531 1789 Atque
1570 1711 1701 1771 haec

118 1800 295 1859 dicta
322 1807 475 1861 sunt
498 1802 577 1862 de
600 1801 991 1863 restitutione
1018 1802 1235 1881 gratiae
1264 1820 1380 1881 per
1406 1802 1700 1864 meritum

120 1902 539 1974 comparatae.

120 2152 301 2225 Quid
348 2154 416 2217 de
462 2156 842 2219 restitutione
884 2157 1107 2238 qratia·
1156 2158 1285 2219 sim
1319 2157 1557 2221 meritis
1606 2158 1703 2221 ob-

540 2252 717 2313 tentoe
754 2251 1127 2313 sentiendum
1152 2249 1259 2313 sit.

205 2462 313 2523 56.
364 2463 599 2524 Praeter
662 2464 930 2543 gratiam
998 2482 1189 2543 quam
1255 2466 1408 2545 justi
1484 2486 1701 2528 conse-

118 2562 417 2633 quuntur
456 2574 571 2635 per
613 2575 725 2617 sua
773 2558 1019 2629 merita,
1048 2559 1283 2621 habent
1330 2560 1538 2638 plures
1565 2580 1702 2641 gra-

119 2650 249 2707 dus
307 2650 501 2727 gratis
546 2653 610 2709 et
656 2640 790 2710 sine
834 2652 961 2711 ullo
990 2654 1214 2713 merito
1260 2672 1297 2713 a
1325 2655 1453 2714 Deo
1506 2655 1701 2715 dona-

122 2748 253 2808 tos,
290 2748 361 2801 ut
402 2746 497 2802 est
536 2744 739 2803 omnis
776 2746 977 2822 prima
1022 2746 1243 2825 gratia,
1284 2764 1472 2824 quam
1516 2748 1703 2809 homo

120 2835 363 2913 accipit
420 2854 563 2896 cum
621 2839 891 2917 resurgit
938 2856 975 2897 a
1034 2846 1330 2917 peccato,
1390 2845 1452 2901 et
1503 2841 1705 2901 omnis

122 2929 326 2987 etiam
370 2926 473 2988 illa
504 2946 643 3007 quae
694 2948 770 2991 ex
820 2948 1011 3008 opere
1066 2938 1327 3010 operato
1367 2932 1570 2995 datur.
1617 2936 1705 2995 De

123 3022 253 3081 hae
286 3039 440 3099 ergo
473 3021 687 3083 dicunt
729 3024 919 3102 aliqui
968 3043 1096 3085 non
1138 3026 1379 3087 restitui
1412 3044 1555 3087 cum
1592 3028 1705 3087 ho-

124 3134 240 3174 mo
278 3115 551 3195 resurgit
580 3137 615 3177 a
658 3124 939 3196 peccato,
977 3119 1217 3180 etiarnsi
1258 3137 1401 3180 cum
1432 3121 1705 3180 maxima

124 3209 509 3270 contritione
550 3217 859 3290 resurgat.
910 3210 1085 3282 Quod
1115 3212 1302 3272 sentit
1349 3213 1568 3273 Scotus
1618 3212 1707 3272 lo-

124 3320 341 3379 quens
372 3301 451 3362 de
500 3303 704 3382 prima
758 3304 959 3382 gratia
982 3304 1047 3363 in
1076 3307 1138 3376 4,
1176 3305 1571 3367 distinctione
1600 3308 1701 3367 22.

120 3397 207 3454 Et
238 3395 491 3456 fundari
538 3397 761 3475 potnit,
806 3397 953 3474 quia
980 3397 1113 3457 haec
1148 3399 1373 3476 gratia,
1405 3417 1545 3459 cum
1580 3416 1708 3459 non

124 3488 328 3548 detur
376 3507 453 3550 ex
499 3489 759 3564 merim,
807 3490 919 3550 sed
961 3508 1039 3550 ex
1089 3491 1333 3552 liberali
1373 3492 1481 3551 Dei
1512 3491 1710 3552 dona-

124 3581 335 3654 tione,
376 3599 503 3641 non
534 3589 629 3642 est
674 3601 787 3642 cur
814 3582 1196 3659 restituatur,
1242 3583 1293 3644 si
1323 3584 1509 3645 homo
1540 3584 1709 3644 illam

128 3673 462 3752 peccando
523 3675 813 3754 perdidit,
853 3676 997 3754 quia
1046 3695 1253 3755 neque
1309 3677 1373 3736 in
1430 3683 1709 3756 accepta-

136 3769 315 3828 tione
347 3766 817 3846 divina,'neque
856 3767 1001 3828 alibi
1043 3769 1417 3849 relinquitur
1455 3770 1709 3850 aliquod

134 3860 167 3918 l*
165 3859 625 3922 undamentum
666 3861 729 3921 in
762 3880 887 3940 quo
936 3861 1039 3922 illa
1078 3863 1387 3924 restitutio
1432 3863 1541 3924 niti
1565 3881 1711 3942 pos-

136 3953 243 4012 sit.

224 4046 325 4105 57.
374 4043 713 4109 Reviviscit
750 4048 931 4110 etiam
953 4046 1077 4111 ista
1103 4049 1331 4129 qratia.
1364 4050 1595 4128 -Ego
1619 4055 1713 4110 ta-

138 4155 292 4198 men
362 4155 591 4200 censeo
641 4139 805 4201 hanc
856 4142 1121 4220 gratiam
1172 4149 1366 4202 totam
1418 4142 1705 4216 restitui,

136 4230 317 4308 quod
370 4231 647 4292 sentiunt
690 4240 977 4294 auctores
1030 4235 1319 4312 superius
1362 4235 1529 4294 citati
1599 4253 1709 4313 pro

138 4329 361 4383 nostra
388 4325 741 4410 sentientia,
775 4326 841 4397 in
871 4332 1093 4404 quarta
1126 4327 1441 4406 opinione.
1474 4329 1552 4388 Et
1579 4327 1711 4406 qui-

136 4417 291 4476 dem
333 4417 413 4478 de
466 4419 669 4496 prima
726 4421 927 4498 gratia
959 4465 973 4492 ‚
1025 4437 1165 4498 quse
1225 4439 1338 4500 per
1396 4423 1715 4501 propriam

138 4510 561 4572 sufficientem
612 4511 1085 4591 dispositionem
1128 4513 1383 4574 obtenta
1426 4520 1542 4590 est,
1578 4514 1716 4574 fun—

140 4603 282 4663 dari
312 4604 433 4664 hoc
462 4610 669 4682 potest
694 4605 759 4665 in
786 4606 1009 4667 merito
1056 4606 1272 4685 primae
1305 4605 1539 4685 gloriae,
1571 4623 1713 4684 quae

144 4697 357 4756 eidem
399 4697 616 4776 primae
667 4699 881 4778 gratiae
946 4699 1283 4778 respondet
1335 4699 1405 4758 ut
1458 4699 1716 4760 hee-redi-

142 4795 280 4862 taS,
322 4789 440 4868 ipsi
500 4796 711 4852 autem
768 4791 1203 4869 dispositioni,
1258 4797 1327 4852 ut
1364 4790 1710 4852 informatae

140 4901 259 4960 per
286 4881 555 4960 primam
585 4883 873 4962 gratiam,
908 4883 1174 4944 debetur
1220 4889 1290 4944 ut
1318 4902 1550 4945 corona
1582 4885 1712 4963 jus-

142 4975 318 5034 titiae.
352 4975 513 5035 Hinc
542 4994 692 5056 ergo
730 4976 801 5037 fit
840 4983 907 5037 ut
954 4976 1248 5038 meritum
1289 4977 1455 5036 illius
1497 4977 1714 5054 primas

145 5068 383 5146 gloriae,
414 5068 465 5128 si
498 5068 904 5130 mortificetur
944 5087 1058 5148 per
1110 5076 1434 5148 peccatum
1457 5113 1472 5142 ,
1503 5087 1715 5130 resur-

144 5167 253 5239 gat
296 5166 519 5240 postea
560 5179 675 5240 per
716 5161 1173 5241 poenitentiam,
1206 5161 1432 5224 eadem
1470 5163 1710 5224 ratione

144 5272 221 5314 ac
265 5253 457 5314 modo
513 5271 639 5332 quo
695 5253 1040 5315 vivificatur
1080 5273 1267 5314 omne
1310 5255 1479 5316 aliud
1530 5256 1713 5316 meri-

144 5355 285 5408 tum
350 5345 581 5424 gloriae.
624 5346 945 5408 vivificato
994 5352 1209 5436 autem
1260 5348 1483 5408 merito
1524 5348 1713 5408 alicu-

138 5443 249 5519 jus
288 5437 531 5518 gloriae,
567 5439 773 5500 statim
798 5440 985 5502 datur
1005 5441 1111 5519 jus
1141 5439 1221 5502 ad
1251 5440 1443 5513 illam,
1492 5440 1714 5501 funda-

66 5551 78 5562 ·
142 5539 283 5595 tum
338 5533 403 5594 in
433 5532 770 5594 intrinseca
809 5533 1211 5614 proportione
1254 5539 1317 5596 et
1344 5533 1580 5614 gratia3
1612 5549 1713 5594 er-

3219 402 3330 459 511

1780 518 1859 579 go
1908 520 2168 563 necesse
2213 508 2308 565 est
2352 504 2617 582 gratiam
2667 507 2856 568 etiam
2911 507 3341 587 proportiona-

1780 599 1908 655 tam
1946 596 2156 673 gloriae
2204 596 2467 672 restitui,
2514 600 2799 677 quamvis
2839 600 2972 679 Jam
3015 618 3143 659 non
3191 616 3342 660 con-

1778 686 2018 748 feratur
2054 696 2122 749 ut
2145 690 2348 768 prima
2385 692 2607 769 gratia,
2643 691 2755 753 sed
2799 699 2867 755 ut
2893 693 3149 772 quidam
3202 710 3342 773 gra-

1780 781 1898 842 dus
1927 782 2162 861 gratiae.
2212 782 2503 856 Quamvis
2551 804 2702 866 ergo
2730 788 2920 849 homo
2942 806 3068 848 non
3095 806 3344 849 merea-

1780 880 1882 935 tur
1935 876 2200 953 primam
2255 878 2544 957 gratiam,
2589 886 2828 952 tamen,
2869 880 3171 941 merendo
3209 879 3343 959 glo-

1778 965 1960 1039 riam,
1991 976 2290 1042 meretur,
2319 978 2624 1049 quantum
2665 978 2760 1033 est
2797 991 2874 1033 ex
2906 991 2999 1043 se,
3031 972 3345 1052 perpetui-

1780 1064 1969 1119 tatem
2013 1062 2224 1139 gratiae
2255 1064 2763 1141 proportionatae,
2799 1065 2847 1125 si
2879 1066 3198 1127 auferatur
3231 1066 3344 1127 im-

1781 1152 2208 1230 pedimentum
2240 1157 2474 1233 peccati
2509 1176 2524 1227 ;
2560 1158 2623 1217 in
2655 1158 2774 1218 hoc
2807 1177 2956 1237 ergo
2992 1160 3214 1220 merito
3238 1177 3344 1238 op-

1783 1243 1932 1305 time
1960 1244 2260 1307 fundatur
2291 1250 2595 1309 restitutio
2627 1248 2840 1329 primae
2881 1252 3112 1331 gratiae.
3147 1252 3345 1313 Resti-

1783 1339 1938 1399 tutio
1967 1346 2179 1401 autem
2229 1344 2441 1421 gratiae
2487 1344 2724 1406 collatae
2757 1364 2833 1406 ex
2863 1364 3051 1425 opere
3085 1351 3341 1425 operato

1784 1432 2018 1510 optime
2075 1433 2372 1496 fundatur
2421 1437 2482 1497 in
2545 1439 2910 1500 excellentia
2975 1441 3342 1501 meritorum

1783 1526 2050 1599 Christi,
2119 1528 2460 1607 inquibus
2512 1532 2716 1593 omnis
2771 1534 3041 1595 conditio
3082 1535 3341 1608 meriti,

1784 1620 1954 1699 quod
1971 1620 2050 1680 ad
2074 1621 2519 1699 perfectionem
2537 1630 2794 1703 spectat,
2817 1628 3220 1688 excellentius
3247 1646 3343 1687 re-

1782 1712 2020 1791 peritur
2048 1731 2238 1791 quam
2265 1716 2326 1773 in
2359 1718 2606 1778 nostris,
2645 1718 2738 1779 Ad
2764 1719 3206 1797 perfectionem
3231 1738 3344 1780 au·

1780 1811 1910 1865 tem
1926 1806 2130 1866 meriti
2150 1813 2389 1885 spectat
2419 1816 2504 1881 ut,
2529 1818 2832 1888 quantum
2853 1816 2946 1873 est
2973 1830 3051 1871 ex
3073 1832 3164 1885 se,
3181 1832 3343 1873 sem-

1778 1917 1893 1979 per
1916 1899 2124 1959 vivum
2165 1905 2424 1963 maneat
2459 1901 2522 1961 in
2558 1904 2984 1983 acceptatione
3024 1904 3254 1981 divina,
3283 1911 3345 1967 et

1783 1992 2014 2053 habeat
2058 2010 2241 2053 suum
2288 1995 2602 2071 effectum,
2645 1997 2888 2057 secluso
2937 1998 3345 2077 impedimen-

1780 2092 1843 2145 to
1884 2088 2159 2164 peccati3
2214 2105 2364 2165 ergo
2418 2089 2556 2150 haec
2611 2091 2959 2169 proprietas
3009 2092 3344 2170 perfectius

1780 2179 2096 2257 reperitur
2119 2179 2182 2239 in
2225 2181 2460 2242 meritis
2501 2182 2720 2243 Christi
2757 2200 2944 2261 quam
2989 2185 3050 2243 in
3089 2186 3336 2245 nostriS.

1784 2271 2044 2343 Quando
2075 2278 2284 2333 autem
2339 2275 2516 2335 nobis
2559 2275 2744 2337 datur
2791 2278 2988 2356 gratia
3037 2297 3112 2337 ex
3153 2296 3344 2356 opere

1784 2372 2068 2442 operato,
2105 2366 2387 2442 quamvis
2429 2368 2610 2428 nobis
2672 2369 2856 2430 detur
2893 2371 3107 2447 gratie,
3161 2372 3347 2431 datur

1782 2462 1997 2517 tamen
2038 2475 2114 2518 ex
2149 2458 2389 2537 justitia
2451 2467 2744 2539 respectu
2795 2462 3039 2536 Christi,
3092 2470 3344 2544 propter

1782 2550 2004 2610 merita
2058 2551 2228 2629 ejuS,
2285 2569 2424 2630 quae
2479 2552 2660 2613 nobis
2705 2554 3146 2633 applicantur;
3203 2574 3344 2636 quae

1783 2644 2114 2723 applicatio
2165 2650 2259 2705 est
2285 2646 2462 2723 quasi
2507 2646 2762 2714 donatio
2817 2651 3106 2727 quaedam
3133 2696 3148 2723 ‚
3203 2666 3343 2729 quae

1786 2738 1968 2815 nohis
2013 2738 2106 2809 fit,
2147 2744 2334 2798 tantae
2371 2740 2695 2817 portioniS,
2728 2748 2792 2802 ut
2833 2742 2921 2803 sic
2954 2743 3186 2815 dicam,
3220 2762 3348 2804 me-

1786 2831 2048 2891 ritorum
2087 2831 2329 2891 Christi.
2364 2832 2519 2893 Illud
2550 2852 2698 2912 ergo
2745 2835 3040 2895 meritum
3059 2837 3190 2915 jam
3219 2832 3350 2897 ma-

1787 2930 1895 2983 net
1943 2929 2246 3002 tanquam
2288 2932 2570 2985 nostrum
2619 2926 2682 2985 in
2715 2928 3142 3006 acceptatione
3193 2929 3352 2989 divi-

1788 3034 1892 3088 na,
1926 3018 2072 3095 quia
2100 3017 2202 3076 illa
2250 3018 2501 3079 donatio
2530 3036 2658 3078 non
2687 3025 2782 3079 est
2811 3021 3191 3099 temporalis,
3237 3022 3351 3083 sed

1786 3115 2091 3190 perpetua
2134 3118 2440 3190 quantum
2503 3118 2598 3173 est
2648 3131 2724 3174 ex
2779 3121 2954 3192 parte
3014 3117 3350 3178 voluntatis

1786 3203 2008 3262 Christi
2059 3209 2120 3264 et
2155 3205 2309 3278 Dei;
2361 3221 2511 3282 ergo
2553 3223 2630 3266 ex
2675 3207 2733 3266 vi
2791 3207 2954 3268 illius
3005 3209 3209 3270 meriti
3253 3227 3351 3270 re·-

1790 3303 2006 3375 surget
2036 3297 2224 3357 etiam
2265 3299 2396 3358 hoec
2424 3299 2645 3378 gratia,
2693 3317 2840 3360 nam
2868 3299 3020 3362 illud
3058 3303 3351 3362 meritum

1790 3408 1919 3451 non
1937 3390 2241 3470 perditur,
2274 3390 2386 3451 sed
2409 3391 2818 3454 mortificatur
2836 3413 2951 3472 per
2981 3401 3342 3474 peccatum;

1792 3501 1942 3562 ergo
1987 3483 2334 3545 vivificatur
2384 3485 2608 3559 etia‘m,
2655 3486 2862 3548 ablato
2903 3494 3200 3566 peccat03
3258 3507 3351 3549 er-

1791 3595 1869 3655 go
1904 3577 2094 3637 habet
2137 3577 2201 3636 in
2234 3577 2414 3638 nobis
2453 3579 2749 3640 eumdum
2793 3581 3082 3642 effectum
3109 3583 3346 3660 gratiae.

1790 3674 1994 3749 Atque
2025 3671 2158 3732 haec
2205 3677 2300 3732 est
2347 3673 2582 3750 optima
2629 3673 2787 3735 ratio
2843 3693 2880 3734 a
2941 3676 3162 3755 priori,
3211 3693 3350 3756 quoe

1788 3767 1996 3842 potest
2051 3764 2352 3843 exemplis
2413 3771 2474 3826 et
2535 3767 2909 3847 conjecturis
2969 3769 3347 3830 confirmari.

1792 3858 2162 3936 Exemplum
2202 3863 2298 3918 est.
2329 3857 2408 3918 de
2442 3861 2640 3939 gratia
2682 3861 3057 3939 baptismali,
3093 3879 3257 3942 quae,
3301 3863 3352 3923 si

1792 3969 1919 4012 non
1969 3951 2085 4010 fuit
2116 3950 2260 4011 data
2307 3957 2564 4030 propter
2603 3953 2916 4014 fictionem
2962 3955 3224 4033 peccati,
3257 3973 3353 4016 re·

1792 4045 2056 4105 cedente
2094 4042 2344 4106 fictione
2387 4051 2610 4123 postea
2661 4045 2864 4117 datur,
2923 4053 2985 4108 et
3011 4048 3176 4108 idem
3217 4067 3355 4109 cre·
3419 4127 3432 4139 ἢ

1792 4137 1960 4200 ditur
2003 4139 2080 4199 de
2131 4146 2526 4200 sacramento
2585 4141 2991 4228 poenitentiae,
3025 4143 3356 4202 Extremae-

1792 4231 2136 4304 Unctionis‚
2177 4237 2238 4292 et
2267 4231 2444 4304 aliis;
2487 4251 2636 4311 ergo
2681 4233 3004 4306 similiter,
3053 4240 3170 4295 etc.
3199 4236 3355 4296 Con-

1794 4323 2082 4403 gruentia
2125 4343 2274 4385 vero
2304 4329 2399 4384 est
2441 4324 2588 4403 quia
2623 4326 2744 4387 hoc
2771 4327 3042 4388 maxime
3078 4326 3258 4388 decet
3283 4327 3355 4387 li-

1794 4416 2186 4478 beralitatem
2228 4417 2469 4492 Christi,
2510 4424 2573 4479 et
2601 4425 2696 4480 est
2735 4427 3222 4482 consentaneum
3270 4421 3358 4482 ef-

1793 4509 2026 4570 ficaciae
2067 4509 2432 4570 meritorum
2465 4511 2635 4590 ejus3
2672 4511 2816 4591 quia
2842 4531 2972 4573 non
2998 4513 3261 4575 decebat
3287 4521 3360 4575 ut

1795 4602 1984 4662 homo
2028 4609 2390 4682 acceptatus
2428 4605 2621 4666 semel
2667 4604 2748 4665 ad
2787 4611 3024 4666 tantam
3069 4607 3356 4686 gloriam,

1795 4695 2022 4774 partim
2065 4714 2142 4756 ex
2167 4695 2406 4757 meritis
2435 4697 2703 4776 propriis
2761 4703 2823 4758 et
2852 4699 3078 4779 partim
3107 4717 3184 4760 ex
3212 4700 3360 4760 solis

1792 4789 2031 4851 meritis
2056 4789 2301 4864 Christi,
2346 4790 2648 4864 stabilinS‚
2682 4797 2752 4852 ut
2776 4791 2865 4852 sic
2911 4792 3139 4865 dicam,
3171 4811 3354 4854 acce-

1795 4885 2075 4961 ptaretur
2098 4901 2214 4961 per
2239 4883 2460 4943 merita
2486 4883 2739 4963 propria
2770 4900 2960 4962 quam
2987 4903 3100 4966 per
3127 4887 3352 4948 merita

1799 4976 2041 5037 Christi.
2094 4977 2231 5037 Non
2276 4982 2369 5037 est
2411 4975 2601 5038 etiam
2653 4977 2986 5040 verisimile
3043 4980 3360 5040 hominem

1789 5069 2034 5148 justum
2073 5073 2134 5128 et
2171 5072 2339 5130 recte
2387 5074 2667 5130 utentem
2721 5073 3126 5133 sacramentis
3169 5073 3359 5153 longo

1792 5169 2100 5240 tempore,
2133 5162 2182 5222 si
2211 5181 2288 5222 ex
2322 5160 2654 5240 fragilitate
2696 5164 2895 5224 semel
2933 5164 3202 5238 labatur,
3238 5172 3366 5226 sta-

1792 5256 1901 5314 tim
1963 5254 2525 5332 irrecuperabiliter
2565 5255 2850 5317 amittere
2902 5274 3156 5318 omnem
3200 5257 3367 5318 fruc-

1792 5353 1927 5409 tum
1975 5353 2530 5409 sacramentorum.

2451 5519 2717 5540 ...ήμ-
