3850 6225
1547 387 1737 440 tNDEx
1768 385 2000 444 RERUM.

173 481 307 532 Deus
330 492 441 532 non
470 479 767 544 praedetinit
794 479 969 532 malos
990 488 1141 534 actus
1172 485 1459 547 antequam
1490 483 1736 550 praesciat

234 569 352 607 esse
376 554 599 616 futur05‚
636 567 726 619 op.
750 559 795 618 1,
822 554 855 606 l.
879 560 928 616 2,
951 569 999 608 c.
1027 561 1074 607 2.

174 632 309 682 Deus
327 629 601 683 nominem
626 642 844 682 movere
868 637 1041 695 potest
1062 631 1131 682 ad
1160 637 1336 684 actum
1365 644 1426 684 ex
1452 645 1511 686 se
1532 632 1731 688 bonum

174 719 267 758 seu
294 703 708 769 indifferentem,
753 705 962 758 etiamsi
1004 707 1140 758 sciat
1187 708 1386 758 malum
1429 719 1549 762 esse
1592 707 1737 761 sutu-

234 793 373 844 rum,
402 779 475 831 ib.

172 857 311 908 Deus
338 868 449 908 non
474 855 697 908 inclinat
716 856 1061 908 suasionibus
1084 856 1153 909 ad
1177 861 1471 922 peccatum,
1501 857 1573 910 ib.

170 933 275 983 Nec
298 931 431 984 illud
448 932 559 984 vult
580 933 855 986 voluntate
880 932 1097 995 efficaci,
1130 933 1202 985 ib.

170 1006 319 1060 idem
348 1013 429 1058 est
474 1006 750 1059 moraliter
798 1008 1121 1074 persuadere
1163 1014 1437 1074 peccatum
1474 1021 1537 1062 ac
1578 1009 1734 1062 incli-

230 1095 367 1134 nare
399 1081 467 1133 ad
495 1089 690 1144 actum,
722 1083 815 1148 qui
840 1084 959 1136 sine
990 1095 1055 1136 eo
1082 1083 1195 1135 lieri
1226 1097 1335 1136 non
1372 1091 1561 1150 potest,
1600 1084 1669 1136 ib.

88 1197 97 1204 .
168 1160 313 1210 Deus
344 1171 451 1212 non
490 1158 919 1224 praedeterminat
943 1159 1160 1226 physice
1187 1160 1514 1212 voluntatem
1549 1158 1617 1212 ad
1642 1170 1738 1211 ac-

231 1239 321 1285 tus
344 1234 531 1296 maIOS,
570 1233 640 1285 ib.

169 1309 388 1374 Aliquid
430 1310 735 1375 negativum
783 1309 867 1362 vel
923 1309 1083 1362 etiam
1137 1309 1425 1376 positivum
1468 1309 1733 1362 interdum

233 1386 349 1439 vult
393 1389 529 1440 Deus
564 1386 817 1452 peculiari
854 1387 1101 1450 consilio,
1140 1400 1203 1441 ex
1232 1400 1338 1454 quo
1360 1387 1462 1441 scit
1498 1387 1733 1442 futurum

234 1467 533 1526 peccatum,
558 1463 653 1525 ib„
681 1474 727 1515 c.
758 1467 804 1513 3.

168 1539 289 1590 Non
316 1545 493 1590 tamen
523 1538 597 1589 illi
632 1539 921 1604 imputatur
942 1539 1115 1604 culpa,
1144 1539 1215 1590 ib.

168 1615 351 1665 Potest
375 1614 513 1665 Deus
538 1613 839 1666 voluntates
868 1614 1149 1666 inclinatas
1182 1615 1293 1679 jam
1336 1615 1389 1667 in
1428 1614 1648 1678 malum,
1682 1615 1737 1666 in

235 1689 343 1742 hoc
368 1689 542 1754 potius
571 1702 731 1754 quam
766 1690 816 1741 in
845 1688 989 1742 aliud
1014 1690 1289 1750 inclinare,
1322 1690 1395 1742 ib.

169 1765 313 1816 Deus
336 1763 439 1816 dici
476 1777 585 1816 non
624 1771 797 1830 potest
828 1765 1026 1830 peccati
1070 1772 1275 1828 auctor,
1301 1765 1509 1818 etiamsi
1532 1765 1599 1818 ad
1625 1778 1735 1818 ma-

238 1839 420 1892 teriale
444 1839 585 1892 illius
606 1847 907 1901 concurrat,
936 1839 1006 1893 ib.

170 1915 343 1966 Sectis
365 1920 499 1967 esset
518 1915 563 1966 si
590 1915 971 1968 determinaret
996 1914 1345 1980 voluntatem,
1378 1915 1451 1968 ib.

173 1991 317 2042 Deus
344 2001 447 2042 non
482 1997 661 2042 movet
684 1990 753 2041 ad
776 1989 995 2054 malum,
1026 2001 1128 2042 nec
1158 2004 1287 2044 casu
1316 1990 1383 2044 ad
1420 1993 1535 2057 ejus
1564 1997 1736 2044 mate-

240 2065 368 2116 riale
388 2067 676 2127 concurrit,
698 2066 771 2118 ib.

170 2141 453 2194 Peccatum
478 2143 713 2194 futurum
747 2155 853 2194 non
876 2148 1049 2208 polest
1071 2150 1217 2196 certo
1257 2143 1510 2210 cognosci
1552 2145 1608 2196 in
1642 2157 1735 2197 ca-

238 2217 411 2268 rentia
433 2217 629 2270 divinae
650 2218 901 2269 motionis
928 2219 995 2269 ad
1020 2217 1243 2280 bonum,
1268 2231 1353 2283 op.
1378 2223 1427 2280 2,
1454 2221 1485 2270 l.
1509 2224 1558 2274 1.
1580 2230 1625 2271 c.
1655 2223 1701 2270 3,

172 2292 313 2353 Quid
342 2292 399 2343 in
431 2299 550 2344 actu
584 2292 781 2356 peccati
812 2305 845 2343 a
878 2295 984 2346 Deo
1024 2292 1093 2344 sit
1124 2291 1395 2358 effective,
1432 2294 1561 2360 quid
1594 2306 1731 2357 non,

244 2379 331 2432 op.
371 2371 417 2428 4,
445 2367 581 2432 disp,
614 2373 659 2427 1,
686 2375 813 2420 sect.
840 2373 888 2420 2.

178 2443 449 2497 Peccatori
483 2450 699 2510 possent
721 2445 863 2508 juste
898 2443 1150 2510 denegari
1178 2445 1373 2498 auxilia
1400 2445 1561 2499 etiam
1584 2445 1736 2500 susti-

240 2519 450 2581 cientia,
478 2532 547 2584 op
595 2526 639 2583 5,
667 2520 804 2584 disp.
831 2525 877 2581 1,
910 2527 1038 2573 sect.
1066 2526 1111 2573 3.

174 2594 397 2648 Peccata
430 2595 734 2648 nullatenus
756 2595 1095 2660 reviviscunt,
1132 2597 1379 2662 quamvis
1413 2597 1737 2650 reviviscant

244 2669 445 2733 merita,
475 2669 546 2722 ib.

756 2801 955 2838 necari
989 2801 1135 2838 FOEKA
1143 2826 1155 2839 .

174 2901 317 2952 Deus
346 2911 451 2951 non
489 2901 653 2953 utitur
694 2900 897 2964 justitia
934 2901 1313 2954 commutativa
1360 2901 1411 2952 in
1460 2901 1737 2970 punitione

242 2981 599 3039 peccatorum,
623 2988 711 3039 op.
745 2981 792 3035 6,
826 2981 953 3028 sect.
984 2982 1028 3026 5.

169 3050 281 3102 Nec
307 3049 658 3110 distributiva,
693 3050 764 3102 ib.

170 3126 383 3179 Punitio
410 3127 525 3179 baec
552 3134 634 3179 est
664 3132 811 3179 actus
840 3125 1173 3191 providentia
1202 3127 1435 3192 justitiae,
1468 3127 1541 3179 ib.

168 3202 289 3253 Non
335 3210 596 3267 repugnat
642 3214 857 3253 servare
894 3203 1055 3252 Deum
1098 3202 1151 3253 in
1201 3202 1377 3267 pcenis
1429 3200 1731 3269 infligendis

236 3276 625 3329 arithmeticam
650 3282 701 3327 et
729 3276 1102 3342 geometricam
1130 3276 1551 3342 proportionem,
1582 3276 1651 3329 ib.

702 3403 901 3443 Pacem
928 3404 1195 3443 rautssto.

170 3504 280 3553 Cur
302 3502 709 3567 permissionem
732 3502 931 3568 peccati
952 3509 1206 3566 sequatur
1244 3502 1537 3556 infallibilis
1554 3504 1733 3557 scien-

243 3577 317 3627 tia
336 3577 423 3628 Dei
456 3577 523 3628 de
554 3577 745 3637 futuro.
770 3589 857 3643 op.
884 3578 991 3641 1,1.
1016 3583 1063 3641 2,
1089 3591 1134 3631 c.
1165 3583 1210 3628 5.

178 3651 468 3703 Permissio
499 3652 655 3703 totius
677 3652 856 3718 lapsus
881 3652 1175 3718 peccatoris
1200 3664 1310 3706 non
1333 3652 1493 3707 habet
1515 3666 1729 3707 causam

236 3738 301 3778 ex
325 3732 472 3790 parte
492 3727 622 3791 ejtiS,
654 3727 723 3779 ib.

170 3802 267 3865 Qui
285 3802 356 3852 sit
374 3812 559 3853 verum
598 3805 759 3855 Deum
799 3802 1037 3855 voluisse
1060 3802 1289 3871 primam
1318 3804 1729 3869 permissionem

236 3876 454 3942 peccati,
479 3882 535 3929 ut
555 3877 801 3930 ostendat
828 3878 1084 3944 justitiam
1106 3890 1279 3939 suam,
1314 3877 1387 3930 ib.

170 3953 243 4003 Ex
266 3953 381 4005 sola
410 3953 782 4017 permissione,
818 3952 863 4005 si
892 3952 1259 4006 conditionata
1302 3954 1525 4007 scientia
1570 3954 1731 4007 tolla-

234 4036 336 4088 tur,
366 4040 474 4079 non
504 4036 645 4081 esset
672 4028 949 4081 infallibile
972 4035 1245 4095 peccatum
1276 4030 1407 4092 fore,
1435 4030 1507 4083 ib.

167 4104 333 4155 secus
358 4110 531 4157 tamen
558 4104 603 4155 si
632 4109 965 4169 supponatur
992 4103 1081 4155 illa
1108 4104 1349 4169 scientia,
1372 4104 1443 4156 ib.

168 4178 457 4231 Permissio
485 4180 686 4245 peccati
714 4191 821 4231 non
848 4184 1023 4245 potest
1050 4187 1191 4233 stare
1223 4192 1343 4232 cum
1381 4182 1494 4246 ejus
1524 4180 1731 4247 praede·

236 4252 626 4316 terminatione,
656 4255 726 4307 ib.

170 4329 231 4379 In
287 4341 395 4393 quo
441 4329 693 4383 fundetur
743 4328 1035 4381 infallibilis
1077 4330 1383 4384 consecutio
1422 4333 1621 4398 peccati
1670 4344 1731 4385 ex

229 4405 346 4468 ejus
375 4406 749 4470 permissione,
780 4405 873 4468 ib„
898 4419 945 4457 c.
982 4411 1029 4457 6.

165 4480 293 4541 Quae
319 4480 547 4544 permitti
574 4480 835 4543 dicantur,
876 4480 967 4539 ib..
990 4494 1037 4544 c,
1060 4486 1107 4531 2.

168 4554 462 4605 Permissio
484 4568 578 4605 cnr
608 4556 939 4621 significetur
958 4558 1011 4607 in
1040 4557 1311 4623 Scriptura
1336 4556 1601 4611 interdum
1636 4570 1730 4623 per

232 4628 397 4681 verba
418 4640 537 4693 quae
566 4630 791 4683 innuunt
817 4632 907 4683 Dei
933 4631 1283 4695 effectionem,
1320 4633 1411 4695 ih..
1446 4646 1492 4685 c.
1532 4638 1577 4685 3.

822 4762 1073 4801 eaustus.

164 4855 362 4922 Pelagii
393 4868 544 4908 error
568 4856 882 4923 declaratur,
916 4873 1003 4925 op.
1030 4864 1079 4925 1,
1101 4860 1135 4911 l.
1162 4866 1208 4923 3,
1232 4874 1277 4913 c.
1304 4864 1349 4911 1.

162 4931 713 4998 semipelagianorum
736 4947 887 4988 error
909 4937 1190 5001 exponitur
1242 4936 1335 4998 ib.,
1362 4950 1406 4988 c.
1440 4938 1489 4985 2.

736 5062 1139 5103 rtasssvssumta
1147 5090 1157 5101 .

164 5152 301 5275 Qulid
329 5154 395 5205 sit
419 5156 827 5219 perseverantiae
848 5155 1069 5217 donum,
1096 5162 1150 5208 et
1171 5156 1313 5209 unde
1340 5156 1537 5216 efficax,
1563 5170 1649 5223 op.
1677 5163 1724 5219 1,

255 5267 265 5278 .
302 5234 346 5287 3,
382 5242 427 5280 c.
460 5234 539 5282 11.

161 5303 508 5357 Perseverare
530 5312 611 5358 est
634 5306 849 5371 quidem
876 5306 929 5359 in
960 5306 1200 5359 bominis
1222 5312 1499 5373 potestate,
1528 5306 1596 5358 ib.

158 5378 295 5438 Quid
327 5382 629 5445 requiratur
658 5384 833 5451 magis
875 5384 943 5436 ad
983 5384 1185 5438 donum
1230 5385 1637 5448 perseverantiae
1670 5382 1723 5433 in

228 5454 447 5506 homine
475 5469 633 5521 quam
662 5456 714 5509 in
744 5460 976 5527 Angelis,
1010 5472 1073 5511 ex
1102 5456 1412 5525 Augustino,
1444 5457 1541 5514 ἰὴ..
1564 5470 1611 5510 c.
1644 5460 1723 5507 15.

163 5529 225 5585 Et
248 5529 300 5585 in
331 5531 550 5587 nomine
572 5539 694 5605 post
712 5533 943 5607 lapsum,
974 5548 1135 5611 quam
1158 5541 1281 5589 ante
1302 5532 1471 5605 illum,
1502 5531 1574 5585 ib.

3256 387 3370 448 597

2435 499 2759 538 mirantia,

1815 637 2014 691 Eodem
2039 637 2202 691 modo
2226 637 2524 690 vivificatur
2543 637 2774 691 charitas
2805 650 2870 690 ac
2892 638 3079 703 gratia,
3114 638 3160 690 si
3184 637 3378 696 distin-

1878 721 2126 780 guantur,
2149 727 2236 782 op.
2269 719 2316 777 5,
2353 714 2474 780 disp
2515 719 2564 774 Ω,
2587 719 2715 768 sect.
2745 719 2791 767 3.

1814 790 1917 842 Cur
1945 789 2127 842 dicant
2149 792 2329 842 Patres
2353 789 2566 842 difficile
2591 791 2796 844 restitui
2823 791 3098 848 hominem
3139 790 3209 842 ad
3236 792 3376 856 pris-

1876 865 2048 918 tinum
2074 871 2270 918 statum
2295 866 2498 932 gratiae,
2523 865 2596 916 ib.

1816 942 1986 995 Homo
2029 953 2242 1006 semper
2283 940 2512 1006 resurgit
2541 940 2610 992 ad
2645 940 2902 1006 majorem
2935 939 3180 1006 gratiam,
3215 951 3378 1004 quam

1879 1015 2112 1070 habebat
2139 1021 2263 1070 ante
2289 1024 2586 1082 peccatum,
2617 1015 2689 1067 ib.

2281 1143 2605 1181 roetttrsstmz
2643 1143 2904 1182 RmCTUS.

1816 1243 1980 1307 Quam
2009 1243 2222 1298 difficile
2267 1244 2336 1296 sit
2379 1242 2748 1308 peccatoribus
2774 1241 2949 1298 redire
2986 1241 3058 1296 ad
3093 1241 3376 1308 pristinum

1880 1325 2074 1372 statum
2107 1332 2202 1384 per
2225 1317 2610 1384 poenitentiam,
2637 1331 2723 1384 op.
2759 1323 2805 1379 lt,
2828 1317 2964 1382 disp.
2991 1321 3037 1380 1,
3060 1323 3188 1372 sect.
3222 1322 3268 1373 1.

1817 1393 1983 1456 Quam
2005 1401 2208 1447 certum
2231 1394 2302 1446 sit
2321 1393 2642 1449 reviviscere
2683 1406 2780 1460 per
2811 1393 3158 1460 penitentiam
3187 1394 3378 1448 merita

1880 1468 2214 1530 mortificata,
2243 1468 2318 1521 ib.

2429 1598 2780 1637 mulctrum.

1816 1694 2126 1749 pollicitatio
2165 1708 2224 1750 rc
2263 1695 2382 1764 ipsa
2423 1697 2562 1750 idem
2603 1702 2686 1750 est
2719 1709 2784 1750 ac
2827 1697 3146 1764 promissio,
3188 1710 3276 1764 op.
3311 1704 3373 1760 5,

1878 1771 2017 1836 disp.
2049 1775 2095 1832 1,
2126 1775 2254 1825 sect.
2287 1775 2335 1825 8.

2469 1901 2722 1941 roratum.

1816 1993 1942 2056 Quae
1963 1995 2198 2062 potentia
2219 1993 2532 2050 indifferens
2551 2009 2660 2048 non
2683 1995 2854 2062 possit
2877 1994 3174 2060 producere
3201 1995 3373 2050 deter-

1882 2069 2140 2122 minatum
2177 2069 2444 2134 effectum,
2475 2083 2565 2138 op.
2594 2077 2640 2134 1,
2669 2072 2703 2124 Ι.
2733 2076 2782 2135 1,
2809 2085 2854 2124 c.
2883 2076 2930 2124 3.

1816 2144 2010 2195 Eadem
2043 2146 2278 2210 potentia
2297 2158 2409 2199 non
2429 2153 2748 2212 potestesse
2777 2147 2830 2203 itt
2856 2147 3048 2202 eodem
3074 2159 3271 2213 genere
3295 2145 3375 2202 in-

1879 2219 2138 2272 differens
2165 2227 2218 2272 et
2240 2220 2610 2285 determinata,
2640 2221 2711 2274 ib.

2300 2349 2616 2389 nasorum!
2638 2349 2891 2388 accentu.

1815 2449 1927 2511 Quo
1949 2461 2113 2502 sensu
2133 2449 2339 2504 dicatur
2355 2451 2410 2503 in
2441 2451 2728 2516 Scriptura,
2752 2452 2915 2504 Deum
2939 2462 3048 2506 non
3077 2461 3196 2504 esse
3219 2461 3376 2504 acce-

1880 2531 2087 2590 piorem
2113 2537 2485 2591 personarum,
2517 2538 2602 2592 op.
2633 2531 2683 2589 6,
2713 2531 2841 2579 sect.
2869 2531 2915 2578 tt.

2184 2656 2550 2706 annuntium,
2585 2657 2676 2696 SEU
2711 2657 3012 2696 nummo.

1816 2749 1950 2812 Quid
1975 2749 2044 2802 sit
2071 2749 2438 2815 praedefinitio,
2473 2756 2527 2804 et
2559 2750 2705 2816 quod
2737 2751 2854 2816 ejus
2881 2750 3166 2816 objectum,
3197 2762 3286 2816 op.
3323 2754 3373 2815 1,

1880 2825 1916 2878 l.
1941 2830 1988 2877 2.
2017 2837 2065 2878 c.
2092 2830 2137 2877 ’1.

1817 2899 2172 2954 Providentiae
2201 2898 2459 2966 perfectio
2481 2899 2598 2952 sine
2629 2899 2984 2967 praefinitione
3013 2905 3187 2966 potest
3216 2899 3378 2954 intel·-

1881 2974 1990 3039 ligi,
2024 2975 2093 3026 ib.

1817 3050 1951 3115 Quid
1971 3050 2040 3104 de
2063 3063 2128 3102 ea
2155 3049 2410 3117 opinione
2431 3050 2760 3104 censendum
2785 3051 2872 3113 sit.
2897 3062 3018 3117 quae
3041 3056 3199 3119 negat
3227 3056 3376 3106 actus

1878 3126 2152 3180 moraliter
2171 3126 2344 3182 bonos
2365 3124 2613 3193 praefiniri
2640 3139 2672 3177 a
2691 3128 2816 3187 Deo,
2854 3126 2928 3179 ib.

1814 3204 1886 3255 Ex
1911 3202 2331 3267 praedetinitione
2364 3209 2576 3255 actuum
2617 3203 2884 3256 bonorum
2921 3214 3031 3255 non
3069 3202 3276 3256 laedilur
3307 3202 3377 3254 li-

1876 3277 2074 3338 bertas»,
2103 3276 2173 3329 ib.

1814 3354 1978 3405 Secus
2007 3354 2052 3405 si
2084 3366 2192 3406 non
2227 3352 2444 3405 daretur
2477 3352 2702 3405 scientia
2723 3352 3104 3413 conditionata,
3128 3352 3200 3405 ib.

1812 3429 2098 3483 Praetinitio
2122 3441 2183 3481 ex
2205 3440 2264 3481 se
2287 3427 2354 3481 ad
2372 3428 2572 3481 nullam
2603 3430 2984 3496 perfectionem
3005 3428 3373 3494 providentia,

1878 3506 2128 3570 potentiae
2148 3512 2236 3558 aut
2259 3504 2494 3557 scientiae
2516 3503 2608 3557 Dei
2635 3509 2719 3555 est
2745 3503 3064 3567 necessaria,
3093 3503 3166 3559 ib.

1813 3578 2046 3632 Effectus
2069 3578 2424 3632 essentialiter
2453 3577 2693 3643 pendens
2716 3588 2750 3629 a
2768 3576 2926 3643 culpa
2948 3590 3062 3634 non
3087 3577 3380 3645 praeflnitur

1876 3662 2000 3708 ante
2033 3655 2404 3721 praevisionem
2432 3653 2622 3718 culpoe‚
2650 3653 2704 3705 ib
2732 3692 2743 3713 .
2767 3665 2814 3707 c.
2842 3659 2886 3703 tt.
2970 3709 2980 3720 ⁸

1813 3731 1952 3793 Quas
1977 3730 2147 3783 bonas
2171 3730 2405 3785 actiones
2440 3728 2770 3793 praedetlniat
2792 3729 2950 3789 neus,
2979 3726 3074 3791 ib.¹
3095 3740 3140 3781 c.
3175 3732 3222 3781 ’1.

1812 3804 1952 3864 Quas
1979 3816 2088 3856 non
2116 3803 2393 3868 praeiiniat,
2421 3802 2496 3854 ib.

1812 3879 1980 3930 Aliter
2005 3891 2063 3931 se
2085 3878 2248 3930 habet
2271 3878 2408 3929 Deus
2431 3877 2576 3929 circa
2613 3876 2790 3930 bonos
2809 3880 2962 3929 actus
2999 3888 3106 3930 non
3137 3878 3373 3943 proetlni-

1872 3962 1958 4007 tos
1986 3965 2148 4019 quam
2172 3952 2315 4005 circa
2335 3950 2522 4012 malos.
2555 3952 2626 4005 ib.

1810 4027 2146 4081 probabilius
2170 4034 2252 4079 est
2283 4026 2618 4083 rraedelinire
2654 4028 2818 4079 Deum
2849 4028 3060 4093 aliquos
3087 4033 3237 4079 actus
3273 4026 3374 4083 bo·

1874 4117 1976 4156 nos
1995 4104 2288 4167 moraliter,
2319 4103 2390 4154 ib.

1810 4177 2042 4231 Effectus
2067 4179 2214 4240 boni,
2253 4178 2341 4243 qui
2369 4190 2478 4229 non
2512 4183 2826 4244 supponunt
2853 4176 3208 4231 essentialiter
3243 4190 3371 4243 pec-

1872 4262 2069 4317 catum,
2090 4254 2340 4320 praeliniri
2369 4262 2596 4319 possunt
2615 4267 2647 4305 a
2665 4255 2790 4315 Deo,
2819 4253 2910 4314 ib..
2936 4267 2984 4306 c.
3014 4258 3060 4305 ⁵.

1812 4330 1946 4392 Quid
2001 4329 2351 4396 praedelinitio
2393 4328 2599 4381 dicatur
2649 4329 2826 4381 minus
2877 4328 3094 4396 proprie
3133 4334 3186 4381 et
3225 4328 3372 4395 rigo-

1874 4418 2014 4465 rose,
2039 4417 2126 4470 op.
2157 4410 2204 4465 1,
2227 4403 2261 4455 l.
2287 4408 2336 4466 1,
2357 4416 2404 4457 c.
2431 4408 2508 4455 16.

1811 4480 2163 4533 Praedetinitio
2194 4478 2366 4545 posita
2391 4477 2614 4531 scientia
2639 4478 2987 4532 conditionali
3021 4490 3132 4532 non
3171 4485 3373 4545 pugnat

1873 4568 1992 4607 cum
2020 4555 2280 4615 libertate,
2309 4554 2381 4607 ib.

1808 4630 2086 4691 Quomodo
2109 4632 2177 4681 sit
2204 4628 2490 4694 possibilis,
2515 4628 2585 4680 ib.

1806 4704 2161 4758 Praedetinitio
2183 4704 2466 4770 dupliciter
2488 4711 2660 4770 potest
2682 4703 2868 4769 accipi,
2897 4704 2970 4757 ib.

1806 4780 2158 4833 Praedefinitio
2191 4780 2342 4833 liberi
2368 4789 2516 4833 actus
2541 4792 2651 4832 non
2682 4779 2840 4833 infert
2867 4778 3370 4833 determinationem

1868 4856 2177 4919 voluntatiS,
2206 4856 2277 4907 ib.

1807 4934 1945 4985 Deus
1979 4932 2138 4984 simul
2179 4932 2405 4998 proelinit
2447 4936 2622 4985 actum
2664 4931 2867 4985 bonum
2906 4943 3029 4984 cum
3070 4930 3247 4983 medio
3285 4929 3369 4981 in·-

1870 5003 2095 5067 sallibili,
2125 5008 2196 5059 ib.

1808 5086 1973 5146 Quam
2010 5082 2222 5136 differat
2245 5082 2596 5149 praedelinitio
2618 5096 2650 5134 a
2674 5081 2899 5148 physica
2929 5080 3368 5149 prredetermina·

1872 5160 2036 5221 tione,
2057 5158 2129 5210 ib.

1809 5234 2097 5289 Praelinitio
2119 5231 2392 5298 quomodo
2418 5244 2526 5285 non
2545 5231 2719 5283 obstat
2737 5229 2967 5285 libertati
3005 5230 3180 5296 quoad
3217 5244 3370 5283 exer-

1870 5310 2074 5371 citium,
2107 5307 2178 5360 ib.

1806 5384 2161 5436 Praelinitione
2195 5381 2491 5448 supposita,
2515 5384 2778 5447 repugnat
2799 5392 2908 5433 non
2931 5379 3048 5433 fleri
3071 5386 3266 5438 actum.
3292 5378 3363 5433 ib.

1804 5458 1927 5509 Sine
1950 5458 2369 5523 praedeiinitione
2391 5455 2686 5509 salvaretur
2720 5454 2810 5507 Dei
2851 5465 3164 5519 concursus»,
3199 5460 3251 5518 et
3268 5468 3366 5519 su-

1866 5531 2171 5595 bordinatio
2191 5532 2480 5591 voluntatis
2499 5529 2569 5586 ad
2591 5528 2786 5606 ipsum,
2810 5528 2883 5595 ib,
