3850 6225
540 368 657 429 27⁴

530 481 681 534 tem.
714 470 824 533 Illa
854 476 1067 533 autern
1094 472 1481 553 hypothesi5‚
1514 489 1706 551 quam
1734 469 2102 533 declaratio-

532 566 632 627 nis
658 565 857 643 gratia
889 565 953 625 in
994 566 1247 631 homine
1276 564 1595 645 fingimus»,
1625 566 1690 626 in
1724 566 1923 625 Deum
1950 578 2100 623 vere

534 659 823 720 convenit
843 675 865 735 3
921 678 1071 738 ergo
1108 658 1296 719 etiam
1338 659 1403 719 in
1448 676 1661 719 amore
1702 658 1837 736 ejus
1862 654 2100 717 efficaci

532 759 679 815 sunt
712 752 815 813 illa
880 752 1005 813 duo
1061 751 1349 813 distincta
1394 756 1458 813 et
1508 751 1902 830 separabilia.
1943 750 2100 811 Nam

530 846 701 925 quod
739 846 907 907 Deus
941 846 1077 924 ipse
1141 844 1218 906 sit
1264 844 1372 923 qui
1413 844 1755 923 largiturus
1798 849 1893 905 est
1943 860 2101 922 prae·

532 940 753 1012 mium,
792 940 943 999 nihil
968 938 1355 1001 difficultatis
1374 936 1567 1009 addit,
1602 956 1745 1024 cum
1764 938 1934 997 Deus
1961 953 2101 1015 pos-

532 1033 614 1095 sit
638 1040 970 1111 utramque
1000 1050 1336 1110 personam
1379 1030 1615 1103 subire,
1642 1036 1711 1091 ut
1753 1048 1944 1109 supra
1993 1029 2100 1090 de-

528 1126 788 1187 claravi.
834 1129 1035 1206 Atque
1084 1126 1220 1185 haec
1246 1124 1621 1185 videbantur
1650 1122 1800 1185 satis
1834 1140 1974 1185 esse
2015 1122 2098 1183 ad

534 1219 885 1298 argumenti
912 1219 1309 1279 solutionem.

610 1312 711 1374 25.
763 1310 935 1385 Quod
964 1314 1051 1375 sit
1101 1312 1389 1391 objwcum
1432 1312 1768 1377 tolwntatis
1812 1310 2096 1391 efficacis,

532 1423 711 1487 quam
734 1405 1203 1487 ponentem—Ut
1224 1411 1439 1469 tamen
1471 1426 1573 1469 res
1604 1405 1952 1468 evidentior
1965 1403 2096 1477 fiat,

528 1506 773 1579 oportet
818 1499 1089 1577 amplius
1125 1498 1447 1563 declarare
1476 1500 1647 1579 quod
1674 1500 1751 1561 sit
1782 1498 2098 1577 objectum

530 1591 693 1652 illius
716 1591 946 1652 amoris
970 1592 1221 1671 gratuiti
1249 1593 1854 1671 praedestinatorum.
1872 1592 1944 1653 In
1971 1607 2097 1669 quo

528 1686 939 1765 supponimus
976 1685 1289 1764 objectum
1320 1686 1473 1749 illud
1517 1704 1657 1748 esse
1694 1686 1958 1765 gloriam
1995 1701 2100 1745 eo·

526 1796 689 1841 rum.
721 1777 1097 1857 Inquirimus
1124 1797 1273 1841 vero
1292 1779 1609 1859 quomodo
1630 1798 1699 1841 se
1730 1779 2020 1840 habuerit
2031 1778 2100 1837 il-

528 1870 588 1931 la
605 1870 901 1945 conditio,
931 1872 1145 1951 gratiS,
1162 1873 1263 1933 vel
1280 1890 1407 1933 nou
1424 1873 1616 1953 gratis
1634 1879 1743 1934 aut
1760 1891 1839 1935 ex
1859 1871 2098 1934 meritis

528 1964 851 2033 obtinendi
892 1965 1155 2043 gloriam
1182 1966 1247 2026 in
1278 1966 1525 2043 objecto
1551 1967 1713 2027 illius
1744 1964 2094 2027 electionis.

526 2058 751 2119 Tribus
785 2076 936 2136 ergo
974 2059 1179 2120 modis
1206 2057 1466 2137 intelligi
1502 2066 1711 2137 potest
1738 2078 1805 2121 se
1841 2058 2096 2119 hahuis-

529 2168 623 2212 se.
648 2151 873 2223 Primo,
906 2152 1167 2230 positive
1192 2170 1265 2213 ac
1291 2151 1568 2225 definite,
1592 2153 1677 2213 ita
1702 2158 1770 2213 ut
1792 2152 2097 2230 perillam

528 2243 901 2306 electionem
938 2245 1204 2305 voluerit
1238 2244 1409 2304 Deus
1446 2244 1683 2307 donare
1714 2244 1905 2325 gratis
1945 2245 2100 2305 bea-

526 2338 1161 2399 titudinemomnibus
1175 2337 1295 2399 illis
1317 2338 1711 2411 hominibus;
1746 2344 1811 2399 et
1835 2338 1956 2399 hoc
1975 2338 2097 2399 dici

526 2448 655 2491 non
678 2436 883 2510 potest
908 2431 987 2491 de
1014 2430 1307 2491 omnibus
1329 2431 1579 2493 adultiS.
1610 2432 1809 2510 quue
1842 2431 2102 2492 convin-

528 2524 607 2585 cit
634 2525 867 2604 optime
898 2524 1115 2603 quinta
1150 2524 1309 2585 ratio
1328 2524 1524 2609 ῦοιιις
1558 2532 1767 2604 posset
1796 2530 2008 2585 autem
2037 2523 2102 2585 id

526 2614 647 2679 dici
676 2617 756 2679 de
786 2616 1145 2693 infantibus,
1182 2623 1245 2679 et
1272 2618 1322 2678 si
1352 2618 1459 2697 qui
1492 2618 1597 2679 alii
1630 2625 1795 2692 sunt,
1828 2618 1936 2697 qui
1963 2618 2098 2678 sine

527 2710 795 2790 propriis
842 2710 1082 2771 meritis
1134 2710 1217 2771 de
1268 2710 1585 2791 condigno
1644 2710 2096 2773 beatitudinem

524 2810 1013 2883 consequantur,
1056 2802 1135 2865 de
1164 2822 1291 2882 quo
1336 2804 1492 2865 alias
1520 2823 1536 2877 ;
1571 2805 1637 2864 in
1668 2805 1765 2865 his
1794 2804 1968 2865 nulla
2003 2806 2098 2864 est

518 2898 959 2978 repugnantia,
1006 2898 1154 2977 quia
1204 2898 1271 2957 in
1312 2904 1595 2978 tempore
1640 2916 1771 2959 non
1812 2898 2098 2959 obtinent

524 2992 1002 3064 beatitudinem,
1048 2998 1117 3053 ut
1156 3010 1451 3053 coronam
1492 2992 1771 3070 justitiae,
1818 2990 1932 3075 sed
1957 2994 2098 3051 tan-

524 3094 659 3148 tum
680 3092 749 3148 ut
772 3085 1233 3158 haereditatem
1264 3088 1328 3148 et
1350 3085 1491 3148 ideo
1520 3088 1857 3165 potuerunt
1887 3084 2096 3146 statim

526 3181 594 3241 in
636 3179 838 3259 primo
892 3179 1072 3257 signo
1114 3179 1199 3240 ita
1246 3179 1389 3260 eligi
1450 3179 1534 3240 ad
1584 3179 1849 3260 gloriam
1900 3178 2096 3258 gratis

530 3273 959 3336 obtinendam.

604 3371 705 3430 26.
734 3366 913 3432 Alter
936 3367 1147 3430 modus
1164 3365 1510 3449 explicandi
1530 3367 1687 3448 quod
1709 3368 1796 3430 sit
1812 3367 1978 3430 illud
1999 3368 2097 3432 ob-

510 3463 769 3540 J'eetum.
798 3492 881 3508 —
899 3461 1229 3540 Rejicitur.
1260 3491 1343 3506 -
1370 3460 1696 3522 Secundus
1720 3461 1946 3522 modus
1975 3467 2092 3535 est,

524 3561 595 3616 ut
618 3555 687 3616 in
728 3555 931 3635 primo
960 3555 1139 3634 signo
1165 3554 1335 3616 Deus
1368 3553 1629 3633 praecise
1652 3553 1918 3616 voluerit
1943 3553 2093 3616 dare

517 3647 641 3708 illis
694 3647 1053 3710 hominibus
1087 3645 1378 3726 gloriam,
1432 3646 1589 3707 nihil
1634 3647 1967 3709 statuendo
2013 3647 2092 3710 de

528 3741 665 3819 ejus
691 3741 1071 3814 conditione,
1107 3759 1191 3800 an
1216 3740 1409 3820 gratis
1432 3739 1533 3802 vel
1556 3759 1683 3802 non
1712 3740 1905 3818 gratis
1926 3746 2094 3802 esset

522 3834 765 3908 danda;
801 3835 885 3896 ita
926 3841 997 3896 ut
1042 3835 1361 3913 objectum
1388 3833 1552 3895 illius
1598 3833 1934 3896 voluntatis
1971 3851 2092 3895 nec

520 3929 707 3990 fuerit
751 3928 1004 3990 donatio
1053 3928 1329 3990 liberalis
1356 3928 1594 4007 gloriae,
1636 3946 1755 3989 nec
1789 3929 1962 4008 justa
1989 3946 2092 3990 re-

518 4022 794 4095 tributio,
828 4022 941 4084 sed
962 4023 1224 4102 praecise
1254 4023 1503 4085 collatio
1532 4021 1699 4083 illius
1730 4022 1912 4093 boni;
1947 4039 2090 4101 pos-

520 4121 623 4176 tea
650 4133 799 4176 vero
840 4133 954 4194 per
996 4116 1363 4178 electionem
1413 4114 1758 4176 decreverit
1782 4116 1974 4188 Deus,
2023 4122 2090 4178 ut

520 4208 627 4270 illa
652 4209 941 4272 voluntas
968 4210 1141 4289 prior
1181 4227 1295 4289 per
1323 4209 1571 4282 merita,
1614 4215 1676 4270 et
1722 4227 1851 4270 non
1878 4209 2081 4283 aliter,

520 4303 869 4364 executioni
916 4303 1361 4376 mandaretur;
1413 4305 1477 4364 et
1523 4302 1667 4363 ideo
1714 4302 1972 4363 tandem
2019 4303 2086 4364 in

520 4396 739 4457 ordine
768 4396 1151 4458 executionis
1176 4397 1380 4458 solum
1402 4395 1669 4458 voluerit
1696 4395 2088 4476 glorificatio-

522 4507 669 4550 nem
698 4489 1057 4564 electorum,
1100 4497 1402 4570 tanquam
1440 4490 1936 4550 retributionem.
1977 4490 2090 4552 Hic

518 4599 669 4642 vero
708 4580 955 4644 dicendi
992 4583 1219 4644 modus
1246 4583 1398 4643 mihi
1446 4583 1637 4644 etiam
1678 4599 1809 4642 non
1857 4583 2086 4662 placet,

522 4692 891 4753 quanquam
930 4675 1269 4754 probabilis
1296 4677 1393 4750 sit,
1436 4683 1499 4738 et
1546 4693 1660 4755 per
1696 4675 1868 4736 illam
1908 4677 2089 4755 quin-

523 4771 655 4828 tam
680 4768 993 4829 rationem
1019 4786 1148 4829 non
1176 4769 1327 4830 satis
1352 4770 1777 4850 impugnetur.
1810 4771 1989 4844 Nam,
2015 4769 2090 4829 li·-

524 4867 626 4923 cet
652 4860 905 4923 donatio
934 4862 999 4923 in
1022 4880 1091 4924 re
1120 4864 1393 4925 exercita
1413 4881 1740 4942 nunquam
1768 4865 1965 4942 possit
1995 4881 2089 4925 es-

520 4971 591 5016 se
618 4953 737 5016 nisi
768 4955 834 5015 in
870 4955 1079 5034 aliqua
1122 4957 1355 5035 specie,
1408 4956 1641 5018 scilicet
1669 4956 1767 5018 vel
1815 4957 2090 5018 liberalis

520 5046 901 5121 donationis,
949 5048 1049 5108 vel
1092 5049 1415 5110 solutionis
1440 5051 1651 5128 justae,
1686 5055 1833 5122 etc„
1876 5056 2090 5111 tamen

520 5140 587 5203 in
634 5140 953 5202 voluntate
1002 5146 1065 5202 et
1106 5141 1453 5204 intentione
1493 5148 1699 5222 potest
1743 5143 2090 5204 secundum

518 5234 833 5295 rationem
881 5234 1241 5312 generalem
1290 5234 1498 5313 objici.
1546 5237 1705 5296 Nam
1750 5235 1802 5296 si
1844 5235 2086 5312 Petrus,

520 5327 696 5388 verbi
714 5323 933 5406 gratia,
952 5326 1162 5388 videat
1177 5326 1461 5400 Paulum,
1486 5327 1855 5390 creditorem
1878 5345 2086 5404 suum,

514 5419 585 5481 in
614 5439 843 5501 magna
876 5422 1087 5500 aliqua
1116 5422 1489 5482 necessitate
1520 5423 1944 5495 constitutum,
1977 5439 2092 5502 po-

516 5517 642 5576 test
694 5514 983 5578 absoluta
1028 5515 1349 5576 voluntate
1400 5531 1617 5578 secum
1670 5521 1946 5578 statuere
2001 5515 2089 5576 ini

1382 371 1589 425 oPL’sc.
1627 373 1667 436 1,
1706 370 1819 423 Lm.
1856 368 1944 421 111.
1978 368 2060 420 m:
2090 366 2364 421 AuxiLns
2397 368 2629 421 DlleAE
2659 368 2925 421 caum.

2183 466 2550 541 subvenire;
2583 472 2802 547 postea
2843 486 2992 529 vero
3022 485 3240 529 secum
3267 468 3600 535 deliberare
3639 497 3702 539 an

2182 560 2474 623 donando
2515 562 2616 623 vel
2663 561 2963 623 solvendo
2989 562 3270 625 debitum
3296 565 3385 625 illi
3413 567 3706 631 subventu-

2179 674 2289 715 rus
2317 655 2414 715 sit.
2451 654 2627 718 Unde
2657 655 2729 717 fit
2775 656 3030 716 ulterius
3059 664 3150 729 ut,
3183 658 3328 719 licet
3359 668 3570 738 postca
3609 670 3705 726 sta-

2183 754 2317 809 tuat
2339 748 2424 808 illi
2455 748 2788 811 subvenire
2812 748 3110 811 solvendo
3138 750 3446 826 debitum,
3463 772 3580 815 non
3597 776 3705 837 pro-

2181 847 2400 921 pterea
2427 847 2630 904 mutat
2653 843 2926 923 priorem
2953 844 3390 919 intentionem,
3427 849 3534 909 scd
3559 852 3704 931 eligat

2180 936 2460 998 medium
2487 954 2613 1015 quo
2643 942 2706 999 et
2733 936 2837 997 illa
2865 936 3129 999 intentio
3163 938 3478 1019 impletur,
3507 950 3564 1002 et
3585 964 3706 1024 quo-

2181 1028 2520 1090 dammodo
2537 1028 2988 1091 determinatur
3007 1038 3070 1093 et
3087 1034 3443 1111 applicatur
3469 1036 3542 1097 ad
3561 1056 3704 1117 opus;

2177 1122 2325 1200 quia
2355 1122 2434 1183 de
2460 1140 2527 1183 se
2557 1128 2692 1183 erat
2719 1124 3104 1197 indifferens,
3135 1144 3255 1187 nec
3285 1133 3528 1206 poterat
3549 1130 3606 1189 in
3627 1133 3706 1191 illa

2179 1215 2586 1296 generalitate
2615 1216 2880 1295 impleri.
2919 1217 3019 1281 Sic
3049 1236 3202 1298 ergo
3227 1219 3298 1279 in
3339 1224 3632 1298 praesenti,
3659 1226 3708 1284 li-

2181 1314 2280 1369 cet
2305 1309 2473 1370 Deus
2501 1309 2838 1389 postillam
2867 1310 3238 1371 electionem
3267 1312 3420 1374 velit
3447 1313 3604 1375 illam
3621 1317 3709 1377 im-

2179 1401 2336 1481 pleri
2367 1418 2482 1480 per
2521 1402 2766 1475 merita,
2791 1420 2922 1463 non
2951 1410 3288 1483 propterea
3315 1412 3518 1469 mutat
3543 1409 3629 1469 vel
3663 1412 3708 1471 in

2177 1514 2250 1557 re
2277 1495 2536 1556 minima
2555 1496 2728 1575 prius
2748 1495 3102 1570 decretum,
3145 1499 3456 1579 quidquid
3473 1501 3572 1561 alii
3595 1504 3712 1582 obji-

2179 1588 2369 1661 ciant,
2383 1588 2698 1652 variantes
2717 1588 2798 1649 ab
2815 1589 3122 1653 electione
3135 1593 3330 1672 gratis
3345 1602 3631 1674 concepta
3651 1598 3711 1658 ad

2179 1683 2445 1760 gratiam
2461 1699 2578 1743 seu
2589 1681 3100 1745 liberalitatemin
3113 1686 3364 1765 objecto
3385 1688 3652 1766 positam,
3667 1696 3712 1753 et

2179 1773 2320 1836 ideo
2341 1774 2668 1836 inveniunt
2689 1776 3096 1838 mutationem
3115 1778 3214 1839 vel
3239 1784 3708 1859 repugnantiam,

2179 1886 2322 1929 cum
2350 1868 2523 1931 nulla
2553 1870 2651 1929 sit.
2685 1868 2860 1941 Quia,
2891 1870 3038 1931 licet
3065 1872 3232 1933 Deus
3261 1892 3339 1933 ex
3361 1874 3426 1933 vi
3451 1876 3604 1937 illius
3627 1878 3712 1939 dc·

2180 1961 2330 2024 creti
2377 1979 2506 2023 non
2555 1964 2902 2041 respexerit
2945 1964 3192 2037 merita,
3217 1984 3350 2028 non
3407 1974 3608 2029 tamen
3633 1970 3710 2031 illa

2179 2055 2476 2127 exclusit;
2533 2063 2594 2117 et
2633 2056 2798 2133 ide0,
2847 2058 2994 2119 licet
3033 2059 3426 2140 adjungatur
3471 2063 3711 2125 voluntas

2177 2149 2568 2221 meritorum,
2599 2167 2728 2211 non
2755 2156 2850 2213 est
2870 2152 3152 2213 mutatio.
3187 2152 3372 2225 Quod
3401 2155 3470 2215 in
3495 2156 3619 2217 aliis
3637 2176 3713 2219 re-

2173 2242 2296 2303 bus
2323 2242 2504 2304 facile
2533 2242 2794 2324 intelligi
2813 2250 3051 2323 potest;
3079 2264 3251 2320 nam,
3285 2246 3438 2309 licet
3467 2250 3616 2311 Deus
3633 2271 3714 2313 ve-

2177 2334 2248 2397 lit
2276 2335 2470 2413 (verbi
2493 2336 2716 2415 gratia)
2738 2337 3050 2399 fructuum
3075 2340 3438 2405 ubertatem
3457 2342 3572 2404 hoe
3589 2350 3714 2405 tem-

2181 2446 2357 2507 pore,
2407 2446 2548 2507 quze
2593 2447 2708 2507 per
2749 2430 2956 2493 varias
3000 2451 3226 2495 causas
3269 2440 3333 2495 et
3373 2435 3580 2497 media
3607 2436 3713 2499 fieri

2179 2528 2408 2601 potest,
2444 2524 2730 2602 quamvis
2775 2542 2856 2585 ex
2899 2524 2958 2585 vi
3011 2526 3178 2589 illius
3217 2528 3582 2591 intentionis
3617 2550 3713 2591 non

2181 2615 2554 2679 determinet
2579 2618 2863 2693 modum,
2907 2624 2972 2681 et
3009 2636 3122 2699 per
3167 2622 3546 2685 electionem
3574 2625 3714 2684 illum

2179 2706 2458 2783 definiat,
2499 2715 2566 2771 ut
2607 2710 2805 2788 (verbi
2849 2713 3072 2792 gratia)
3119 2715 3290 2793 quod
3337 2716 3593 2779 ubertas
3635 2718 3715 2777 illa

2179 2802 2425 2862 eveniat
2448 2822 2562 2882 per
2589 2822 2814 2865 causas
2835 2808 3178 2881 naturales-1,
3209 2813 3322 2870 aut
3343 2828 3467 2888 per
3489 2812 3714 2871 miracu-

2177 2893 2332 2967 lum,
2363 2896 2464 2957 vel
2478 2915 2592 2975 per
2617 2899 2968 2959 orationem
2997 2900 3286 2980 alicujuS,
3315 2909 3434 2965 aut
3459 2905 3588 2965 sine
3613 2905 3712 2977 illa,

2175 3005 2306 3047 non
2335 2994 2668 3068 propterea
2695 2998 2896 3053 mutat
2925 2992 3094 3053 illam
3141 2996 3424 3073 priorem
3469 2996 3716 3057 intentio-

2178 3097 2347 3154 nem,
2365 3078 2492 3142 'sed
2519 3084 2851 3163 exequitur
2881 3085 3073 3149 illam.

2255 3176 2493 3236 Rursus
2509 3176 2692 3255 juxta
2721 3179 2890 3241 hunc
2917 3181 3202 3256 modum,
3231 3182 3420 3246 facile
3449 3185 3630 3246 etiam
3651 3185 3718 3246 di·

2177 3268 2336 3330 citur
2363 3269 2562 3332 Deum
2603 3271 2684 3332 ab
2711 3279 2946 3336 aeterno
2977 3292 3366 3355 praeparasse
3391 3277 3580 3356 justis
3611 3278 3717 3354 glo·

2175 3360 2334 3422 riam
2363 3379 2442 3422 ex
2469 3363 2708 3424 meritis
2735 3365 3164 3441 obtinendam,
3197 3386 3326 3430 non
3373 3370 3550 3449 quod
3589 3389 3717 3450 prae·

2174 3455 2416 3533 paratio
2443 3453 2581 3534 ipsa
2603 3456 2766 3518 facta
2797 3459 2876 3520 sit
2905 3475 2980 3520 ex
3009 3461 3270 3536 meritis,
3301 3462 3422 3538 sed
3449 3464 3612 3542 quod
3633 3463 3716 3522 ob-

2168 3546 2408 3625 jectum
2456 3547 2622 3609 illius
2671 3552 3148 3630 praeparationis
3183 3553 3375 3617 fuerit
3423 3557 3616 3636 gloria
3657 3575 3716 3616 ex

2173 3639 2448 3713 meritis;
2477 3643 2562 3702 ita
2601 3647 2816 3704 tamen
2841 3652 2913 3706 ut
2948 3645 3054 3708 illa
3081 3649 3464 3726 praeparatio
3491 3668 3614 3710 non
3641 3650 3716 3708 in-

2175 3731 2489 3812 telligatur
2525 3733 2688 3796 facta
2737 3754 2852 3816 per
2897 3739 3138 3800 nudam
3177 3739 3590 3804 intentionem
3616 3742 3717 3821 glo-

2171 3823 2300 3898 riae,
2333 3825 2446 3887 sed
2481 3828 2776 3907 adjuncta
2805 3831 2994 3892 etiam
3031 3831 3340 3896 electione
3367 3835 3715 3903 modiorum.

2171 3935 2286 3980 seu
2325 3921 2534 3997 potius
2581 3939 2695 4000 per
2721 3929 2918 3984 totam
2948 3925 3586 4004 praedestinationem.
3627 3930 3718 3990 Ne·

2173 4012 2512 4073 cessarium
2549 4021 2644 4076 est
2669 4022 2906 4092 autem,
2929 4019 3112 4096 juxta
3155 4020 3328 4082 hunc
3357 4023 3614 4085 modum
3647 4021 3718 4081 di·

2169 4104 2382 4179 cendi,
2445 4105 2626 4168 fateri
2677 4110 2872 4186 quod,
2921 4115 3128 4173 stante
3183 4115 3450 4192 praeciso
3495 4115 3716 4178 decreto

2168 4196 2361 4259 dandi
2379 4198 2644 4278 gloriam
2661 4203 2992 4276 electis,illi
3013 4205 3286 4268 habituri
3305 4207 3436 4268 sint
3455 4209 3714 4287 gloriam,

2167 4289 2254 4350 ita
2283 4297 2352 4352 ut
2379 4291 2430 4352 si
2459 4311 2576 4372 per
2595 4293 2978 4373 impossibile
3005 4315 3134 4358 non
3163 4299 3478 4362 haberent
3497 4301 3714 4372 merita,

2167 4381 2342 4444 illam
2373 4392 2585 4447 essent
2611 4389 3046 4464 consecuturi;
3096 4397 3314 4452 tamen
3345 4392 3485 4454 haec
3530 4392 3718 4453 condi-

2171 4474 2423 4538 tionalis
2474 4485 2571 4540 est
2615 4497 2694 4542 ex
2719 4481 3054 4560 hypothesi
3087 4485 3484 4564 impossibili,
3513 4503 3717 4565 suppo-

2173 4569 2292 4630 sito
2323 4571 2446 4632 alio
2487 4572 2742 4635 decreto
2771 4575 3108 4638 voluntatis
3137 4577 3530 4652 meritorum,
3559 4579 3716 4640 ratio-

2171 4687 2252 4730 ne
2295 4667 2474 4747 cujus
2511 4685 2730 4729 verum
2759 4675 2852 4730 est
2891 4671 3213 4732 neminem
3259 4679 3715 4734 consecuturum

2172 4762 2434 4844 gloriam
2465 4761 2600 4822 sine
2647 4762 2908 4823 meritis.
2943 4761 3123 4834 Quod
3150 4765 3200 4825 si
3229 4766 3376 4844 quis
3400 4765 3566 4828 dicat
3607 4783 3716 4824 non

2168 4857 2362 4918 fuisse
2414 4853 2798 4934 impossihile
2821 4856 3022 4916 Deum
3045 4875 3174 4918 non
3191 4858 3432 4920 hahere
3457 4859 3572 4920 hoc
3595 4875 3715 4936 pos-

2171 4951 2368 5012 terius
2393 4949 2718 5011 decretum
2747 4949 2910 5045 circa
2937 4953 3182 5024 merita,
3225 4953 3546 5031 supposito
3571 4952 3714 5030 prio-
3812 4995 3813 4998 η

2169 5045 2226 5106 ri
2279 5043 2444 5106 circa
2491 5043 2780 5123 gloriam,
2833 5050 2896 5105 et
2939 5045 3082 5106 ideo
3125 5045 3368 5124 absque
3409 5042 3710 5125 hypothesi
3812 5041 3813 5050 ‘

2171 5137 2537 5218 impossibili
2547 5136 2910 5217 simpliciter
2923 5157 3062 5200 esse
3083 5157 3302 5200 verum
3315 5140 3521 5202 dicere
3541 5137 3710 5217 quod,

2171 5233 2316 5296 licet
2341 5233 2630 5296 homines
2649 5251 2778 5294 non
2804 5234 3111 5296 haberent
3127 5236 3378 5310 merim,
3401 5250 3712 5312 conseque-

2169 5333 2388 5390 rentur
2410 5327 2696 5408 gloriam,
2725 5328 3090 5406 responderi
3111 5335 3316 5408 potest
3333 5325 3712 5396 concedendo
3812 5319 3813 5334 ¹

2171 5427 2394 5496 totum,
2427 5425 2489 5481 ct
2519 5421 2654 5482 sine
2685 5437 2920 5498 magno
2945 5422 3380 5496 incommod03
3413 5421 3555 5500 quia
3585 5428 3712 5480 tunc
3812 5487 3813 5498 ἶ

2169 5513 2388 5576 fuisset
2437 5514 2560 5576 alia
2589 5520 2825 5576 oeterna
2855 5513 3176 5593 dispositio
3205 5515 3539 5578 voluntatis
3581 5511 3712 5576 divi-
