3850 6225
535 390 653 451 386

539 492 946 571 adjuvantem
985 490 1248 571 gratiam
1274 536 1290 563 ,
1335 508 1477 571 quae
1505 506 1620 571 per
1645 490 1904 553 modum
1934 489 2105 569 prin-

539 584 683 665 cipii
716 584 1071 647 necessaria
1105 590 1201 645 est
1228 582 1309 646 ad
1337 583 1510 645 illum
1551 589 1764 645 actum
1803 582 1884 645 ad
1911 598 2103 662 quem

537 678 728 739 homo
755 684 1034 739 vocatur.

617 772 716 833 42.
763 772 826 834 Si
851 790 1002 833 vero
1031 772 1110 834 de
1145 790 1455 834 concursu
1493 772 1706 853 gratiae
1749 788 1959 833 sermo
1996 769 2097 843 sit,

537 866 835 947 quoniam
858 866 960 927 hic
983 884 1111 929 non
1135 866 1390 947 ponitur
1411 872 1556 929 actu
1580 866 1648 927 in
1668 864 1949 937 homine,
1978 862 2101 925 nisi

535 959 788 1041 quando
816 960 1006 1021 homo
1029 960 1163 1039 jam
1191 959 1346 1034 vult,
1378 978 1507 1020 non
1534 964 1740 1039 potest
1766 957 1885 1035 hoc
1911 954 2102 1017 modo

535 1054 766 1117 includi
794 1054 860 1115 in
881 1054 1206 1117 vocatione
1239 1054 1582 1116 sufficiente
1615 1071 1805 1133 quam
1829 1050 2023 1113 babet
2048 1048 2101 1109 is

535 1150 644 1229 qui
685 1169 814 1211 non
861 1154 1156 1229 operatur
1203 1166 1217 1211 ε
1263 1148 1692 1211 necessarium
1727 1164 1878 1207 vero
1909 1148 2102 1207 estut

534 1244 638 1305 hic
671 1260 1010 1304 concursus
1049 1260 1190 1303 cum
1227 1242 1361 1322 ipsa
1389 1242 1716 1303 vocatione
1755 1238 2100 1301 sufficiente

538 1337 624 1397 ita
652 1336 952 1397 offeratur
992 1354 1070 1398 ex
1110 1340 1286 1415 parte
1326 1334 1478 1409 Dei,
1525 1339 1595 1395 ut
1631 1334 1801 1395 sitin
1830 1330 2101 1392 hominis

541 1431 846 1507 potestate
879 1428 1052 1489 illum
1079 1428 1313 1491 habere
1341 1428 1392 1488 si
1421 1426 1704 1489 voluerit.
1749 1426 1990 1505 Itaque,
2020 1424 2103 1485 si-

535 1527 640 1584 cut
665 1540 804 1601 eg0,
837 1520 1089 1601 quando
1111 1540 1243 1583 non
1265 1520 1546 1594 ambu10,
1577 1538 1706 1581 non
1725 1520 1931 1581 habeo
1958 1522 2103 1579 actu

536 1615 600 1674 in
623 1632 724 1675 me
753 1620 1073 1694 receptum
1105 1632 1482 1676 concursum
1509 1614 1592 1675 ad
1619 1611 2097 1685 ambulandum,

537 1707 686 1787 quia
723 1707 825 1768 hic
851 1726 982 1769 non
1011 1714 1106 1769 est
1145 1708 1262 1769 nisi
1291 1708 1358 1769 in
1395 1708 1529 1787 ipsa
1566 1706 1792 1769 actuali
1823 1704 2099 1766 motione

537 1819 650 1862 seu
693 1801 1140 1875 ambulatione,
1189 1800 1394 1862 habeo
1433 1806 1648 1862 tamen
1683 1800 1769 1861 ita
1807 1802 2101 1879 paratum

537 1893 711 1955 illum
739 1910 1112 1955 concursum
1137 1911 1213 1955 ex
1238 1898 1418 1973 parte
1446 1893 1579 1964 Dei,
1615 1892 1770 1953 utin
1794 1895 2101 1971 potestate

535 2006 678 2048 mea
709 1986 786 2047 sit
813 1986 1046 2048 habere
1073 1986 1271 2062 illum,
1304 1985 1535 2067 alioqui
1564 2004 1692 2047 non
1717 1990 1886 2047 esset
1904 1984 1969 2043 in
1994 2000 2103 2063 po·

534 2084 756 2142 testate
793 2098 939 2141 mea
979 2078 1298 2141 ambulare
1334 2098 1348 2140 :
1391 2079 1474 2140 ad
1513 2078 1804 2141 eumdem
1841 2075 2102 2143 modum

535 2174 602 2239 in
632 2191 702 2234 re
733 2172 1110 2251 Theologica
1141 2171 1708 2253 philosophandum
1741 2186 2097 2241 censemus,

533 2273 606 2328 ut
633 2268 708 2337 is,
741 2267 848 2345 qui
879 2266 1256 2327 sufficienter
1285 2270 1544 2326 vocatur
1583 2264 1666 2325 ad
1697 2262 1910 2335 fidem,
1956 2279 2101 2323 con·

539 2361 830 2422 stituatur
877 2357 1237 2437 simpliciter
1285 2364 1508 2437 potens
1556 2356 1638 2417 ad
1687 2354 2098 2429 credendum,

536 2453 963 2515 necessarium
1000 2470 1138 2513 esse
1169 2450 1338 2531 quod
1365 2450 1452 2511 ita
1482 2450 1710 2511 babeat
1740 2453 2037 2528 paratum
2066 2466 2103 2508 a

535 2549 668 2609 Deo
695 2544 1236 2607 accommodatum
1261 2562 1634 2605 concursum
1659 2542 1872 2624 gratiae
1895 2542 1979 2602 ad
2002 2561 2103 2618 su·

537 2638 1002 2721 pernaturalem
1028 2636 1242 2710 fidem,
1286 2655 1401 2699 seu
1427 2636 1811 2699 voluntatem
1840 2634 2103 2696 creden-

534 2732 622 2806 di,
647 2739 718 2793 ut
735 2731 812 2793 sit
835 2732 902 2793 in
926 2732 1061 2810 ejus
1087 2736 1392 2811 potestate
1419 2748 1494 2792 ac
1521 2729 1840 2791 voluntate
1867 2728 2102 2789 habere

536 2827 714 2887 illum
739 2871 756 2900 ,
802 2825 852 2887 si
891 2826 1168 2904 seipsum
1203 2824 1352 2886 velit
1379 2822 1462 2885 ad
1490 2822 1876 2885 credendum
1905 2821 2105 2901 appli-

539 2938 706 2994 care,
726 2924 911 2999 prout
929 2936 1076 2981 cum
1095 2917 1304 2979 divina
1323 2918 1528 2999 gratia
1546 2922 1774 2997 potest.
1800 2917 1933 2977 Hoc
1952 2934 2102 2996 ergo

537 3011 726 3075 modo
759 3012 838 3073 de
887 3011 1231 3073 sufficiente
1272 3012 1598 3074 vocatione
1637 3016 1700 3073 et
1735 3010 1936 3091 gratia
1966 3028 2103 3070 scn-

536 3106 818 3170 tiendum
855 3125 996 3168 esse
1023 3104 1406 3186 judicamuS‚
1439 3110 1532 3181 ut,
1565 3123 1704 3186 quoe
1735 3123 1912 3166 sacra
1942 3102 2107 3165 Scri-

536 3209 699 3276 tura,
745 3201 1040 3274 Consilia,
1087 3205 1150 3262 et
1181 3201 1394 3262 Patres
1435 3199 1514 3261 de
1553 3199 1660 3260 illa
1691 3199 1919 3260 docent
1958 3215 2107 3258 vera

538 3313 699 3369 esse,
741 3313 890 3355 vera
943 3311 1082 3354 esse
1133 3293 1394 3373 possint,
1443 3298 1513 3353 ut
1559 3292 1622 3352 in
1657 3292 1860 3373 prima
1907 3311 2107 3352 asser-

537 3389 704 3451 tione
737 3393 952 3449 contra
997 3385 1275 3467 priorem
1311 3384 1684 3446 sententiam
1715 3385 1867 3446 satis
1899 3385 2107 3446 decla-

535 3479 832 3542 ravimus·
864 3479 1168 3558 (Legatur
1195 3479 1389 3558 Vega,
1427 3477 1536 3539 lib.
1568 3478 1607 3538 6
1636 3477 1700 3537 in
1726 3477 1923 3552 Trid„
1952 3496 2007 3538 c.
2042 3478 2103 3550 73

537 3573 708 3646 Soto,
743 3571 850 3633 lib.
885 3575 914 3633 1
946 3571 1024 3632 de
1056 3571 1198 3632 Nat.
1235 3576 1298 3631 et
1327 3571 1514 3650 grat.,
1547 3588 1603 3630 c.
1641 3570 1767 3649 16.)

611 3666 714 3726 43.
766 3663 1002 3738 Quarta
1017 3662 1728 3746 proponam-Quarto,
1761 3661 1905 3723 hinc
1942 3659 2108 3722 colli-

535 3759 764 3840 gimus,
798 3759 962 3818 ultra
993 3757 1391 3818 vocationem
1443 3755 1882 3830 sufficientem,
1920 3759 2109 3834 prout

536 3851 796 3916 includit
833 3869 1020 3912 omne
1053 3851 1376 3922 auxilium,
1408 3855 1536 3911 tam
1579 3849 1879 3922 excitanS,
1916 3866 2106 3928 quam

537 3947 866 4027 adjuvans,
885 3943 1054 4024 quod
1072 3945 1310 4005 homini
1331 3942 1465 4004 dari
1485 3941 1890 4022 intelligimus
1912 3943 2107 4022 prius-

537 4059 729 4122 quam
769 4044 911 4102 actu
955 4045 1250 4119 operetur
1279 4043 1342 4098 et
1379 4037 1746 4111 consentiat,
1782 4037 1937 4098 nihil
1968 4054 2106 4097 esse

537 4133 897 4215 simpliciter
919 4131 1344 4194 necessarium
1375 4130 1458 4192 ad
1487 4129 1812 4192 actualiter
1841 4148 2109 4211 operan-

537 4231 712 4302 dum,
734 4233 962 4309 praeter
985 4225 1296 4288 actualem
1321 4224 1536 4304 gratioe
1557 4243 1957 4297 concursum,
1980 4241 2105 4304 quo

535 4323 704 4384 Deus
742 4339 886 4383 cum
915 4320 1049 4400 ipsa
1089 4317 1408 4380 voluntate
1441 4316 1646 4378 influit
1671 4317 1737 4378 in
1768 4323 1980 4379 actum
2014 4317 2109 4397 ip-

539 4433 703 4490 sum,
731 4419 795 4477 et
821 4428 1200 4475 consensum
1229 4410 1425 4490 ipsius
1451 4409 1787 4472 voluntatis
1807 4413 1852 4469 ¹.
1883 4409 2109 4471 Proba-

537 4514 640 4570 tur
669 4525 748 4568 ex
774 4504 895 4568 illis
919 4503 1073 4566 locis
1103 4521 1294 4566 sacroe
1332 4501 1664 4583 Scripturoe
1697 4522 1711 4563 ε
1743 4503 1884 4586 Eoo
1913 4507 2007 4564 sto
2033 4503 2117 4566 ad

540 4603 758 4664 ostimn
783 4605 842 4663 et
863 4595 1043 4679 pulso
1055 4617 1082 4670 ;
1107 4595 1164 4660 si
1185 4596 1322 4678 quis
1344 4593 1494 4658 milti
1519 4595 1845 4676 aperuerit,
1873 4594 2111 4660 intrabo

541 4695 625 4757 ad
659 4692 860 4755 illm.
923 4689 1170 4765 Vocari,
1210 4695 1268 4754 et
1307 4688 1622 4753 renuistis.
1668 4687 1908 4762 Quoties
1948 4689 2115 4752 volui

543 4801 907 4867 coum-ware
949 4783 1116 4860 filios
1155 4789 1322 4858 tuos,
1357 4787 1414 4846 et
1451 4781 1705 4846 noluisti
1719 4805 1748 4854 ,·
1775 4801 1853 4844 ex
1884 4781 2111 4861 quibus

545 4877 730 4939 nobis
783 4881 1049 4949 constat,
1101 4881 1244 4956 post
1299 4875 1692 4937 vocationem
1711 4920 1728 4950 ,
1781 4881 2111 4956 expectare

541 4974 742 5034 Deum
785 4976 856 5031 ut
881 4970 1070 5030 homo
1101 4967 1342 5048 aperiat
1369 4975 1430 5030 et
1465 4969 1846 5042 consentiat;
1879 4987 2111 5048 suppo-

465 5091 480 5104 ·
543 5063 710 5127 nitur
739 5079 914 5143 ergo,
943 5062 1007 5122 in
1041 5061 1220 5124 dictis
1247 5061 1422 5136 locis,
1450 5061 1772 5124 hominem
1803 5081 1943 5122 esse
1974 5063 2109 5141 jam

623 5258 639 5290 ⁸
675 5251 766 5312 Ita
793 5247 1070 5328 loquitur
1099 5249 1310 5322 Amb.,
1343 5247 1734 5310 serm.·10in
1771 5246 1931 5310 Psal.
1966 5249 2101 5316 118.

539 5351 811 5408 tractans
851 5342 1006 5404 illud
1051 5360 1064 5402 ε
1113 5341 1548 5404 Pro-venerunt
1587 5339 1745 5404 oculi
1779 5340 1896 5404 mei
1931 5343 2015 5404 ad
2049 5346 2106 5405 to

533 5437 818 5503 diluculo.
853 5437 1132 5498 Sumitur
1171 5453 1248 5495 ex
1291 5436 1479 5514 Aug„
1503 5433 1610 5496 lib.
1641 5435 1721 5496 83
1752 5433 2005 5508 Quoest„
2034 5452 2097 5513 q.

535 5535 636 5608 68,
669 5536 731 5592 et
755 5529 863 5591 lib.
895 5533 923 5592 ι
963 5530 1157 5604 Retr„
1187 5547 1323 5608 cap.
1356 5528 1458 5588 26.

1073 390 1284 445 owse.
1320 392 1405 445 m.
1441 390 1662 445 Bul-:vis
1693 390 2040 445 til-:somno
2072 388 2561 447 comnovssnsm
2599 396 2679 448 ΒΕ
2712 394 2969 449 Auximo
3001 396 3193 451 mic.

2186 490 2589 553 constitutum
2617 492 2681 553 in
2712 497 2857 553 actu
2886 492 3088 573 primo
3118 486 3464 557 sufficiente
3494 496 3585 559 ad
3608 516 3769 559 con-

2185 600 2439 645 sensum
2486 585 2937 664 praestandum,
2963 591 3026 647 et
3064 585 3273 647 solum
3300 586 3593 667 indigere
3612 610 3767 655 cou-

2184 696 2373 739 cursu
2412 678 2901 758 proportionum,
2940 696 3129 757 quem
3176 698 3440 743 necesse
3480 689 3589 744 est
3626 702 3765 749 esse

2182 770 2267 832 illi
2298 778 2609 851 paratum,
2634 790 2901 851 esseque
2936 774 3002 833 in
3039 778 3351 852 potestate
3388 775 3559 855 ejus,
3583 783 3653 839 ut
3690 796 3767 839 ex

2184 864 2425 925 eisdem
2470 865 2623 927 locis
2664 864 2994 945 colligitur,
3040 884 3187 926 cum
3223 866 3361 929 sine
3403 866 3515 927 illo
3556 886 3765 948 neque

2181 959 2425 1039 aperire
2454 977 2661 1038 neque
2692 958 3041 1021 consentire
3078 961 3293 1039 possit.

2261 1054 2363 1114 44.
2410 1054 2613 1131 Atque
2654 1052 2799 1113 hinc
2840 1052 3108 1113 sumitur
3144 1054 3305 1115 ratio
3348 1054 3761 1135 Theologica‚

2180 1146 2350 1227 quia,
2384 1148 2438 1207 si
2465 1145 2701 1226 aliquid
2726 1145 2898 1207 aliud
2926 1154 3093 1207 esset
3118 1148 3589 1221 necessarium,
3614 1150 3765 1211 illud

2182 1239 2441 1301 deberet
2492 1258 2629 1301 esse
2678 1239 2981 1319 praevium
3028 1240 3111 1301 ad
3156 1246 3391 1316 actum,
3436 1248 3505 1302 et
3552 1243 3759 1322 aliquo

2180 1332 2370 1395 modo
2398 1332 2771 1412 principium
2794 1337 2951 1411 ejuS,
2976 1332 3077 1395 vel
3100 1332 3375 1395 conditio
3398 1338 3761 1397 necessaria

2182 1426 2265 1487 ad
2316 1426 2511 1487 illum.
2544 1426 2723 1488 Unde
2767 1424 2837 1487 fit
2884 1432 2955 1487 ut
3002 1425 3195 1487 homo
3233 1426 3339 1487 illa
3389 1445 3459 1488 re
3506 1446 3755 1501 carens,

2182 1520 2657 1601 qualiscumque
2696 1518 2801 1579 illa
2840 1519 2940 1592 sit,
2984 1519 3192 1581 adhuc
3218 1518 3301 1581 sit
3326 1520 3677 1599 impotem,
3704 1530 3761 1583 et

2181 1618 2641 1693 consequenter
2673 1612 2955 1675 nondum
2990 1612 3223 1675 habeat
3262 1614 3579 1675 auxilinm
3618 1616 3759 1677 sim-

2182 1708 2422 1788 pliciter
2452 1706 2771 1767 sufficiens
2800 1726 2815 1765 ε
2848 1706 2901 1767 si
2930 1723 3081 1786 ergo
3112 1707 3495 1785 supponitur
3520 1706 3754 1769 habere

2183 1802 2520 1873 sufficiens,
2556 1805 2625 1861 ut
2670 1816 2817 1863 vere
2866 1800 3059 1862 habet
3106 1800 3311 1861 omnis
3356 1801 3465 1879 qui
3514 1810 3751 1880 peccat,

2183 1912 2330 1957 cum
2363 1899 2623 1955 vocatus
2662 1910 2791 1955 non
2826 1894 3018 1965 venit,
3048 1910 3309 1955 necesse
3354 1900 3453 1955 est
3490 1900 3567 1955 ut
3608 1896 3757 1955 nihil

2184 1989 2269 2050 illi
2310 1987 2473 2049 desit
2514 1991 2749 2067 praeter
2792 1986 3101 2047 actualem
3148 2002 3558 2049 concursum.
3592 1989 3756 2049 Sicut

2184 2082 2247 2143 in
2274 2081 2665 2143 naturalibus
2691 2078 3021 2141 virtutibus
3050 2079 3159 2140 illa
3186 2080 3417 2142 dicitur
3440 2082 3757 2143 sufficiens

2184 2175 2265 2236 ad
2294 2173 2609 2249 agendum
2641 2174 2705 2234 in
2746 2191 2981 2253 genere
3022 2190 3229 2234 causae
3262 2176 3595 2253 proximae,
3624 2192 3756 2255 quae

2184 2268 2387 2329 solum
2416 2266 2653 2345 indiget
2682 2284 2991 2327 concursu
3026 2285 3229 2328 causae
3259 2268 3639 2329 universalis
3676 2270 3753 2329 ad

2186 2360 2537 2439 agendum3
2594 2378 2775 2433 nam,
2826 2361 2879 2420 si
2933 2360 3141 2439 aliqua
3192 2362 3317 2421 alia
3366 2380 3439 2423 re
3492 2362 3747 2443 indiget,

2186 2460 2491 2534 quantum
2520 2453 2601 2514 ad
2626 2453 2713 2527 id,
2743 2460 2839 2513 est
2862 2452 3057 2515 virtus
3085 2454 3499 2527 insufficiens,
3526 2456 3625 2515 vel
3666 2457 3749 2517 in-

2186 2546 2519 2625 completa,
2560 2546 2659 2607 vel
2705 2564 2834 2607 non
2865 2546 3012 2607 satis
3060 2546 3397 2625 applicata,
3432 2553 3493 2609 et
3538 2564 3747 2609 conse

2185 2647 2447 2720 quenter
2472 2657 2601 2699 non
2630 2644 2725 2700 est
2751 2640 3029 2717 proxime
3060 2639 3398 2713 sufficiens,
3426 2646 3615 2719 prout
3648 2658 3749 2701 ne-

2186 2732 2527 2793 cessarium
2566 2737 2664 2793 est
2704 2732 2769 2791 in
2797 2750 2987 2793 causa
3030 2730 3228 2792 libera
3256 2732 3341 2793 ad
3380 2738 3747 2811 potestatem

2185 2824 2567 2904 simpliciter,
2612 2831 2683 2885 ut
2724 2825 2803 2885 sit
2841 2824 3158 2887 moraliter
3204 2831 3459 2905 potens,
3494 2828 3747 2905 ejusque

2184 2918 2487 2979 voluntati
2514 2922 2575 2977 et
2602 2936 2731 2978 non
2761 2918 3143 2996 impotentiae
3184 2918 3517 2991 tribuatur,
3546 2920 3603 2979 si
3628 2936 3749 2981 non

2184 3016 2501 3091 operetur,
2532 3010 2635 3071 vel
2663 3011 3033 3073 consentiat.

2266 3106 2367 3166 45.
2416 3102 2553 3166 Alia
2594 3103 2784 3165 etiam
2822 3104 3065 3166 ratione
3108 3104 3173 3166 id
3214 3104 3543 3186 probatur,
3582 3106 3745 3185 quia,

2188 3199 2237 3260 si
2282 3197 2517 3277 aliquid
2558 3197 2728 3258 aliud
2772 3199 3201 3260 necessarium
3240 3206 3431 3272 esset,
3486 3201 3747 3261 maxime

2191 3293 2392 3372 gratia
2434 3291 2665 3369 aliqua,
2696 3307 2837 3370 quae
2866 3309 2934 3352 se
2964 3290 3097 3352 sola
3126 3297 3186 3353 et
3232 3310 3351 3352 sua
3376 3293 3437 3352 vi
3468 3293 3750 3353 determi-

2186 3389 2367 3446 naret
2393 3383 2778 3445 voluntatem
2820 3391 2964 3446 ante
3004 3402 3389 3446 consensum
3418 3385 3592 3464 ejus:
3642 3385 3749 3446 sed

2188 3477 2329 3539 talis
2352 3475 2551 3556 gratia
2578 3494 2705 3537 non
2738 3476 2941 3537 solum
2966 3477 3323 3538 necessaria
3338 3494 3469 3538 non
3498 3483 3615 3550 est,
3640 3477 3747 3538 sed
3821 3507 3822 3574 ἐ

2189 3572 2377 3632 etiam
2421 3575 2731 3650 repugnat
2774 3567 3211 3631 indifferentiae
3260 3576 3321 3632 et
3364 3569 3562 3632 libero
3612 3571 3745 3631 usui
3821 3575 3822 3604 ¹

2190 3665 2385 3745 ipsius
2416 3664 2774 3738 voluntatiS‚
2798 3670 2867 3725 ut
2896 3670 2993 3724 est
3013 3670 3374 3738 ostensum3
3406 3682 3555 3746 ergo
3582 3665 3745 3726 nulla

2188 3757 2329 3818 talis
2376 3757 2574 3838 gratia
2625 3761 2720 3818 est
2768 3757 3143 3818 necessaria.
3194 3757 3517 3834 Quocirca,
3558 3759 3741 3820 consi·

2187 3849 2469 3912 derando
2516 3867 2660 3910 eam
2700 3851 3011 3911 actionem
3072 3850 3315 3930 gratim,
3362 3868 3549 3929 quam
3590 3852 3737 3912 Deus

2188 3943 2378 4004 habet
2405 3943 2469 4003 in
2498 3941 2747 4004 homine
2773 3943 3011 4022 absque
3036 3945 3563 4006 consensulibero
3586 3947 3731 4024 ejus,
3819 4003 3820 4008 ,

2190 4033 2541 4108 excitando,
2583 4035 2971 4115 inspirandO,
3026 4035 3463 4110 illuminando,
3512 4045 3649 4111 etc„
3678 4045 3733 4098 ct

2188 4129 2309 4190 hoc
2346 4128 2569 4188 morali
2596 4127 2809 4203 mod0‚
2858 4134 2930 4191 ut
2954 4129 3103 4190 velit
3133 4129 3481 4210 operand0,
3512 4132 3561 4190 si
3606 4131 3731 4192 talis

2188 4223 2349 4284 actio
2382 4223 2647 4300 attingat
2702 4223 2969 4304 gradum
3016 4224 3233 4286 auxilii
3282 4225 3348 4286 in
3400 4241 3477 4286 eo
3520 4243 3732 4305 genere

2187 4316 2547 4378 immediate
2576 4314 2939 4378 sufficientis
2967 4317 3047 4378 ad
3078 4317 3359 4397 aliquem
3394 4322 3595 4379 actum
3638 4337 3733 4379 su-

2189 4409 2656 4490 pernaturalem
2678 4409 3039 4484 voluntatis,
3060 4409 3225 4472 inter
3236 4411 3429 4472 talem
3444 4413 3731 4472 actionem

2188 4503 2324 4578 Dei,
2360 4508 2422 4564 et
2448 4503 2619 4564 illam
2649 4520 2775 4581 qua
2808 4503 3122 4565 concurrit
3148 4523 3297 4564 cum
3326 4505 3632 4567 voluntate
3656 4505 3729 4565 ad

2192 4597 2398 4677 ipsum
2429 4615 2759 4658 assensum
2782 4595 3075 4670 liberum,
3104 4597 3278 4658 nulla
3306 4596 3433 4660 alia
3458 4600 3607 4660 actio
3630 4599 3727 4660 Dei
3817 4627 3818 4644 a

2190 4689 2539 4764 intercedit,
2568 4707 2707 4770 quoe
2734 4689 3093 4752 necessaria
3140 4691 3219 4752 sit
3254 4690 3338 4752 ad
3377 4711 3727 4754 consensum

2188 4781 2457 4843 liberum
2486 4782 2940 4862 praestandum;
2988 4781 3247 4862 alioqui,
3297 4783 3401 4846 vel
3444 4785 3545 4846 illa
3576 4786 3727 4864 prior

2188 4877 2391 4956 gratia
2434 4895 2563 4938 non
2608 4882 2855 4956 poterat
2893 4893 3031 4938 esse
3070 4877 3390 4938 sufficiens
3434 4879 3513 4940 ad
3555 4879 3723 4938 talem

2190 4985 2565 5028 consensum
2604 4969 2669 5028 in
2700 4969 2937 5030 ratione
2966 4970 3230 5050 proximi
3262 4971 3725 5052 supernaturalis

2188 5061 2506 5141 principii3
2536 5062 2637 5122 vel
2678 5061 2779 5123 illa
2806 5062 2952 5138 alia,
2992 5081 3135 5142 quae
3171 5065 3553 5128 intercedere
3592 5065 3719 5125 dici·

2187 5161 2311 5226 tur,
2363 5156 2717 5217 necessaria
2742 5171 2871 5216 non
2896 5161 3025 5230 est;
3064 5163 3126 5218 et
3153 5164 3464 5237 praeterea
3491 5157 3717 5237 intelligi

2186 5266 2311 5310 non
2332 5255 2537 5328 potest
2562 5248 2878 5328 quomodo
2902 5249 3276 5312 adhibeatur
3303 5251 3442 5315 sine
3466 5250 3719 5331 praejudi-

2186 5339 2281 5402 cio
2312 5341 2637 5404 libertatis,

2262 5435 2365 5496 46.
2396 5434 2623 5509 Quanta
2640 5433 2995 5519 propositio.
3026 5468 3109 5484 —
3136 5437 3387 5512 Quinto,
3420 5438 3553 5498 hinc
3582 5437 3715 5498 ulte-

2184 5527 2315 5588 rius
2330 5528 2757 5592 concludimus
2781 5529 3081 5591 auxilium
3098 5531 3343 5606 efficax,
3358 5537 3427 5592 ut
3446 5535 3575 5592 actu
3590 5549 3713 5610 ope-
