3850 6225
467 454 761 534 opinione
825 469 966 531 quae
1019 458 1212 533 negat
1264 453 1498 513 habere
1555 453 1759 512 Deum
1835 451 2036 512 scien-

465 549 620 610 tiam
669 545 1024 608 futurorum
1065 545 1562 624 contingentium
1583 591 1598 618 ,
1651 563 1790 624 quae
1824 543 2037 604 condi-

467 641 706 702 tionata
747 638 972 700 dicitur
1009 659 1025 712 ;
1078 657 1227 700 nam
1277 638 1387 700 illa
1443 638 1686 699 seclusa
1729 654 1854 696 non
1891 654 2035 715 pos-

469 740 565 795 set
611 735 778 794 Deus
806 732 1202 812 praedefinire
1245 740 1456 795 actum
1488 730 2034 811 supernaturalem

467 827 870 888 infallibiliter
897 828 1200 902 futurum,
1232 826 1354 888 nisi
1399 827 1656 888 omnino
1697 824 2036 886 efficaciter

467 921 843 982 determinet
883 937 1140 982 causam
1177 921 1522 982 secundam
1567 918 1650 980 ad
1701 917 1875 979 illum
1931 937 2037 979 ac-

467 1018 626 1087 tum,
647 1013 734 1076 ita
761 1019 832 1075 ut
855 1013 1144 1076 resistere
1169 1031 1296 1075 non
1321 1013 1544 1093 possit;
1565 1011 1889 1092 quia'alias
1905 1030 2032 1072 non

468 1113 679 1188 posset
699 1108 958 1168 effectus
984 1123 1123 1168 esse
1153 1107 1408 1168 omnino
1433 1105 1792 1166 infallibilis.
1825 1105 1901 1166 Et
1924 1105 2033 1184 qui

470 1202 560 1262 sic
588 1199 944 1281 opinantur,
980 1203 1440 1279 consequenter
1477 1198 1732 1279 quidem
1761 1198 2035 1276 loquun-

469 1300 592 1367 tur,
611 1299 681 1354 ut
708 1295 772 1355 in
801 1292 1230 1371 superioribus
1249 1292 1374 1354 dixi
1401 1311 1416 1365 ;
1449 1291 1562 1354 sed
1585 1309 1775 1371 quam
1802 1290 2033 1352 falsum

471 1387 550 1449 sit
586 1385 740 1448 illud
780 1385 1284 1456 fundamentum,
1317 1386 1381 1446 in
1411 1385 1664 1466 speciali
1694 1402 1886 1463 opere
1930 1401 2035 1446 os-

469 1482 748 1544 tendam.
777 1483 854 1543 Et
880 1482 1002 1544 hoc
1043 1481 1252 1561 ipsum
1289 1499 1706 1560 consequens,
1749 1479 1920 1558 quod
1956 1497 2035 1540 ex

469 1575 574 1637 illo
586 1575 872 1651 infertur,
891 1575 1178 1636 sufficere
1201 1573 1462 1636 deberet
1481 1572 1562 1633 ad
1581 1571 2033 1634 ostendendam

469 1669 634 1730 illius
675 1668 962 1748 principii
1003 1667 1365 1740 falsitatem,
1396 1665 1708 1736 videlicet,
1736 1672 1847 1727 aut
1871 1665 2035 1744 phy-

469 1764 664 1824 sicam
707 1760 1424 1841 praedeterminationem
1454 1758 1904 1820 admittendam
1936 1775 2037 1818 es·

469 1873 560 1926 se,
593 1861 702 1916 aut
745 1871 1000 1916 omnem
1029 1853 1597 1934 praedefinitionem
1633 1857 1810 1912 actus
1855 1849 2035 1912 liberi

468 1947 850 2028 negandam.

547 2044 607 2104 2.
661 2041 778 2103 Alii
818 2059 992 2116 vero,
1023 2042 1311 2122 quamvis
1337 2040 1670 2102 admittant
1709 2038 2035 2100 scientiam

470 2135 961 2198 conditionatam
996 2141 1249 2198 actuum
1285 2134 1628 2196 liberorum
1649 2178 1668 2208 ,
1718 2129 2037 2192 nihilomi-

467 2249 589 2292 nus
619 2231 974 2292 existimant
995 2229 1373 2310 praedefinit-i
1399 2246 1528 2289 non
1551 2243 1757 2306 posse,
1791 2225 2033 2303 integra

467 2333 766 2388 manente
805 2344 1026 2388 eorum
1053 2325 1362 2400 libertate,
1402 2329 1662 2403 propter
1687 2321 2031 2383 efficaciam

467 2420 804 2500 cujuslibet
828 2417 1342 2498 praedefinitionis
1365 2416 1614 2491 divinae,
1645 2421 1708 2478 et
1735 2431 2027 2476 necessa-

467 2514 628 2574 riam
654 2513 1109 2574 connexionem
1136 2529 1280 2572 cum
1309 2515 1454 2572 actu
1504 2507 1918 2589 praedefinito.
1946 2507 2037 2566 Ex

469 2606 566 2667 his
595 2624 746 2668 vero
789 2605 1175 2678 auctoribus,
1221 2603 1328 2684 qui
1371 2603 1462 2664 sic
1499 2602 1857 2682 opinantur,
1901 2598 2039 2678 qui·

467 2697 616 2760 dam
644 2705 1104 2778 consequenter
1126 2701 1349 2778 putant
1368 2714 1496 2757 non
1523 2694 1802 2773 potuisse
1830 2691 2035 2753 homi-

467 2809 583 2856 nes
627 2791 963 2853 efficaciter
989 2791 1134 2871 eligi
1161 2789 1244 2852 ad
1288 2789 1552 2870 gloriam
1591 2793 1736 2848 ante
1767 2785 2033 2865 praevisa

467 2885 678 2947 futura
721 2885 946 2945 merita
987 2903 1102 2964 per
1140 2883 1492 2944 absolutam
1541 2879 1993 2960 proescientiam
2012 2921 2029 2952 ‚

467 2984 538 3039 ut
575 2977 843 3039 vidimus
873 2999 891 3052 ;
945 2976 1049 3038 alii
1083 2993 1234 3038 vero
1288 2974 1627 3036 consistere
1669 2991 1854 3053 posse
1903 2989 2035 3032 cre·

467 3072 627 3135 dunt
671 3069 1026 3133 absolutam
1080 3068 1583 3149 praeelectionem
1637 3066 1717 3128 ad
1769 3064 2033 3147 gloriam

469 3167 709 3245 absque
760 3163 1258 3245 praedefinitione
1295 3162 1584 3223 absoluta
1627 3160 1892 3238 alicujus
1936 3176 2035 3220 ac-

467 3266 568 3322 tus
613 3258 794 3321 liberi
821 3258 884 3318 in
917 3256 1292 3338 particulari,
1327 3254 1526 3317 sedin
1551 3253 1870 3315 communi
1897 3257 2036 3314 tan-

465 3360 626 3416 tum.
679 3352 813 3425 Quo
845 3350 1036 3413 modo
1094 3347 1468 3430 praedefiniri
1511 3350 1722 3408 actum
1761 3362 1890 3407 non
1948 3346 2031 3405 ita

467 3452 786 3529 repugnat
809 3446 1106 3517 libertati,
1158 3446 1316 3505 sicut
1340 3440 1720 3522 praedefiniri
1749 3442 1814 3501 in
1841 3439 2035 3519 parti-

469 3541 686 3617 culari,
733 3546 796 3603 et
841 3557 985 3600 cum
1026 3528 1316 3600 omnibus
1338 3532 1849 3605 circumstantiis;
1883 3550 2035 3593 nam

467 3654 615 3699 cum
649 3634 1024 3696 necessitate
1051 3635 1230 3693 actus
1249 3632 1313 3691 in
1350 3629 1669 3691 communi
1687 3630 1892 3708 potest
1915 3633 2036 3689 sta-

465 3748 536 3791 re
553 3727 972 3789 indifferentia
999 3730 1177 3803 actus
1201 3724 1268 3785 in
1296 3721 1659 3803 particulari
1685 3740 1701 3793 ;
1749 3720 1908 3781 sicut
1927 3738 2037 3781 ne-

467 3840 644 3883 cesse
671 3828 768 3883 est
799 3820 1126 3881 hominem
1165 3815 1505 3897 aliquando
1529 3816 1857 3877 venialiter
1892 3832 2035 3893 pec-

467 3932 636 3991 care,
675 3914 821 3976 licet
849 3914 912 3973 in
939 3912 1296 3993 particulari
1325 3928 1453 3971 non
1495 3914 1714 3988 peccet
1739 3908 1858 3969 nisi
1885 3908 2038 3969 libe-

464 4026 557 4082 re,
607 4006 756 4086 quia
782 4006 1039 4067 libertas
1082 4022 1212 4067 non
1256 4006 1582 4066 exercetur
1627 4000 1939 4063 abstracte
1974 4005 2037 4061 et

467 4102 630 4165 circa
668 4106 876 4163 actum
929 4100 992 4159 in
1039 4097 1380 4173 communi,
1415 4095 1528 4157 sed
1556 4096 1622 4157 in
1649 4096 2031 4175 particulari,

461 4201 686 4257 etcum
715 4194 1008 4255 omnibns
1043 4191 1474 4254 determinatis
1524 4188 2029 4252 circumstantiis

545 4288 620 4349 Et
657 4288 776 4349 hoc
819 4286 1143 4348 declarant
1185 4302 1265 4345 ex
1309 4280 1585 4363 quadam
1625 4282 1908 4343 doctrina
1954 4284 2027 4343 D.

465 4380 746 4454 Thomae,
779 4383 1001 4458 quoest.
1029 4380 1070 4439 6
1118 4378 1198 4439 de
1231 4378 1453 4451 Ver-it„
1495 4374 1673 4437 artic.
1707 4377 1768 4447 3,
1795 4375 1901 4436 ubi
1937 4376 2034 4435 in-

464 4474 654 4554 quirit
676 4492 758 4533 an
785 4470 1243 4550 praedestinatio
1273 4468 1712 4531 certitudinem
1745 4468 1976 4529 habeat
2010 4488 2027 4541 ς

464 4574 528 4628 et
555 4564 892 4645 respondet
917 4564 1153 4627 habere
1177 4562 1642 4637 certitudinem,
1673 4580 1802 4623 non
1825 4562 2029 4623 solum

465 4658 762 4731 scientiae,
793 4656 908 4719 sed
939 4658 1130 4719 etiam
1168 4656 1404 4718 ordinis
1441 4674 1554 4717 seu
1593 4655 1975 4717 causalitatis
2008 4674 2025 4729 ;

465 4758 530 4813 et
559 4770 691 4813 non
733 4750 937 4813 solum
965 4768 1105 4812 esse
1131 4756 1366 4813 certam
1397 4754 1689 4829 respectu
1708 4748 2029 4810 universa-

467 4844 545 4907 lis
593 4843 762 4917 finis,
805 4844 919 4905 sed
963 4844 1152 4905 etiam
1195 4848 1485 4923 respectu
1531 4841 1921 4923 particularis
1970 4848 2033 4903 et

466 4938 906 5009 determinati;
941 4938 1088 5017 quia
1115 4937 1220 4998 ille
1263 4936 1370 5016 qui
1415 4942 1508 4997 est
1549 4936 1872 4997 ordinatus
1921 4953 2035 5015 per

469 5030 1082 5111 praedestinationem
1135 5029 1220 5091 ad
1255 5028 1542 5101 salutem,
1569 5046 1894 5107 nunquam
1923 5029 2035 5089 de-

465 5124 595 5187 ficit
639 5144 678 5185 a
713 5124 1160 5186 consecutione
1201 5122 1440 5183 salutis.
1475 5121 1712 5183 Deinde
1737 5140 1908 5195 vero,
1944 5122 2033 5181 in-

467 5218 724 5297 quirens
757 5217 1076 5297 quomodo
1099 5217 1232 5278 hoec
1275 5215 1581 5279 certitudo
1621 5214 1854 5277 ordinis
1883 5232 2029 5275 cum

466 5312 754 5375 libertate
793 5312 1030 5373 arbitrii
1065 5314 1498 5390 componatur,
1527 5308 1836 5387 significat
1858 5308 2029 5369 hunc

468 5407 728 5469 modum
775 5405 1144 5476 concordiae,
1181 5404 1436 5469 scilicet.
1469 5402 1659 5483 quod,
1701 5402 1846 5465 licet
1879 5420 2029 5481 pra>-

471 5498 802 5562 destinatio
857 5498 1090 5559 habeat
1153 5494 1590 5559 certitudinem
1647 5494 2031 5576 praeordina-

1307 349 1518 404 OPUSC.
1555 351 1596 414 l,
1629 350 1746 403 un.
1783 350 1867 402 ΙΙΙ.
1903 349 1985 402 DE
2016 349 2289 403 Auxitns
2322 351 2557 405 ⁰1leAE
2584 351 2849 405 enum.

2117 450 2303 512 tionis
2332 457 2395 513 et
2421 452 2873 532 praeelectionis
2902 454 3112 532 quoad
3160 453 3356 518 finem
3380 503 3395 530 ,
3426 459 3488 519 id
3526 469 3643 534 cst,

2118 544 2329 622 quoad
2366 545 2653 626 gloriam,
2687 551 2750 608 et
2776 552 3015 608 tantam
3045 548 3333 628 gloriam,
3364 569 3489 612 non
3522 571 3647 616 vero

2116 638 2329 716 quoad
2356 639 2565 700 media
2592 639 2659 698 in
2700 639 3080 719 particulari,
3104 661 3219 720 per
3242 659 3385 722 quae
3410 645 3649 723 praedes-

2114 731 2347 792 tinatus
2400 738 2853 794 consecuturus
2902 741 2995 794 est
3026 735 3193 796 illam
3238 736 3521 816 gloriam,
3558 743 3653 801 sed

2113 829 2357 887 tantum
2378 825 2443 886 in
2474 828 2793 886 communi
2822 846 2838 900 3
2874 829 3021 905 quia
3050 829 3349 890 nimirum
3381 832 3541 892 Deus
3580 835 3653 895 ita

2115 918 2401 998 providet
2438 918 2901 997 praedestinato,
2928 927 2989 982 et
3012 925 3103 983 tot
3130 923 3365 984 auxilia
3392 923 3478 983 illi
3516 943 3653 1003 proe-

2114 1010 2243 1084 bet,
2290 1017 2379 1084 ut,
2435 1011 2487 1071 si
2544 1012 2651 1072 uni
2696 1012 3012 1090 restiterit,
3056 1014 3242 1076 alteri
3284 1017 3650 1090 consentiat;

2116 1109 2179 1164 et
2204 1104 2525 1166 infallibile
2555 1105 2633 1165 sit
2664 1124 2739 1166 ex
2768 1106 2827 1166 vi
2862 1125 3089 1180 causae,
3112 1107 3285 1186 quod
3318 1127 3435 1188 per
3458 1115 3543 1171 tot
3562 1129 3656 1171 au-

2112 1197 2260 1259 xilia
2300 1205 2366 1260 ct
2404 1198 2787 1259 adminicula
2834 1199 3158 1273 salvetur;
3218 1204 3507 1281 quamvis
3554 1223 3655 1266 non

2114 1291 2193 1352 sit
2229 1291 2315 1352 ita
2342 1297 2607 1365 certum,
2640 1291 2809 1370 quod
2858 1310 2973 1371 per
3014 1293 3185 1355 hunc
3222 1295 3325 1356 vel
3366 1295 3541 1355 illum
3576 1316 3661 1357 ac-

2113 1390 2245 1446 tum
2278 1383 2691 1447 determinate
2726 1385 3089 1461 salvabitur,
3122 1387 3237 1449 sed
3266 1389 3390 1449 hoc
3428 1389 3507 1449 sit
3549 1407 3661 1451 cer-

2115 1484 2251 1540 tum
2296 1496 2409 1559 per
2455 1479 2937 1558 praescientiam.
2988 1481 3163 1542 Sicut
3210 1481 3532 1542 infallibile
3562 1489 3659 1556 est,

2116 1576 2179 1634 et
2208 1578 2449 1634 certum
2478 1573 2541 1632 in
2588 1591 2802 1648 cansa,
2854 1573 3175 1636 hominem
3214 1575 3325 1636 diu
3352 1581 3660 1650 tentatum,

2116 1671 2180 1727 et
2227 1685 2265 1726 a
2306 1666 2437 1727 Deo
2461 1664 2851 1739 destitutum,
2890 1685 3209 1744 casurum,
3264 1671 3552 1746 quamvis
3576 1671 3663 1730 illo

2116 1759 2305 1822 modo
2336 1777 2463 1820 non
2496 1760 2574 1820 sit
2603 1765 2844 1821 certum
2894 1761 2957 1821 in
2988 1762 3106 1822 hoc
3138 1762 3237 1823 vel
3270 1761 3379 1823 illo
3432 1769 3665 1842 peccato

2116 1853 2533 1916 determinate
2563 1853 2913 1934 lapsurum,
2952 1855 3065 1918 sed
3102 1855 3221 1918 hoc
3260 1855 3469 1918 sdlum
3500 1859 3668 1935 possit

2118 1965 2257 2010 esse
2286 1954 2531 2010 certum
2560 1947 2625 2007 in
2652 1948 3043 2026 praescientia
3073 1968 3090 2020 ;
3120 1950 3313 2011 verba
3334 1951 3408 2011 D.
3432 1951 3664 2012 Thomae

2118 2045 2265 2104 sunt
2294 2059 2310 2102 ε
2346 2039 2701 2104 Invenimus
2728 2043 2997 2104 ordinem
3038 2043 3517 2124 compos-vibium
3562 2063 3667 2106 me

2114 2140 2389 2216 respectu
2448 2133 2719 2215 alicujus
2778 2135 3126 2216 dupliciter.
3202 2136 3337 2200 Uno
3388 2139 3579 2210 modo,
3614 2141 3667 2200 iu

2116 2235 2407 2312 quantum
2440 2243 2565 2291 uua
2606 2245 2795 2290 causa
2832 2229 3173 2312 cinyularis
3193 2229 3487 2310 producit
3520 2232 3669 2310 effec-

2116 2329 2249 2388 tum
2284 2341 2463 2385 suum
2487 2339 2561 2385 cxc
2598 2322 2806 2385 ordine
2840 2322 3061 2386 divina.-
3096 2325 3539 2403 prociduam
3568 2325 3671 2386 alio

2114 2417 2307 2490 moda,
2358 2415 2597 2497 quando
2634 2433 2711 2477 cm
2750 2431 3045 2478 concursu
3085 2434 3417 2481 causarum
3465 2418 3671 2480 multa-

2114 2529 2254 2572 rum
2294 2509 2767 2592 continycntium
2793 2553 2811 2583 ‚
2851 2513 2909 2571 ct
2962 2511 3211 2586 dcficcrc
3250 2510 3627 2589 possibilium
3650 2557 3667 2586 ,

2110 2604 2464 2684 pervcnitur
2496 2604 2579 2666 ad
2616 2620 2803 2664 unum
2846 2604 3125 2684 effectum
3147 2629 3171 2674 ;
3188 2623 3453 2686 quarum
3480 2623 3670 2666 unam-

2112 2714 2403 2778 quamque
2442 2697 2604 2759 Deus
2638 2693 2881 2759 ordinat
2903 2698 2986 2761 ad
3010 2698 3483 2777 consecutionem
3522 2698 3673 2775 effec-

2112 2795 2215 2852 tus
2256 2789 2381 2853 loco
2424 2791 2559 2870 ejus
2604 2807 2740 2870 μω
2786 2790 3011 2866 deficit,
3052 2791 3146 2852 ccl
3188 2808 3262 2852 nc
3308 2789 3513 2852 altera
3550 2791 3671 2866 defi-

2114 2884 2241 2948 ciat
2264 2909 2290 2956 ;
2338 2889 2403 2944 et
2429 2883 2591 2945 infra
2620 2903 2634 2944 ε
2674 2883 2769 2946 Et
2796 2884 2903 2946 hoc
2931 2885 3099 2948 modo
3140 2891 3232 2948 est
3261 2885 3332 2946 in
3361 2885 3664 2964 proedcsti·

2114 2979 2357 3040 natione
2369 2998 2396 3049 ,·
2423 2976 2679 3040 liberum
2702 2977 2859 3038 enim
2876 2977 3205 3040 arbitrium
3218 2979 3465 3057 deficere
3488 2980 3667 3056 potest

2114 3089 2155 3136 a
2184 3071 2416 3144 salutm·
2450 3068 2743 3133 tamenin
2768 3085 2831 3132 co
2876 3087 3046 3150 quem
3075 3071 3238 3133 Deus
3266 3070 3667 3151 proedcstisat,

2114 3169 2205 3227 tot
2248 3164 2378 3228 alia
2424 3163 2801 3227 adminicula
2838 3171 3157 3246 proeparat
3182 3210 3199 3237 ,
3236 3166 3396 3245 quod
3433 3163 3525 3225 ccl
3572 3180 3672 3223 uox

2116 3260 2319 3331 cadat,
2348 3258 2442 3319 ccl
2468 3256 2527 3318 ei
2552 3258 2753 3329 cadat,
2788 3258 2946 3337 quod
2969 3264 3279 3338 recuryat.

2195 3354 2331 3413 Non
2384 3368 2535 3431 ergo
2582 3350 2758 3429 ponit
2792 3350 2862 3410 D.
2914 3352 3189 3411 Thomas
3240 3352 3669 3413 certitudinem

2112 3443 2676 3525 praedestinationis
2719 3446 2785 3505 in
2842 3443 3143 3523 singulari
3187 3462 3263 3504 ac
3291 3443 3669 3522 praedefinito

2114 3537 2323 3600 medio
2378 3556 2491 3598 seu
2540 3544 2681 3597 actu
2712 3582 2729 3611 ,
2779 3537 2891 3598 sed
2933 3538 2999 3597 in
3052 3538 3377 3597 communi
3416 3544 3667 3609 tantum,

2116 3636 2303 3712 prout
2350 3631 2415 3691 in
2464 3628 2571 3691 illo
2612 3629 2923 3708 disjuncto
2970 3628 3347 3691 declaratur.
3389 3631 3465 3691 Et
3512 3632 3669 3711 juxta

2115 3723 2279 3785 hanc
2300 3722 2645 3784 doctrinam
2668 3722 2989 3783 declarant
3018 3727 3305 3784 auctores
3326 3724 3519 3803 hujus
3545 3742 3667 3784 sen-

2114 3816 2357 3879 tentiae*
2374 3816 2586 3877 omnia
2626 3814 2987 3877 testimonia
3042 3816 3375 3896 Scripturae
3414 3818 3516 3877 vel
3571 3818 3667 3877 Pa-

2114 3916 2305 3981 trum,
2345 3908 2407 3969 in
2460 3908 2687 3987 quibus
2726 3908 3006 3983 effectuS,
3042 3909 3151 3988 qui
3178 3927 3291 3988 per
3318 3914 3499 3969 actus
3532 3910 3667 3969 libe-

2114 4022 2221 4065 ros
2250 4001 2604 4065 executioni
2628 4001 3031 4076 mandantur,
3064 4002 3439 4083 praedefiniri
3465 4003 3667 4064 dicun-

2114 4102 2250 4166 tur;
2294 4093 2530 4156 scilicet
2553 4141 2570 4169 ,
2610 4095 2781 4174 quod
2832 4100 2977 4156 sunt
3025 4094 3425 4175 praedefiniti,
3474 4096 3665 4176 quoad

2114 4188 2297 4265 tinea,
2328 4190 2393 4249 in
2418 4188 2817 4269 particulari;
2849 4188 3059 4268 quoad
3086 4189 3295 4250 media
3326 4207 3500 4263 vero,
3540 4197 3662 4253 tan-

2110 4286 2247 4343 tum
2276 4283 2343 4343 in
2372 4283 2713 4356 communi,
2738 4282 3054 4361 loquendo
3070 4283 3149 4343 de
3182 4281 3663 4363 praedefinitione

2109 4375 2177 4437 in
2212 4377 2418 4456 rigore
2464 4383 2536 4436 ut
2574 4375 2889 4437 antecedit
2930 4376 3385 4453 praescientiam
3430 4376 3665 4437 absolu-

2112 4476 2239 4531 tam
2275 4470 2660 4541 futurorum;
2694 4487 2865 4541 nam,
2893 4468 2944 4527 si
2974 4470 3111 4529 haec
3138 4468 3541 4548 adjungatur,
3563 4488 3665 4549 per

2112 4563 2279 4623 illam
2321 4561 2620 4639 praevidet
2658 4562 2821 4623 Deus
2850 4562 3021 4642 quod
3058 4561 3339 4623 medium
3371 4562 3439 4622 in
3486 4562 3663 4641 parti-

2112 4656 2305 4717 culari
2340 4654 2619 4715 futurum
2656 4656 2736 4717 sit
2764 4673 2840 4717 ex
2869 4655 2969 4716 his
2992 4700 3008 4727 ,
3062 4672 3203 4734 quae
3242 4655 3309 4716 in
3362 4655 3659 4716 communi

2110 4746 2657 4829 praeordinaverat,
2690 4753 2753 4808 ct
2790 4754 2941 4809 tunc
2972 4748 3127 4809 illud
3156 4753 3441 4827 acceptat
3468 4753 3528 4809 et
3570 4766 3663 4807 or-

2113 4840 2289 4902 dinat
2316 4838 2398 4901 ad
2416 4840 2609 4901 talem
2638 4838 2852 4915 finem,
2876 4841 3197 4903 voluntate
3219 4847 3655 4921 consequente,

2115 4950 2254 5013 quae
2280 4933 2425 4995 licet
2453 4950 2579 4993 non
2611 4932 2689 4993 sit
2714 4933 3123 5012 praedefinitio
3145 4935 3211 4995 in
3244 4934 3413 4996 dicto
3442 4935 3654 5014 rigore,

2112 5032 2328 5089 tamen
2356 5032 2665 5105 quatenus
2690 5044 2768 5087 ex
2782 5028 3127 5089 aeternitate
3152 5026 3490 5098 antecedit,
3508 5043 3659 5087 com-

2112 5124 2331 5200 parata
2350 5119 2433 5180 ad
2456 5116 2773 5196 effectum,
2800 5119 3115 5181 interdum
3130 5119 3535 5199 praedefinitio
3551 5136 3654 5179 seu

2111 5212 2552 5294 praeordinatio
2582 5213 2953 5291 appellatur.

2192 5310 2251 5369 3.
2300 5306 2569 5371 Censura
2593 5306 2922 5386 superioris
2948 5308 3496 5371 doctrinm—Hm
3522 5304 3655 5366 doc-

2110 5402 2271 5464 trina
2300 5401 2489 5463 nimis
2510 5398 2669 5461 falsa
2694 5400 2942 5462 videtur
2973 5400 3069 5463 his
3094 5399 3436 5481 Theologis
3461 5416 3657 5463 recen-

2110 5494 2393 5567 tioribus»,
2421 5492 2528 5573 qui
2556 5492 2849 5573 physicas
2870 5494 3547 5575 praedeteminationcs
3571 5492 3657 5550 in-
