3850 6225
142 404 3360 497 ΞἯ

958 712 1851 851 OPUSCULUM
1940 723 2576 857 SEXTUM.

357 1346 1665 1577 DISPUTATIO

1790 1358 2074 1585 DE
2209 1368 2306 1594 J
2308 1371 3178 1610 USTITIA

726 1738 854 1810 0111
890 1737 1058 1809 DEUS
1092 1740 1331 1807 Rssom'r
1366 1742 1629 1809 Plutum
1666 1744 1934 1813 mimus
1971 1751 2053 1815 ET
2089 1752 2313 1823 POENAS
2353 1758 2476 1826 PRO
2511 1764 2828 1834 PEGGATIS.

222 2334 323 2396 De
355 2334 561 2395 divina
599 2334 841 2415 justitia
876 2334 974 2397 bis
1002 2355 1119 2416 per
1153 2338 1545 2402 occasionem
1582 2340 1710 2403 dis-

132 2427 343 2499 serui,
376 2426 571 2489 semel
598 2427 663 2489 in
704 2432 726 2489 1
762 2435 933 2490 tomo
968 2430 1007 2491 3
1046 2432 1262 2509 partis,
1305 2431 1603 2512 disputat.
1645 2436 1707 2509 4,

134 2530 207 2583 et
240 2522 473 2581 iterum
501 2521 565 2581 in
601 2522 968 2603 repetitione
993 2540 1185 2601 quam
1215 2527 1516 2605 superiori
1538 2546 1707 2591 anno

134 2614 341 2689 edidi,
374 2632 562 2693 super
592 2612 803 2675 locum
850 2614 1022 2675 Pauli
1054 2616 1135 2677 ad
1175 2616 1405 2695 Ephes.
1464 2622 1491 2679 1
1534 2638 1548 2679 :
1597 2620 1715 2694 Qua·

133 2712 437 2787 operatur
462 2707 662 2769 omnia
687 2708 1010 2771 secundm
1037 2710 1356 2771 comitium
1384 2710 1717 2775 voluntatis

130 2818 279 2862 ιτα·
294 2826 321 2872 ;
354 2802 415 2859 ct
442 2798 689 2861 decrevi
732 2798 812 2860 de
850 2800 971 2861 bac
1002 2802 1253 2877 virtute,
1293 2809 1479 2882 prout
1502 2803 1566 2863 in
1584 2805 1715 2865 Deo

134 2896 263 2965 est,
289 2892 555 2971 amplius
576 2911 699 2963 non
728 2892 1069 2972 disputare,
1098 2894 1321 2970 donec,
1350 2896 1473 2957 Deo
1499 2896 1711 2970 dante,

133 2990 257 3044 aut
285 2985 401 3045 inl
432 2988 593 3064 part.
629 2985 704 3045 D.
730 2986 1006 3061 Thomas,
1037 2993 1251 3067 quaest.
1282 2989 1381 3061 21,
1416 2998 1525 3049 aut
1556 2988 1617 3049 in
1648 2994 1707 3051 1.

130 3078 206 3150 2,
244 3094 307 3156 q.
357 3078 495 3150 114,
528 3094 669 3158 quae
713 3084 859 3140 sunt
886 3070 1137 3159 propria
1179 3079 1318 3142 loca
1359 3080 1547 3162 hujus
1583 3098 1711 3142 ma-

130 3169 353 3244 terioe,
384 3169 621 3250 aliquid
654 3172 719 3232 in
763 3171 971 3234 lucem
1001 3173 1188 3234 edere
1221 3190 1495 3252 possem.
1536 3175 1711 3237 Nunc

134 3270 357 3324 tamen
402 3265 699 3345 compulit
738 3283 841 3328 me
874 3265 1212 3346 plurimum
1249 3267 1527 3329 virorum
1565 3268 1715 3330 doc-

126 3363 351 3417 torum
388 3357 729 3418 admonitio
750 3403 765 3432 ‚
808 3359 919 3438 qui
959 3376 1100 3419 cum
1141 3357 1427 3421 viderent
1460 3365 1522 3421 et
1562 3359 1714 3422 doc-

131 3449 372 3510 trinam
400 3468 437 3510 a
464 3449 649 3511 nobis
676 3449 857 3511 dictis
888 3451 1041 3512 locis
1067 3449 1380 3528 traditam,
1415 3457 1481 3514 et
1515 3454 1709 3534 (quod

127 3543 395 3621 gravius
437 3543 569 3622 est)
612 3543 816 3622 ipsam
844 3542 1120 3604 divinam
1151 3543 1461 3623 justitiam
1490 3564 1527 3607 a
1551 3565 1708 3608 non-

126 3637 325 3697 nullis
352 3635 673 3698 modernis
712 3654 945 3717 magna
974 3654 1120 3698 cum
1144 3637 1481 3699 verborum
1512 3657 1699 3719 exag-

124 3729 461 3808 geratione
507 3729 764 3790 liberius
810 3729 1165 3810 impugnari
1198 3774 1215 3804 ,
1273 3733 1707 3796 necessarium

128 3823 597 3897 existimarunt,
624 3830 693 3884 ut
722 3841 836 3902 pro
864 3823 1061 3903 ipsius
1086 3822 1224 3897 Dei,
1252 3827 1315 3884 et
1338 3823 1563 3886 Christi
1588 3825 1707 3886 Do·

126 3917 327 3991 mini,
362 3923 427 3978 et
456 3923 815 3979 nostrorum
860 3915 1230 3979 meritorum
1276 3917 1517 3996 justitia
1572 3935 1708 3980 res-

126 4011 505 4090 ponderem.
534 4013 664 4073 Hac
691 4012 885 4091 igitur
926 4011 1167 4072 ratione
1204 4009 1526 4086 inductus,
1572 4011 1705 4072 Dis-

124 4106 525 4183 putationem
547 4106 709 4166 hanc
734 4102 1161 4184 superioribus
1189 4103 1547 4166 addendam
1584 4123 1703 4185 pu-

124 4199 255 4258 tavi
274 4243 291 4270 ‚
344 4215 486 4276 quae
516 4198 595 4260 ad
633 4199 939 4279 majorem
986 4197 1176 4260 etiam
1211 4197 1417 4258 lucem
1446 4198 1701 4260 alterius

124 4289 537 4364 Relectionis,
568 4309 759 4371 quam
797 4289 861 4350 in
898 4295 1274 4370 praesentem
1307 4307 1544 4352 annum
1585 4310 1699 4371 pa-

124 4403 423 4446 raveram
442 4429 459 4456 ,
489 4383 827 4464 plurimum
855 4382 1164 4456 conferet3
1195 4401 1367 4456 nam,
1398 4381 1543 4444 licet
1569 4401 1697 4444 non

125 4477 207 4536 sit
230 4478 487 4558 propria
517 4477 651 4560 ejus
683 4477 824 4550 loci,
858 4475 971 4537 sed
999 4475 1351 4538 communis
1376 4476 1460 4537 ad
1486 4477 1696 4537 omnia

124 4569 382 4645 merita,
424 4571 611 4630 etiam
637 4587 965 4649 nunquam
1001 4567 1403 4640 mortificate,
1444 4587 1571 4628 non
1601 4575 1697 4630 ta-

124 4679 283 4722 men
307 4668 404 4722 est
428 4662 666 4738 aliena,
689 4663 838 4742 quia
864 4661 1220 4722 necessaria
1250 4667 1343 4722 est
1368 4660 1450 4720 ad
1473 4661 1695 4722 intelli·

125 4753 409 4834 gendum
439 4759 501 4816 et
528 4754 971 4816 declarandam
1014 4753 1387 4814 sententiam
1426 4754 1599 4815 Pauli
1627 4754 1693 4815 in

122 4849 251 4907 illis
292 4847 543 4908 verbis:
585 4847 731 4913 Non
770 4853 862 4912 ost
896 4846 1173 4927 injustus
1219 4847 1403 4922 Deus,
1440 4851 1513 4908 ut
1548 4847 1695 4908 obli-

122 4941 413 5004 viscum·
443 4940 636 5022 operis
664 4941 857 5003 vestri
876 4966 905 5014 ,·
936 4945 999 5001 et
1042 4939 1309 5000 multum
1328 4938 1573 5018 juvabit
1610 4938 1691 5000 ad

124 5031 563 5093 confirmanda
595 5034 805 5094 omnia
839 5051 979 5113 quae
1004 5032 1093 5093 ibi
1131 5031 1423 5104 diximus,
1468 5031 1547 5093 de
1590 5050 1693 5094 re-

124 5125 265 5186 ditu
316 5125 597 5185 omnium
624 5125 988 5186 meritorum
1030 5130 1095 5186 et
1138 5124 1537 5204 praemiorum
1578 5141 1693 5204 per

126 5217 586 5299 poenitentiam.
636 5218 707 5278 In
733 5219 853 5279 hac
888 5235 1037 5278 vero
1078 5216 1529 5296 Disputatione‚
1560 5235 1691 5278 non

124 5317 418 5389 repetam
449 5329 525 5371 ea
567 5329 707 5389 quoe
736 5311 800 5370 in
838 5309 1149 5390 praedictis
1186 5309 1339 5370 locis
1364 5309 1489 5370 late
1528 5315 1695 5370 trac-

130 5404 277 5476 tavi,
311 5403 426 5463 sed
466 5401 669 5463 solum
714 5402 985 5464 referam
1032 5419 1175 5482 quae
1205 5401 1303 5464 vel
1331 5407 1547 5462 contra
1584 5420 1693 5464 ve·-

126 5497 379 5557 ritatem
419 5497 619 5575 ipsam
638 5542 655 5569 ‚
684 5496 785 5557 vel
822 5502 1037 5558 contra
1065 5496 1339 5557 rationes
1367 5495 1451 5555 ibi
1492 5494 1691 5556 factas

128 5595 348 5667 postea
373 5589 659 5669 opposita
678 5595 843 5665 sunt,
862 5590 1077 5668 eisque
1104 5587 1498 5652 satisfaciam.
1516 5587 1693 5660 Quod

1794 2346 2050 2426 quidem
2077 2359 2425 2433 potuissem
2466 2364 2655 2429 etiam
2703 2372 2854 2433 tuno
2889 2378 3208 2451 proestare,
3241 2395 3368 2439 non

1795 2441 1968 2503 enim
1997 2445 2102 2507 illa
2133 2452 2344 2515 omnia
2383 2474 2484 2517 me
2531 2456 2846 2538 latebant3
2883 2465 2994 2527 sed
3035 2484 3111 2528 ea
3158 2469 3363 2543 omisi,

1794 2537 1942 2611 quia
1971 2558 2096 2601 non
2123 2546 2392 2609 multum
2424 2569 2654 2629 urgere
2680 2556 3052 2633 existimavi,
3077 2568 3140 2623 et
3159 2581 3240 2624 ne
3262 2582 3368 2625 co-

1798 2646 1985 2707 gerer
2027 2634 2105 2695 de
2145 2637 2382 2716 justitia
2425 2648 2774 2709 secundum
2819 2668 2923 2724 se,
2957 2658 3020 2715 et
3047 2654 3128 2721 de
3167 2657 3370 2717 omni-

1796 2721 1914 2783 bus
1949 2727 2277 2803 speciebus
2306 2734 2442 2811 ejus
2467 2737 2652 2801 latius
2692 2742 2924 2817 dicere,
2956 2748 3365 2829 propriasque

1796 2818 2072 2879 rationes
2102 2821 2490 2903 singularum
2529 2834 2880 2911 specierum
2925 2839 3062 2917 ejus
3095 2840 3367 2920 explica,

1797 2926 1888 2969 re.
1922 2912 2100 2975 Nunc
2147 2924 2383 2991 autem,
2433 2926 2730 3001 quoniam
2759 2929 2942 2991 video
2994 2949 3071 2993 ex
3119 2933 3364 2997 diversa

1794 3003 2023 3066 horum
2043 3008 2488 3091 principiorum
2509 3017 2918 3099 intelligentia
2939 3025 3214 3089 divinam
3233 3029 3366 3107 jus·

1794 3094 1994 3160 titiam
2055 3102 2444 3185 impugnari,
2489 3111 2656 3174 hunc
2707 3115 2992 3206 laborem
3038 3139 3362 3186 assumere

1797 3207 1925 3250 non
1951 3197 2278 3261 recusabo.

2427 3437 2656 3492 sumto*
2677 3441 2714 3492 Ι.

1788 3615 1927 3657 sumt
1961 3621 2012 3658 11(
2045 3623 2146 3662 nto
2168 3623 2298 3666 m
2325 3629 2538 3669 lunum
2577 3632 2666 3671 ΡΙΙ
2699 3633 2836 3679 omn
2875 3636 2970 3674 no
3000 3637 3193 3676 ΙΙΙΙΊΊΒ
3221 3639 3356 3678 Pu-

2371 3705 2458 3744 ΙΙΑ
2493 3707 2778 3748 utrumn.

1869 3909 1927 3966 1.
1971 3905 2163 3969 Prior
2196 3909 2492 3973 canentia
2542 3929 2770 3995 nepam
2806 3933 2940 3978 om
2965 3915 3096 3979 mis
3131 3921 3350 3996 ficuda-

1784 4001 2006 4061 mentie
2035 4001 2419 4082 proponitur.
2441 4003 2825 4068 —Primum
2861 4011 3340 4084 fiandamentum.

1782 4093 1990 4154 —Est
2017 4095 2433 4173 quorumdam
2463 4099 2696 4178 opinio,
2726 4101 2924 4162 Deum
2959 4121 3084 4162 non
3119 4104 3347 4166 redde-

1780 4203 1851 4246 re
1880 4187 2204 4265 praemium
2234 4189 2492 4264 meritis,
2529 4193 2658 4254 sive
2688 4211 2938 4274 semper
2977 4197 3154 4272 vivis,
3185 4199 3336 4272 sive,

1780 4283 2113 4358 postquam
2161 4281 2529 4346 mortificata
2577 4285 2842 4361 fuerint,
2885 4289 3229 4365 vivificatiS‚
3263 4309 3342 4352 ex

1778 4387 1926 4433 vera
1957 4373 2166 4453 aliqua
2183 4375 2442 4454 justitia,
2469 4377 2578 4438 sed
2598 4379 2795 4441 velex
2817 4381 3212 4457 liberalitate,
3239 4383 3338 4446 vel

1777 4466 2226 4540 misericordia,
2257 4487 2370 4530 seu
2405 4474 2560 4552 grati
2571 4477 2606 4532 ‘a
2622 4489 2644 4550 3
2671 4474 2770 4534 vel
2803 4476 2884 4536 ad
2913 4495 3227 4538 summum
3259 4496 3338 4539 ex

1774 4559 2074 4632 fidelitate
2108 4571 2364 4644 propter
2393 4567 2869 4645 promissionem
2898 4569 3146 4632 factam.
3175 4571 3336 4634 Fun-

1775 4652 2143 4716 damentum
2197 4663 2312 4731 est,
2357 4659 2505 4738 quia
2537 4661 2705 4722 Deus
2755 4681 2883 4723 non
2917 4663 3108 4725 habet
3153 4665 3337 4744 justi-

1774 4745 1925 4807 tiam
1960 4750 2275 4828 propriam
2321 4758 2382 4812 et
2423 4769 2676 4825 veram3
2711 4773 2859 4834 ergo
2898 4757 3052 4816 nihil
3083 4758 3332 4836 operari

1772 4846 1978 4919 potest
2001 4842 2404 4904 autreddere
2433 4863 2509 4905 ex
2529 4847 2790 4924 justitia,
2814 4847 2959 4927 quia
2991 4849 3191 4910 solum
3220 4869 3334 4930 po-

1771 4937 1894 4993 test
1929 4935 2174 5012 operari
2221 4955 2336 5014 per
2377 4955 2484 4998 eas
2537 4940 2831 5014 virtuteS,
2867 4959 2978 5002 seu
3010 4944 3328 5019 attributa,

1772 5041 1930 5103 quas
1975 5025 2040 5085 in
2077 5045 2144 5088 se
2173 5026 2514 5090 formaliter
2541 5032 2751 5095 habet.
2787 5035 3181 5097 Antecedens
3217 5055 3332 5097 au-

1770 5123 1899 5180 tem
1926 5119 2230 5197 probatur
2255 5167 2274 5196 ,
2305 5122 2529 5200 primo,
2563 5125 3025 5206 Theologorum
3061 5130 3330 5191 auctori-

1771 5217 1934 5284 tate;
1969 5211 2195 5274 docent
2221 5215 2388 5274 enim
2410 5216 2715 5294 justitiam
2744 5218 3072 5298 dupliciter
3095 5223 3321 5301 accipi:
3373 5245 3378 5250 ·

1771 5323 1901 5364 uno
1937 5305 2150 5378 modo,
2181 5311 2250 5367 ut
2289 5308 2540 5387 respicit
2565 5310 2842 5372 debitum
2863 5358 2879 5387 ,
2913 5313 3082 5392 quod
3109 5333 3330 5376 neces—

1772 5399 1936 5459 sario
1965 5400 2145 5461 solvit
2178 5405 2248 5460 ut
2285 5403 2702 5480 aequalitatem
2752 5411 2990 5480 servet3
3038 5408 3160 5468 alio
3198 5425 3329 5468 mo-

1772 5492 1876 5566 do,
1925 5499 1995 5554 ut
2021 5499 2263 5554 tantum
2291 5493 2438 5554 dicit
2469 5495 2942 5560 condecentiam
2972 5501 3330 5579 congruita-

1774 5585 1871 5646 tis.
1908 5585 2099 5647 Priori
2133 5586 2318 5648 modo
2355 5595 2592 5669 negant
2619 5590 2878 5670 reperiri
2925 5593 2988 5653 in
3013 5593 3171 5670 Deo,
3217 5593 3330 5654 scd
