3850 6225
612 439 781 491 SECT.
816 440 899 492 111.
937 438 1153 493 UTRUM
1185 442 1349 495 ‘rom
1382 444 1615 497 canui
1648 442 1767 494 PER
1800 441 2128 495 PECCATUM
2161 444 2384 497 AMISSA
2417 445 2675 508 STATIM,
2711 446 2847 499 E‘rc.

94 541 396 615 gratiam
437 540 522 601 illi
552 542 777 602 merito
816 544 1387 621 proportionatam:
1419 544 1497 605 de
1545 543 1693 605 cha-

92 632 305 693 ritate
351 640 567 695 autem
620 641 682 696 et
730 636 1059 697 virtutibus
1102 638 1166 697 id
1216 644 1483 717 negant3
1520 638 1689 716 quia,

94 742 191 783 cu
204 744 269 786 m
286 728 407 787 sint
428 726 673 787 habitus
698 728 1022 807 operativi,
1048 730 1251 790 solum
1270 739 1580 809 augentur
1605 732 1695 791 in-

94 819 393 893 tensive,
412 820 591 897 juxta
618 823 1087 900 proportionem
1129 829 1189 884 et
1230 824 1553 902 physicam
1602 823 1694 891 in·-

94 912 481 973 tensionem
505 920 778 974 actuum.
813 914 934 975 Sed
970 916 1105 999 liaec
1134 917 1445 978 distinctio
1488 918 1693 977 aliena

96 1002 237 1065 fuit
285 1024 323 1065 a
370 1012 581 1067 mente
619 1006 691 1067 D.
732 1008 1013 1081 Thomae,
1058 1014 1123 1069 ut
1158 1009 1339 1070 facile
1388 1011 1694 1071 constabit

98 1106 364 1159 attente
408 1100 826 1162 consideranti
870 1102 1005 1163 loca
1047 1122 1237 1183 supra
1279 1105 1465 1165 citata
1513 1124 1589 1165 ex
1629 1108 1685 1166 1.

98 1194 145 1251 2
185 1198 250 1251 et
286 1194 347 1251 2.
392 1195 455 1263 2,
498 1212 646 1254 nam
684 1194 749 1254 in
792 1213 916 1254 uno
944 1195 1219 1275 loquitur
1246 1197 1323 1258 de
1352 1204 1691 1278 augmento

101 1286 369 1361 gratim,
412 1292 475 1347 et
516 1288 579 1347 in
609 1288 732 1347 alio
761 1288 839 1349 de
870 1294 1209 1369 augmento
1238 1290 1594 1363 charitatis;
1630 1296 1693 1351 et

100 1378 419 1439 eamdem
443 1379 789 1441 doctrinam
824 1382 901 1441 de
936 1389 1199 1461 utraque
1240 1383 1461 1453 tradit;
1496 1389 1557 1445 et
1588 1402 1695 1443 ex-

100 1490 341 1548 presse
391 1473 453 1532 in
499 1475 537 1534 3
566 1480 753 1553 part„
792 1480 1013 1553 quaest.
1058 1479 1159 1547 89,
1208 1478 1385 1537 artie.
1432 1479 1495 1553 Ξ,
1526 1483 1692 1555 post-

104 1582 313 1641 quam
365 1565 443 1625 de
500 1566 697 1645 gratia
737 1568 983 1628 locutus
1031 1568 1257 1643 fuerat,
1302 1569 1509 1630 subdit
1554 1568 1695 1633 :Et

102 1661 325 1721 eadem
354 1660 518 1721 ratio
546 1665 637 1721 est
680 1662 751 1724 de
794 1661 1120 1725 virtutibus
1146 1681 1277 1743 quo:
1310 1664 1395 1725 ad
1424 1663 1693 1745 qratiam

104 1759 593 1833 consequuntur.
638 1754 785 1824 Ouae
825 1756 1015 1815 verba
1058 1762 1225 1817 recte
1280 1757 1575 1835 expendit
1630 1762 1693 1817 et

106 1846 471 1906 declaravit
489 1846 842 1927 CajetanuS,
877 1849 1113 1921 dicenS,
1146 1850 1389 1928 quoties
1416 1848 1693 1909 infundi-

106 1946 221 1998 tur
260 1939 368 1998 vel
406 1946 735 2017 reparatur
763 1941 1025 2020 justitia,
1064 1942 1127 2001 in
1176 1943 1397 2002 eadem
1436 1960 1691 2021 propor-

104 2032 295 2092 tione
331 2039 393 2093 et
432 2032 782 2094 intensione
832 2034 1073 2094 infundi
1128 2054 1237 2095 seu
1286 2035 1522 2095 restitui
1568 2036 1693 2095 vir-

102 2132 317 2197 tuteS,
356 2128 417 2185 in
448 2148 571 2206 qua
596 2126 940 2187 infunditur
960 2128 1063 2188 vel
1092 2129 1437 2190 restituitur
1466 2130 1685 2209 gratia.

106 2219 411 2281 Advertit
451 2222 646 2281 etiam
680 2220 985 2281 rationem
1024 2238 1163 2281 esse
1204 2226 1437 2282 tactam
1474 2240 1509 2281 a
1548 2222 1688 2282 divo

102 2314 392 2386 Thema,
440 2317 584 2394 quia
630 2316 887 2376 virtutes
927 2320 1397 2394 consequuntur
1432 2333 1509 2375 ex
1555 2334 1692 2395 gra-

100 2406 198 2466 tia
240 2426 252 2466 :
294 2410 469 2471 Hinc
492 2412 669 2485 enim,
698 2410 801 2483 ait,
838 2412 1051 2489 absque
1078 2410 1361 2489 scrupulo
1401 2410 1689 2491 anabiyui-

104 2502 271 2561 tatis
330 2502 619 2582 cujusque
670 2503 984 2565 deducitur
1006 2548 1023 2577 ‚
1076 2504 1233 2583 quod
1282 2503 1364 2565 ad
1404 2504 1687 2583 majorem

98 2596 389 2671 qratiam
420 2599 861 2675 consequuntur
884 2596 1145 2677 majores
1174 2596 1463 2667 virtutes,
1518 2599 1573 2657 et
1608 2596 1691 2657 ad

102 2685 409 2747 minorem
438 2689 718 2750 minores.
750 2687 910 2748 Nihil
954 2707 1103 2769 ergo
1136 2688 1322 2749 refert
1354 2688 1522 2767 quod
1562 2688 1685 2747 vir-

102 2784 284 2837 tutes
334 2780 455 2840 sint
500 2782 748 2841 habitus
791 2783 1088 2859 operativi
1118 2826 1133 2851 ,
1185 2781 1333 2860 quia
1378 2798 1505 2841 non
1554 2780 1685 2840 effi-

100 2872 369 2931 ciuntur
390 2873 932 2941 autintenduntur
962 2874 1239 2935 effective
1264 2892 1377 2953 per
1401 2874 1684 2953 proprios

100 2970 329 3033 actus;
382 2984 589 3045 neque
632 2967 820 3027 etiam
848 2968 1176 3046 requirunt
1211 2967 1347 3027 illos
1380 2974 1445 3028 ut
1472 2968 1685 3047 physi—

101 3074 219 3116 cas
270 3056 711 3138 dispositiones
743 3061 1132 3121 necessarias
1181 3060 1263 3122 ad
1310 3078 1490 3121 suam
1527 3059 1683 3121 infu—

100 3151 357 3210 sionem
394 3153 493 3213 vel
522 3159 927 3232 augmentum
955 3171 969 3225 ;
1003 3154 1129 3214 imo
1157 3171 1273 3214 nec
1304 3171 1555 3234 semper
1584 3171 1683 3214 re-

63 3304 78 3321 ,
100 3245 373 3322 quirunt
398 3245 685 3324 proprios
717 3251 893 3306 actus
944 3251 1243 3324 tanquam
1281 3247 1567 3326 proprias
1621 3253 1683 3307 et

98 3337 425 3414 speciales
450 3337 889 3417 dispositiones
910 3339 1213 3410 morales;
1240 3339 1352 3400 sed
1380 3339 1506 3413 illa,
1539 3357 1681 3420 quae

100 3433 209 3489 est
260 3429 585 3509 dispositio
634 3431 715 3492 ad
758 3431 1056 3510 gratiam,
1106 3431 1205 3492 vel
1234 3433 1527 3492 meritum
1574 3451 1682 3492 au-

100 3523 357 3601 gmenti
407 3523 643 3601 gratiae,
674 3531 767 3584 est
798 3523 985 3584 etiam
1016 3524 1329 3588 sufficiens
1356 3524 1680 3604 dispositio

98 3617 193 3675 ad
220 3622 633 3692 augmentum
662 3617 979 3690 virtutum,
1010 3618 1157 3697 quia
1180 3635 1309 3678 nou
1340 3617 1680 3686 infundun-

96 3715 215 3768 tur
237 3709 342 3768 vel
370 3715 685 3790 augentur
713 3710 889 3788 quasi
920 3729 1034 3790 per
1062 3729 1129 3772 se
1158 3711 1384 3790 primo,
1416 3710 1529 3772 sed
1564 3729 1679 3789 per

102 3802 459 3881 quamdam
508 3804 1056 3864 concomitantiam
1115 3803 1197 3864 ad
1256 3805 1521 3884 gratiam
1548 3848 1564 3879 ,
1620 3810 1682 3865 et

100 3893 297 3972 quasi
314 3911 431 3972 per
450 3893 881 3957 resultantiam
912 3915 987 3956 ex
1010 3896 1139 3956 illa.
1172 3897 1248 3958 Et
1278 3897 1447 3971 ideo,
1466 3914 1682 3977 quam-

99 3989 199 4046 vis
236 3989 397 4048 ratio
437 3985 601 4048 facta
632 4007 746 4066 per
774 4007 839 4049 se
871 3989 1072 4068 primo
1108 3990 1410 4069 procedat
1434 3989 1511 4051 de
1544 4009 1682 4070 gra·

102 4081 219 4152 tia,
270 4099 411 4159 quae
456 4086 550 4142 cst
586 4081 864 4142 formalis
894 4081 1281 4166 participatio
1312 4082 1535 4144 divinae
1569 4101 1683 4144 na-

98 4181 295 4246 turae,
328 4180 791 4254 consequenter
819 4193 967 4236 vero
1017 4175 1451 4254 complectitur
1492 4177 1679 4237 virtu·

94 4275 201 4329 tes
232 4274 541 4346 quantum
568 4269 649 4329 ad
678 4275 1119 4348 augmentum,
1150 4269 1321 4348 quod
1348 4287 1421 4329 ex
1453 4270 1511 4329 vi
1552 4287 1680 4331 me-

100 4362 205 4421 riti
238 4361 429 4420 simul
456 4379 599 4422 cum
628 4363 827 4441 gratia
857 4361 1248 4434 habuerunt;
1276 4363 1483 4423 statim
1509 4363 1677 4423 enim

98 4471 179 4513 ac
213 4454 507 4515 meritum
536 4455 904 4528 vivificatur,
935 4455 1197 4516 virtutes
1238 4473 1383 4516 cum
1414 4461 1541 4517 toto
1570 4455 1675 4516 illo

100 4553 453 4626 augmento
490 4547 923 4609 infunduntur.

145 4795 517 4878 objectiones
543 4803 756 4862 eontra
789 4799 1159 4880 superiorem
1190 4797 1629 4864 resolutionem.

184 5015 289 5074 25.
334 5011 665 5075 Prima.—
686 5011 1073 5077 Secunda.—
1092 5013 1323 5078 Tertia.
1348 5047 1430 5062 -
1447 5013 1671 5074 Contra

102 5107 273 5166 hanc
302 5123 449 5166 vero
477 5107 849 5166 sententiam
878 5107 1089 5166 multae
1124 5112 1388 5186 possunt
1406 5105 1541 5168 fieri
1563 5104 1673 5166 ob-

96 5199 411 5278 jectiones
441 5217 455 5258 :
488 5200 779 5276 quiedam
822 5217 899 5260 ex
927 5200 1179 5280 propria
1206 5199 1489 5272 materia,
1532 5197 1668 5259 aliae

101 5311 257 5354 vero
302 5311 381 5354 ex
428 5291 677 5354 diversa
732 5294 958 5372 petitae.
1010 5293 1255 5355 Priores
1309 5299 1473 5365 sunt,
1520 5291 1667 5371 quia

104 5387 318 5458 home,
357 5405 501 5446 cum
530 5386 925 5466 justificatur,
974 5387 1196 5466 recipit
1228 5387 1493 5464 gratiam
1524 5403 1669 5464 pro-

105 5479 527 5558 portionatam
574 5497 701 5540 suae
740 5479 1147 5558 dispositioni,
1192 5484 1261 5539 ut
1304 5478 1489 5538 docet
1509 5479 1669 5538 Con-

108 5573 317 5635 cilium
348 5571 805 5645 Tridentinum,
840 5591 993 5634 sess.
1035 5573 1097 5648 6,
1124 5589 1263 5650 cap.
1304 5573 1382 5643 6;
1411 5587 1585 5650 ergo,
1616 5569 1671 5630 si

3215 446 3338 508 499

1774 545 2060 605 contritio
2089 552 2184 605 est
2213 546 2497 620 remissa,
2531 552 2773 607 tantum
2801 546 3166 637 infundetur
3198 568 3342 629 gra·

1772 642 1861 696 tia
1901 638 2202 711 remissa,
2241 655 2368 699 non
2411 640 2803 700 obstantibus
2843 642 3341 717 praecedentibus
3365 648 3404 691 ἢ

1772 730 2033 804 meritiS,
2072 732 2224 793 alias
2247 733 2610 811 contingere
2641 739 2852 811 posset
2880 734 3198 795 hominem
3227 738 3341 797 ha-

1774 822 2032 882 bentem
2108 827 2436 885 remissam
2500 826 2938 887 contritionem
3005 828 3340 907 perfectius

1766 914 2116 993 justificari,
2151 936 2338 997 quarn
2375 918 2566 978 alium
2597 919 2703 997 qui
2745 919 3050 981 intensius
3079 924 3344 983 conteri-

1772 1012 1893 1065 tur.
1918 1007 2100 1080 Item,
2135 1014 2260 1069 tota
2293 1009 2492 1087 gratia
2521 1026 2660 1087 quoe
2700 1010 2764 1069 in
2793 1011 2998 1090 prima
3037 1013 3343 1091 justifica-

1772 1097 1942 1160 tione
1974 1100 2174 1177 datur,
2211 1104 2402 1181 gratis
2439 1103 2646 1177 datur,
2685 1105 2841 1165 alias
2871 1124 2996 1166 non
3037 1112 3165 1167 tota
3199 1108 3338 1187 jus-

1771 1192 2026 1254 tificatio
2058 1197 2250 1275 gratis
2280 1195 2496 1269 fieret;
2545 1216 2694 1275 ergo
2736 1205 2888 1259 tunc
2921 1198 3093 1259 nulla
3143 1201 3342 1279 gratia

1773 1284 1958 1346 datur
2003 1306 2079 1347 ex
2107 1289 2368 1359 meritiS,
2405 1290 2552 1368 quia
2581 1290 2716 1349 haee
2746 1309 2875 1351 non
2918 1292 3110 1370 gratis
3154 1294 3339 1355 dare-

1773 1384 1908 1450 tur;
1946 1396 2098 1458 ergo
2130 1382 2351 1441 merita
2380 1380 2750 1443 mortificata
2778 1401 2907 1444 non
2935 1391 3198 1463 possunt
3222 1394 3342 1447 sta-

1775 1472 1887 1531 tim
1931 1472 1994 1531 in
2051 1473 2154 1533 illo
2199 1474 2449 1535 instanti
2485 1474 2718 1535 habere
2769 1476 3060 1537 effectum
3093 1480 3332 1561 gratiae.

1773 1564 2006 1637 Tertia,
2047 1567 2332 1644 quamvis
2385 1567 2574 1627 bomo
2631 1574 2776 1629 ante
2817 1568 3060 1648 lapsum
3113 1572 3342 1633 meruit

1776 1658 2066 1735 gratiam,
2097 1660 2229 1737 jam
2269 1678 2418 1719 vero
2449 1660 2618 1719 illam
2647 1662 2949 1734 obtinuit;
2983 1664 3152 1725 unde
3181 1682 3340 1744 quo-

1775 1749 1857 1808 ad
1895 1750 2058 1809 hanc
2105 1758 2349 1829 partem
2377 1752 2512 1831 jam
2562 1752 2676 1813 fuit
2723 1755 2780 1816 ei
2821 1756 3132 1817 redditum
3181 1774 3340 1837 prae-

1773 1842 1970 1901 mium
1986 1844 2352 1904 meritorum
2373 1864 2388 1915 ς
2413 1862 2586 1923 ergo,
2603 1846 2653 1905 si
2671 1854 2888 1925 postea
2909 1849 3060 1909 illud
3077 1850 3339 1929 dissipa-

1772 1936 1876 2009 vit,
1929 1941 1992 1995 et
2023 1937 2342 2013 peccando
2375 1937 2702 2011 destruxit,
2735 1959 2863 2000 non
2893 1947 3143 2003 tenetur
3171 1944 3339 2004 Deus
3373 1982 3382 1989 -

1774 2045 1851 2087 ex
1880 2028 2118 2107 justitia
2160 2031 2386 2089 iterum
2433 2030 2633 2091 simile
2664 2034 2991 2110 praemium
3021 2036 3079 2095 ei
3119 2036 3340 2097 redde-

1772 2140 1841 2180 re
1868 2128 2126 2200 propter
2163 2124 2384 2183 eadem
2409 2124 2664 2196 merita;
2703 2127 2857 2187 alias
2887 2126 2982 2189 bis
3011 2131 3337 2207 proemium

1774 2216 1829 2275 ei
1868 2216 2162 2277 redderet
2202 2224 2454 2297 propter
2493 2216 2718 2279 eadem
2751 2222 3008 2293 mei-itin
3045 2223 3199 2283 alias
3241 2224 3338 2284 bis

1770 2306 1875 2367 illa
1898 2310 2248 2386 praemiaret
2270 2310 2489 2371 eodem
2509 2328 2744 2390 genere
2765 2314 3021 2391 praemii,
3046 2321 3106 2375 et
3127 2333 3337 2394 tequa-

1774 2400 1817 2460 li
1858 2402 1921 2460 in
1955 2421 2068 2463 suo
2097 2402 2336 2463 ordine.

1848 2497 1952 2556 26.
1983 2496 2087 2557 Ad
2109 2496 2944 2575 primam.—Respondetur
2965 2500 3046 2559 ad
3065 2499 3338 2580 primam

1769 2594 1831 2648 et
1855 2588 2196 2649 secundam
2223 2588 2636 2667 objectionem
2661 2592 2724 2649 in
2747 2590 3100 2668 hujusmodi
3112 2594 3342 2672 justifl-

1766 2682 2010 2743 catione
2033 2684 2374 2761 peccatoris
2396 2682 2906 2761 distinguendum
2923 2704 3058 2746 esse
3081 2688 3146 2747 id
3169 2687 3340 2765 quod

1767 2779 1857 2835 est
1890 2792 2005 2853 per
2033 2792 2124 2849 se,
2171 2776 2252 2835 ab
2281 2792 2357 2835 eo
2401 2774 2570 2854 quod
2613 2782 2707 2836 cst
2741 2796 2854 2855 per
2887 2779 3177 2839 accidens
3205 2799 3340 2841 res·-

1764 2876 1951 2948 pectu
1977 2868 2115 2929 talis
2135 2870 2516 2943 mutationis,
2547 2888 2668 2949 qua
2698 2871 2887 2931 homo
2914 2890 2990 2935 ex
3011 2879 3172 2935 statu
3195 2863 3337 2954 pec-

1764 2964 1883 3023 cati
1923 2962 1988 3023 in
2024 2968 2255 3023 statum
2291 2964 2506 3043 gratita
2533 2964 2928 3027 transfertur.
2963 2968 3082 3029 Per
3105 2988 3172 3030 se
3201 2970 3339 3048 qui-

1764 3055 1908 3118 dem
1933 3063 2025 3117 est
2055 3063 2122 3116 ut
2141 3057 2273 3136 ipse
2300 3057 2488 3117 homo
2525 3070 2664 3118 sese
2695 3074 2836 3118 cum
2871 3058 3080 3123 divino
3106 3062 3335 3126 auxilio

1764 3149 2147 3210 sufficienter
2188 3149 2498 3228 disponat,
2551 3156 2612 3211 et
2655 3151 2826 3229 quod
2853 3153 3020 3214 Deus
3049 3155 3338 3217 infundat

1765 3242 2028 3322 gratiam
2063 3241 2450 3322 dispositioni
2479 3245 3011 3322 proportionatam
3036 3254 3097 3309 et
3123 3249 3338 3309 remit-

1764 3341 1853 3396 tat
1876 3341 2226 3414 peccatum.
2249 3336 2364 3397 Per
2383 3335 2671 3397 accidens
2703 3355 2844 3398 vero
2863 3345 2957 3400 est
2980 3357 3062 3419 qu
3071 3341 3152 3401 od
3177 3357 3335 3420 prae-

1765 3427 2065 3489 cesserint
2107 3428 2352 3503 merita,
2398 3445 2538 3507 qum
2577 3439 3038 3508 consequenter
3080 3434 3338 3495 revivis-

1764 3527 1909 3582 cant
1931 3520 2094 3582 tacta
2123 3521 2226 3582 illa
2265 3522 2632 3584 mutatione.
2679 3525 2836 3585 Nam
2867 3526 2998 3586 haec
3023 3533 3150 3588 tota
3199 3547 3338 3588 mu·

1718 3617 1913 3676 ‚tatio
1969 3614 2344 3676 intervenire
2413 3622 2627 3694 posset
2693 3617 2828 3678 sine
2905 3620 3335 3682 reviviscentis

1760 3709 2123 3768 meritorum
2156 3753 2175 3782 ,
2227 3713 2332 3782 ut,
2390 3709 2440 3768 si
2495 3708 2602 3769 illa
2664 3729 2790 3771 non
2847 3713 3330 3790 praecessissent.

1762 3801 1857 3861 Ad
1913 3802 2180 3879 primam
2237 3818 2386 3880 ergo
2448 3801 2866 3881 objectionem
2930 3806 3284 3884 respondeo
3314 3851 3332 3882 ‚

1762 3893 2028 3971 gratiam
2071 3893 2264 3967 illam,
2294 3910 2435 3972 quoe
2480 3913 2596 3973 per
2639 3913 2708 3956 se
2755 3895 3106 3959 infunditur
3147 3917 3224 3960 ex
3269 3901 3330 3962 vi

1756 3987 2240 4065 justificationis,
2297 4005 2550 4067 semper
2603 4007 2743 4052 esse
2792 3992 3330 4070 proportionatam

1762 4085 1825 4140 et
1867 4085 2440 4142 commensuratam
2474 4083 2852 4154 contritioni,
2907 4101 3020 4144 seu
3066 4083 3334 4164 disposi-

1760 4173 1913 4233 tioni
1963 4172 2328 4252 peccatoris,
2373 4178 2436 4234 et
2479 4173 2560 4234 de
2603 4175 2722 4235 hac
2763 4175 2934 4253 loqui
2983 4177 3330 4240 Concilium

1758 4265 2214 4338 Tridentinum‚
2265 4266 2450 4327 citato
2474 4266 2635 4344 loco,
2675 4285 2825 4328 nam
2869 4269 3004 4330 baec
3057 4277 3152 4331 est
3184 4290 3333 4351 pro-

1759 4359 1895 4436 pria
1931 4359 2128 4436 gratia
2170 4359 2654 4437 justificationiS,
2702 4379 2842 4439 quae
2897 4382 3010 4442 per
3063 4383 3130 4425 se
3185 4384 3333 4426 con-

1760 4451 2096 4512 sideranda
2141 4451 2260 4511 fuit
2309 4452 2373 4512 in
2415 4451 2696 4513 doctrina
2727 4454 2806 4515 de
2833 4455 3324 4534 justificatione-3

1756 4561 1905 4604 nam
1957 4562 2030 4604 ea
2079 4561 2216 4622 quoe
2246 4547 2394 4604 sunt
2435 4563 2550 4623 per
2591 4546 2903 4621 accidens,
2937 4567 3064 4608 non
3097 4551 3332 4614 cadunt

1758 4638 1877 4697 sub
1903 4637 2250 4698 scientiam.
2271 4636 2531 4708 Quando
2551 4655 2700 4700 vero
2727 4657 2868 4700 cum
2883 4640 3328 4720 justificatione

1757 4729 2159 4810 conjungitur
2214 4729 2495 4809 priorum
2547 4732 2917 4794 meritorum
2959 4735 3330 4798 reviviscen-

1754 4825 1863 4895 tia,
1897 4822 2302 4902 conjungitur
2329 4823 2517 4886 etiam
2543 4842 2686 4886 cum
2714 4825 2914 4904 gratia
2936 4827 3329 4905 justificatio-

1750 4916 1847 4976 nis
1874 4915 1998 4976 alia
2027 4915 2250 4994 gratia,
2303 4933 2492 4996 quam
2533 4934 2660 4977 non
2704 4925 2946 4998 oportet
2975 4937 3116 4982 esse
3157 4939 3326 4987 com..

1752 5014 2181 5070 mensuratam
2213 5008 2331 5089 ipsi
2359 5011 2735 5083 contritioni,
2767 5013 2914 5091 quia
2955 5031 3081 5076 non
3109 5018 3208 5075 est
3243 5015 3326 5077 ab

1752 5101 1857 5163 illa
1902 5105 2210 5181 tanquam
2237 5120 2274 5163 a
2319 5120 2512 5164 causa
2549 5109 2616 5164 et
2639 5103 3044 5184 dispositione
3073 5125 3186 5187 per
3229 5125 3322 5181 se,

1751 5195 1863 5256 sed
1892 5201 2196 5273 tanquam
2223 5213 2260 5257 a
2297 5213 2488 5257 causa
2510 5205 2874 5261 removente
2910 5199 3156 5261 obicem
3181 5219 3326 5280 pec·-

1748 5288 1895 5361 cati,
1933 5288 2106 5366 quod
2133 5305 2312 5368 aeque
2337 5287 2488 5350 facit
2513 5290 2803 5355 contritio
2831 5293 3092 5352 remissa
3121 5309 3196 5353 ac
3235 5293 3326 5353 in-

1748 5386 1948 5441 tensa.
1975 5383 2190 5460 Neque
2211 5380 2291 5441 ad
2309 5381 2476 5441 illam
2493 5383 2755 5462 gratiam
2773 5383 3136 5444 meritorum
3161 5399 3323 5463 prae-

1748 5473 2104 5534 cedentium
2145 5473 2484 5552 requiritur
2525 5491 2688 5536 nova
2722 5475 3044 5552 dispositio
3074 5489 3189 5557 per
3229 5494 3322 5552 se,

1752 5573 1821 5628 ut
1852 5585 2043 5646 supra
2089 5567 2400 5640 dicebam,
2451 5567 2597 5646 quia
2641 5567 2776 5647 ipsa
2803 5569 3026 5633 merita
3067 5576 3216 5634 sunt
3257 5569 3326 5632 in
