3850 6225
464 370 585 432 156
1308 370 1518 426 OPUSC.
1555 372 1594 432 1,
1632 373 1744 423 LlB.
1784 372 1866 422 lll.
1904 372 1984 424 DE
2016 373 2289 427 Anlens
2321 371 2552 427 mvnw
2581 369 2844 423 emman.

458 468 717 532 veritate
760 468 1075 532 Catholica
1120 469 1555 531 confirmanda
1608 469 1875 529 multum
1922 469 2038 528 im-

460 563 693 625 morari
736 581 866 623 non
914 568 1011 624 est
1036 581 1323 636 necesse,
1356 563 1505 643 quia
1542 562 1607 622 in
1650 561 1770 622 hoc
1812 561 2038 622 funda-

462 662 697 729 ment0‚
720 656 891 736 quod
914 658 1377 736 supposuimus,
1404 656 1579 717 nulla
1604 661 1699 716 est
1723 655 2032 716 dissensio

460 751 625 812 inter
668 750 1017 812 Catholicos
1060 751 1360 812 Doctores
1406 768 1551 812 cum
1588 748 1816 829 quibus
1862 767 2034 810 nunc

462 843 879 924 disputamus

544 940 605 1000 2.
660 935 855 1001 Actus
890 936 1070 1000 etiam
1110 939 1614 1019 swas-naturales
1656 937 1932 1022 elicimus
1957 936 2032 998 zi-

464 1032 615 1094 bere.
653 1029 917 1091 -Illud
961 1048 1109 1092 vero
1160 1029 1525 1092 addendum
1570 1036 1684 1104 est,
1734 1029 1893 1090 sicut
1935 1033 2032 1090 est

461 1129 699 1186 certum
736 1142 873 1186 esse
922 1125 989 1184 in
1028 1125 1213 1186 nobis
1259 1131 1435 1186 actus
1488 1123 2022 1206 supernaturales,

462 1235 621 1296 quos
650 1217 784 1278 sine
815 1216 1013 1298 gratia
1039 1218 1151 1279 Dei
1186 1235 1479 1281 exercere
1506 1237 1637 1279 non
1662 1235 2021 1297 possumuS,

462 1312 547 1372 ita
578 1311 766 1372 etiam
806 1318 1047 1374 certum
1090 1331 1229 1374 esse
1268 1314 1385 1374 hos
1412 1319 1587 1374 actus
1610 1312 1745 1373 fieri
1772 1329 1958 1391 posse
1987 1329 2024 1370 a

460 1405 645 1466 nobis
672 1404 890 1479 libere,
924 1411 987 1466 et
1014 1406 1292 1467 humano
1319 1406 1541 1479 modo;
1579 1407 1729 1479 imo,
1760 1423 1889 1466 non
1918 1404 2026 1466 ali·

356 1543 364 1548 -
462 1504 557 1560 ter
604 1499 893 1560 sufficere
928 1499 1109 1560 nobis
1148 1499 1229 1560 ad
1262 1501 1571 1580 justitiam
1615 1505 1675 1560 et
1706 1499 2024 1569 meritum,

462 1592 579 1653 nisi
604 1591 799 1678 libere
838 1611 877 1652 a
906 1592 1087 1654 nobis
1115 1591 1292 1667 fiant,
1336 1593 1625 1655 libertate
1666 1590 1901 1652 scilicet
1938 1591 2029 1650 in-

461 1685 847 1760 differentiae,
880 1688 1191 1766 superius,
1228 1687 1290 1748 in
1324 1691 1353 1749 1
1384 1687 1522 1758 lib..
1564 1706 1619 1749 c.
1656 1688 1685 1746 1
1736 1691 1799 1746 et
1826 1688 1887 1758 2,
1916 1702 2028 1746 ex-

459 1779 722 1859 plicata;
755 1779 1039 1840 doctrina
1070 1780 1239 1842 enim
1267 1782 1353 1842 ibi
1376 1781 1525 1844 data
1558 1778 1871 1860 generalis
1908 1783 2024 1850 est,

463 1877 525 1934 et
547 1873 663 1933 hos
683 1873 871 1934 etiam
888 1880 1063 1935 actus
1084 1874 1595 1953 supernaturales
1618 1871 2030 1951 comprehen-

462 1966 572 2028 dit.
598 1967 729 2028 Imo
758 1967 1101 2028 Concilium
1120 1968 1573 2044 Tridentinum,
1602 1984 1757 2028 sess.
1785 1967 1847 2038 6,
1880 1984 1934 2026 0.
1963 1965 2026 2038 5,

462 2065 527 2120 et
556 2077 697 2120 can.
729 2062 770 2120 4
798 2065 862 2122 et
890 2063 951 2134 5,
994 2060 1073 2122 de
1123 2061 1219 2121 his
1270 2059 1850 2142 supernaturalibus
1875 2058 2028 2119 acti-

460 2152 582 2214 bus
610 2153 676 2213 in
702 2153 910 2232 specie
954 2154 1349 2233 loquebatur,
1394 2173 1537 2216 cum
1579 2153 1733 2215 dixit
1766 2151 2023 2212 liberta-

461 2251 589 2308 tem
618 2252 897 2308 nostram
920 2265 1050 2308 non
1080 2265 1219 2308 esse
1248 2265 1385 2310 rem
1412 2248 1492 2308 de
1524 2247 1657 2308 solo
1684 2245 1885 2316 titulo,
1915 2243 2027 2305 sed

459 2357 677 2400 veram
701 2357 860 2413 rem,
893 2359 969 2401 eo
992 2341 1163 2421 quod
1184 2342 1273 2402 ita
1294 2342 1374 2403 sit
1389 2341 1454 2401 in
1478 2346 1787 2420 potestate
1812 2343 2026 2399 nostra

460 2432 576 2495 Dei
616 2434 927 2495 vocationi
965 2435 1341 2508 consentire,
1388 2440 1457 2495 ut
1499 2435 1668 2494 illam
1715 2433 2026 2513 possimus

464 2527 654 2587 etiam
682 2545 1004 2606 respuere.
1044 2529 1121 2590 Et
1148 2528 1225 2589 de
1256 2527 1481 2590 iisdem
1516 2526 1893 2607 loquebatur
1926 2527 2029 2586 In-

462 2622 793 2682 nocentius
816 2621 862 2697 1,
916 2623 981 2683 in
1010 2623 1191 2703 epist.
1234 2625 1311 2686 25
1342 2627 1405 2684 et
1444 2624 1523 2684 26
1563 2622 1645 2683 ad
1681 2621 2028 2684 Concilium

463 2715 951 2795 Carthaginense
996 2722 1061 2778 et
1112 2717 1536 2778 Milevitanum
1558 2760 1574 2790 ,
1626 2734 1771 2777 cum
1818 2715 1973 2776 dixit
2005 2733 2020 2775 ι

460 2808 547 2872 In
586 2809 859 2872 omnibus
912 2807 1139 2873 divium
1176 2810 1431 2891 paginis
1480 2809 1785 2872 voluntati
1820 2807 2029 2870 libera·

461 2917 583 2964 non
606 2903 733 2966 nisi
759 2903 1133 2985 offatm-ium
1164 2905 1281 2968 Dei
1306 2905 1613 2968 noscimus
1640 2921 1765 2966 esso
1797 2907 2030 2966 πιστικ-

462 2995 625 3058 darn.
660 2995 859 3068 Quam
900 2999 1277 3060 sententiam
1317 2997 1586 3058 multum
1629 2996 2030 3058 commendat

465 3087 872 3168 Augustinus,
904 3090 1084 3170 epist.
1124 3092 1262 3153 106.
1296 3093 1387 3154 De
1411 3091 1636 3153 iisdem
1666 3090 1853 3151 etiam
1882 3090 2029 3152 acti-

462 3180 583 3243 bus
634 3182 1012 3262 loquebatur
1060 3184 1435 3247 Coelestinus
1488 3185 1657 3263 Papa
1680 3230 1695 3257 ‚
1752 3202 1897 3245 cum
1947 3182 2030 3245 ad

462 3276 805 3357 Episcopos
844 3278 1081 3354 Galliae,
1125 3297 1181 3340 c.
1230 3280 1329 3352 13,
1374 3277 1659 3358 scripsit:
1689 3277 1944 3341 Amilio
1970 3282 2030 3342 et

461 3386 704 3433 munero
742 3372 861 3435 Dei
896 3388 1018 3433 non
1060 3376 1338 3451 aufertur
1380 3371 1633 3435 liberum
1676 3370 2023 3445 arbitrium,

462 3462 893 3528 sedabantur.
919 3463 1098 3537 Quod
1122 3464 1303 3527 aliter
1326 3464 1481 3525 dixit
1500 3464 1887 3544 Fulgentius,
1914 3464 2022 3527 lib.

461 3554 543 3617 de
575 3555 885 3619 lucarnat.
926 3564 991 3620 et
1012 3561 1201 3639 grat„
1238 3576 1295 3620 c.
1329 3558 1409 3619 20
1446 3576 1460 3617 z
1506 3558 1733 3623 Gratia
1767 3558 1883 3621 Dei
1916 3558 2030 3621 Itu·-

460 3668 710 3714 mamcm
736 3657 1021 3727 sanatur,
1044 3668 1166 3717 non
1187 3654 1465 3729 aufertur
1494 3652 1839 3715 arbita-im.
1872 3652 2031 3713 Hinc

464 3743 655 3805 etiam
682 3744 805 3805 Leo
848 3746 952 3820 IX,
983 3744 1051 3805 in
1078 3744 1257 3825 epist.
1302 3744 1385 3805 ad
1414 3746 1665 3827 Petrum
1696 3745 2032 3807 Antioche·

462 3853 639 3911 num,
672 3838 973 3917 scriptum
1012 3838 1263 3919 reliquit
1312 3856 1328 3898 :
1380 3836 1665 3904 Gratiam
1694 3836 2032 3918 praevenire

461 3936 522 3993 et
547 3930 823 4013 subsequi
852 3931 1148 3996 hominem
1181 3932 1353 3997 oredo
1376 3936 1436 3995 st
1452 3932 1774 4014 profiteor,
1800 3931 1896 3994 ita
1933 3936 2033 3995 ta-

461 4040 598 4087 mon
626 4031 697 4089 ut
738 4024 1078 4089 libertatem
1122 4023 1373 4091 arbitris·
1412 4024 1712 4089 rationali
1735 4028 2034 4088 orsam-cs

461 4134 581 4179 m
610 4118 903 4200 dauwe-m.
944 4118 1173 4180 Omitto
1199 4118 1469 4179 aliorum
1506 4118 1759 4179 Patrum
1784 4122 2034 4177 senten·

460 4209 580 4273 tias
609 4256 625 4285 ,
685 4228 825 4290 quae
874 4209 1397 4291 frequentissimae
1446 4215 1626 4283 sunt;
1670 4209 2030 4272 testimonia

460 4304 612 4366 item
666 4304 1127 4381 scripturarum
1186 4321 1684 4367 commemorare
1746 4321 1875 4364 non
1933 4309 2030 4366 est

460 4414 759 4470 necesse;
800 4396 1004 4458 solum
1046 4403 1143 4460 est
1168 4398 1233 4457 in
1276 4397 1367 4459 eis
1407 4396 1883 4470 advertendum,
1922 4412 2029 4457 eo-

461 4488 607 4552 dem
632 4488 821 4551 modo
850 4490 1096 4568 praecipi
1129 4490 1247 4551 hos
1276 4495 1453 4551 actus
1484 4489 2023 4569 supernaturales,

462 4589 527 4643 et
560 4583 839 4655 consuli,
894 4590 959 4645 et
995 4584 1061 4643 in
1096 4583 1369 4643 hominis
1408 4583 1729 4645 voluntate
1794 4584 2026 4645 consti-

462 4676 575 4749 tui,
606 4694 733 4756 quo
772 4682 1015 4739 caeteroe
1060 4676 1354 4737 humanas
1400 4676 1835 4755 operationes;
1888 4694 2028 4756 quoe

462 4768 675 4830 omnia
728 4775 1092 4849 supponunt
1142 4770 1499 4833 libertatem
1552 4775 1617 4832 et
1662 4768 2028 4831 indifferen-

460 4862 636 4937 tiam,
680 4868 751 4925 ut
790 4863 1029 4925 notavit
1068 4864 1414 4925 Concilium
1448 4862 1879 4925 Tridentinum
1920 4882 2028 4923 su-

460 4975 597 5036 pra,
634 4956 997 5038 expendens
1026 4958 1197 5020 111οᾶ
1236 4958 1421 5021 Zach.
1478 4962 1501 5018 1
1547 4976 1561 5017 :
1600 4956 2028 5021 convertimini

462 5051 547 5113 ad
573 5068 667 5114 ms
692 5077 717 5111 .·
752 5050 909 5125 Quia
924 5068 1037 5133 pso·
1062 5052 1171 5115 Ιιοο
1198 5050 1445 5130 (inquit)
1476 5050 1783 5115 libertatis
1802 5054 2032 5113 mem·

462 5146 892 5218 admoneamu-
962 5147 1025 5207 et
1091 5143 1381 5207 eamdem
1442 5145 1567 5205 vim
1630 5144 1821 5205 habet
1873 5142 2030 5203 illud

462 5238 687 5300 Ezech.
720 5240 797 5301 18
832 5257 845 5299 :
882 5236 965 5303 Sa·
990 5236 1217 5320 impius
1236 5238 1425 5321 eyes-it
1436 5236 1876 5321 penitentiam,
1902 5238 2032 5302 vita

459 5334 618 5397 vivet
632 5357 660 5406 ,·
688 5338 751 5393 et
773 5332 927 5393 illud
954 5332 1170 5395 Matth.
1207 5332 1283 5393 16
1318 5351 1331 5391 :
1372 5332 1491 5405 Qui
1516 5332 1652 5394 vult
1676 5332 1882 5394 venire
1888 5337 2032 5411 post

458 5444 573 5499 ms,
604 5430 667 5487 et
698 5424 925 5487 similia
952 5424 1191 5497 omnia,
1219 5425 1287 5486 in
1330 5424 1559 5503 quibus
1586 5430 1785 5497 actus,
1834 5441 2032 5503 quan·

462 5518 693 5581 tumvis
718 5518 1231 5599 supernaturales
1260 5522 1323 5579 et
1358 5516 1641 5597 perfecti,
1670 5522 1901 5577 nostroe
1926 5536 2032 5577 vo·

2117 471 2342 532 luntati
2371 470 2860 544 committuntur,
2895 470 3180 548 quamvis
3211 469 3350 530 aliis
3375 469 3520 531 locis
3545 471 3660 532 sre-

2119 564 2527 644 quentissime
2567 569 2888 624 asseratur
2915 581 3047 636 eos,
3081 564 3214 624 sine
3243 561 3450 623 divina
3475 566 3662 642 gratia

2115 657 2252 719 fieri
2285 675 2322 717 a
2347 657 2528 718 nobis
2555 674 2680 717 non
2709 673 2919 736 posse,
2949 658 3276 734 Deumque
3305 673 3442 717 esse
3462 658 3660 736 praeci-

2115 769 2309 830 puum
2335 751 2564 812 horum
2586 754 2925 824 auctorem,
2958 755 3216 829 propter
3237 749 3408 828 quod
3431 756 3490 809 et
3515 749 3660 810 fides

2113 844 2468 924 specialiter
2495 862 2634 906 esse
2667 844 2778 906 Dei
2804 844 3038 904 donum
3067 845 3316 916 dicitur,
3343 843 3564 922 Ephes.
3591 846 3658 914 ἒς

2113 942 2177 999 et
2209 937 2480 1000 charitas
2505 955 2620 1017 per
2651 938 2946 1018 Spiritum
2991 939 3292 1000 Sanctum
3323 937 3580 996 diffundi
3603 937 3658 996 in

2112 1031 2406 1093 cordibus
2445 1032 2695 1106 nostriS,
2743 1032 2826 1093 ad
2869 1035 3132 1093 Roman.
3163 1034 3223 1093 5.
3267 1033 3356 1092 Ac
3401 1029 3658 1109 denique

2109 1127 2366 1204 propter
2391 1123 2524 1186 hoec
2567 1127 2964 1205 potissimum
3007 1143 3204 1205 opera
3247 1123 3480 1184 dictum
3513 1128 3604 1183 est
3627 1144 3661 1182 a

2109 1218 2348 1280 Christo
2361 1219 2648 1294 Domino,
2661 1221 2845 1282 Joan.
2863 1221 2934 1280 6:
2953 1219 3146 1284 Nemo
3159 1223 3362 1301 potest
3378 1218 3576 1280 venire
3593 1221 3665 1280 ad

2108 1329 2224 1386 ms,
2244 1311 2368 1374 nisi
2389 1313 2604 1386 Pater,
2629 1315 2736 1395 qui
2752 1314 2926 1376 misit
2948 1329 3060 1386 m,
3085 1311 3354 1376 traxerit
3373 1329 3540 1380 emm
3557 1317 3618 1370 et
3645 1330 3658 1370 ι

2115 1405 2270 1470 Sine
2299 1424 2394 1470 ms
2425 1407 2586 1468 nihil
2617 1407 2876 1488 potestis
2897 1413 3116 1486 facere,
3154 1407 3338 1468 Joan.
3373 1407 3478 1476 15;
3530 1411 3591 1464 et
3631 1426 3662 1464 a

2111 1499 2304 1563 Paulo
2336 1499 2622 1560 similiter
2653 1499 2894 1579 prolata
2923 1506 3016 1560 est
3057 1500 3162 1560 illa
3201 1499 3566 1578 gravissima
3610 1505 3666 1559 et

2108 1592 2466 1654 difficillima
2491 1595 2798 1654 sententia
2825 1611 2840 1652 :
2879 1593 3027 1657 Non
3062 1598 3153 1657 est
3179 1591 3457 1665 volentis,
3489 1610 3660 1674 nequ

2109 1687 2434 1759 currentis,
2450 1687 2557 1749 sed
2575 1687 2690 1748 Da·
2703 1686 3069 1758 miserentis,
3095 1685 3178 1746 ad
3197 1687 3375 1746 Rom.
3391 1687 3449 1747 9.
3471 1685 3660 1756 Quam

2109 1781 2176 1840 in
2199 1779 2606 1859 sequentibus
2633 1786 2924 1840 accurate
2952 1779 3360 1840 tractabimus
3391 1785 3454 1840 et
3485 1778 3661 1857 expli-

2111 1875 2427 1946 cabimus;
2471 1875 2540 1935 in
2589 1891 2666 1934 ea
2711 1873 2880 1934 enim
2932 1873 3256 1953 attingitur
3299 1876 3428 1934 tota
3487 1873 3662 1951 hujus

2109 1969 2384 2028 materias
2413 1966 2765 2039 difficultas,
2799 1985 2938 2046 quae
2967 1970 3062 2029 est
3096 1968 3161 2027 in
3197 1967 3536 2027 concordia
3563 1984 3661 2026 ne-

2109 2061 2415 2123 cessitatis
2455 2067 2518 2123 et
2545 2061 2927 2123 efficacitatis
2958 2061 3174 2141 gratiae
3214 2079 3358 2121 cum
3391 2061 3666 2128 libertate

2109 2155 2370 2230 arbitrii,
2412 2155 2476 2216 in
2513 2155 2874 2236 hujusmodi
2917 2155 3498 2235 supernaturalibus
3537 2157 3665 2216 acti-

2107 2248 2226 2309 bus
2251 2267 2267 2322 ;
2295 2267 2442 2310 nam
2471 2248 2524 2310 si
2549 2248 3061 2330 supernaturales
3085 2253 3252 2320 sunt,
3275 2248 3526 2310 videtur
3547 2251 3664 2307 tota

2109 2363 2300 2407 causa
2313 2345 2672 2424 principalis
2689 2363 2905 2406 eorum
2925 2363 3064 2405 esse
3073 2345 3280 2404 divina
3297 2344 3520 2420 gratia,
3536 2363 3662 2404 nos-

2106 2446 2394 2518 tramque
2417 2439 2827 2511 voluntatem,
2845 2439 2930 2499 ad
2957 2455 3300 2510 summum,
3319 2455 3458 2498 esse
3489 2457 3660 2516 posse

2109 2533 2392 2613 ejusdem
2435 2535 2650 2612 gratim
2682 2535 3168 2596 instrumentum
3197 2534 3278 2594 ad
3309 2533 3659 2610 hujusmodi

2107 2633 2283 2689 actus
2311 2627 2706 2702 efficiend083
2740 2629 2847 2708 qui
2873 2633 3088 2688 tamen
3111 2626 3413 2706 operandi
3443 2626 3658 2686 modus

2103 2722 2354 2785 videtur
2397 2722 2665 2784 libertati
2713 2739 3104 2803 repugnans;
3153 2739 3293 2801 quoe
3339 2721 3660 2781 difficultas

2109 2814 2502 2876 occasionem
2540 2816 2804 2895 praebuit
2835 2815 3164 2877 Catholicis
3195 2814 3570 2876 Doctoribus
3601 2814 3658 2872 in

2105 2908 2314 2969 varias
2371 2913 2432 2969 et
2497 2909 2661 2970 inter
2706 2928 2774 2970 se
2835 2909 3274 2971 dissentientes
3329 2908 3660 2970 sententias

2109 3002 2385 3064 abeundi
2409 3047 2426 3075 ‚
2465 3003 2630 3064 inter
2675 3022 2834 3083 quas
2871 3004 2977 3064 illa
3029 3003 3164 3064 sine
3217 3003 3410 3064 dubio
3455 3003 3662 3082 praefe-

2108 3095 2306 3158 renda
2335 3101 2452 3171 est,
2483 3116 2624 3178 quoe
2646 3096 2732 3159 ita
2753 3097 3107 3159 libertatem
3137 3097 3371 3159 arbitrii
3397 3103 3658 3169 tueatur,

2108 3195 2177 3252 ut
2203 3190 2358 3251 nihil
2385 3190 2612 3252 divinae
2651 3192 2864 3271 gratiae
2913 3191 3220 3260 detrahat,
3271 3190 3660 3269 divinamque

2108 3284 2374 3363 gratiam
2427 3284 2513 3345 ita
2549 3284 2986 3359 commendet,
3025 3288 3096 3345 ut
3127 3284 3395 3345 libertati
3435 3284 3658 3345 arbitrii

2105 3377 2400 3438 tenebras
2431 3395 2562 3438 non
2599 3376 2904 3450 offundat,
2945 3396 3064 3439 nec
3103 3378 3360 3439 nomine
3399 3371 3656 3443 tantum,

2109 3471 2225 3532 sed
2249 3471 2416 3533 clare
2450 3490 2526 3533 ac
2569 3472 2898 3551 perspicue
2942 3490 3078 3534 rem
3121 3472 3323 3550 ipsam
3352 3470 3658 3533 defendat.

2107 3565 2185 3626 Et
2211 3565 2330 3626 1100
2352 3565 2537 3626 estin
2565 3570 2830 3627 tractatu
2867 3584 2994 3645 prae
3043 3565 3239 3627 oculis
3281 3564 3657 3633 habendum,

2109 3676 2260 3719 nam
2291 3658 2394 3720 hic
2417 3664 2512 3721 est
2539 3659 2890 3740 proecipuus
2919 3660 3056 3739 ejus
3077 3658 3222 3719 finis
3251 3664 3314 3719 et
3341 3676 3588 3738 scopus,

2107 3850 2303 3916 Actus
2326 3868 2453 3915 esse
2481 3852 2680 3934 quoad
2705 3852 3112 3916 substantiam
3149 3851 3654 3933 supernaturales.

2192 4022 2252 4083 3.
2283 4022 2420 4083 Non
2443 4023 2726 4085 omittam
2746 4030 2958 4085 autem
2983 4024 3084 4084 1110
3105 4024 3308 4085 obiter
3335 4029 3651 4093 annotare,

2111 4114 2194 4175 ab
2235 4115 2632 4178 Scholasticis
2677 4116 3012 4198 Theologis
3043 4116 3126 4179 de
3157 4116 3256 4176 his
3293 4116 3536 4177 actibus
3567 4134 3658 4175 su-

2112 4208 2620 4286 pernaturalibus
2645 4216 2884 4271 motam
2929 4228 3068 4270 esse
3097 4208 3533 4287 quaestionem,
3565 4226 3657 4275 an,

2112 4300 2324 4379 quoad
2369 4302 2799 4375 substantiam,
2851 4302 2950 4363 vel
2999 4306 3244 4363 tantum
3287 4300 3498 4381 quoad
3545 4318 3660 4361 1110-

2109 4393 2259 4455 dum
2311 4394 2818 4473 supernaturales
2877 4394 3176 4456 censendi
3229 4396 3389 4467 sint;
3449 4400 3660 4455 vocant

2109 4495 2322 4550 autem
2347 4493 2553 4549 actum
2585 4490 3128 4567 supernaturalem
3157 4489 3366 4569 quoad
3390 4488 3661 4549 substan-

2108 4581 2283 4654 tiam,
2315 4600 2464 4643 eum
2493 4581 2622 4660 qui,
2653 4582 3002 4643 secundum
3031 4602 3212 4643 suam
3247 4582 3580 4642 essentiam
3609 4586 3662 4640 et

2106 4674 2376 4755 primam
2401 4695 2476 4737 ac
2513 4676 2870 4755 specificam
2911 4677 3216 4739 rationem
3247 4676 3390 4737 talis
3443 4683 3558 4746 est,
3597 4680 3658 4733 ut

2107 4768 2374 4848 ipsamet
2399 4768 2624 4831 entitas
2661 4777 2836 4832 actus
2873 4788 3002 4831 non
3030 4769 3228 4849 possit
3263 4787 3404 4830 esse
3432 4767 3655 4829 homini

2105 4863 2552 4938 connaturaIiS,
2571 4880 2778 4942 neque
2799 4863 2880 4923 ab
2910 4882 2985 4924 00
3015 4863 3146 4924 fieri
3167 4881 3282 4942 per
3309 4862 3658 4923 facultatem

2109 4956 2346 5018 arbitrii
2378 4974 2523 5017 cum
2549 4957 2683 5017 solo
2713 4974 3022 5017 concursu
3049 4956 3158 5017 Dei
3185 4954 3464 5035 generali
3493 4960 3661 5014 natu-

2109 5068 2194 5111 rae
2219 5049 2428 5111 debito
2446 5068 2462 5122 3
2483 5049 2708 5129 qualis,
2733 5050 2867 5110 sine
2884 5050 3009 5110 ulla
3033 5050 3480 5123 controversia,
3503 5050 3656 5110 clara

2110 5144 2264 5205 visio
2309 5142 2535 5203 divinae
2579 5144 2888 5205 essentioe.
2919 5146 3144 5205 Actum
3183 5162 3332 5203 vero
3376 5160 3662 5223 superna-

2111 5236 2384 5298 turalem
2435 5237 2646 5315 quoad
2696 5237 2978 5310 modum,
3033 5243 3262 5298 vocant
3303 5256 3451 5298 eum
3497 5236 3660 5314 cujus

2113 5329 2346 5392 entitas
2373 5336 2438 5391 et
2463 5330 2756 5409 specifica
2783 5330 3053 5391 essentia
3093 5329 3398 5391 naturalis
3439 5335 3533 5391 est
3561 5348 3574 5387 :
3605 5327 3664 5387 fit

2109 5430 2327 5485 autem
2377 5422 2478 5485 vel
2526 5421 2794 5485 afficitur
2847 5424 3030 5485 modo
3079 5424 3290 5503 aliquo
3345 5426 3664 5503 superante

2111 5523 2429 5593 naturam,
2459 5516 2622 5579 sicut
2652 5517 2795 5579 caeci
2823 5516 3194 5579 illuminatio
3233 5524 3664 5598 supernatura-
