3850 6225
849 409 982 461 CAP.
1019 409 1057 461 1.
1093 409 1246 462 ESSE
1277 411 1340 462 ΙΝ
1370 409 1552 462 NOBIS
1583 407 1784 462 AGTus
1814 407 2105 472 Quasnam
2136 411 2447 476 nummos»,
2481 413 2622 466 E'l’C.

151 505 218 564 lis
240 505 458 566 dicitur
480 525 608 567 non
635 507 698 567 in
727 509 1005 583 entitate,
1038 529 1188 571 nam
1227 512 1420 584 visus,
1469 511 1573 590 qui
1600 523 1732 572 re-‘

151 598 424 670 stituitur,
483 601 782 662 naturalis
829 605 956 674 est;
1021 604 1134 664 sed
1173 604 1236 665 in
1283 605 1496 678 modo,
1546 604 1692 683 quia

147 692 304 750 nulla
341 699 436 753 est
461 693 762 754 naturalis
801 713 1014 771 causa,
1059 715 1200 776 quoe
1241 699 1446 758 visum
1493 699 1692 760 semel

149 785 434 846 amissum
461 786 658 864 possit
679 789 1032 850 restituere.
1077 789 1251 852 Multi
1283 809 1436 870 ergo
1465 809 1543 852 ex
1576 809 1692 850 an-

145 877 317 954 tiquis
343 879 695 958 Theologis,
741 883 846 960 qui
887 884 1056 943 hanc
1089 885 1502 962 quaestionem
1547 885 1688 946 atti-

145 977 372 1050 gerunt,
417 972 534 1032 hos
593 978 770 1035 actus
817 993 946 1036 non
993 975 1204 1055 quoad
1247 977 1682 1051 substantiam,

145 1065 242 1124 sed
293 1065 500 1144 quoad
549 1066 810 1128 modum
869 1073 1112 1131 tantum
1175 1071 1686 1150 supernaturales

141 1175 264 1217 esse
307 1166 707 1220 censuerunt.
765 1161 836 1222 In
887 1181 1080 1242 quam
1137 1165 1516 1226 sententiam
1571 1164 1686 1225 ali·

141 1250 370 1328 quando
397 1251 702 1314 inclinare
731 1255 898 1316 visus
943 1264 1038 1318 est
1081 1257 1156 1317 D.
1200 1258 1472 1318 Thomas
1503 1258 1587 1336 (2.
1619 1260 1680 1328 2,

142 1350 338 1420 quoest.
371 1348 508 1420 171,
535 1353 650 1440 art:
681 1350 742 1420 2,
771 1349 854 1410 ad
881 1350 968 1428 3),
995 1368 1186 1428 quam
1225 1351 1364 1429 ejus
1399 1351 1683 1431 discipuli

143 1437 498 1514 antiquiores
539 1441 764 1518 majori
819 1459 896 1503 ex
948 1449 1128 1522 parte
1188 1443 1458 1522 amplexi
1511 1449 1677 1505 sunt.

141 1533 294 1592 Hanc
327 1537 540 1593 autem
574 1536 956 1596 sententiam
994 1536 1286 1597 videntur
1325 1536 1589 1616 elegisse
1616 1536 1681 1597 hi

139 1623 435 1703 Theologi‚
487 1635 628 1688 tum
685 1627 766 1688 ad
814 1628 1174 1690 leniendam
1227 1628 1679 1703 difficultatem,

142 1737 260 1796 quae
285 1725 378 1780 est
396 1720 462 1780 in
487 1721 932 1782 concordanda
957 1723 1246 1784 libertate
1276 1741 1420 1784 cum
1440 1724 1674 1804 gratia;

142 1820 252 1872 tum
273 1812 454 1874 etiam
477 1813 630 1892 quia
657 1815 778 1875 hoc
807 1815 1010 1876 visum
1041 1822 1138 1876 est
1165 1815 1256 1877 eis
1285 1816 1570 1877 sufficere
1599 1816 1681 1878 ad

140 1906 436 1966 veritatem
481 1906 790 1968 doctrinae
844 1909 1261 1970 conciliorum
1286 1955 1306 1984 ,
1365 1926 1504 1988 quae
1551 1928 1680 1970 non

142 1999 468 2079 simpliciter
517 2000 830 2063 definiunt
881 2021 1020 2065 esse
1051 2003 1474 2064 necessariam
1536 2023 1680 2084 gra-

139 2094 266 2154 tiam
313 2093 390 2154 ad
435 2095 852 2169 credendum,
901 2097 1286 2175 sperandum
1337 2103 1402 2158 et
1457 2115 1680 2158 aman-

142 2187 288 2258 dum,
311 2188 420 2248 sed
447 2189 718 2264 addunt,
743 2189 906 2253 siout
931 2197 1198 2268 oporto&
1228 2207 1353 2269 quo
1373 2209 1678 2271 superna-

137 2282 368 2342 turalem
395 2282 664 2344 modum
693 2283 1070 2364 significent.

201 2377 586 2438 Recentiores
636 2396 788 2439 vero
838 2377 1162 2459 Theologi,
1211 2379 1554 2459 praesertim
1607 2379 1672 2440 hi

137 2470 222 2547 qui
247 2470 656 2532 Conciliorum
684 2470 1154 2533 definitionibus
1182 2480 1246 2534 et
1273 2473 1526 2536 Patrum
1547 2479 1672 2533 tes-

135 2562 394 2636 timoniiS,
443 2582 802 2644 eorumque
850 2565 1200 2628 rationibus
1241 2565 1672 2646 expendendis

137 2657 396 2716 attentius
431 2657 835 2731 insudarunt,
867 2658 983 2720 hos
1009 2665 1208 2733 actuS,
1238 2657 1320 2720 ad
1349 2675 1510 2737 quos
1539 2677 1676 2738 gra-

139 2748 208 2808 tia
231 2750 327 2810 Dei
355 2751 727 2830 simpliciter
763 2753 1120 2813 necessaria
1151 2758 1266 2827 est,
1301 2757 1678 2832 supernatu-

139 2842 276 2903 rales
301 2844 362 2902 in
383 2844 740 2904 substantia
769 2849 830 2905 et
859 2846 1116 2906 entitate
1147 2863 1366 2907 eorum
1399 2863 1538 2906 esse
1567 2845 1678 2906 do-

140 2943 386 2997 cuerunt.
418 2936 706 3009 Quorum
751 2939 1062 3000 sententia
1091 2938 1511 3000 communiter
1542 2939 1678 3017 jam

139 3036 356 3107 recepta
385 3035 500 3106 est,
529 3031 688 3110 quia
715 3037 809 3092 est
836 3033 1038 3111 magis
1077 3037 1504 3094 consentanea
1534 3031 1678 3092 doc·

143 3123 288 3183 ttinae
317 3124 736 3185 Conciliorum
761 3131 824 3185 et
866 3125 1156 3199 Patrum;
1187 3143 1338 3186 nam
1367 3124 1680 3186 contraria

144 3217 320 3293 opinio
346 3218 610 3280 multum
642 3219 858 3279 tribuit
883 3218 1152 3281 libertati
1179 3222 1242 3280 et
1269 3224 1509 3280 naturae
1532 3218 1680 3278 viri-

143 3306 257 3382 bus,
287 3310 500 3390 vixque
533 3311 854 3389 explicare
881 3318 1086 3391 potest
1114 3331 1228 3373 cur
1249 3311 1333 3372 ad
1359 3311 1474 3372 hos
1503 3317 1680 3372 actus

145 3400 206 3460 sit
229 3403 408 3479 gratia
454 3404 828 3483 simpliciter
855 3406 1236 3477 necessaria,
1286 3404 1388 3465 vel
1432 3403 1573 3481 quis
1603 3403 1680 3465 sit

147 3492 225 3553 ille
251 3496 460 3557 modus
487 3498 600 3575 qui
641 3496 704 3557 in
749 3497 1110 3577 hujusmodi
1139 3498 1380 3558 actibus
1404 3494 1680 3576 postula-

144 3592 242 3659 tur,
271 3597 516 3668 propter
541 3608 744 3670 quem
785 3592 984 3670 gratia
1027 3598 1122 3653 est
1151 3590 1506 3652 necessaria
1535 3589 1679 3649 sim-

145 3679 368 3757 pliciter.
401 3684 558 3745 Item
581 3690 682 3745 est
704 3685 906 3764 magis
932 3690 1356 3747 consentanea
1376 3685 1510 3745 haec
1537 3683 1679 3744 doc·

143 3773 278 3833 trina
305 3778 660 3856 Scripturas,
691 3778 938 3839 docenti
967 3776 1289 3839 hominem
1314 3796 1349 3837 a
1377 3778 1507 3839 Deo
1539 3795 1677 3839 esse

103 3927 114 3943 ,
147 3873 386 3929 creatum
433 3871 514 3932 ad
561 3870 762 3932 finem
807 3872 1064 3933 omnino
1107 3870 1678 3951 supernaturalem,

148 3974 306 4034 quem
343 3981 455 4023 nec
477 3963 704 4025 oculus
727 3963 898 4035 vidit,
928 3982 1046 4024 nec
1075 3964 1242 4023 auris
1272 3962 1530 4039 audivit,
1561 3981 1678 4023 nec

145 4050 199 4110 in
217 4072 311 4115 cor
331 4057 598 4118 hominis
622 4058 936 4131 ascendit3
972 4064 1034 4119 et
1053 4058 1133 4118 ad
1157 4076 1305 4118 eum
1333 4074 1680 4137 assequen-

148 4145 291 4221 dum,
317 4157 540 4211 etcum
565 4151 780 4211 debita
817 4151 1224 4230 proportione
1267 4150 1680 4211 obtinendum

147 4255 342 4319 magna
369 4250 430 4304 et
455 4245 734 4323 pretiosa
776 4244 960 4305 nobis
1005 4244 1168 4305 dona
1215 4242 1487 4317 dedisse,
1517 4243 1676 4304 adeo

149 4338 204 4391 ut
227 4354 326 4413 per
350 4357 422 4401 ea
445 4341 674 4401 divinae
699 4339 1046 4401 efficiamur
1069 4344 1391 4401 consortes
1411 4345 1672 4413 naturae,

152 4442 264 4502 quae
289 4435 486 4494 omnia
505 4432 866 4513 significant
887 4434 1038 4495 talia
1066 4434 1232 4494 dona
1257 4450 1420 4507 esse,
1464 4432 1530 4492 in
1563 4451 1676 4493 sua

154 4524 374 4587 entitate
399 4534 458 4589 et
475 4528 845 4604 substantia,
877 4528 1396 4608 supernaturalia.
1421 4528 1497 4588 Et
1518 4527 1679 4606 ejus-

154 4615 274 4677 dem
293 4620 514 4683 ordinis
543 4624 682 4682 sine
705 4622 896 4683 dubio
927 4628 1074 4683 sunt
1098 4622 1358 4682 virtutes
1389 4620 1508 4681 illae
1533 4637 1673 4700 quae

156 4708 406 4774 dicuntur
421 4732 536 4795 per
555 4733 624 4776 se
646 4714 892 4788 infusae,
913 4716 1260 4794 praesertim
1279 4720 1408 4775 tres
1425 4714 1572 4785 illae,
1597 4713 1676 4775 de

158 4804 350 4877 quibus
369 4808 592 4870 Paulus
609 4809 660 4887 (1
689 4808 770 4869 ad
789 4810 930 4870 Cor.
949 4810 1048 4888 13)
1066 4808 1252 4869 dixit:
1267 4807 1456 4872 Nunc
1479 4813 1678 4870 autem

158 4906 362 4961 manem
402 4900 524 4964 tria
569 4902 716 4973 Itoec,
755 4900 932 4977 fidos,
981 4920 1139 4983 spos,
1179 4901 1478 4973 charitas,
1515 4918 1674 4977 quas

159 4988 310 5049 nobis
347 5010 380 5051 a
409 4994 638 5073 Spiritu
668 4994 896 5055 Sancto
933 4992 1176 5053 infundi
1219 4992 1432 5053 docuit
1461 4993 1674 5055 Conci-

159 5076 286 5141 lium
303 5085 739 5161 Tridentinum‚
775 5104 930 5147 sess.
976 5092 1174 5160 sexta,
1205 5104 1345 5165 cap.
1375 5086 1666 5165 septimo,

161 5170 288 5233 Cum
309 5194 446 5258 ergo
473 5186 532 5241 et
563 5180 772 5241 media
799 5180 924 5240 sint
945 5178 1054 5241 fini
1081 5179 1574 5257 proportionata,
1607 5182 1670 5240 et

163 5270 514 5342 operationes
547 5272 794 5345 divinae,
837 5290 976 5351 quse
1011 5272 1078 5332 in
1115 5272 1298 5333 nohis
1337 5276 1400 5331 et
1423 5291 1462 5332 a
1487 5271 1672 5333 nobis

161 5356 312 5433 fiunt,
341 5364 597 5429 debeant
640 5367 830 5429 etiam
876 5385 1014 5428 esse
1046 5365 1528 5445 proportionatae
1589 5364 1678 5427 di-

165 5450 298 5513 viuae
329 5464 554 5521 naturae
593 5462 658 5523 in
705 5460 888 5521 nobis
939 5458 1352 5539 participatae,
1403 5476 1675 5537 cumque

169 5552 314 5607 actus
337 5552 602 5629 ejusdem
643 5553 880 5615 ordinis
925 5554 1050 5614 sint
1092 5570 1234 5613 cum
1279 5551 1612 5613 virtutibus
1640 5571 1676 5611 a

3220 411 3337 474 157

1776 511 2005 590 quibus
2030 520 2313 586 manant,
2342 513 2411 575 fit
2440 515 2627 576 etiam
2664 513 2779 574 hos
2823 519 2999 575 actus
3022 513 3215 576 divini
3242 534 3340 576 or-

1773 603 1937 665 dinis
1967 623 2128 680 esse,
2150 611 2337 685 atque
2365 609 2451 669 ita
2466 608 2531 668 in
2551 626 2663 669 sua
2686 607 2939 670 entitate
2968 614 3031 669 et
3054 608 3339 671 substan-

1771 698 1858 758 tia
1883 702 2417 780 supernaturales

1852 793 2029 852 Hanc
2061 809 2211 873 ergo
2254 795 2625 856 sententiam
2659 795 2722 854 in
2755 798 2887 857 tota
2912 797 3031 856 hac
3059 795 3339 876 disputa-

1767 883 1937 944 tione
1964 903 2421 964 supponemus;
2448 894 2581 948 tum
2610 888 2781 966 quod
2804 906 2943 949 eam
2974 907 3112 950 esse
3139 891 3337 950 verio-

1764 993 1902 1037 rem
1934 995 2326 1053 censeamuS,
2354 985 2492 1042 tum
2520 981 2712 1042 etiam
2738 999 2821 1042 ne
2848 981 3171 1044 videamur
3196 1002 3339 1062 gra·

1765 1070 1916 1130 tiam
1957 1071 2069 1131 Dei
2106 1071 2317 1150 aliqua
2362 1090 2439 1133 ex
2464 1079 2641 1153 parte
2671 1075 2736 1134 in
2766 1074 3054 1136 ordinem
3094 1083 3333 1137 naturae

1764 1164 2079 1244 redigere,
2126 1169 2196 1226 ut
2244 1167 2570 1246 physicam
2612 1167 3334 1246 praedeterminationem

1766 1255 1848 1318 ad
1876 1257 1995 1318 hos
2022 1263 2198 1318 actus
2236 1261 2659 1321 necessariam
2700 1279 2828 1321 non
2855 1279 2993 1322 esse
3036 1261 3338 1323 defenda-

1763 1367 1943 1423 mus;
1978 1350 2115 1412 haec
2159 1353 2326 1412 enim
2377 1353 2606 1414 veritas
2656 1353 2829 1414 nullo
2875 1353 3063 1416 modo
3113 1373 3189 1415 ex
3232 1354 3337 1416 illa

1761 1442 2032 1505 falsitate
2080 1446 2335 1524 pendet.
2388 1447 2513 1507 Nec
2562 1464 2781 1508 verum
2833 1453 2927 1507 est
2980 1447 3335 1509 libertatem

1763 1537 2001 1597 arbitrii
2028 1537 2273 1599 facilius
2300 1545 2411 1599 aut
2440 1539 2665 1600 melius
2702 1557 2848 1602 cum
2879 1539 3089 1600 divina
3134 1540 3334 1622 gratia

1763 1631 2152 1706 concordari,
2186 1633 2236 1694 si
2266 1639 2443 1694 actus
2484 1633 2548 1692 hi
2588 1633 2792 1694 solum
2839 1634 3047 1713 quoad
3074 1635 3334 1696 modum

1763 1724 2273 1804 supernaturales
2301 1727 2457 1799 sint;
2487 1727 2635 1806 quia
2670 1727 2769 1788 vel
2800 1727 2903 1788 ille
2932 1727 3157 1788 modus
3180 1727 3335 1788 nihil

1762 1824 1855 1879 est
1884 1819 1949 1879 in
1992 1827 2158 1894 actu,
2203 1818 2373 1898 quod
2420 1839 2459 1880 a
2484 1821 2666 1881 nobis
2708 1820 2905 1882 libere
2947 1819 3090 1894 fiat3
3124 1825 3185 1882 et
3214 1822 3335 1882 hoc

1761 1930 1892 1973 non
1940 1919 2037 1974 est
2080 1911 2461 1974 concordare
2508 1914 2773 1994 gratiam
2825 1931 2971 1974 cum
3018 1914 3328 1989 libertate,

1759 2005 1874 2066 sed
1917 2006 2175 2066 omnino
2220 2005 2488 2086 gratiam
2532 2009 2837 2080 evertere,
2884 2013 2947 2067 et
2984 2005 3334 2067 doctrinam

1760 2099 2176 2160 conciliorum
2216 2098 2503 2172 eludere3
2536 2099 2636 2160 vel
2677 2099 2783 2160 ille
2826 2099 3051 2160 modus
3098 2098 3334 2177 aliquid

1759 2197 1853 2253 est
1891 2193 2367 2273 supernaturale
2384 2238 2405 2269 ,
2438 2192 2520 2254 ad
2548 2193 2721 2272 quod
2744 2192 2940 2254 libere
2971 2192 3332 2254 faciendum

1757 2286 1959 2366 gratia
1993 2287 2177 2346 nobis
2194 2292 2303 2348 est
2328 2286 2707 2359 necessaria,
2744 2292 2807 2347 et
2832 2285 2920 2346 sic
2954 2284 3177 2346 eadem
3207 2284 3333 2346 ori-

1756 2385 1857 2439 tur
1885 2380 2237 2454 difficultaS,
2268 2380 2585 2459 quomodo
2617 2380 2681 2439 in
2711 2397 2787 2441 eo
2824 2378 3015 2441 modo
3040 2377 3329 2439 faciendo

1754 2472 2011 2535 libertas
2058 2481 2123 2535 et
2167 2474 2366 2554 gratia
2408 2473 2823 2534 consentiant.
2876 2474 3095 2551 Neque
3144 2472 3333 2533 etiam

1757 2567 2054 2640 Concilia‚
2090 2585 2234 2627 cum
2264 2565 2505 2627 addunt
2532 2565 2705 2626 illam
2746 2565 3141 2644 particulam,
3172 2563 3334 2628 sicut

1757 2666 2007 2741 oportet,
2040 2659 2492 2721 accidentalem
2522 2658 2786 2720 modum
2818 2660 3048 2719 horum
3078 2663 3331 2719 actuum
3366 2681 3372 2687 ·

1756 2753 2062 2825 indicant,
2106 2754 2221 2814 sed
2262 2753 2663 2814 essentialem
2710 2753 3043 2826 rationem,
3088 2757 3153 2814 et
3192 2769 3333 2831 pro-

1755 2848 2085 2926 prietatem
2123 2847 2602 2909 convenientem
2633 2847 2783 2926 ipsis
2824 2865 2902 2908 ex
2928 2847 2987 2906 vi
3028 2863 3333 2926 superna-

1757 2939 1977 3000 turalis
1998 2939 2223 3019 objecti
2246 2945 2308 3001 et
2332 2940 2651 3020 principii;
2676 2945 2745 3001 ut
2772 2939 2951 3001 estin
2976 2938 3103 2999 fide
3130 2939 3331 2999 Chris·

1759 3033 1957 3107 tiana,
1986 3033 2161 3094 verbi
2200 3033 2422 3113 gratia,
2451 3033 2630 3093 inniti
2662 3031 3009 3093 formaliter
3036 3031 3102 3092 in
3130 3032 3331 3113 prima

1759 3128 2046 3201 veritate,
2076 3128 2257 3205 eique
2283 3127 2558 3187 maxima
2584 3125 2953 3188 certitudine
2982 3126 3329 3199 adhaerere,

1763 3224 1826 3281 et
1855 3221 1944 3280 sic
1974 3220 2051 3281 de
2080 3220 2323 3281 caeteris
2352 3219 2615 3281 actibus.
2648 3219 2903 3280 Addunt
2934 3220 3123 3299 igitur
3160 3218 3333 3278 illam

1761 3314 2134 3395 particulam
2158 3314 2449 3387 Concilio,
2478 3320 2549 3375 ut
2574 3313 2693 3374 hos
2730 3318 2904 3374 actus
2934 3318 3229 3391 separent
3251 3312 3332 3372 ab

1763 3407 1900 3468 allis
1930 3407 2170 3468 actibus
2198 3407 2600 3486 imperfectiS,
2631 3424 2789 3486 quos
2817 3406 2975 3467 solet
2998 3404 3189 3467 homo
3216 3406 3334 3465 cir-

1763 3520 1834 3561 ca
1863 3501 2086 3562 eadem
2115 3500 2463 3578 materialia
2486 3501 2731 3581 obJecta
2760 3516 3075 3575 exercere,
3101 3505 3169 3559 ut
3188 3516 3333 3559 cum

1763 3612 2029 3655 assensu
2067 3593 2345 3654 humano
2388 3599 2451 3655 et
2476 3594 2839 3673 imperfecto
2870 3592 3183 3653 credimus
3221 3590 3335 3651 ali-

1763 3704 1955 3766 quam
1996 3686 2139 3747 fidei
2190 3686 2517 3747 veritatem
2555 3704 2686 3747 non
2731 3706 2807 3747 ex
2847 3684 3077 3758 divin0,
3116 3683 3226 3745 sed
3255 3702 3333 3745 ex

1759 3782 2039 3841 hnmano
2088 3780 2469 3841 testimonio.
2518 3779 2631 3851 Qui
2674 3786 2851 3841 actus
2892 3778 3328 3857 imperfectus,

1761 3880 2019 3955 propter
2058 3873 2529 3934 similitudinem
2577 3892 2767 3952 quam
2812 3872 3005 3933 habet
3048 3890 3193 3933 cum
3222 3890 3332 3932 su-

1761 3966 2143 4046 pernaturali
2168 3965 2293 4027 fide
2316 3966 2411 4043 (et
2431 3964 2601 4025 idem
2621 3972 2715 4026 est
2734 3965 2813 4026 de
2838 3983 2949 4044 spe
2972 3968 3035 4025 et
3054 3982 3269 4025 amore
3282 3966 3327 4042 ),

1761 4060 1920 4121 solet
1952 4060 2269 4121 interdum
2312 4058 2473 4120 fides
2518 4057 2727 4137 quoad
2772 4058 3184 4119 substantiam
3221 4076 3333 4136 ap-

1758 4154 2001 4232 pellari.
2055 4154 2131 4213 Et
2180 4152 2301 4213 hoc
2354 4170 2545 4213 sensu
2589 4151 2939 4229 reperietur
2990 4149 3329 4229 aliquando

1761 4246 2061 4326 scriptum
2102 4246 2183 4307 ab
2222 4245 2579 4307 auctoribus
2620 4243 2973 4317 CatholiciS‚
3001 4261 3187 4323 posse
3216 4243 3331 4303 ho·-

1761 4340 1997 4401 minem
2025 4336 2417 4399 naturalibus
2440 4337 2674 4398 viribus
2696 4336 2921 4397 elicere
2950 4342 3159 4398 actum
3184 4335 3331 4396 fidei

1760 4432 1971 4509 quoad
2022 4431 2457 4505 substantiam,
2488 4431 2595 4510 qui
2630 4430 2733 4493 vel
2781 4431 3125 4509 loquuntur
3152 4430 3332 4509 juxta

1760 4543 2015 4587 sensum
2056 4526 2281 4604 prioris
2320 4525 2666 4597 sententiaa,
2702 4530 2763 4586 et
2796 4525 2907 4599 sic,
2936 4524 3081 4585 licet
3108 4524 3331 4585 falsam

1759 4625 2105 4701 sequantur
2152 4618 2535 4697 opinionem,
2585 4636 2715 4678 non
2750 4621 2964 4679 tamen
3010 4623 3223 4679 errant
3264 4617 3331 4678 in

1760 4713 2041 4775 doctrina
2070 4711 2250 4785 fidei3
2278 4712 2379 4772 vel
2407 4717 2575 4774 certe
2605 4712 2669 4772 in
2698 4711 2995 4791 praedicta
3025 4711 3333 4792 significa-

1757 4806 1927 4866 tione
1960 4810 2221 4866 utuntur
2260 4804 2366 4864 illa
2410 4824 2584 4877 voce,
2632 4805 2841 4884 quoad
2889 4804 3327 4877 substantiam,

1759 4898 2015 4972 scilicet,
2048 4905 2119 4960 ut
2148 4896 2457 4979 significat
2494 4915 2897 4959 communem
2932 4899 3239 4960 rationem
3268 4904 3331 4961 et

1755 4992 2255 5053 convenientiam
2300 4996 2501 5066 actua,
2532 5010 2662 5052 non
2704 4998 2775 5051 ut
2816 4991 2965 5053 dicit
3010 4993 3330 5072 propriam

1757 5090 1820 5146 et
1851 5084 2251 5147 essentialem
2289 5085 2595 5147 rationem
2628 5084 3005 5164 specificam.
3049 5084 3182 5146 Imo
3210 5086 3329 5145 hoc

1753 5178 1941 5240 modo
1972 5196 2201 5239 censeo
2242 5178 2681 5258 explicandum
2722 5196 2914 5257 supra
2956 5178 3208 5239 citatum
3236 5177 3330 5237 lo-

1757 5286 1902 5332 cum
1932 5273 2005 5333 D.
2043 5272 2322 5344 Thomse,
2357 5270 2505 5349 quia
2542 5270 2605 5331 in
2636 5270 2773 5333 aliis
2797 5270 2971 5343 locis,
3008 5271 3073 5329 in
3101 5269 3328 5349 quibus

1759 5384 1836 5426 ex
1861 5364 2144 5444 professo
2170 5364 2361 5425 tradit
2383 5362 2729 5425 doctrinam
2760 5362 2841 5424 de
2868 5362 2967 5424 his
2992 5362 3235 5423 actibus
3264 5367 3329 5423 et

1760 5456 2089 5519 virtutibus
2138 5456 2381 5529 infusis,
2427 5461 2643 5534 aperte
2695 5455 2884 5517 sentit
2924 5457 3063 5515 haec
3114 5454 3327 5515 omnia

1760 5568 1900 5613 esse
1942 5550 2107 5614 dona
2140 5568 2255 5629 per
2298 5568 2363 5609 se
2406 5554 2466 5609 et
2497 5548 2910 5609 essentialiter
2950 5552 3327 5625 supernatu-
