3850 6225
796 389 932 444 cAP.
967 391 1052 444 ΙΧ.
1089 390 1382 455 QL’ouooo
1415 391 1840 448 PRAESCIENTIA
1873 391 1977 446 nm
2008 393 2497 462 NECESSITATEM,
2526 398 2661 452 ETC.
2714 430 2721 440 -

151 486 332 548 soluta
371 488 726 562 necessitaS,
759 494 818 550 et
849 490 1053 568 major
1093 508 1284 569 quam
1328 494 1405 554 sit
1445 493 1510 553 in
1539 511 1684 572 pro-

147 579 428 658 positione
451 579 526 640 de
554 581 870 660 praesenti,
893 583 992 644 vel
1018 583 1098 644 de
1125 584 1359 647 futuro,

223 673 306 734 13.
351 672 721 754 Explicatur
747 675 814 736 in
839 693 976 738 vero
999 694 1200 739 sensu.
1223 711 1304 724 —
1323 680 1412 739 De
1443 679 1562 740 hac
1587 697 1684 739 er-

147 786 216 846 go
261 766 616 828 necessitate
660 767 906 828 locutus
947 775 1039 830 est
1090 771 1164 831 D.
1193 771 1490 843 ThomaS‚
1536 789 1681 832 cum

146 861 279 921 dixit
329 861 486 920 hanc
533 861 1067 940 propositionem:
1117 865 1284 927 Deus
1324 865 1506 928 scivit
1563 864 1684 927 Pa-

145 961 290 1018 trum
312 959 714 1036 peccaturum,
751 971 890 1016 esse
923 956 1206 1019 absolute
1235 959 1678 1031 necessariam,

145 1054 202 1108 ut
228 1048 403 1108 etiam
431 1047 800 1126 interpretes
831 1047 989 1127 ejus,
1021 1051 1378 1129 CajetannS,
1409 1051 1679 1125 Ferrar.‚

145 1147 196 1200 et
231 1140 328 1200 alii
357 1140 812 1212 intellexerunt,
862 1145 924 1202 et
954 1161 1032 1202 ex
1072 1142 1208 1223 ipsa
1237 1150 1374 1206 erat
1415 1163 1518 1208 res
1567 1162 1682 1223 per

145 1253 200 1294 se
241 1233 378 1292 satis
431 1237 601 1304 nota,
653 1239 713 1294 et
765 1253 840 1295 ex
890 1235 1026 1296 aliis
1074 1235 1228 1298 locis
1269 1237 1554 1316 ejusdem
1602 1237 1676 1296 D.

142 1328 386 1398 Thomae‚
420 1328 442 1386 1
495 1333 661 1388 cont.
703 1327 914 1402 Gent.,
943 1348 1082 1408 cap.
1130 1331 1232 1406 67,
1267 1337 1327 1392 et
1363 1334 1588 1410 quaest.
1641 1331 1682 1390 2

144 1418 210 1478 de
235 1419 502 1494 veritat,
528 1425 645 1479 art.
677 1422 740 1490 2,
771 1421 852 1482 ad
875 1425 916 1482 4
955 1426 1016 1482 et
1049 1425 1108 1496 7,
1143 1429 1202 1484 et
1224 1428 1438 1502 quaest.
1468 1425 1530 1497 6,
1561 1429 1676 1486 art.

143 1513 194 1579 3,
231 1511 305 1572 ad
341 1511 476 1584 ult„
523 1511 588 1572 in
621 1513 850 1590 quibus
902 1515 1054 1578 locis
1096 1517 1330 1578 nullam
1391 1517 1680 1578 differen-

144 1605 274 1664 tiam
301 1604 464 1678 facit,
511 1606 644 1668 sive
691 1606 770 1668 de
812 1609 1124 1686 proeterito
1175 1609 1448 1671 dicatur:
1509 1611 1678 1672 Deus

142 1696 314 1770 scivit,
354 1697 478 1759 sive
524 1698 604 1760 de
636 1700 923 1778 praesenti
952 1719 966 1760 :
998 1703 1166 1762 Deus
1221 1703 1356 1764 scit.
1389 1703 1570 1774 Nam,
1603 1703 1678 1764 li-

141 1796 222 1850 cet
253 1790 592 1852 differentia
626 1811 664 1852 a
699 1793 882 1853 nohis
927 1795 1130 1873 posita
1175 1814 1325 1856 vera
1369 1796 1449 1856 sit
1475 1796 1540 1856 in
1583 1795 1680 1856 his

140 1900 258 1960 quae
305 1902 414 1962 per
441 1901 512 1946 se
543 1891 824 1964 tempore
868 1893 1338 1962 mensurantur,
1371 1896 1582 1950 tamen
1617 1888 1680 1948 in

139 1976 370 2036 scientia
415 1977 556 2050 Dei,
593 1995 734 2056 quoe
765 1983 1167 2040 mensuratur
1193 1981 1560 2053 aeternitate,
1619 1987 1682 2042 et

138 2069 314 2130 solum
347 2069 567 2149 recipit
596 2070 1172 2134 denominationem
1220 2074 1516 2153 praeteriti
1567 2091 1680 2153 per

135 2163 582 2226 coexistentiam
629 2164 710 2225 ad
755 2172 1040 2228 nostrum
1083 2173 1354 2247 tempuS,
1395 2185 1526 2228 non
1570 2185 1678 2228 va-

133 2256 232 2316 riat
252 2257 678 2318 necessitatem
706 2259 806 2320 ille
839 2259 1233 2339 significandi
1261 2260 1508 2322 modus.
1547 2259 1680 2332 Quo

135 2349 296 2408 etiam
333 2367 440 2410 seu
485 2351 936 2428 proportionali
995 2352 1182 2413 modo
1237 2353 1456 2414 dicunt
1501 2353 1682 2414 multi

135 2443 274 2503 hanc
302 2444 826 2522 propositionem:
874 2444 1143 2526 Anydus
1174 2452 1292 2521 est,
1326 2465 1464 2508 esse
1493 2447 1678 2508 abso-

134 2533 240 2594 lute
271 2535 688 2598 necessariam
743 2538 1090 2598 secundum
1123 2539 1460 2600 intrinseca
1509 2540 1676 2618 prin-

137 2627 271 2705 cipia
304 2629 456 2708 ejus,
515 2648 629 2692 seu
663 2630 726 2690 in
777 2631 993 2692 ordine
1035 2631 1118 2692 ad
1156 2650 1379 2692 causas
1421 2638 1672 2694 natura·

132 2719 230 2790 leit,
275 2727 331 2782 et
369 2723 720 2801 potentiam
767 2725 876 2785 Dei
915 2725 1330 2798 ordinariam;
1373 2726 1518 2804 quia
1559 2744 1673 2805 per

133 2831 186 2872 se
201 2823 588 2876 mensuratur
615 2835 774 2892 sevo,
801 2818 972 2896 quod
997 2819 1367 2880 naturaliter
1407 2838 1534 2880 non
1563 2838 1674 2898 po-

131 2912 234 2966 test
271 2909 487 2968 iterum
533 2927 694 2980 esse,
731 2918 1066 2990 postquam
1101 2911 1297 2972 semel
1333 2918 1448 2973 est.
1479 2913 1674 2990 Igitur

129 2996 184 3056 in
205 3017 264 3058 se
289 3003 412 3060 tam
441 3004 802 3063 necessaria
833 3009 928 3064 est
953 3004 1058 3065 illa
1097 3004 1437 3083 propositio
1465 3023 1478 3064 :
1509 3006 1672 3068 Deus

129 3093 228 3153 scit
252 3092 498 3157 Petrum
524 3099 938 3175 peccaturum,
957 3096 1148 3159 sicut:
1177 3098 1342 3159 Deus
1367 3097 1574 3171 scivit,
1607 3102 1670 3159 et

129 3185 388 3247 eamdem
411 3188 478 3247 in
513 3189 799 3267 praesenti
839 3190 1182 3268 quaestione
1225 3190 1460 3269 ingerit
1507 3189 1666 3250 diffi-

125 3278 584 3349 cultatem,licet
601 3282 810 3359 quoad
841 3300 954 3342 nos
992 3282 1218 3343 clarius
1247 3287 1666 3361 appareatne-

126 3370 352 3431 cessitas
393 3372 454 3433 in
485 3374 916 3453 propositione
955 3375 1032 3435 de
1063 3378 1376 3454 praeterito
1409 3382 1665 3454 propter

125 3462 480 3541 significandi
519 3466 798 3528 modum.
837 3468 1092 3547 Propter
1123 3470 1288 3529 hanc
1311 3470 1520 3547 itaque
1551 3487 1662 3529 ne-

123 3558 444 3621 cessitatem
471 3566 742 3623 conatus
773 3568 868 3623 est
894 3563 967 3621 D.
991 3562 1262 3623 Thomas
1283 3565 1660 3623 constituexe

125 3649 515 3715 differentiam
571 3655 733 3715 inter
789 3655 1282 3734 propositionem
1343 3655 1514 3717 illam
1579 3655 1658 3717 de

119 3746 442 3821 praeterito:
490 3749 662 3811 Deus
693 3748 898 3823 scivit,
938 3754 1084 3821 etc„
1119 3756 1182 3812 et
1229 3748 1416 3811 aliam
1446 3749 1661 3811 de‘fu-

121 3842 274 3897 turo:
309 3840 540 3905 Petrus
566 3842 838 3923 peccabit
859 3887 876 3913 ,
931 3842 1146 3905 dicens
1195 3844 1466 3923 priorem
1519 3862 1656 3905 esse

119 3928 368 3993 absolute
422 3935 852 3995 necessariam
879 3981 899 4009 ,
963 3954 1093 3998 non
1142 3954 1290 3997 vero
1360 3938 1656 4015 posterio-

118 4037 251 4083 rem.

189 4118 271 4177 14.
304 4116 583 4198 objectio.
609 4153 692 4167 —
722 4122 847 4184 Sed
873 4123 1132 4184 instabit
1175 4122 1422 4201 aliquiS‚
1455 4121 1654 4202 primo

119 4224 182 4267 ex
195 4214 527 4291 Augustino
551 4216 633 4276 ‘26
655 4223 824 4279 cont.
851 4216 1176 4292 Faustum,
1199 4236 1253 4277 c.
1278 4221 1340 4289 4,
1369 4217 1650 4279 dicente:

119 4300 252 4364 Tam
283 4322 396 4366 aon
424 4313 686 4386 possunt
717 4311 932 4394 fatum
958 4327 1079 4371 non
1111 4309 1276 4388 fieri,
1321 4328 1503 4390 quam
1537 4328 1658 4371 nou

113 4396 280 4469 fuisso
301 4404 466 4477 facta
486 4403 830 4481 proeterita.
859 4405 1022 4484 Ergo
1051 4403 1222 4463 nulla
1251 4410 1346 4464 est
1366 4404 1657 4464 differen-

116 4486 190 4545 tia
213 4508 248 4547 a
275 4492 450 4554 nobis
492 4495 843 4574 assignata,
886 4498 1034 4575 quia
1067 4502 1336 4575 utraque
1377 4497 1658 4576 proposi-

115 4578 209 4655 tiO,
239 4588 360 4644 tam
385 4586 464 4647 de
493 4590 804 4665 praeterito
833 4608 1024 4670 quam
1054 4590 1134 4651 de
1164 4591 1483 4670 praesenti,
1509 4591 1657 4650 sim-

114 4670 330 4747 pliciter
361 4685 423 4739 et
450 4680 585 4741 sine
630 4681 754 4743 ulla
791 4684 1216 4763 suppositione
1245 4688 1516 4763 sumpta,
1547 4702 1655 4744 ne·

115 4768 356 4830 cessaria
383 4790 512 4833 non
541 4782 674 4847 est;
721 4775 884 4837 facta
912 4795 1062 4839 vero
1093 4778 1518 4857 suppositione
1548 4796 1655 4838 ve·

113 4857 286 4920 ritalis
314 4864 470 4942 ejuS,
501 4874 764 4947 utraque
809 4870 1164 4930 necessaria
1196 4875 1312 4940 est,
1345 4870 1494 4948 quia
1518 4870 1652 4948 jam

111 4948 172 5009 fit
195 4970 404 5017 sensus
435 4962 835 5039 compositus
864 4962 1002 5035 Quo
1027 4962 1218 5023 modo
1246 4961 1400 5023 dixit
1429 4962 1649 5024 Ansel-

113 5056 256 5117 mue,
299 5047 439 5109 dict.
483 5052 590 5113 lib.
638 5052 716 5113 de
753 5054 1117 5128 Concordia,
1161 5074 1298 5133 cap.
1358 5058 1416 5129 l,
1447 5055 1646 5115 Deum

111 5131 296 5199 facere
323 5160 452 5203 nou
499 5162 680 5223 posse
733 5153 803 5208 ut
855 5147 1040 5207 simul
1075 5166 1204 5207 non
1248 5146 1328 5209 sit
1367 5146 1647 5213 fumi-um

113 5230 262 5302 quod
288 5240 380 5294 est
405 5235 704 5313 futurum,
734 5240 882 5317 quia
907 5245 1072 5301 esset
1097 5239 1303 5299 facere
1345 5240 1469 5299 duo
1498 5258 1647 5299 con-

110 5322 446 5387 tradictoria
487 5349 653 5392 vera.

187 5414 478 5483 Solvitur.
513 5455 588 5469 -
625 5426 1062 5504 Respondetur
1087 5426 1242 5487 illud
1269 5427 1506 5489 dictum
1528 5429 1648 5487 Au-

108 5510 318 5585 gustini
342 5518 402 5574 et
446 5514 562 5577 hoc
601 5519 876 5583 Anselmi
918 5538 1058 5583 esse
1095 5538 1318 5581 verum
1357 5526 1645 5603 respectu

300 5705 313 5717 .
409 5636 506 5685 xl.

3212 397 3329 456 337

1763 493 1931 554 illius
1956 496 2255 574 temporis
2295 515 2421 575 quo
2451 515 2553 558 res
2598 504 2693 560 est
2733 496 2965 568 futura,
3010 515 3139 557 non
3179 515 3331 560 vero

1762 587 2071 648 absolute.
2110 589 2265 650 Nam
2295 609 2409 670 pro
2448 609 2525 652 eo
2567 596 2853 668 tempore
2902 608 3014 669 pro
3062 608 3187 670 quo
3228 610 3333 652 res

1762 677 1971 740 futura
2002 698 2139 740 esse
2186 682 2582 761 supponitur,
2640 681 3021 761 impossibile
3065 688 3181 756 est,
3231 701 3335 743 se-

1761 771 1888 833 mel
1926 772 2090 853 facta
2126 774 2554 854 suppositione
2602 775 2901 851 veritatiS,
2959 781 3027 862 ut
3076 794 3187 854 pro
3230 793 3333 836 eo·-

1763 863 1908 925 dem
1940 871 2219 945 tempore
2248 865 2403 928 falsa
2434 867 2563 941 fiat,
2598 874 2852 947 propter
2878 867 3051 928 illam
3080 886 3332 948 compo·

1764 957 2058 1019 sitionem
2086 978 2226 1038 quae
2256 960 2322 1022 in
2362 960 2891 1040 propositionibus
2920 959 2999 1022 de
3036 962 3330 1040 praesenti

1763 1051 2096 1130 reperitur,
2124 1053 2271 1131 quia
2296 1053 2551 1134 quando
2582 1059 2697 1124 est,
2736 1071 2993 1116 necesse
3030 1059 3125 1114 est
3164 1072 3325 1114 esse.

1761 1141 2175 1205 Nihilominus
2207 1148 2445 1219 tamen,
2476 1151 2811 1224 postquam
2852 1145 2957 1206 ina
2992 1147 3221 1216 veritas
3246 1147 3323 1208 de

1761 1235 1971 1296 futuro
1997 1236 2251 1316 impleta
2284 1243 2399 1310 est,
2438 1239 2715 1318 quando,
2763 1239 3020 1312 scilicet,
3055 1239 3191 1318 jam
3230 1258 3331 1300 res

1761 1328 1926 1390 tacta
1966 1333 2083 1406 est,
2107 1332 2242 1410 jam
2286 1351 2361 1392 ex
2412 1339 2561 1394 tunc
2607 1333 2822 1411 incipit
2867 1333 3207 1412 propositio
3252 1334 3331 1394 de

1767 1420 1976 1483 futuro
2007 1441 2145 1484 esse
2173 1424 2357 1496 falsa,
2400 1424 2559 1486 sicut
2596 1431 2658 1485 et
2690 1425 3029 1504 propositio
3074 1425 3153 1486 de
3178 1444 3333 1504 prae·

1764 1516 1922 1576 senti
1954 1516 2170 1594 incipit
2200 1535 2335 1578 esse
2365 1517 2543 1592 falsa,
2574 1521 2813 1578 mutata
2842 1517 3167 1578 existentia
3194 1519 3285 1580 rei
3314 1539 3332 1580 ε

1763 1613 1827 1667 at
1867 1626 2016 1668 vero
2052 1609 2393 1688 propositio
2422 1611 2503 1671 de
2548 1611 2879 1690 praeterita,
2914 1611 3111 1671 semel
3151 1630 3325 1684 vera,

1757 1717 2083 1780 nunquam
2114 1707 2317 1781 potest
2346 1703 2571 1764 iterum
2598 1703 2757 1764 falsa
2780 1721 2942 1776 esse,
2976 1710 3036 1764 et
3064 1703 3207 1764 ideo
3235 1704 3331 1765 di-

1763 1794 1922 1852 citur
1948 1795 2150 1874 magis
2179 1795 2463 1858 absolute
2490 1797 2848 1858 necessaria
2876 1814 3065 1874 quam
3106 1815 3332 1877 propo-

1762 1886 1901 1946 sitio
1927 1886 2017 1947 de‘
2035 1887 2268 1962 futur0,
2302 1889 2446 1952 licet
2472 1889 2537 1949 in
2567 1893 2833 1967 utraque
2862 1890 2939 1949 sit
2974 1888 3185 1968 aliqua
3220 1909 3331 1951 ne·

1762 1978 2021 2040 cessitas
2049 1982 2535 2060 compositionis,

1839 2173 2149 2240 Adversus
2167 2179 2471 2258 proedicta
2492 2178 2893 2258 difficaedtates
2918 2179 3245 2244 nonnulloe.
3306 2207 3312 2215 ·

1843 2353 1941 2411 15.
1976 2350 2100 2412 Sed
2140 2351 2345 2413 adhuc
2376 2359 2663 2432 superest
2704 2353 2947 2433 integra
2997 2353 3329 2416 difficultas

1759 2445 2135 2522 argumenti,
2161 2463 2308 2504 nam
2334 2445 2465 2506 hmo
2493 2444 2831 2506 necessitas
2852 2447 3139 2511 absoluta
3166 2447 3330 2510 illius

1757 2535 2181 2596 antecedentis
2204 2554 2219 2596 ε
2248 2539 2413 2600 Deus
2436 2539 2619 2600 scivit
2637 2537 2891 2602 Petrum
2916 2546 3325 2622 peccaturum,

1755 2628 1982 2688 sufficit
2029 2627 2111 2688 ad
2155 2628 2549 2691 inferendam
2600 2636 2838 2690 tantam
2890 2633 3330 2694 necessitatem

1754 2719 1820 2781 in
1861 2721 2292 2799 consequenti,
2327 2741 2467 2801 quae
2506 2731 2819 2803 repugnet
2858 2727 3324 2805 contingentiae,

1753 2832 1902 2875 nam
1930 2813 2116 2874 infert
2146 2815 2587 2877 necessitatem
2610 2816 2675 2876 in
2704 2834 2771 2876 re
2794 2816 3004 2877 futura
3032 2825 3327 2898 respectu

1753 2907 1917 2966 illius
1954 2907 2253 2986 temporis
2296 2926 2410 2986 pro
2454 2926 2581 2986 quo
2614 2909 2843 2969 dicitur
2886 2927 3024 2971 esse
3071 2910 3320 2982 futura:

1751 3001 1906 3062 illud
1960 3007 2171 3062 autem
2201 3001 2462 3064 deberet
2504 3020 2644 3064 esse
2679 3010 2927 3083 tempus
2960 3005 3327 3084 contingen-

1749 3093 1850 3155 tiae
1884 3094 2045 3174 ejuS,
2078 3113 2227 3156 nam
2250 3094 2422 3175 quod
2448 3094 2675 3157 deinde
2706 3097 2989 3176 sequitur
3027 3104 3168 3178 post
3206 3098 3327 3159 im—

1747 3189 1983 3266 pletam
2035 3188 2363 3249 veritatem
2410 3186 2705 3263 futuram,
2758 3186 3170 3269 impertinens
3204 3198 3321 3265 est,

1747 3286 1816 3341 ut
1844 3299 1958 3359 per
1994 3298 2063 3341 se
2092 3285 2357 3354 constat,
2391 3299 2466 3342 eo
2494 3282 2593 3343 vel
2619 3284 2889 3345 maxime
2932 3284 3103 3363 quod
3133 3304 3323 3364 supra

1743 3372 2011 3433 diximus
2056 3373 2229 3433 idem
2270 3392 2405 3434 esse
2454 3375 2660 3435 dicere
2693 3393 2707 3435 ε
2743 3376 2909 3436 Deus
2948 3377 3145 3451 scivit,
3203 3397 3316 3441 ac:

1741 3468 1908 3527 Deus
1939 3466 2053 3528 scit
2086 3484 2219 3527 rem
2250 3484 2387 3527 esse
2433 3466 2731 3541 futuram,
2766 3474 2827 3529 et
2856 3488 3110 3531 sensum
3157 3470 3323 3533 illius

1743 3558 1885 3619 dicti
1913 3578 2043 3619 non
2073 3578 2235 3629 esse,
2261 3578 2395 3620 rem
2414 3560 2589 3621 illam
2612 3579 2749 3623 esse
2768 3561 3043 3623 futuram
3068 3582 3321 3643 respec-
3430 3638 3435 3645 Ι

1742 3657 1808 3711 tu
1849 3653 2301 3732 cujuscumque
2332 3652 2641 3727 instanti8‚
2674 3654 2773 3715 cui
2798 3656 3080 3717 coexistit
3120 3658 3318 3719 scien·

1740 3746 1824 3805 tia
1874 3746 2005 3818 Dei,
2048 3744 2156 3805 sed
2188 3745 2548 3825 simpliciter
2594 3746 2947 3807 habituram
2978 3749 3316 3829 aliquando

1741 3858 1902 3913 esse,
1939 3846 2001 3901 et
2028 3840 2171 3903 ideo
2208 3859 2459 3921 semper
2500 3860 2637 3903 esse
2679 3861 2891 3905 veram
2935 3850 2997 3905 et
3027 3863 3316 3906 necessa·

1737 3934 1897 3994 riam
1944 3933 2113 3993 illam
2168 3935 2696 4013 propositionem:
2750 3936 2917 3999 Deus
2947 3938 3069 3999 scit
3091 3938 3196 4001 Ιιοσ
3222 3939 3317 4001 vel

1737 4028 1900 4090 illud
1921 4044 2044 4089 esse
2065 4030 2346 4104 futmm
2360 4050 2387 4098 ;
2430 4045 2581 4105 ergo
2616 4027 2839 4088 eadem
2864 4028 3108 4090 ratione
3149 4049 3316 4091 sem-

1739 4139 1856 4200 per
1881 4121 1999 4181 erit
2017 4138 2235 4181 verum
2267 4138 2339 4180 ac
2368 4122 2798 4181 necessarium
2828 4122 3019 4182 talem
3048 4139 3179 4183 rem
3215 4142 3314 4183 es-

1739 4232 1807 4274 se
1863 4213 2176 4285 futuram3
2227 4231 2377 4292 ergo
2418 4212 2653 4274 tollitur
2705 4214 3153 4294 contingentia.
3184 4216 3310 4277 Nec

1739 4307 2039 4367 satisfacit
2119 4305 2441 4383 responsio
2508 4323 2647 4384 quae
2717 4306 2923 4367 statim
3004 4310 3307 4382 occurrit,

1739 4401 1906 4461 hanc
1941 4400 2140 4461 solam
2182 4416 2321 4459 esse
2351 4398 2787 4459 necessitatem
2818 4400 3306 4480 compositioniS,

1737 4511 1878 4573 quae
1921 4510 2051 4553 non
2077 4496 2391 4571 repugnat
2436 4492 2681 4552 effectui
2726 4491 2922 4553 libero
2969 4498 3031 4553 et
3071 4495 3309 4555 contin-

1738 4588 1943 4667 genti:
1990 4586 2135 4665 quia
2168 4584 2223 4646 si
2256 4585 2620 4664 compositio
2652 4592 2746 4647 est
2772 4604 2915 4647 cum
2964 4606 3031 4647 rc
3082 4588 3305 4649 eadem

1728 4682 1862 4761 jam
1884 4680 2211 4754 existente,
2240 4679 2337 4740 vel
2352 4679 2583 4753 futura,
2603 4681 2804 4757 qualis
2822 4686 2917 4741 est
2940 4682 3044 4743 illa
3066 4701 3079 4741 :
3104 4682 3307 4753 Quan-

1735 4774 1816 4835 do
1855 4792 1957 4835 res
2002 4779 2118 4846 est,
2168 4791 2427 4835 necesse
2459 4779 2552 4834 est
2586 4792 2749 4849 esse,
2800 4793 3021 4841 verum
3056 4782 3305 4837 estnon

1732 4867 1953 4929 tollere
1974 4865 2497 4944 contingentiam:
2526 4871 2738 4926 tamen
2762 4868 3015 4945 quando
3042 4874 3137 4929 est
3160 4886 3305 4930 cum

1729 4980 1798 5022 re
1839 4960 2209 5028 extrinseca,
2246 4964 2307 5019 et
2360 4977 2501 5037 quae
2556 4977 2685 5019 non
2736 4966 2829 5021 est
2878 4960 2941 5020 in
2991 4964 3300 5040 potestate

1731 5053 2069 5135 operantiS,
2100 5052 2301 5131 qualis
2320 5057 2414 5113 est
2438 5052 2696 5113 scientia
2719 5052 2854 5127 Dei,
2886 5054 3133 5115 videtur
3163 5055 3301 5115 talis

1730 5144 2095 5225 compositio
2136 5144 2356 5206 tollere
2401 5145 2915 5223 contingentiam,
2946 5146 3094 5226 quia
3144 5146 3303 5207 tollit

1729 5244 2108 5320 potestatem
2161 5236 2243 5297 ad
2292 5236 2658 5297 utrumlibet
2706 5243 2770 5298 et
2820 5237 3301 5300 indifferentiam

1729 5331 2043 5394 inferioris
2073 5348 2303 5403 causae,
2337 5349 2466 5390 non
2503 5348 2578 5390 ex
2607 5328 2804 5389 libero
2836 5348 2953 5390 usu
2979 5332 3305 5410 potestatis

1731 5428 1889 5505 ejuS,
1947 5424 2059 5485 sed
2103 5422 2357 5484 aliunde
2410 5422 2491 5483 ab
2546 5422 2915 5483 extrinseco.
2966 5424 3041 5483 Et
3073 5423 3299 5483 eadem

1727 5519 1969 5582 ratione
1990 5536 2117 5579 non
2145 5516 2391 5579 videtur
2424 5514 2781 5577 satisfacere
2818 5513 2941 5575 alia
2970 5516 3298 5598 responsio

2901 5622 2981 5687 22
