<?xml version="1.0" encoding="UTF-8"?>
<!DOCTYPE html PUBLIC "-//W3C//DTD XHTML 1.0 Transitional//EN"
    "http://www.w3.org/TR/xhtml1/DTD/xhtml1-transitional.dtd">
<html xmlns="http://www.w3.org/1999/xhtml" xml:lang="en" lang="en">
 <head>
  <title>
</title>
<meta http-equiv="Content-Type" content="text/html;charset=utf-8" />
  <meta name='ocr-system' content='tesseract 3.04.00' />
  <meta name='ocr-capabilities' content='ocr_page ocr_carea ocr_par ocr_line ocrx_word'/>
</head>
<body>
  <div class='ocr_page' id='page_1' title='image "./rpfranciscisuar01duvagoog_0427.png"; bbox 0 0 3850 6225; ppageno 0'>
   <div class='ocr_carea' id='block_1_1' title="bbox 754 368 2746 445">
    <p class='ocr_par' dir='ltr' id='par_1_1' title="bbox 754 368 2746 445">
     <span class='ocr_line' id='line_1_1' title="bbox 754 368 2746 445; baseline -0.002 -8"><span class='ocrx_word' id='word_1_1' title='bbox 754 372 925 437; x_wconf 62' lang='lat' dir='ltr'>sacr.</span> <span class='ocrx_word' id='word_1_2' title='bbox 959 376 1024 435; x_wconf 86' lang='lat' dir='ltr'>n.</span> <span class='ocrx_word' id='word_1_3' title='bbox 1060 378 1143 435; x_wconf 74' lang='grc' dir='ltr'>ΑΝ</span> <span class='ocrx_word' id='word_1_4' title='bbox 1173 372 1548 435; x_wconf 65' lang='grc' dir='ltr'>ΝεοεεειτΑε</span> <span class='ocrx_word' id='word_1_5' title='bbox 1581 369 1668 431; x_wconf 74' lang='lat' dir='ltr'>Ex</span> <span class='ocrx_word' id='word_1_6' title='bbox 1698 368 2145 439; x_wconf 68' lang='lat' dir='ltr'>surposlriont:</span> <span class='ocrx_word' id='word_1_7' title='bbox 2177 372 2299 432; x_wconf 68' lang='lat' dir='ltr'>vat</span> <span class='ocrx_word' id='word_1_8' title='bbox 2332 372 2579 445; x_wconf 71' lang='lat' dir='ltr'>samm,</span> <span class='ocrx_word' id='word_1_9' title='bbox 2610 374 2746 434; x_wconf 71' lang='lat' dir='ltr'>mc,</span> 
     </span>
    </p>
   </div>
   <div class='ocr_carea' id='block_1_2' title="bbox 135 482 1715 2130">
    <p class='ocr_par' dir='ltr' id='par_1_2' title="bbox 135 482 1715 2130">
     <span class='ocr_line' id='line_1_2' title="bbox 145 482 1713 565; baseline -0.001 -22"><span class='ocrx_word' id='word_1_10' title='bbox 145 482 376 545; x_wconf 86' lang='lat' dir='ltr'>eodem</span> <span class='ocrx_word' id='word_1_11' title='bbox 401 483 702 565; x_wconf 85' lang='lat' dir='ltr'>principio</span> <span class='ocrx_word' id='word_1_12' title='bbox 732 484 1018 563; x_wconf 87' lang='lat' dir='ltr'>provenit</span> <span class='ocrx_word' id='word_1_13' title='bbox 1037 484 1160 545; x_wconf 87' lang='lat' dir='ltr'>alia</span> <span class='ocrx_word' id='word_1_14' title='bbox 1189 483 1548 552; x_wconf 80' lang='lat' dir='ltr'><strong>necessitas,</strong></span> <span class='ocrx_word' id='word_1_15' title='bbox 1575 498 1713 560; x_wconf 78' lang='lat' dir='ltr'>quae</span> 
     </span>
     <span class='ocr_line' id='line_1_3' title="bbox 151 576 1712 657; baseline -0.001 -21"><span class='ocrx_word' id='word_1_16' title='bbox 151 583 251 638; x_wconf 84' lang='lat' dir='ltr'>est</span> <span class='ocrx_word' id='word_1_17' title='bbox 303 579 492 638; x_wconf 89' lang='lat' dir='ltr'>etiam</span> <span class='ocrx_word' id='word_1_18' title='bbox 535 596 610 637; x_wconf 86' lang='lat' dir='ltr'>ex</span> <span class='ocrx_word' id='word_1_19' title='bbox 637 578 1088 657; x_wconf 83' lang='lat' dir='ltr'><strong>suppositione,</strong></span> <span class='ocrx_word' id='word_1_20' title='bbox 1119 596 1248 639; x_wconf 90' lang='lat' dir='ltr'>non</span> <span class='ocrx_word' id='word_1_21' title='bbox 1289 576 1576 657; x_wconf 87' lang='lat' dir='ltr'>ejusdem</span> <span class='ocrx_word' id='word_1_22' title='bbox 1615 593 1712 635; x_wconf 90' lang='lat' dir='ltr'>ac·</span> 
     </span>
     <span class='ocr_line' id='line_1_4' title="bbox 143 668 1710 750; baseline -0.002 -19"><span class='ocrx_word' id='word_1_23' title='bbox 143 676 274 744; x_wconf 76' lang='lat' dir='ltr'>tuS,</span> <span class='ocrx_word' id='word_1_24' title='bbox 309 671 422 731; x_wconf 85' lang='lat' dir='ltr'>sed</span> <span class='ocrx_word' id='word_1_25' title='bbox 451 672 729 744; x_wconf 82' lang='lat' dir='ltr'>alteriuS,</span> <span class='ocrx_word' id='word_1_26' title='bbox 765 690 908 733; x_wconf 90' lang='lat' dir='ltr'>cum</span> <span class='ocrx_word' id='word_1_27' title='bbox 939 690 1065 750; x_wconf 89' lang='lat' dir='ltr'>quo</span> <span class='ocrx_word' id='word_1_28' title='bbox 1104 671 1262 733; x_wconf 88' lang='lat' dir='ltr'>alius</span> <span class='ocrx_word' id='word_1_29' title='bbox 1286 668 1710 731; x_wconf 87' lang='lat' dir='ltr'>necessariam</span> 
     </span>
     <span class='ocr_line' id='line_1_5' title="bbox 141 762 1710 843; baseline -0.001 -20"><span class='ocrx_word' id='word_1_30' title='bbox 141 762 340 824; x_wconf 84' lang='lat' dir='ltr'>habet</span> <span class='ocrx_word' id='word_1_31' title='bbox 381 766 860 837; x_wconf 78' lang='lat' dir='ltr'>connexionem,</span> <span class='ocrx_word' id='word_1_32' title='bbox 904 764 1106 843; x_wconf 86' lang='lat' dir='ltr'>qualis</span> <span class='ocrx_word' id='word_1_33' title='bbox 1139 769 1233 825; x_wconf 89' lang='lat' dir='ltr'>est</span> <span class='ocrx_word' id='word_1_34' title='bbox 1265 763 1430 825; x_wconf 88' lang='lat' dir='ltr'>inter</span> <span class='ocrx_word' id='word_1_35' title='bbox 1458 762 1710 823; x_wconf 90' lang='lat' dir='ltr'>electio-</span> 
     </span>
     <span class='ocr_line' id='line_1_6' title="bbox 141 853 1708 932; baseline -0.001 -16"><span class='ocrx_word' id='word_1_36' title='bbox 141 874 298 917; x_wconf 86' lang='lat' dir='ltr'>nem</span> <span class='ocrx_word' id='word_1_37' title='bbox 343 857 532 917; x_wconf 91' lang='lat' dir='ltr'>medii</span> <span class='ocrx_word' id='word_1_38' title='bbox 567 856 927 932; x_wconf 88' lang='lat' dir='ltr'>necessarii,</span> <span class='ocrx_word' id='word_1_39' title='bbox 982 864 1043 918; x_wconf 90' lang='lat' dir='ltr'>et</span> <span class='ocrx_word' id='word_1_40' title='bbox 1082 856 1489 917; x_wconf 81' lang='lat' dir='ltr'>intentionem</span> <span class='ocrx_word' id='word_1_41' title='bbox 1521 853 1664 915; x_wconf 88' lang='lat' dir='ltr'>finis</span> <span class='ocrx_word' id='word_1_42' title='bbox 1691 902 1708 928; x_wconf 90' lang='lat'>,</span> 
     </span>
     <span class='ocr_line' id='line_1_7' title="bbox 143 950 1715 1031; baseline 0.001 -22"><span class='ocrx_word' id='word_1_43' title='bbox 143 969 340 1029; x_wconf 88' lang='lat' dir='ltr'>quam</span> <span class='ocrx_word' id='word_1_44' title='bbox 357 950 817 1012; x_wconf 76' lang='lat' dir='ltr'>connexionem</span> <span class='ocrx_word' id='word_1_45' title='bbox 837 951 1114 1031; x_wconf 88' lang='lat' dir='ltr'>prudens</span> <span class='ocrx_word' id='word_1_46' title='bbox 1139 950 1468 1011; x_wconf 89' lang='lat' dir='ltr'>consilium</span> <span class='ocrx_word' id='word_1_47' title='bbox 1485 967 1715 1029; x_wconf 83' lang='lat' dir='ltr'>reprae-</span> 
     </span>
     <span class='ocr_line' id='line_1_8' title="bbox 143 1040 1714 1123; baseline -0.001 -20"><span class='ocrx_word' id='word_1_48' title='bbox 143 1046 386 1114; x_wconf 87' lang='lat' dir='ltr'>sentat;</span> <span class='ocrx_word' id='word_1_49' title='bbox 421 1048 483 1104; x_wconf 91' lang='lat' dir='ltr'>et</span> <span class='ocrx_word' id='word_1_50' title='bbox 515 1040 658 1104; x_wconf 81' lang='lat' dir='ltr'>ide‘o</span> <span class='ocrx_word' id='word_1_51' title='bbox 688 1043 859 1123; x_wconf 86' lang='lat' dir='ltr'>prior</span> <span class='ocrx_word' id='word_1_52' title='bbox 883 1044 1164 1121; x_wconf 88' lang='lat' dir='ltr'>intentio,</span> <span class='ocrx_word' id='word_1_53' title='bbox 1197 1044 1379 1105; x_wconf 86' lang='lat' dir='ltr'>firma</span> <span class='ocrx_word' id='word_1_54' title='bbox 1408 1050 1468 1104; x_wconf 88' lang='lat' dir='ltr'>et</span> <span class='ocrx_word' id='word_1_55' title='bbox 1493 1042 1714 1103; x_wconf 90' lang='lat' dir='ltr'>immu-</span> 
     </span>
     <span class='ocr_line' id='line_1_9' title="bbox 139 1135 1712 1215; baseline -0.001 -18"><span class='ocrx_word' id='word_1_56' title='bbox 139 1136 352 1197; x_wconf 85' lang='lat' dir='ltr'>tabilis</span> <span class='ocrx_word' id='word_1_57' title='bbox 395 1135 740 1215; x_wconf 89' lang='lat' dir='ltr'>supposita,</span> <span class='ocrx_word' id='word_1_58' title='bbox 788 1137 1091 1199; x_wconf 87' lang='lat' dir='ltr'>electione</span> <span class='ocrx_word' id='word_1_59' title='bbox 1137 1136 1581 1198; x_wconf 89' lang='lat' dir='ltr'>necessitatem</span> <span class='ocrx_word' id='word_1_60' title='bbox 1621 1136 1712 1195; x_wconf 91' lang='lat' dir='ltr'>in-</span> 
     </span>
     <span class='ocr_line' id='line_1_10' title="bbox 143 1228 1712 1308; baseline -0.001 -19"><span class='ocrx_word' id='word_1_61' title='bbox 143 1228 337 1289; x_wconf 84' lang='lat' dir='ltr'>ducit.</span> <span class='ocrx_word' id='word_1_62' title='bbox 365 1230 520 1291; x_wconf 89' lang='lat' dir='ltr'>Tota</span> <span class='ocrx_word' id='word_1_63' title='bbox 563 1247 714 1308; x_wconf 89' lang='lat' dir='ltr'>ergo</span> <span class='ocrx_word' id='word_1_64' title='bbox 758 1228 892 1291; x_wconf 84' lang='lat' dir='ltr'>haec</span> <span class='ocrx_word' id='word_1_65' title='bbox 926 1232 1280 1291; x_wconf 83' lang='lat' dir='ltr'>necessitas</span> <span class='ocrx_word' id='word_1_66' title='bbox 1323 1236 1420 1291; x_wconf 91' lang='lat' dir='ltr'>est</span> <span class='ocrx_word' id='word_1_67' title='bbox 1465 1234 1712 1290; x_wconf 88' lang='lat' dir='ltr'>tantum</span> 
     </span>
     <span class='ocr_line' id='line_1_11' title="bbox 142 1320 1711 1401; baseline -0.001 -19"><span class='ocrx_word' id='word_1_68' title='bbox 142 1320 492 1395; x_wconf 88' lang='lat' dir='ltr'>secundum</span> <span class='ocrx_word' id='word_1_69' title='bbox 538 1322 712 1401; x_wconf 87' lang='lat' dir='ltr'>quid,</span> <span class='ocrx_word' id='word_1_70' title='bbox 747 1328 809 1385; x_wconf 86' lang='lat' dir='ltr'>et</span> <span class='ocrx_word' id='word_1_71' title='bbox 839 1341 966 1384; x_wconf 89' lang='lat' dir='ltr'>non</span> <span class='ocrx_word' id='word_1_72' title='bbox 999 1323 1197 1398; x_wconf 90' lang='lat' dir='ltr'>tollit,</span> <span class='ocrx_word' id='word_1_73' title='bbox 1247 1321 1363 1385; x_wconf 89' lang='lat' dir='ltr'>sed</span> <span class='ocrx_word' id='word_1_74' title='bbox 1415 1322 1711 1401; x_wconf 77' lang='lat' dir='ltr'>supponit</span> 
     </span>
     <span class='ocr_line' id='line_1_12' title="bbox 141 1414 1711 1495; baseline -0.001 -19"><span class='ocrx_word' id='word_1_75' title='bbox 141 1414 498 1477; x_wconf 86' lang='lat' dir='ltr'>absolutum</span> <span class='ocrx_word' id='word_1_76' title='bbox 527 1432 712 1475; x_wconf 89' lang='lat' dir='ltr'>usum</span> <span class='ocrx_word' id='word_1_77' title='bbox 753 1415 1078 1492; x_wconf 78' lang='lat' dir='ltr'>libertatiS,</span> <span class='ocrx_word' id='word_1_78' title='bbox 1109 1422 1168 1477; x_wconf 91' lang='lat' dir='ltr'>et</span> <span class='ocrx_word' id='word_1_79' title='bbox 1201 1415 1441 1477; x_wconf 89' lang='lat' dir='ltr'>nullam</span> <span class='ocrx_word' id='word_1_80' title='bbox 1479 1416 1711 1495; x_wconf 88' lang='lat' dir='ltr'>imper—</span> 
     </span>
     <span class='ocr_line' id='line_1_13' title="bbox 137 1507 1710 1589; baseline 0.001 -21"><span class='ocrx_word' id='word_1_81' title='bbox 137 1507 476 1569; x_wconf 85' lang='lat' dir='ltr'>fectionem</span> <span class='ocrx_word' id='word_1_82' title='bbox 499 1507 780 1580; x_wconf 86' lang='lat' dir='ltr'>includit,</span> <span class='ocrx_word' id='word_1_83' title='bbox 815 1508 928 1571; x_wconf 89' lang='lat' dir='ltr'>sed</span> <span class='ocrx_word' id='word_1_84' title='bbox 946 1510 1154 1589; x_wconf 87' lang='lat' dir='ltr'>potius</span> <span class='ocrx_word' id='word_1_85' title='bbox 1197 1515 1440 1589; x_wconf 89' lang='lat' dir='ltr'>spectat</span> <span class='ocrx_word' id='word_1_86' title='bbox 1466 1508 1548 1569; x_wconf 92' lang='lat' dir='ltr'>ad</span> <span class='ocrx_word' id='word_1_87' title='bbox 1572 1526 1710 1587; x_wconf 88' lang='lat' dir='ltr'>per-</span> 
     </span>
     <span class='ocr_line' id='line_1_14' title="bbox 143 1600 1708 1681; baseline 0.001 -20"><span class='ocrx_word' id='word_1_88' title='bbox 143 1600 484 1662; x_wconf 82' lang='lat' dir='ltr'>fectionem</span> <span class='ocrx_word' id='word_1_89' title='bbox 560 1601 894 1663; x_wconf 84' lang='lat' dir='ltr'>voluntatis</span> <span class='ocrx_word' id='word_1_90' title='bbox 967 1603 1284 1681; x_wconf 89' lang='lat' dir='ltr'>operantis</span> <span class='ocrx_word' id='word_1_91' title='bbox 1359 1602 1708 1663; x_wconf 88' lang='lat' dir='ltr'>secundum</span> 
     </span>
     <span class='ocr_line' id='line_1_15' title="bbox 139 1694 1708 1775; baseline 0.002 -21"><span class='ocrx_word' id='word_1_92' title='bbox 139 1694 699 1775; x_wconf 90' lang='lat' dir='ltr'>prudentissimum</span> <span class='ocrx_word' id='word_1_93' title='bbox 737 1694 1089 1770; x_wconf 88' lang='lat' dir='ltr'>consilium,</span> <span class='ocrx_word' id='word_1_94' title='bbox 1128 1703 1190 1757; x_wconf 92' lang='lat' dir='ltr'>et</span> <span class='ocrx_word' id='word_1_95' title='bbox 1213 1696 1358 1757; x_wconf 92' lang='lat' dir='ltr'>ideo</span> <span class='ocrx_word' id='word_1_96' title='bbox 1385 1696 1450 1756; x_wconf 91' lang='lat' dir='ltr'>in</span> <span class='ocrx_word' id='word_1_97' title='bbox 1496 1696 1708 1757; x_wconf 86' lang='lat' dir='ltr'>divina</span> 
     </span>
     <span class='ocr_line' id='line_1_16' title="bbox 136 1787 1713 1868; baseline 0 -21"><span class='ocrx_word' id='word_1_98' title='bbox 136 1788 459 1850; x_wconf 73' lang='lat' dir='ltr'>voluntate</span> <span class='ocrx_word' id='word_1_99' title='bbox 490 1788 752 1849; x_wconf 81' lang='lat' dir='ltr'>inveniri</span> <span class='ocrx_word' id='word_1_100' title='bbox 791 1794 1016 1868; x_wconf 90' lang='lat' dir='ltr'>potest,</span> <span class='ocrx_word' id='word_1_101' title='bbox 1049 1796 1184 1851; x_wconf 86' lang='lat' dir='ltr'>tum</span> <span class='ocrx_word' id='word_1_102' title='bbox 1212 1788 1421 1868; x_wconf 88' lang='lat' dir='ltr'>quoad</span> <span class='ocrx_word' id='word_1_103' title='bbox 1465 1787 1713 1867; x_wconf 82' lang='lat' dir='ltr'>specifi-</span> 
     </span>
     <span class='ocr_line' id='line_1_17' title="bbox 140 1881 1714 1961; baseline 0.001 -19"><span class='ocrx_word' id='word_1_104' title='bbox 140 1882 480 1955; x_wconf 88' lang='lat' dir='ltr'>cationem,</span> <span class='ocrx_word' id='word_1_105' title='bbox 523 1886 660 1942; x_wconf 85' lang='lat' dir='ltr'>tum</span> <span class='ocrx_word' id='word_1_106' title='bbox 703 1882 916 1961; x_wconf 85' lang='lat' dir='ltr'>quoad</span> <span class='ocrx_word' id='word_1_107' title='bbox 945 1881 1308 1944; x_wconf 85' lang='lat' dir='ltr'>exercitium</span> <span class='ocrx_word' id='word_1_108' title='bbox 1363 1886 1559 1942; x_wconf 88' lang='lat' dir='ltr'>actus.</span> <span class='ocrx_word' id='word_1_109' title='bbox 1594 1884 1714 1943; x_wconf 90' lang='lat' dir='ltr'>Ne-</span> 
     </span>
     <span class='ocr_line' id='line_1_18' title="bbox 137 1972 1709 2055; baseline 0.002 -21"><span class='ocrx_word' id='word_1_110' title='bbox 137 1992 268 2054; x_wconf 85' lang='lat' dir='ltr'>que</span> <span class='ocrx_word' id='word_1_111' title='bbox 314 1974 391 2035; x_wconf 90' lang='lat' dir='ltr'>de</span> <span class='ocrx_word' id='word_1_112' title='bbox 429 1975 550 2036; x_wconf 88' lang='lat' dir='ltr'>hoc</span> <span class='ocrx_word' id='word_1_113' title='bbox 576 1972 766 2055; x_wconf 86' lang='lat' dir='ltr'>priori</span> <span class='ocrx_word' id='word_1_114' title='bbox 817 1974 1102 2037; x_wconf 90' lang='lat' dir='ltr'>membro</span> <span class='ocrx_word' id='word_1_115' title='bbox 1152 1974 1334 2055; x_wconf 91' lang='lat' dir='ltr'>plura</span> <span class='ocrx_word' id='word_1_116' title='bbox 1362 1974 1570 2038; x_wconf 88' lang='lat' dir='ltr'>dicere</span> <span class='ocrx_word' id='word_1_117' title='bbox 1595 1994 1709 2041; x_wconf 85' lang='lat' dir='ltr'>ne·</span> 
     </span>
     <span class='ocr_line' id='line_1_19' title="bbox 135 2072 484 2130; baseline 0.003 -2"><span class='ocrx_word' id='word_1_118' title='bbox 135 2087 317 2130; x_wconf 87' lang='lat' dir='ltr'>cesse</span> <span class='ocrx_word' id='word_1_119' title='bbox 369 2072 484 2130; x_wconf 90' lang='lat' dir='ltr'>est.</span> 
     </span>
    </p>
   </div>
   <div class='ocr_carea' id='block_1_3' title="bbox 392 2303 1457 2372">
    <p class='ocr_par' dir='ltr' id='par_1_3' title="bbox 392 2303 1457 2372">
     <span class='ocr_line' id='line_1_20' title="bbox 392 2303 1457 2372; baseline -0.005 -3"><span class='ocrx_word' id='word_1_120' title='bbox 392 2304 574 2372; x_wconf 70' lang='lat' dir='ltr'>Sitne</span> <span class='ocrx_word' id='word_1_121' title='bbox 596 2306 666 2368; x_wconf 73' lang='lat' dir='ltr'>in</span> <span class='ocrx_word' id='word_1_122' title='bbox 709 2307 832 2369; x_wconf 75' lang='lat' dir='ltr'>Deo</span> <span class='ocrx_word' id='word_1_123' title='bbox 879 2305 1209 2369; x_wconf 74' lang='lat' dir='ltr'>necessitas</span> <span class='ocrx_word' id='word_1_124' title='bbox 1260 2303 1457 2370; x_wconf 74' lang='lat' dir='ltr'>debiti.</span> 
     </span>
    </p>
   </div>
   <div class='ocr_carea' id='block_1_4' title="bbox 123 2533 1710 5598">
    <p class='ocr_par' dir='ltr' id='par_1_4' title="bbox 123 2533 1710 5598">
     <span class='ocr_line' id='line_1_21' title="bbox 217 2533 1709 2613; baseline -0.001 -18"><span class='ocrx_word' id='word_1_125' title='bbox 217 2537 282 2595; x_wconf 73' lang='lat'>2.</span> <span class='ocrx_word' id='word_1_126' title='bbox 327 2534 668 2597; x_wconf 75' lang='lat' dir='ltr'>Dubitandi</span> <span class='ocrx_word' id='word_1_127' title='bbox 692 2536 876 2597; x_wconf 74' lang='lat' dir='ltr'>ratic).</span> <span class='ocrx_word' id='word_1_128' title='bbox 909 2566 992 2584; x_wconf 85' lang='lat'>-</span> <span class='ocrx_word' id='word_1_129' title='bbox 1016 2535 1126 2595; x_wconf 88' lang='lat' dir='ltr'>Est</span> <span class='ocrx_word' id='word_1_130' title='bbox 1155 2552 1306 2613; x_wconf 88' lang='lat' dir='ltr'>ergo</span> <span class='ocrx_word' id='word_1_131' title='bbox 1359 2534 1482 2594; x_wconf 88' lang='lat' dir='ltr'>alia</span> <span class='ocrx_word' id='word_1_132' title='bbox 1522 2533 1709 2593; x_wconf 88' lang='lat' dir='ltr'>liber-</span> 
     </span>
     <span class='ocr_line' id='line_1_22' title="bbox 131 2626 1710 2708; baseline -0.001 -19"><span class='ocrx_word' id='word_1_133' title='bbox 131 2634 257 2702; x_wconf 80' lang='lat' dir='ltr'>taS,</span> <span class='ocrx_word' id='word_1_134' title='bbox 281 2646 422 2708; x_wconf 76' lang='lat' dir='ltr'>quae</span> <span class='ocrx_word' id='word_1_135' title='bbox 449 2646 579 2690; x_wconf 89' lang='lat' dir='ltr'>non</span> <span class='ocrx_word' id='word_1_136' title='bbox 609 2628 814 2689; x_wconf 90' lang='lat' dir='ltr'>solum</span> <span class='ocrx_word' id='word_1_137' title='bbox 853 2628 1206 2689; x_wconf 80' lang='lat' dir='ltr'>naturalem</span> <span class='ocrx_word' id='word_1_138' title='bbox 1249 2626 1710 2689; x_wconf 84' lang='lat' dir='ltr'>determinatio-</span> 
     </span>
     <span class='ocr_line' id='line_1_23' title="bbox 132 2720 1707 2801; baseline -0.001 -19"><span class='ocrx_word' id='word_1_139' title='bbox 132 2742 310 2793; x_wconf 82' lang='lat' dir='ltr'>nem,</span> <span class='ocrx_word' id='word_1_140' title='bbox 344 2722 460 2783; x_wconf 86' lang='lat' dir='ltr'>sed</span> <span class='ocrx_word' id='word_1_141' title='bbox 501 2723 690 2783; x_wconf 89' lang='lat' dir='ltr'>etiam</span> <span class='ocrx_word' id='word_1_142' title='bbox 727 2721 1005 2783; x_wconf 87' lang='lat' dir='ltr'>debitum</span> <span class='ocrx_word' id='word_1_143' title='bbox 1036 2726 1098 2783; x_wconf 90' lang='lat' dir='ltr'>et</span> <span class='ocrx_word' id='word_1_144' title='bbox 1123 2720 1570 2801; x_wconf 83' lang='lat' dir='ltr'>obligationem</span> <span class='ocrx_word' id='word_1_145' title='bbox 1599 2738 1707 2781; x_wconf 88' lang='lat' dir='ltr'>ex·-</span> 
     </span>
     <span class='ocr_line' id='line_1_24' title="bbox 129 2813 1702 2895; baseline -0.003 -18"><span class='ocrx_word' id='word_1_146' title='bbox 129 2814 354 2889; x_wconf 90' lang='lat' dir='ltr'>cludit,</span> <span class='ocrx_word' id='word_1_147' title='bbox 392 2814 469 2875; x_wconf 89' lang='lat' dir='ltr'>de</span> <span class='ocrx_word' id='word_1_148' title='bbox 507 2832 631 2895; x_wconf 88' lang='lat' dir='ltr'>qua</span> <span class='ocrx_word' id='word_1_149' title='bbox 673 2814 828 2875; x_wconf 80' lang='lat' dir='ltr'>dixit</span> <span class='ocrx_word' id='word_1_150' title='bbox 873 2814 1124 2887; x_wconf 84' lang='lat' dir='ltr'>Paulus,</span> <span class='ocrx_word' id='word_1_151' title='bbox 1171 2813 1252 2875; x_wconf 89' lang='lat' dir='ltr'>ad</span> <span class='ocrx_word' id='word_1_152' title='bbox 1293 2814 1566 2875; x_wconf 84' lang='lat' dir='ltr'>Corinth.</span> <span class='ocrx_word' id='word_1_153' title='bbox 1615 2815 1652 2873; x_wconf 81' lang='grc' dir='ltr'>ἰ’</span> <span class='ocrx_word' id='word_1_154' title='bbox 1688 2831 1702 2873; x_wconf 90' lang='lat'><strong>:</strong></span> 
     </span>
     <span class='ocr_line' id='line_1_25' title="bbox 125 2906 1707 2989; baseline -0.003 -15"><span class='ocrx_word' id='word_1_155' title='bbox 125 2908 283 2974; x_wconf 84' lang='lat' dir='ltr'>Non</span> <span class='ocrx_word' id='word_1_156' title='bbox 321 2908 536 2972; x_wconf 69' lang='lat' dir='ltr'>habens</span> <span class='ocrx_word' id='word_1_157' title='bbox 586 2909 1022 2982; x_wconf 72' lang='lat' dir='ltr'>necessitatem,</span> <span class='ocrx_word' id='word_1_158' title='bbox 1062 2908 1168 2970; x_wconf 77' lang='lat' dir='ltr'>sed</span> <span class='ocrx_word' id='word_1_159' title='bbox 1201 2910 1560 2989; x_wconf 74' lang='lat' dir='ltr'>potestatem</span> <span class='ocrx_word' id='word_1_160' title='bbox 1605 2906 1707 2969; x_wconf 83' lang='grc' dir='ltr'><em>Ῑια-</em></span> 
     </span>
     <span class='ocr_line' id='line_1_26' title="bbox 126 2999 1706 3081; baseline -0.003 -18"><span class='ocrx_word' id='word_1_161' title='bbox 126 3004 274 3064; x_wconf 75' lang='lat' dir='ltr'>bens</span> <span class='ocrx_word' id='word_1_162' title='bbox 301 3019 429 3063; x_wconf 76' lang='lat' dir='ltr'>suoe</span> <span class='ocrx_word' id='word_1_163' title='bbox 461 2999 816 3081; x_wconf 58' lang='lat' dir='ltr'>voluntatis,</span> <span class='ocrx_word' id='word_1_164' title='bbox 839 3000 1056 3079; x_wconf 88' lang='lat' dir='ltr'>utique</span> <span class='ocrx_word' id='word_1_165' title='bbox 1079 3000 1201 3060; x_wconf 87' lang='lat' dir='ltr'>hoc</span> <span class='ocrx_word' id='word_1_166' title='bbox 1218 2999 1318 3061; x_wconf 87' lang='lat' dir='ltr'>vel</span> <span class='ocrx_word' id='word_1_167' title='bbox 1333 2999 1484 3059; x_wconf 88' lang='lat' dir='ltr'>illud</span> <span class='ocrx_word' id='word_1_168' title='bbox 1515 3016 1706 3079; x_wconf 81' lang='lat' dir='ltr'>agen·</span> 
     </span>
     <span class='ocr_line' id='line_1_27' title="bbox 127 3092 1707 3175; baseline -0.001 -18"><span class='ocrx_word' id='word_1_169' title='bbox 127 3096 221 3171; x_wconf 91' lang='lat' dir='ltr'>di,</span> <span class='ocrx_word' id='word_1_170' title='bbox 255 3096 498 3175; x_wconf 83' lang='lat' dir='ltr'>absque</span> <span class='ocrx_word' id='word_1_171' title='bbox 535 3095 664 3156; x_wconf 88' lang='lat' dir='ltr'>ulla</span> <span class='ocrx_word' id='word_1_172' title='bbox 695 3095 1065 3157; x_wconf 76' lang='lat' dir='ltr'>necessitate</span> <span class='ocrx_word' id='word_1_173' title='bbox 1090 3094 1190 3157; x_wconf 88' lang='lat' dir='ltr'>vel</span> <span class='ocrx_word' id='word_1_174' title='bbox 1215 3094 1594 3175; x_wconf 86' lang='lat' dir='ltr'>obligatione</span> <span class='ocrx_word' id='word_1_175' title='bbox 1625 3092 1707 3156; x_wconf 88' lang='lat' dir='ltr'>ad</span> 
     </span>
     <span class='ocr_line' id='line_1_28' title="bbox 126 3189 1710 3270; baseline -0.001 -20"><span class='ocrx_word' id='word_1_176' title='bbox 126 3191 503 3252; x_wconf 85' lang='lat' dir='ltr'>alterutram</span> <span class='ocrx_word' id='word_1_177' title='bbox 553 3192 794 3269; x_wconf 80' lang='lat' dir='ltr'>partem</span> <span class='ocrx_word' id='word_1_178' title='bbox 837 3196 1122 3270; x_wconf 87' lang='lat' dir='ltr'>cogente.</span> <span class='ocrx_word' id='word_1_179' title='bbox 1171 3189 1220 3249; x_wconf 85' lang='lat' dir='ltr'>E</span> <span class='ocrx_word' id='word_1_180' title='bbox 1262 3189 1572 3251; x_wconf 88' lang='lat' dir='ltr'>contrario</span> <span class='ocrx_word' id='word_1_181' title='bbox 1601 3206 1710 3249; x_wconf 70' lang='lat' dir='ltr'>ve·-</span> 
     </span>
     <span class='ocr_line' id='line_1_29' title="bbox 123 3279 1706 3363; baseline 0 -19"><span class='ocrx_word' id='word_1_182' title='bbox 123 3303 202 3346; x_wconf 91' lang='lat' dir='ltr'>ro</span> <span class='ocrx_word' id='word_1_183' title='bbox 259 3283 414 3344; x_wconf 85' lang='lat' dir='ltr'>dixit</span> <span class='ocrx_word' id='word_1_184' title='bbox 463 3281 528 3342; x_wconf 87' lang='lat' dir='ltr'>in</span> <span class='ocrx_word' id='word_1_185' title='bbox 581 3281 766 3361; x_wconf 86' lang='lat' dir='ltr'>capit.</span> <span class='ocrx_word' id='word_1_186' title='bbox 810 3300 1015 3343; x_wconf 88' lang='lat' dir='ltr'>nono:</span> <span class='ocrx_word' id='word_1_187' title='bbox 1065 3279 1147 3345; x_wconf 68' lang='lat' dir='ltr'>Sa·</span> <span class='ocrx_word' id='word_1_188' title='bbox 1195 3281 1706 3363; x_wconf 70' lang='lat' dir='ltr'>evanqelizaverO,</span> 
     </span>
     <span class='ocr_line' id='line_1_30' title="bbox 123 3369 1699 3457; baseline -0.003 -19"><span class='ocrx_word' id='word_1_189' title='bbox 123 3395 256 3438; x_wconf 69' lang='lat' dir='ltr'>non</span> <span class='ocrx_word' id='word_1_190' title='bbox 282 3381 374 3440; x_wconf 77' lang='lat' dir='ltr'>est</span> <span class='ocrx_word' id='word_1_191' title='bbox 401 3375 556 3438; x_wconf 65' lang='lat' dir='ltr'>milti</span> <span class='ocrx_word' id='word_1_192' title='bbox 602 3375 823 3457; x_wconf 61' lang='lat' dir='ltr'>gloria,</span> <span class='ocrx_word' id='word_1_193' title='bbox 864 3369 1186 3438; x_wconf 69' lang='lat' dir='ltr'>necessitas</span> <span class='ocrx_word' id='word_1_194' title='bbox 1222 3375 1382 3438; x_wconf 79' lang='lat' dir='ltr'>enim</span> <span class='ocrx_word' id='word_1_195' title='bbox 1417 3373 1569 3436; x_wconf 73' lang='lat' dir='ltr'>mihi</span> <span class='ocrx_word' id='word_1_196' title='bbox 1605 3373 1699 3433; x_wconf 71' lang='lat' dir='ltr'>in·</span> 
     </span>
     <span class='ocr_line' id='line_1_31' title="bbox 125 3466 1698 3547; baseline -0.006 -14"><span class='ocrx_word' id='word_1_197' title='bbox 125 3470 382 3542; x_wconf 67' lang='lat' dir='ltr'>cambit,</span> <span class='ocrx_word' id='word_1_198' title='bbox 435 3467 692 3542; x_wconf 88' lang='lat' dir='ltr'>scilicet,</span> <span class='ocrx_word' id='word_1_199' title='bbox 745 3466 1142 3547; x_wconf 85' lang='lat' dir='ltr'>obligationis</span> <span class='ocrx_word' id='word_1_200' title='bbox 1189 3473 1251 3528; x_wconf 89' lang='lat' dir='ltr'>et</span> <span class='ocrx_word' id='word_1_201' title='bbox 1302 3466 1509 3538; x_wconf 89' lang='lat' dir='ltr'>officii,</span> <span class='ocrx_word' id='word_1_202' title='bbox 1557 3482 1698 3544; x_wconf 81' lang='lat' dir='ltr'>quae</span> 
     </span>
     <span class='ocr_line' id='line_1_32' title="bbox 125 3558 1702 3623; baseline -0.003 -1"><span class='ocrx_word' id='word_1_203' title='bbox 125 3562 480 3623; x_wconf 84' lang='lat' dir='ltr'>necessitas</span> <span class='ocrx_word' id='word_1_204' title='bbox 529 3579 656 3621; x_wconf 89' lang='lat' dir='ltr'>non</span> <span class='ocrx_word' id='word_1_205' title='bbox 716 3559 986 3622; x_wconf 82' lang='lat' dir='ltr'>excludit</span> <span class='ocrx_word' id='word_1_206' title='bbox 1047 3559 1396 3622; x_wconf 87' lang='lat' dir='ltr'>naturalem</span> <span class='ocrx_word' id='word_1_207' title='bbox 1449 3558 1702 3620; x_wconf 89' lang='lat' dir='ltr'>liberta-</span> 
     </span>
     <span class='ocr_line' id='line_1_33' title="bbox 127 3654 1702 3735; baseline -0.003 -18"><span class='ocrx_word' id='word_1_208' title='bbox 127 3664 288 3733; x_wconf 85' lang='lat' dir='ltr'>tem,</span> <span class='ocrx_word' id='word_1_209' title='bbox 347 3656 462 3717; x_wconf 89' lang='lat' dir='ltr'>sed</span> <span class='ocrx_word' id='word_1_210' title='bbox 491 3655 660 3716; x_wconf 91' lang='lat' dir='ltr'>illam</span> <span class='ocrx_word' id='word_1_211' title='bbox 697 3655 904 3734; x_wconf 85' lang='lat' dir='ltr'>potius</span> <span class='ocrx_word' id='word_1_212' title='bbox 946 3654 1258 3735; x_wconf 85' lang='lat' dir='ltr'>supponit.</span> <span class='ocrx_word' id='word_1_213' title='bbox 1297 3655 1386 3714; x_wconf 92' lang='lat' dir='ltr'>De</span> <span class='ocrx_word' id='word_1_214' title='bbox 1435 3654 1555 3714; x_wconf 90' lang='lat' dir='ltr'>hac</span> <span class='ocrx_word' id='word_1_215' title='bbox 1609 3670 1702 3712; x_wconf 88' lang='lat' dir='ltr'>er·</span> 
     </span>
     <span class='ocr_line' id='line_1_34' title="bbox 129 3747 1704 3831; baseline -0.003 -20"><span class='ocrx_word' id='word_1_216' title='bbox 129 3769 216 3831; x_wconf 86' lang='lat' dir='ltr'>go</span> <span class='ocrx_word' id='word_1_217' title='bbox 279 3749 620 3811; x_wconf 86' lang='lat' dir='ltr'>dicendum</span> <span class='ocrx_word' id='word_1_218' title='bbox 667 3753 955 3828; x_wconf 88' lang='lat' dir='ltr'>superest</span> <span class='ocrx_word' id='word_1_219' title='bbox 994 3766 1074 3808; x_wconf 88' lang='lat' dir='ltr'>an</span> <span class='ocrx_word' id='word_1_220' title='bbox 1113 3749 1178 3808; x_wconf 92' lang='lat' dir='ltr'>in</span> <span class='ocrx_word' id='word_1_221' title='bbox 1226 3747 1432 3808; x_wconf 89' lang='lat' dir='ltr'>divina</span> <span class='ocrx_word' id='word_1_222' title='bbox 1483 3747 1704 3808; x_wconf 85' lang='lat' dir='ltr'>volun-</span> 
     </span>
     <span class='ocr_line' id='line_1_35' title="bbox 132 3839 1706 3921; baseline -0.003 -16"><span class='ocrx_word' id='word_1_223' title='bbox 132 3849 268 3905; x_wconf 85' lang='lat' dir='ltr'>tate</span> <span class='ocrx_word' id='word_1_224' title='bbox 310 3845 520 3904; x_wconf 89' lang='lat' dir='ltr'>locum</span> <span class='ocrx_word' id='word_1_225' title='bbox 547 3841 820 3915; x_wconf 70' lang='lat' dir='ltr'>babeat,</span> <span class='ocrx_word' id='word_1_226' title='bbox 876 3841 974 3902; x_wconf 85' lang='lat' dir='ltr'>vel</span> <span class='ocrx_word' id='word_1_227' title='bbox 1023 3847 1333 3921; x_wconf 87' lang='lat' dir='ltr'>repugnet</span> <span class='ocrx_word' id='word_1_228' title='bbox 1375 3839 1706 3920; x_wconf 87' lang='lat' dir='ltr'>perfectio-</span> 
     </span>
     <span class='ocr_line' id='line_1_36' title="bbox 131 3933 1704 3998; baseline -0.002 -1"><span class='ocrx_word' id='word_1_229' title='bbox 131 3937 205 3997; x_wconf 91' lang='lat' dir='ltr'>ni</span> <span class='ocrx_word' id='word_1_230' title='bbox 258 3943 322 3998; x_wconf 89' lang='lat' dir='ltr'>et</span> <span class='ocrx_word' id='word_1_231' title='bbox 374 3936 756 3997; x_wconf 81' lang='lat' dir='ltr'>excellentiae</span> <span class='ocrx_word' id='word_1_232' title='bbox 808 3935 1144 3995; x_wconf 83' lang='lat' dir='ltr'>voluntatis</span> <span class='ocrx_word' id='word_1_233' title='bbox 1195 3933 1441 3995; x_wconf 84' lang='lat' dir='ltr'>divinae.</span> <span class='ocrx_word' id='word_1_234' title='bbox 1495 3933 1704 3994; x_wconf 85' lang='lat' dir='ltr'>Videri</span> 
     </span>
     <span class='ocr_line' id='line_1_37' title="bbox 135 4026 1707 4110; baseline -0.004 -19"><span class='ocrx_word' id='word_1_235' title='bbox 135 4030 314 4091; x_wconf 88' lang='lat' dir='ltr'>enim</span> <span class='ocrx_word' id='word_1_236' title='bbox 351 4035 555 4110; x_wconf 89' lang='lat' dir='ltr'>potest</span> <span class='ocrx_word' id='word_1_237' title='bbox 595 4029 715 4089; x_wconf 90' lang='lat' dir='ltr'>hoc</span> <span class='ocrx_word' id='word_1_238' title='bbox 763 4028 1152 4090; x_wconf 89' lang='lat' dir='ltr'>secundum:</span> <span class='ocrx_word' id='word_1_239' title='bbox 1195 4028 1414 4108; x_wconf 86' lang='lat' dir='ltr'>prim0‚</span> <span class='ocrx_word' id='word_1_240' title='bbox 1459 4026 1604 4106; x_wconf 80' lang='lat' dir='ltr'>quia</span> <span class='ocrx_word' id='word_1_241' title='bbox 1635 4026 1707 4086; x_wconf 88' lang='lat' dir='ltr'>li·</span> 
     </span>
     <span class='ocr_line' id='line_1_38' title="bbox 133 4119 1709 4184; baseline -0.003 0"><span class='ocrx_word' id='word_1_242' title='bbox 133 4128 242 4184; x_wconf 90' lang='lat' dir='ltr'>eet</span> <span class='ocrx_word' id='word_1_243' title='bbox 281 4124 399 4183; x_wconf 90' lang='lat' dir='ltr'>hoc</span> <span class='ocrx_word' id='word_1_244' title='bbox 441 4121 722 4183; x_wconf 89' lang='lat' dir='ltr'>debitum</span> <span class='ocrx_word' id='word_1_245' title='bbox 753 4140 879 4181; x_wconf 89' lang='lat' dir='ltr'>non</span> <span class='ocrx_word' id='word_1_246' title='bbox 913 4121 1090 4182; x_wconf 89' lang='lat' dir='ltr'>tollat</span> <span class='ocrx_word' id='word_1_247' title='bbox 1134 4120 1484 4181; x_wconf 83' lang='lat' dir='ltr'>naturalem</span> <span class='ocrx_word' id='word_1_248' title='bbox 1524 4119 1709 4180; x_wconf 89' lang='lat' dir='ltr'>liber-</span> 
     </span>
     <span class='ocr_line' id='line_1_39' title="bbox 133 4212 1706 4292; baseline -0.003 -15"><span class='ocrx_word' id='word_1_249' title='bbox 133 4222 360 4290; x_wconf 84' lang='lat' dir='ltr'>tatem,</span> <span class='ocrx_word' id='word_1_250' title='bbox 403 4213 632 4276; x_wconf 87' lang='lat' dir='ltr'>minuit</span> <span class='ocrx_word' id='word_1_251' title='bbox 664 4220 876 4275; x_wconf 90' lang='lat' dir='ltr'>tamen</span> <span class='ocrx_word' id='word_1_252' title='bbox 933 4213 1148 4291; x_wconf 84' lang='lat' dir='ltr'>illam3</span> <span class='ocrx_word' id='word_1_253' title='bbox 1190 4231 1328 4292; x_wconf 79' lang='lat' dir='ltr'>quae</span> <span class='ocrx_word' id='word_1_254' title='bbox 1377 4212 1706 4275; x_wconf 89' lang='lat' dir='ltr'>diminutio</span> 
     </span>
     <span class='ocr_line' id='line_1_40' title="bbox 131 4307 1706 4388; baseline -0.003 -18"><span class='ocrx_word' id='word_1_255' title='bbox 131 4307 531 4388; x_wconf 85' lang='lat' dir='ltr'>imperfectio</span> <span class='ocrx_word' id='word_1_256' title='bbox 564 4307 852 4388; x_wconf 81' lang='lat' dir='ltr'>quaedam</span> <span class='ocrx_word' id='word_1_257' title='bbox 901 4311 1016 4382; x_wconf 89' lang='lat' dir='ltr'>est,</span> <span class='ocrx_word' id='word_1_258' title='bbox 1072 4325 1210 4386; x_wconf 82' lang='lat' dir='ltr'>quae</span> <span class='ocrx_word' id='word_1_259' title='bbox 1266 4324 1392 4367; x_wconf 89' lang='lat' dir='ltr'>non</span> <span class='ocrx_word' id='word_1_260' title='bbox 1437 4311 1532 4367; x_wconf 90' lang='lat' dir='ltr'>est</span> <span class='ocrx_word' id='word_1_261' title='bbox 1581 4307 1706 4366; x_wconf 92' lang='lat' dir='ltr'>Deo</span> 
     </span>
     <span class='ocr_line' id='line_1_41' title="bbox 131 4399 1708 4482; baseline -0.002 -19"><span class='ocrx_word' id='word_1_262' title='bbox 131 4402 562 4464; x_wconf 86' lang='lat' dir='ltr'>attribuenda.</span> <span class='ocrx_word' id='word_1_263' title='bbox 618 4402 966 4463; x_wconf 79' lang='lat' dir='ltr'>Praesertim</span> <span class='ocrx_word' id='word_1_264' title='bbox 1007 4400 1177 4480; x_wconf 90' lang='lat' dir='ltr'>quod</span> <span class='ocrx_word' id='word_1_265' title='bbox 1211 4399 1570 4482; x_wconf 86' lang='lat' dir='ltr'>hujusmodi</span> <span class='ocrx_word' id='word_1_266' title='bbox 1601 4399 1708 4461; x_wconf 88' lang='lat' dir='ltr'>de-</span> 
     </span>
     <span class='ocr_line' id='line_1_42' title="bbox 127 4493 1708 4576; baseline -0.002 -18"><span class='ocrx_word' id='word_1_267' title='bbox 127 4497 343 4558; x_wconf 88' lang='lat' dir='ltr'>bitum</span> <span class='ocrx_word' id='word_1_268' title='bbox 387 4494 488 4556; x_wconf 74' lang='lat' dir='ltr'>vel</span> <span class='ocrx_word' id='word_1_269' title='bbox 512 4494 809 4576; x_wconf 85' lang='lat' dir='ltr'>obligatio</span> <span class='ocrx_word' id='word_1_270' title='bbox 846 4494 1205 4558; x_wconf 87' lang='lat' dir='ltr'>necessario</span> <span class='ocrx_word' id='word_1_271' title='bbox 1247 4494 1507 4556; x_wconf 89' lang='lat' dir='ltr'>includit</span> <span class='ocrx_word' id='word_1_272' title='bbox 1557 4493 1708 4556; x_wconf 93' lang='lat' dir='ltr'>obli-</span> 
     </span>
     <span class='ocr_line' id='line_1_43' title="bbox 133 4587 1704 4671; baseline -0.003 -21"><span class='ocrx_word' id='word_1_273' title='bbox 133 4591 464 4671; x_wconf 77' lang='lat' dir='ltr'>gationem</span> <span class='ocrx_word' id='word_1_274' title='bbox 489 4587 672 4668; x_wconf 78' lang='lat' dir='ltr'>legiS,</span> <span class='ocrx_word' id='word_1_275' title='bbox 709 4587 878 4649; x_wconf 88' lang='lat' dir='ltr'>unde</span> <span class='ocrx_word' id='word_1_276' title='bbox 925 4591 988 4649; x_wconf 88' lang='lat' dir='ltr'>et</span> <span class='ocrx_word' id='word_1_277' title='bbox 1025 4587 1306 4649; x_wconf 86' lang='lat' dir='ltr'>debitum</span> <span class='ocrx_word' id='word_1_278' title='bbox 1347 4587 1551 4668; x_wconf 89' lang='lat' dir='ltr'>legale</span> <span class='ocrx_word' id='word_1_279' title='bbox 1592 4604 1704 4665; x_wconf 81' lang='lat' dir='ltr'>ap·</span> 
     </span>
     <span class='ocr_line' id='line_1_44' title="bbox 129 4677 1702 4763; baseline -0.002 -20"><span class='ocrx_word' id='word_1_280' title='bbox 129 4682 362 4763; x_wconf 88' lang='lat' dir='ltr'>pellari</span> <span class='ocrx_word' id='word_1_281' title='bbox 395 4682 592 4754; x_wconf 87' lang='lat' dir='ltr'>solet;</span> <span class='ocrx_word' id='word_1_282' title='bbox 641 4680 801 4760; x_wconf 86' lang='lat' dir='ltr'>legis</span> <span class='ocrx_word' id='word_1_283' title='bbox 838 4685 1053 4742; x_wconf 85' lang='lat' dir='ltr'>autem</span> <span class='ocrx_word' id='word_1_284' title='bbox 1090 4680 1386 4761; x_wconf 86' lang='lat' dir='ltr'>obligatio</span> <span class='ocrx_word' id='word_1_285' title='bbox 1415 4681 1480 4740; x_wconf 88' lang='lat' dir='ltr'>in</span> <span class='ocrx_word' id='word_1_286' title='bbox 1503 4677 1702 4742; x_wconf 87' lang='lat' dir='ltr'>Deum</span> 
     </span>
     <span class='ocr_line' id='line_1_45' title="bbox 131 4773 1708 4856; baseline -0.001 -20"><span class='ocrx_word' id='word_1_287' title='bbox 131 4795 270 4836; x_wconf 89' lang='lat' dir='ltr'>non</span> <span class='ocrx_word' id='word_1_288' title='bbox 315 4774 512 4836; x_wconf 86' lang='lat' dir='ltr'>cadit:</span> <span class='ocrx_word' id='word_1_289' title='bbox 552 4773 937 4855; x_wconf 71' lang='lat' dir='ltr'>Omnipotens</span> <span class='ocrx_word' id='word_1_290' title='bbox 984 4776 1143 4837; x_wconf 80' lang='lat' dir='ltr'>enim</span> <span class='ocrx_word' id='word_1_291' title='bbox 1167 4819 1184 4844; x_wconf 89' lang='lat'>,</span> <span class='ocrx_word' id='word_1_292' title='bbox 1233 4790 1418 4856; x_wconf 75' lang='lat' dir='ltr'>neque</span> <span class='ocrx_word' id='word_1_293' title='bbox 1465 4778 1708 4838; x_wconf 73' lang='lat' dir='ltr'>natum</span> 
     </span>
     <span class='ocr_line' id='line_1_46' title="bbox 125 4867 1706 4949; baseline -0.004 -17"><span class='ocrx_word' id='word_1_294' title='bbox 125 4869 512 4944; x_wconf 74' lang='lat' dir='ltr'>necessitate,</span> <span class='ocrx_word' id='word_1_295' title='bbox 557 4885 740 4949; x_wconf 73' lang='lat' dir='ltr'>neque</span> <span class='ocrx_word' id='word_1_296' title='bbox 777 4867 932 4946; x_wconf 69' lang='lat' dir='ltr'>leyis</span> <span class='ocrx_word' id='word_1_297' title='bbox 953 4872 1256 4949; x_wconf 77' lang='lat' dir='ltr'>proecepto</span> <span class='ocrx_word' id='word_1_298' title='bbox 1295 4873 1598 4948; x_wconf 76' lang='lat' dir='ltr'>operatur,</span> <span class='ocrx_word' id='word_1_299' title='bbox 1637 4871 1706 4926; x_wconf 88' lang='lat' dir='ltr'>ut</span> 
     </span>
     <span class='ocr_line' id='line_1_47' title="bbox 123 4958 1696 5042; baseline -0.003 -17"><span class='ocrx_word' id='word_1_300' title='bbox 123 4962 480 5042; x_wconf 87' lang='lat' dir='ltr'>Gregorius</span> <span class='ocrx_word' id='word_1_301' title='bbox 513 4960 810 5022; x_wconf 88' lang='lat' dir='ltr'>Nissenus</span> <span class='ocrx_word' id='word_1_302' title='bbox 848 4958 1002 5021; x_wconf 85' lang='lat' dir='ltr'>dixit</span> <span class='ocrx_word' id='word_1_303' title='bbox 1041 4959 1170 5038; x_wconf 91' lang='lat' dir='ltr'>(lib.</span> <span class='ocrx_word' id='word_1_304' title='bbox 1215 4959 1295 5022; x_wconf 88' lang='lat' dir='ltr'>de</span> <span class='ocrx_word' id='word_1_305' title='bbox 1330 4960 1505 5036; x_wconf 90' lang='lat' dir='ltr'>Fato,</span> <span class='ocrx_word' id='word_1_306' title='bbox 1557 4979 1696 5040; x_wconf 89' lang='lat' dir='ltr'>cap.</span> 
     </span>
     <span class='ocr_line' id='line_1_48' title="bbox 127 5053 1701 5135; baseline -0.002 -18"><span class='ocrx_word' id='word_1_307' title='bbox 127 5057 252 5118; x_wconf 85' lang='lat' dir='ltr'>ult.</span> <span class='ocrx_word' id='word_1_308' title='bbox 292 5059 338 5135; x_wconf 94' lang='lat'>).</span> <span class='ocrx_word' id='word_1_309' title='bbox 373 5053 648 5129; x_wconf 81' lang='lat' dir='ltr'>Accedit,</span> <span class='ocrx_word' id='word_1_310' title='bbox 679 5053 848 5134; x_wconf 89' lang='lat' dir='ltr'>quod</span> <span class='ocrx_word' id='word_1_311' title='bbox 879 5055 1014 5116; x_wconf 79' lang='lat' dir='ltr'>haec</span> <span class='ocrx_word' id='word_1_312' title='bbox 1049 5054 1392 5116; x_wconf 78' lang='lat' dir='ltr'>necessitas</span> <span class='ocrx_word' id='word_1_313' title='bbox 1421 5053 1614 5116; x_wconf 88' lang='lat' dir='ltr'>debiti</span> <span class='ocrx_word' id='word_1_314' title='bbox 1639 5054 1701 5116; x_wconf 91' lang='lat' dir='ltr'>in</span> 
     </span>
     <span class='ocr_line' id='line_1_49' title="bbox 127 5146 1706 5222; baseline -0.001 -10"><span class='ocrx_word' id='word_1_315' title='bbox 127 5154 274 5213; x_wconf 93' lang='lat' dir='ltr'>Deo</span> <span class='ocrx_word' id='word_1_316' title='bbox 315 5147 606 5210; x_wconf 89' lang='lat' dir='ltr'>transiret</span> <span class='ocrx_word' id='word_1_317' title='bbox 633 5147 696 5208; x_wconf 92' lang='lat' dir='ltr'>in</span> <span class='ocrx_word' id='word_1_318' title='bbox 733 5147 1172 5210; x_wconf 86' lang='lat' dir='ltr'>necessitatem</span> <span class='ocrx_word' id='word_1_319' title='bbox 1218 5146 1592 5222; x_wconf 87' lang='lat' dir='ltr'>absolutam,</span> <span class='ocrx_word' id='word_1_320' title='bbox 1641 5153 1706 5210; x_wconf 85' lang='lat' dir='ltr'>et</span> 
     </span>
     <span class='ocr_line' id='line_1_50' title="bbox 129 5239 1705 5326; baseline -0.001 -22"><span class='ocrx_word' id='word_1_321' title='bbox 129 5242 328 5326; x_wconf 85' lang='lat' dir='ltr'>quasi</span> <span class='ocrx_word' id='word_1_322' title='bbox 373 5241 746 5312; x_wconf 88' lang='lat' dir='ltr'>naturalem,</span> <span class='ocrx_word' id='word_1_323' title='bbox 781 5239 926 5320; x_wconf 88' lang='lat' dir='ltr'>quia</span> <span class='ocrx_word' id='word_1_324' title='bbox 967 5239 1346 5320; x_wconf 83' lang='lat' dir='ltr'>impossibile</span> <span class='ocrx_word' id='word_1_325' title='bbox 1396 5247 1512 5314; x_wconf 89' lang='lat' dir='ltr'>est,</span> <span class='ocrx_word' id='word_1_326' title='bbox 1556 5241 1705 5302; x_wconf 89' lang='lat' dir='ltr'>sim-</span> 
     </span>
     <span class='ocr_line' id='line_1_51' title="bbox 128 5332 1708 5418; baseline 0.001 -22"><span class='ocrx_word' id='word_1_327' title='bbox 128 5335 392 5418; x_wconf 84' lang='lat' dir='ltr'>pliciter</span> <span class='ocrx_word' id='word_1_328' title='bbox 436 5339 500 5397; x_wconf 88' lang='lat' dir='ltr'>et</span> <span class='ocrx_word' id='word_1_329' title='bbox 543 5332 864 5408; x_wconf 87' lang='lat' dir='ltr'>absolute,</span> <span class='ocrx_word' id='word_1_330' title='bbox 913 5339 981 5395; x_wconf 92' lang='lat' dir='ltr'>ut</span> <span class='ocrx_word' id='word_1_331' title='bbox 1028 5335 1196 5395; x_wconf 88' lang='lat' dir='ltr'>Deus</span> <span class='ocrx_word' id='word_1_332' title='bbox 1232 5333 1309 5396; x_wconf 90' lang='lat' dir='ltr'>sit</span> <span class='ocrx_word' id='word_1_333' title='bbox 1351 5333 1597 5397; x_wconf 88' lang='lat' dir='ltr'>debitor</span> <span class='ocrx_word' id='word_1_334' title='bbox 1645 5343 1708 5398; x_wconf 88' lang='lat' dir='ltr'>et</span> 
     </span>
     <span class='ocr_line' id='line_1_52' title="bbox 129 5425 1710 5506; baseline 0.001 -17"><span class='ocrx_word' id='word_1_335' title='bbox 129 5446 274 5489; x_wconf 88' lang='lat' dir='ltr'>non</span> <span class='ocrx_word' id='word_1_336' title='bbox 317 5425 560 5499; x_wconf 79' lang='lat' dir='ltr'>solvat3</span> <span class='ocrx_word' id='word_1_337' title='bbox 603 5444 756 5506; x_wconf 88' lang='lat' dir='ltr'>ergo</span> <span class='ocrx_word' id='word_1_338' title='bbox 779 5471 796 5500; x_wconf 91' lang='lat'>,</span> <span class='ocrx_word' id='word_1_339' title='bbox 841 5425 892 5486; x_wconf 93' lang='lat' dir='ltr'>si</span> <span class='ocrx_word' id='word_1_340' title='bbox 932 5426 1128 5488; x_wconf 87' lang='lat' dir='ltr'>semel</span> <span class='ocrx_word' id='word_1_341' title='bbox 1161 5428 1572 5490; x_wconf 85' lang='lat' dir='ltr'>constituatur</span> <span class='ocrx_word' id='word_1_342' title='bbox 1599 5427 1710 5490; x_wconf 90' lang='lat' dir='ltr'>de-</span> 
     </span>
     <span class='ocr_line' id='line_1_53' title="bbox 127 5519 1710 5598; baseline -0.001 -12"><span class='ocrx_word' id='word_1_343' title='bbox 127 5523 331 5598; x_wconf 86' lang='lat' dir='ltr'>bitor,</span> <span class='ocrx_word' id='word_1_344' title='bbox 365 5519 686 5582; x_wconf 89' lang='lat' dir='ltr'>incumbet</span> <span class='ocrx_word' id='word_1_345' title='bbox 740 5519 830 5582; x_wconf 88' lang='lat' dir='ltr'>illi</span> <span class='ocrx_word' id='word_1_346' title='bbox 875 5520 1212 5582; x_wconf 88' lang='lat' dir='ltr'>necessitas</span> <span class='ocrx_word' id='word_1_347' title='bbox 1257 5522 1542 5584; x_wconf 88' lang='lat' dir='ltr'>absoluta</span> <span class='ocrx_word' id='word_1_348' title='bbox 1593 5523 1710 5584; x_wconf 90' lang='lat' dir='ltr'>sol-</span> 
     </span>
    </p>
   </div>
   <div class='ocr_carea' id='block_1_5' title="bbox 3233 372 3357 441">
    <p class='ocr_par' dir='ltr' id='par_1_5' title="bbox 3233 372 3357 441">
     <span class='ocr_line' id='line_1_54' title="bbox 3233 372 3357 441; baseline 0 -1"><span class='ocrx_word' id='word_1_349' title='bbox 3233 372 3357 441; x_wconf 69' lang='lat'>413</span> 
     </span>
    </p>
   </div>
   <div class='ocr_carea' id='block_1_6' title="bbox 1787 480 3365 2895">
    <p class='ocr_par' dir='ltr' id='par_1_6' title="bbox 1787 480 3365 2895">
     <span class='ocr_line' id='line_1_55' title="bbox 1793 480 3359 563; baseline 0.006 -24"><span class='ocrx_word' id='word_1_350' title='bbox 1793 480 2003 541; x_wconf 85' lang='lat' dir='ltr'>vendi.</span> <span class='ocrx_word' id='word_1_351' title='bbox 2038 480 2349 543; x_wconf 80' lang='lat' dir='ltr'>Praeterea</span> <span class='ocrx_word' id='word_1_352' title='bbox 2384 500 2572 545; x_wconf 88' lang='lat' dir='ltr'>omne</span> <span class='ocrx_word' id='word_1_353' title='bbox 2612 483 2893 545; x_wconf 88' lang='lat' dir='ltr'>debitum</span> <span class='ocrx_word' id='word_1_354' title='bbox 2916 487 3231 563; x_wconf 86' lang='lat' dir='ltr'>repugnat</span> <span class='ocrx_word' id='word_1_355' title='bbox 3254 502 3359 549; x_wconf 85' lang='lat' dir='ltr'>su·</span> 
     </span>
     <span class='ocr_line' id='line_1_56' title="bbox 1793 576 3360 657; baseline 0.004 -24"><span class='ocrx_word' id='word_1_356' title='bbox 1793 592 2011 651; x_wconf 91' lang='lat' dir='ltr'>premo</span> <span class='ocrx_word' id='word_1_357' title='bbox 2030 593 2105 635; x_wconf 86' lang='lat' dir='ltr'>ac</span> <span class='ocrx_word' id='word_1_358' title='bbox 2124 576 2399 655; x_wconf 81' lang='lat' dir='ltr'>perfecto</span> <span class='ocrx_word' id='word_1_359' title='bbox 2418 576 2691 637; x_wconf 90' lang='lat' dir='ltr'>dominio</span> <span class='ocrx_word' id='word_1_360' title='bbox 2708 596 2723 649; x_wconf 91' lang='lat'>;</span> <span class='ocrx_word' id='word_1_361' title='bbox 2741 576 3122 657; x_wconf 86' lang='lat' dir='ltr'>impossibile</span> <span class='ocrx_word' id='word_1_362' title='bbox 3140 583 3236 638; x_wconf 88' lang='lat' dir='ltr'>est</span> <span class='ocrx_word' id='word_1_363' title='bbox 3252 595 3360 639; x_wconf 85' lang='lat' dir='ltr'>au-</span> 
     </span>
     <span class='ocr_line' id='line_1_57' title="bbox 1789 669 3358 751; baseline 0.002 -25"><span class='ocrx_word' id='word_1_364' title='bbox 1789 671 1919 727; x_wconf 91' lang='lat' dir='ltr'>tem</span> <span class='ocrx_word' id='word_1_365' title='bbox 1954 670 2157 729; x_wconf 89' lang='lat' dir='ltr'>Deum</span> <span class='ocrx_word' id='word_1_366' title='bbox 2204 669 2433 749; x_wconf 79' lang='lat' dir='ltr'>privari</span> <span class='ocrx_word' id='word_1_367' title='bbox 2485 687 2782 749; x_wconf 87' lang='lat' dir='ltr'>supremo</span> <span class='ocrx_word' id='word_1_368' title='bbox 2832 669 3149 741; x_wconf 89' lang='lat' dir='ltr'>dominio;</span> <span class='ocrx_word' id='word_1_369' title='bbox 3205 687 3358 751; x_wconf 86' lang='lat' dir='ltr'>ergo</span> 
     </span>
     <span class='ocr_line' id='line_1_58' title="bbox 1793 760 3355 841; baseline 0.003 -21"><span class='ocrx_word' id='word_1_370' title='bbox 1793 760 2176 841; x_wconf 89' lang='lat' dir='ltr'>impossibile</span> <span class='ocrx_word' id='word_1_371' title='bbox 2242 770 2337 825; x_wconf 91' lang='lat' dir='ltr'>est</span> <span class='ocrx_word' id='word_1_372' title='bbox 2388 767 2589 826; x_wconf 89' lang='lat' dir='ltr'>Deum</span> <span class='ocrx_word' id='word_1_373' title='bbox 2636 764 2927 826; x_wconf 83' lang='lat' dir='ltr'>constitui</span> <span class='ocrx_word' id='word_1_374' title='bbox 2987 763 3355 825; x_wconf 87' lang='lat' dir='ltr'>debitorem.</span> 
     </span>
     <span class='ocr_line' id='line_1_59' title="bbox 1793 854 3360 935; baseline 0.003 -21"><span class='ocrx_word' id='word_1_375' title='bbox 1793 854 1994 933; x_wconf 87' lang='lat' dir='ltr'>Major</span> <span class='ocrx_word' id='word_1_376' title='bbox 2029 855 2365 935; x_wconf 87' lang='lat' dir='ltr'>probatur,</span> <span class='ocrx_word' id='word_1_377' title='bbox 2412 876 2563 918; x_wconf 90' lang='lat' dir='ltr'>nam</span> <span class='ocrx_word' id='word_1_378' title='bbox 2594 863 2821 919; x_wconf 86' lang='lat' dir='ltr'>caetera</span> <span class='ocrx_word' id='word_1_379' title='bbox 2868 862 3177 933; x_wconf 87' lang='lat' dir='ltr'>constant,</span> <span class='ocrx_word' id='word_1_380' title='bbox 3224 862 3360 919; x_wconf 90' lang='lat' dir='ltr'>tum</span> 
     </span>
     <span class='ocr_line' id='line_1_60' title="bbox 1795 947 3359 1030; baseline 0.005 -25"><span class='ocrx_word' id='word_1_381' title='bbox 1795 947 1943 1026; x_wconf 89' lang='lat' dir='ltr'>quia</span> <span class='ocrx_word' id='word_1_382' title='bbox 1974 993 1989 1021; x_wconf 91' lang='lat'>,</span> <span class='ocrx_word' id='word_1_383' title='bbox 2049 956 2351 1026; x_wconf 87' lang='lat' dir='ltr'>quantum</span> <span class='ocrx_word' id='word_1_384' title='bbox 2406 951 2631 1030; x_wconf 85' lang='lat' dir='ltr'>aliquis</span> <span class='ocrx_word' id='word_1_385' title='bbox 2684 951 2879 1011; x_wconf 88' lang='lat' dir='ltr'>habet</span> <span class='ocrx_word' id='word_1_386' title='bbox 2915 950 3130 1024; x_wconf 91' lang='lat' dir='ltr'>debiti,</span> <span class='ocrx_word' id='word_1_387' title='bbox 3186 956 3359 1013; x_wconf 85' lang='lat' dir='ltr'>tanto</span> 
     </span>
     <span class='ocr_line' id='line_1_61' title="bbox 1795 1040 3361 1118; baseline 0.004 -19"><span class='ocrx_word' id='word_1_388' title='bbox 1795 1040 2005 1101; x_wconf 90' lang='lat' dir='ltr'>minus</span> <span class='ocrx_word' id='word_1_389' title='bbox 2042 1042 2235 1103; x_wconf 89' lang='lat' dir='ltr'>habet</span> <span class='ocrx_word' id='word_1_390' title='bbox 2262 1043 2544 1118; x_wconf 91' lang='lat' dir='ltr'>dominii,</span> <span class='ocrx_word' id='word_1_391' title='bbox 2580 1047 2649 1104; x_wconf 87' lang='lat' dir='ltr'>ut</span> <span class='ocrx_word' id='word_1_392' title='bbox 2686 1062 2763 1105; x_wconf 87' lang='lat' dir='ltr'>ex</span> <span class='ocrx_word' id='word_1_393' title='bbox 2802 1045 3222 1107; x_wconf 86' lang='lat' dir='ltr'>humanarum</span> <span class='ocrx_word' id='word_1_394' title='bbox 3258 1062 3361 1106; x_wconf 86' lang='lat' dir='ltr'>re-</span> 
     </span>
     <span class='ocr_line' id='line_1_62' title="bbox 1791 1134 3361 1216; baseline 0.004 -23"><span class='ocrx_word' id='word_1_395' title='bbox 1791 1151 1935 1193; x_wconf 89' lang='lat' dir='ltr'>rum</span> <span class='ocrx_word' id='word_1_396' title='bbox 1977 1134 2275 1214; x_wconf 87' lang='lat' dir='ltr'>exemplis</span> <span class='ocrx_word' id='word_1_397' title='bbox 2343 1136 2526 1197; x_wconf 84' lang='lat' dir='ltr'>facile</span> <span class='ocrx_word' id='word_1_398' title='bbox 2594 1142 2882 1199; x_wconf 88' lang='lat' dir='ltr'>constare</span> <span class='ocrx_word' id='word_1_399' title='bbox 2941 1144 3181 1216; x_wconf 86' lang='lat' dir='ltr'>potest;</span> <span class='ocrx_word' id='word_1_400' title='bbox 3225 1145 3361 1199; x_wconf 89' lang='lat' dir='ltr'>tum</span> 
     </span>
     <span class='ocr_line' id='line_1_63' title="bbox 1793 1226 3363 1311; baseline 0.005 -26"><span class='ocrx_word' id='word_1_401' title='bbox 1793 1226 1983 1287; x_wconf 87' lang='lat' dir='ltr'>etiam</span> <span class='ocrx_word' id='word_1_402' title='bbox 2011 1226 2157 1305; x_wconf 86' lang='lat' dir='ltr'>quia</span> <span class='ocrx_word' id='word_1_403' title='bbox 2198 1226 2327 1301; x_wconf 91' lang='lat' dir='ltr'>ille,</span> <span class='ocrx_word' id='word_1_404' title='bbox 2362 1230 2468 1307; x_wconf 90' lang='lat' dir='ltr'>qui</span> <span class='ocrx_word' id='word_1_405' title='bbox 2519 1237 2615 1291; x_wconf 90' lang='lat' dir='ltr'>est</span> <span class='ocrx_word' id='word_1_406' title='bbox 2656 1228 2925 1305; x_wconf 90' lang='lat' dir='ltr'>debitor,</span> <span class='ocrx_word' id='word_1_407' title='bbox 2967 1232 3160 1293; x_wconf 85' lang='lat' dir='ltr'>habet</span> <span class='ocrx_word' id='word_1_408' title='bbox 3204 1232 3363 1311; x_wconf 88' lang='lat' dir='ltr'>liga-</span> 
     </span>
     <span class='ocr_line' id='line_1_64' title="bbox 1789 1324 3363 1405; baseline 0.005 -26"><span class='ocrx_word' id='word_1_409' title='bbox 1789 1325 1924 1380; x_wconf 91' lang='lat' dir='ltr'>tum</span> <span class='ocrx_word' id='word_1_410' title='bbox 1953 1338 2136 1381; x_wconf 90' lang='lat' dir='ltr'>usum</span> <span class='ocrx_word' id='word_1_411' title='bbox 2170 1327 2231 1383; x_wconf 91' lang='lat' dir='ltr'>et</span> <span class='ocrx_word' id='word_1_412' title='bbox 2259 1328 2635 1401; x_wconf 87' lang='lat' dir='ltr'>potestatem</span> <span class='ocrx_word' id='word_1_413' title='bbox 2674 1324 2895 1384; x_wconf 89' lang='lat' dir='ltr'>utendi</span> <span class='ocrx_word' id='word_1_414' title='bbox 2921 1344 2991 1385; x_wconf 89' lang='lat' dir='ltr'>re</span> <span class='ocrx_word' id='word_1_415' title='bbox 3021 1344 3134 1385; x_wconf 84' lang='lat' dir='ltr'>sua</span> <span class='ocrx_word' id='word_1_416' title='bbox 3156 1340 3177 1403; x_wconf 85' lang='lat'>3</span> <span class='ocrx_word' id='word_1_417' title='bbox 3219 1344 3363 1405; x_wconf 89' lang='lat' dir='ltr'>per-</span> 
     </span>
     <span class='ocr_line' id='line_1_65' title="bbox 1790 1413 3363 1498; baseline 0.004 -24"><span class='ocrx_word' id='word_1_418' title='bbox 1790 1413 2024 1475; x_wconf 87' lang='lat' dir='ltr'>fectum</span> <span class='ocrx_word' id='word_1_419' title='bbox 2066 1420 2279 1476; x_wconf 89' lang='lat' dir='ltr'>autem</span> <span class='ocrx_word' id='word_1_420' title='bbox 2335 1416 2685 1477; x_wconf 89' lang='lat' dir='ltr'>dominium</span> <span class='ocrx_word' id='word_1_421' title='bbox 2734 1418 3018 1479; x_wconf 88' lang='lat' dir='ltr'>consistit</span> <span class='ocrx_word' id='word_1_422' title='bbox 3062 1417 3127 1479; x_wconf 88' lang='lat' dir='ltr'>in</span> <span class='ocrx_word' id='word_1_423' title='bbox 3171 1437 3363 1498; x_wconf 86' lang='lat' dir='ltr'>expe-</span> 
     </span>
     <span class='ocr_line' id='line_1_66' title="bbox 1789 1506 3361 1585; baseline 0.004 -18"><span class='ocrx_word' id='word_1_424' title='bbox 1789 1506 1941 1579; x_wconf 89' lang='lat' dir='ltr'>dita,</span> <span class='ocrx_word' id='word_1_425' title='bbox 1982 1526 2055 1568; x_wconf 88' lang='lat' dir='ltr'>ac</span> <span class='ocrx_word' id='word_1_426' title='bbox 2092 1507 2293 1570; x_wconf 89' lang='lat' dir='ltr'>libera</span> <span class='ocrx_word' id='word_1_427' title='bbox 2336 1508 2630 1571; x_wconf 83' lang='lat' dir='ltr'>facultate</span> <span class='ocrx_word' id='word_1_428' title='bbox 2678 1511 2918 1572; x_wconf 89' lang='lat' dir='ltr'>utendi.</span> <span class='ocrx_word' id='word_1_429' title='bbox 2953 1511 3051 1573; x_wconf 81' lang='lat' dir='ltr'>Ad</span> <span class='ocrx_word' id='word_1_430' title='bbox 3077 1512 3211 1572; x_wconf 83' lang='lat' dir='ltr'>haec</span> <span class='ocrx_word' id='word_1_431' title='bbox 3234 1556 3249 1585; x_wconf 93' lang='lat'>,</span> <span class='ocrx_word' id='word_1_432' title='bbox 3308 1512 3361 1573; x_wconf 88' lang='lat' dir='ltr'>si</span> 
     </span>
     <span class='ocr_line' id='line_1_67' title="bbox 1787 1600 3361 1678; baseline 0.003 -18"><span class='ocrx_word' id='word_1_433' title='bbox 1787 1601 1957 1660; x_wconf 87' lang='lat' dir='ltr'>Deus</span> <span class='ocrx_word' id='word_1_434' title='bbox 1995 1605 2162 1661; x_wconf 89' lang='lat' dir='ltr'>esset</span> <span class='ocrx_word' id='word_1_435' title='bbox 2212 1600 2479 1678; x_wconf 89' lang='lat' dir='ltr'>debitor,</span> <span class='ocrx_word' id='word_1_436' title='bbox 2527 1602 2780 1663; x_wconf 85' lang='lat' dir='ltr'>cuinam</span> <span class='ocrx_word' id='word_1_437' title='bbox 2814 1602 3116 1665; x_wconf 69' lang='lat' dir='ltr'>deberet?</span> <span class='ocrx_word' id='word_1_438' title='bbox 3155 1605 3251 1665; x_wconf 82' lang='lat' dir='ltr'>An</span> <span class='ocrx_word' id='word_1_439' title='bbox 3280 1605 3361 1665; x_wconf 88' lang='lat' dir='ltr'>si-</span> 
     </span>
     <span class='ocr_line' id='line_1_68' title="bbox 1792 1690 3365 1775; baseline 0.003 -22"><span class='ocrx_word' id='word_1_440' title='bbox 1792 1690 1902 1753; x_wconf 73' lang='lat' dir='ltr'>bi?</span> <span class='ocrx_word' id='word_1_441' title='bbox 1949 1695 2028 1755; x_wconf 79' lang='lat' dir='ltr'>At</span> <span class='ocrx_word' id='word_1_442' title='bbox 2064 1694 2186 1755; x_wconf 90' lang='lat' dir='ltr'>hoc</span> <span class='ocrx_word' id='word_1_443' title='bbox 2224 1696 2727 1775; x_wconf 88' lang='lat' dir='ltr'>metaphoricum</span> <span class='ocrx_word' id='word_1_444' title='bbox 2758 1702 2853 1758; x_wconf 91' lang='lat' dir='ltr'>est</span> <span class='ocrx_word' id='word_1_445' title='bbox 2887 1715 2901 1758; x_wconf 75' lang='grc' dir='ltr'>ε</span> <span class='ocrx_word' id='word_1_446' title='bbox 2952 1697 3167 1758; x_wconf 88' lang='lat' dir='ltr'>nullus</span> <span class='ocrx_word' id='word_1_447' title='bbox 3194 1698 3365 1759; x_wconf 90' lang='lat' dir='ltr'>enim</span> 
     </span>
     <span class='ocr_line' id='line_1_69' title="bbox 1792 1787 3363 1868; baseline 0.003 -21"><span class='ocrx_word' id='word_1_448' title='bbox 1792 1793 2085 1867; x_wconf 89' lang='lat' dir='ltr'>respectu</span> <span class='ocrx_word' id='word_1_449' title='bbox 2140 1787 2436 1868; x_wconf 89' lang='lat' dir='ltr'>suiipsius</span> <span class='ocrx_word' id='word_1_450' title='bbox 2480 1790 2728 1852; x_wconf 87' lang='lat' dir='ltr'>debitor</span> <span class='ocrx_word' id='word_1_451' title='bbox 2790 1791 3207 1853; x_wconf 87' lang='lat' dir='ltr'>constituitur.</span> <span class='ocrx_word' id='word_1_452' title='bbox 3264 1794 3363 1853; x_wconf 78' lang='lat' dir='ltr'>An</span> 
     </span>
     <span class='ocr_line' id='line_1_70' title="bbox 1790 1881 3365 1964; baseline 0.003 -24"><span class='ocrx_word' id='word_1_453' title='bbox 1790 1898 1941 1941; x_wconf 85' lang='lat' dir='ltr'>vero</span> <span class='ocrx_word' id='word_1_454' title='bbox 1972 1881 2151 1942; x_wconf 82' lang='lat' dir='ltr'>alteri</span> <span class='ocrx_word' id='word_1_455' title='bbox 2176 1885 2201 1941; x_wconf 72' lang='lat'><em>2</em></span> <span class='ocrx_word' id='word_1_456' title='bbox 2254 1884 2331 1943; x_wconf 87' lang='lat' dir='ltr'>At</span> <span class='ocrx_word' id='word_1_457' title='bbox 2361 1883 2481 1943; x_wconf 92' lang='lat' dir='ltr'>hoc</span> <span class='ocrx_word' id='word_1_458' title='bbox 2508 1890 2825 1964; x_wconf 90' lang='lat' dir='ltr'>repugnat</span> <span class='ocrx_word' id='word_1_459' title='bbox 2860 1885 3175 1963; x_wconf 86' lang='lat' dir='ltr'>majestati</span> <span class='ocrx_word' id='word_1_460' title='bbox 3202 1884 3365 1947; x_wconf 80' lang='lat' dir='ltr'>divi-</span> 
     </span>
     <span class='ocr_line' id='line_1_71' title="bbox 1791 1974 3360 2056; baseline 0.003 -22"><span class='ocrx_word' id='word_1_461' title='bbox 1791 1992 1916 2048; x_wconf 85' lang='lat' dir='ltr'>nae,</span> <span class='ocrx_word' id='word_1_462' title='bbox 1958 1974 2107 2055; x_wconf 87' lang='lat' dir='ltr'>quia</span> <span class='ocrx_word' id='word_1_463' title='bbox 2150 1975 2257 2055; x_wconf 87' lang='lat' dir='ltr'>qui</span> <span class='ocrx_word' id='word_1_464' title='bbox 2284 1975 2463 2037; x_wconf 85' lang='lat' dir='ltr'>alteri</span> <span class='ocrx_word' id='word_1_465' title='bbox 2514 1982 2609 2038; x_wconf 86' lang='lat' dir='ltr'>est</span> <span class='ocrx_word' id='word_1_466' title='bbox 2638 1977 2903 2051; x_wconf 88' lang='lat' dir='ltr'>debitor,</span> <span class='ocrx_word' id='word_1_467' title='bbox 2936 1978 3059 2039; x_wconf 89' lang='lat' dir='ltr'>hoc</span> <span class='ocrx_word' id='word_1_468' title='bbox 3096 1978 3232 2056; x_wconf 77' lang='lat' dir='ltr'>ipso</span> <span class='ocrx_word' id='word_1_469' title='bbox 3266 1996 3360 2039; x_wconf 87' lang='lat' dir='ltr'>se·</span> 
     </span>
     <span class='ocr_line' id='line_1_72' title="bbox 1791 2067 3363 2133; baseline 0.003 -5"><span class='ocrx_word' id='word_1_470' title='bbox 1791 2067 2069 2129; x_wconf 89' lang='lat' dir='ltr'>cundum</span> <span class='ocrx_word' id='word_1_471' title='bbox 2112 2086 2257 2129; x_wconf 88' lang='lat' dir='ltr'>eam</span> <span class='ocrx_word' id='word_1_472' title='bbox 2304 2069 2614 2131; x_wconf 90' lang='lat' dir='ltr'>rationem</span> <span class='ocrx_word' id='word_1_473' title='bbox 2641 2069 2899 2132; x_wconf 81' lang='lat' dir='ltr'>inferior</span> <span class='ocrx_word' id='word_1_474' title='bbox 2925 2071 3015 2131; x_wconf 88' lang='lat' dir='ltr'>illi</span> <span class='ocrx_word' id='word_1_475' title='bbox 3042 2071 3363 2133; x_wconf 82' lang='lat' dir='ltr'>constitui·</span> 
     </span>
     <span class='ocr_line' id='line_1_73' title="bbox 1787 2160 3363 2244; baseline 0.001 -21"><span class='ocrx_word' id='word_1_476' title='bbox 1787 2168 1913 2223; x_wconf 90' lang='lat' dir='ltr'>tur.</span> <span class='ocrx_word' id='word_1_477' title='bbox 1946 2160 2251 2238; x_wconf 86' lang='lat' dir='ltr'>Tandem,</span> <span class='ocrx_word' id='word_1_478' title='bbox 2284 2168 2355 2222; x_wconf 89' lang='lat' dir='ltr'>ut</span> <span class='ocrx_word' id='word_1_479' title='bbox 2382 2181 2459 2223; x_wconf 85' lang='lat' dir='ltr'>ex</span> <span class='ocrx_word' id='word_1_480' title='bbox 2475 2169 2691 2225; x_wconf 88' lang='lat' dir='ltr'>nostro</span> <span class='ocrx_word' id='word_1_481' title='bbox 2726 2164 3000 2226; x_wconf 88' lang='lat' dir='ltr'>themate</span> <span class='ocrx_word' id='word_1_482' title='bbox 3023 2182 3363 2244; x_wconf 85' lang='lat' dir='ltr'>argumen-</span> 
     </span>
     <span class='ocr_line' id='line_1_74' title="bbox 1787 2255 3361 2337; baseline 0.002 -22"><span class='ocrx_word' id='word_1_483' title='bbox 1787 2260 2021 2329; x_wconf 88' lang='lat' dir='ltr'>temur,</span> <span class='ocrx_word' id='word_1_484' title='bbox 2075 2255 2184 2334; x_wconf 88' lang='lat' dir='ltr'>qui</span> <span class='ocrx_word' id='word_1_485' title='bbox 2229 2256 2411 2317; x_wconf 86' lang='lat' dir='ltr'>solvit</span> <span class='ocrx_word' id='word_1_486' title='bbox 2441 2255 2725 2318; x_wconf 86' lang='lat' dir='ltr'>debitum</span> <span class='ocrx_word' id='word_1_487' title='bbox 2756 2276 2885 2319; x_wconf 92' lang='lat' dir='ltr'>non</span> <span class='ocrx_word' id='word_1_488' title='bbox 2934 2262 3230 2337; x_wconf 88' lang='lat' dir='ltr'>operatur</span> <span class='ocrx_word' id='word_1_489' title='bbox 3268 2276 3361 2318; x_wconf 89' lang='lat' dir='ltr'>se·</span> 
     </span>
     <span class='ocr_line' id='line_1_75' title="bbox 1790 2342 3361 2425; baseline 0.002 -16"><span class='ocrx_word' id='word_1_490' title='bbox 1790 2347 2071 2409; x_wconf 90' lang='lat' dir='ltr'>cundum</span> <span class='ocrx_word' id='word_1_491' title='bbox 2100 2349 2430 2409; x_wconf 89' lang='lat' dir='ltr'>consilium</span> <span class='ocrx_word' id='word_1_492' title='bbox 2452 2342 2791 2412; x_wconf 75' lang='lat' dir='ltr'>voluntatis</span> <span class='ocrx_word' id='word_1_493' title='bbox 2820 2369 2973 2425; x_wconf 79' lang='lat' dir='ltr'>suoe,</span> <span class='ocrx_word' id='word_1_494' title='bbox 3003 2352 3115 2412; x_wconf 89' lang='lat' dir='ltr'>sed</span> <span class='ocrx_word' id='word_1_495' title='bbox 3144 2368 3361 2412; x_wconf 88' lang='lat' dir='ltr'>secun-</span> 
     </span>
     <span class='ocr_line' id='line_1_76' title="bbox 1790 2440 3359 2522; baseline 0.001 -21"><span class='ocrx_word' id='word_1_496' title='bbox 1790 2440 1943 2501; x_wconf 89' lang='lat' dir='ltr'>dum</span> <span class='ocrx_word' id='word_1_497' title='bbox 1984 2441 2425 2503; x_wconf 88' lang='lat' dir='ltr'>necessitatem</span> <span class='ocrx_word' id='word_1_498' title='bbox 2480 2449 2543 2504; x_wconf 90' lang='lat' dir='ltr'>et</span> <span class='ocrx_word' id='word_1_499' title='bbox 2598 2443 2976 2522; x_wconf 83' lang='lat' dir='ltr'>exigentiam</span> <span class='ocrx_word' id='word_1_500' title='bbox 3018 2443 3247 2515; x_wconf 88' lang='lat' dir='ltr'>debiti;</span> <span class='ocrx_word' id='word_1_501' title='bbox 3308 2443 3359 2504; x_wconf 91' lang='lat' dir='ltr'>si</span> 
     </span>
     <span class='ocr_line' id='line_1_77' title="bbox 1791 2534 3363 2613; baseline 0.002 -19"><span class='ocrx_word' id='word_1_502' title='bbox 1791 2551 1945 2613; x_wconf 86' lang='lat' dir='ltr'>ergo</span> <span class='ocrx_word' id='word_1_503' title='bbox 2005 2534 2169 2595; x_wconf 90' lang='lat' dir='ltr'>Deus</span> <span class='ocrx_word' id='word_1_504' title='bbox 2225 2541 2354 2595; x_wconf 91' lang='lat' dir='ltr'>tam</span> <span class='ocrx_word' id='word_1_505' title='bbox 2400 2538 2495 2597; x_wconf 89' lang='lat' dir='ltr'>est</span> <span class='ocrx_word' id='word_1_506' title='bbox 2542 2536 2723 2610; x_wconf 90' lang='lat' dir='ltr'>liber,</span> <span class='ocrx_word' id='word_1_507' title='bbox 2771 2542 2833 2598; x_wconf 89' lang='lat' dir='ltr'>et</span> <span class='ocrx_word' id='word_1_508' title='bbox 2876 2536 3169 2598; x_wconf 86' lang='lat' dir='ltr'>dominus</span> <span class='ocrx_word' id='word_1_509' title='bbox 3220 2555 3363 2597; x_wconf 85' lang='lat' dir='ltr'>sua-</span> 
     </span>
     <span class='ocr_line' id='line_1_78' title="bbox 1791 2628 3362 2709; baseline 0.003 -22"><span class='ocrx_word' id='word_1_510' title='bbox 1791 2646 1937 2687; x_wconf 89' lang='lat' dir='ltr'>rum</span> <span class='ocrx_word' id='word_1_511' title='bbox 1974 2628 2433 2709; x_wconf 85' lang='lat' dir='ltr'>operationum,</span> <span class='ocrx_word' id='word_1_512' title='bbox 2470 2632 2540 2689; x_wconf 89' lang='lat' dir='ltr'>ut</span> <span class='ocrx_word' id='word_1_513' title='bbox 2566 2630 2775 2691; x_wconf 89' lang='lat' dir='ltr'>omnia</span> <span class='ocrx_word' id='word_1_514' title='bbox 2812 2636 3108 2708; x_wconf 87' lang='lat' dir='ltr'>operetur</span> <span class='ocrx_word' id='word_1_515' title='bbox 3136 2649 3362 2691; x_wconf 87' lang='lat' dir='ltr'>secun-</span> 
     </span>
     <span class='ocr_line' id='line_1_79' title="bbox 1788 2719 3362 2805; baseline 0.003 -24"><span class='ocrx_word' id='word_1_516' title='bbox 1788 2720 1941 2781; x_wconf 89' lang='lat' dir='ltr'>dum</span> <span class='ocrx_word' id='word_1_517' title='bbox 1976 2719 2303 2783; x_wconf 89' lang='lat' dir='ltr'>consilium</span> <span class='ocrx_word' id='word_1_518' title='bbox 2341 2722 2678 2783; x_wconf 85' lang='lat' dir='ltr'>voluntatis</span> <span class='ocrx_word' id='word_1_519' title='bbox 2714 2741 2865 2798; x_wconf 79' lang='lat' dir='ltr'>suae,</span> <span class='ocrx_word' id='word_1_520' title='bbox 2906 2742 3036 2785; x_wconf 88' lang='lat' dir='ltr'>non</span> <span class='ocrx_word' id='word_1_521' title='bbox 3064 2729 3362 2805; x_wconf 84' lang='lat' dir='ltr'>operatur</span> 
     </span>
     <span class='ocr_line' id='line_1_80' title="bbox 1790 2813 2799 2895; baseline 0.002 -20"><span class='ocrx_word' id='word_1_522' title='bbox 1790 2813 2027 2895; x_wconf 88' lang='lat' dir='ltr'>aliquid</span> <span class='ocrx_word' id='word_1_523' title='bbox 2056 2832 2135 2876; x_wconf 86' lang='lat' dir='ltr'>ex</span> <span class='ocrx_word' id='word_1_524' title='bbox 2173 2814 2365 2877; x_wconf 87' lang='lat' dir='ltr'>debiti</span> <span class='ocrx_word' id='word_1_525' title='bbox 2402 2816 2799 2878; x_wconf 86' lang='lat' dir='ltr'>necessitate.</span> 
     </span>
    </p>
   </div>
   <div class='ocr_carea' id='block_1_7' title="bbox 1788 3052 3360 3213">
    <p class='ocr_par' dir='ltr' id='par_1_7' title="bbox 1788 3052 3360 3213">
     <span class='ocr_line' id='line_1_81' title="bbox 1788 3052 3360 3136; baseline 0 -19"><span class='ocrx_word' id='word_1_526' title='bbox 1788 3054 2088 3128; x_wconf 76' lang='lat' dir='ltr'>Debitum,</span> <span class='ocrx_word' id='word_1_527' title='bbox 2120 3052 2179 3118; x_wconf 71' lang='grc' dir='ltr'>εἰ</span> <span class='ocrx_word' id='word_1_528' title='bbox 2201 3072 2318 3118; x_wconf 72' lang='lat' dir='ltr'>non</span> <span class='ocrx_word' id='word_1_529' title='bbox 2356 3054 2443 3120; x_wconf 75' lang='lat' dir='ltr'>sit</span> <span class='ocrx_word' id='word_1_530' title='bbox 2460 3054 2781 3136; x_wconf 70' lang='lat' dir='ltr'>fidelitatis</span> <span class='ocrx_word' id='word_1_531' title='bbox 2809 3054 2902 3118; x_wconf 79' lang='lat' dir='ltr'>vel</span> <span class='ocrx_word' id='word_1_532' title='bbox 2916 3054 3214 3136; x_wconf 72' lang='lat' dir='ltr'>justitiae,</span> <span class='ocrx_word' id='word_1_533' title='bbox 3239 3073 3360 3118; x_wconf 76' lang='lat' dir='ltr'>non</span> 
     </span>
     <span class='ocr_line' id='line_1_82' title="bbox 2238 3147 2903 3213; baseline -0.002 -2"><span class='ocrx_word' id='word_1_534' title='bbox 2238 3147 2409 3212; x_wconf 71' lang='lat' dir='ltr'>habet</span> <span class='ocrx_word' id='word_1_535' title='bbox 2444 3148 2641 3212; x_wconf 78' lang='lat' dir='ltr'>locum</span> <span class='ocrx_word' id='word_1_536' title='bbox 2666 3150 2733 3211; x_wconf 80' lang='lat' dir='ltr'>in</span> <span class='ocrx_word' id='word_1_537' title='bbox 2760 3151 2903 3213; x_wconf 78' lang='lat' dir='ltr'>Deo.</span> 
     </span>
    </p>
   </div>
   <div class='ocr_carea' id='block_1_8' title="bbox 1781 3373 3359 3829">
    <p class='ocr_par' dir='ltr' id='par_1_8' title="bbox 1781 3373 3359 3829">
     <span class='ocr_line' id='line_1_83' title="bbox 1860 3373 3359 3456; baseline 0.001 -20"><span class='ocrx_word' id='word_1_538' title='bbox 1860 3377 1918 3437; x_wconf 88' lang='grc'>3.</span> <span class='ocrx_word' id='word_1_539' title='bbox 1961 3373 2321 3440; x_wconf 69' lang='lat' dir='ltr'>obedientiae</span> <span class='ocrx_word' id='word_1_540' title='bbox 2362 3375 2622 3439; x_wconf 73' lang='lat' dir='ltr'>debitum</span> <span class='ocrx_word' id='word_1_541' title='bbox 2660 3373 2978 3456; x_wconf 73' lang='lat' dir='ltr'>indiynum</span> <span class='ocrx_word' id='word_1_542' title='bbox 3002 3378 3092 3440; x_wconf 73' lang='lat' dir='ltr'>est</span> <span class='ocrx_word' id='word_1_543' title='bbox 3117 3376 3262 3440; x_wconf 79' lang='lat' dir='ltr'>Deo.</span> <span class='ocrx_word' id='word_1_544' title='bbox 3276 3407 3359 3422; x_wconf 92' lang='lat'><strong>—</strong></span> 
     </span>
     <span class='ocr_line' id='line_1_84' title="bbox 1781 3468 3357 3549; baseline 0.001 -19"><span class='ocrx_word' id='word_1_545' title='bbox 1781 3471 2089 3542; x_wconf 86' lang='lat' dir='ltr'>Quoniam</span> <span class='ocrx_word' id='word_1_546' title='bbox 2108 3468 2389 3531; x_wconf 88' lang='lat' dir='ltr'>debitum</span> <span class='ocrx_word' id='word_1_547' title='bbox 2417 3468 2543 3531; x_wconf 89' lang='lat' dir='ltr'>late</span> <span class='ocrx_word' id='word_1_548' title='bbox 2570 3475 2911 3549; x_wconf 89' lang='lat' dir='ltr'>sumptum,</span> <span class='ocrx_word' id='word_1_549' title='bbox 2942 3473 3129 3548; x_wconf 88' lang='lat' dir='ltr'>prout</span> <span class='ocrx_word' id='word_1_550' title='bbox 3156 3470 3219 3530; x_wconf 90' lang='lat' dir='ltr'>in</span> <span class='ocrx_word' id='word_1_551' title='bbox 3246 3471 3357 3532; x_wconf 88' lang='lat' dir='ltr'>ho-</span> 
     </span>
     <span class='ocr_line' id='line_1_85' title="bbox 1782 3563 3355 3644; baseline 0.001 -20"><span class='ocrx_word' id='word_1_552' title='bbox 1782 3564 2059 3624; x_wconf 86' lang='lat' dir='ltr'>minibus</span> <span class='ocrx_word' id='word_1_553' title='bbox 2092 3563 2424 3641; x_wconf 90' lang='lat' dir='ltr'>reperitur,</span> <span class='ocrx_word' id='word_1_554' title='bbox 2452 3563 2777 3644; x_wconf 85' lang='lat' dir='ltr'>multiplex</span> <span class='ocrx_word' id='word_1_555' title='bbox 2800 3569 2921 3639; x_wconf 90' lang='lat' dir='ltr'>est,</span> <span class='ocrx_word' id='word_1_556' title='bbox 2948 3571 3016 3626; x_wconf 89' lang='lat' dir='ltr'>ut</span> <span class='ocrx_word' id='word_1_557' title='bbox 3040 3564 3242 3626; x_wconf 89' lang='lat' dir='ltr'>solum</span> <span class='ocrx_word' id='word_1_558' title='bbox 3277 3564 3355 3626; x_wconf 88' lang='lat' dir='ltr'>de</span> 
     </span>
     <span class='ocr_line' id='line_1_86' title="bbox 1783 3657 3355 3738; baseline 0 -20"><span class='ocrx_word' id='word_1_559' title='bbox 1783 3657 1858 3718; x_wconf 89' lang='lat' dir='ltr'>iis</span> <span class='ocrx_word' id='word_1_560' title='bbox 1905 3675 2045 3738; x_wconf 80' lang='lat' dir='ltr'>quae</span> <span class='ocrx_word' id='word_1_561' title='bbox 2095 3657 2259 3718; x_wconf 90' lang='lat' dir='ltr'>circa</span> <span class='ocrx_word' id='word_1_562' title='bbox 2299 3658 2501 3718; x_wconf 89' lang='lat' dir='ltr'>Deum</span> <span class='ocrx_word' id='word_1_563' title='bbox 2542 3657 2605 3718; x_wconf 91' lang='lat' dir='ltr'>in</span> <span class='ocrx_word' id='word_1_564' title='bbox 2650 3657 3105 3720; x_wconf 86' lang='lat' dir='ltr'>dubitationem</span> <span class='ocrx_word' id='word_1_565' title='bbox 3142 3658 3355 3720; x_wconf 85' lang='lat' dir='ltr'>venire</span> 
     </span>
     <span class='ocr_line' id='line_1_87' title="bbox 1783 3755 3358 3829; baseline 0.001 -19"><span class='ocrx_word' id='word_1_566' title='bbox 1783 3756 2047 3829; x_wconf 87' lang='lat' dir='ltr'>possunt</span> <span class='ocrx_word' id='word_1_567' title='bbox 2075 3755 2437 3824; x_wconf 86' lang='lat' dir='ltr'>tractemus,</span> <span class='ocrx_word' id='word_1_568' title='bbox 2471 3768 2905 3829; x_wconf 88' lang='lat' dir='ltr'>supponamus</span> <span class='ocrx_word' id='word_1_569' title='bbox 2936 3756 3180 3813; x_wconf 89' lang='lat' dir='ltr'>tantum</span> <span class='ocrx_word' id='word_1_570' title='bbox 3220 3769 3358 3829; x_wconf 89' lang='lat' dir='ltr'>pos-</span> 
     </span>
    </p>
   </div>
   <div class='ocr_carea' id='block_1_9' title="bbox 1765 3843 3359 3922">
    <p class='ocr_par' dir='ltr' id='par_1_9' title="bbox 1765 3843 3359 3922">
     <span class='ocr_line' id='line_1_88' title="bbox 1765 3843 3359 3922; baseline 0.001 -17"><span class='ocrx_word' id='word_1_571' title='bbox 1765 3863 1852 3921; x_wconf 83' lang='lat' dir='ltr'>se</span> <span class='ocrx_word' id='word_1_572' title='bbox 1879 3861 2017 3904; x_wconf 88' lang='lat' dir='ltr'>esse</span> <span class='ocrx_word' id='word_1_573' title='bbox 2049 3843 2454 3922; x_wconf 83' lang='lat' dir='ltr'>quaestionem</span> <span class='ocrx_word' id='word_1_574' title='bbox 2485 3843 2565 3904; x_wconf 91' lang='lat' dir='ltr'>de</span> <span class='ocrx_word' id='word_1_575' title='bbox 2596 3843 2805 3906; x_wconf 89' lang='lat' dir='ltr'>debito</span> <span class='ocrx_word' id='word_1_576' title='bbox 2836 3844 3267 3922; x_wconf 90' lang='lat' dir='ltr'>promissionis</span> <span class='ocrx_word' id='word_1_577' title='bbox 3296 3849 3359 3906; x_wconf 89' lang='lat' dir='ltr'>et</span> 
     </span>
    </p>
   </div>
   <div class='ocr_carea' id='block_1_10' title="bbox 1780 3933 3363 5604">
    <p class='ocr_par' dir='ltr' id='par_1_10' title="bbox 1780 3933 3363 5604">
     <span class='ocr_line' id='line_1_89' title="bbox 1780 3933 3357 4016; baseline -0.001 -19"><span class='ocrx_word' id='word_1_578' title='bbox 1780 3936 2057 4016; x_wconf 81' lang='lat' dir='ltr'>justitioe,</span> <span class='ocrx_word' id='word_1_579' title='bbox 2090 3953 2239 3996; x_wconf 89' lang='lat' dir='ltr'>nam</span> <span class='ocrx_word' id='word_1_580' title='bbox 2278 3933 2355 3996; x_wconf 88' lang='lat' dir='ltr'>de</span> <span class='ocrx_word' id='word_1_581' title='bbox 2392 3934 2529 3996; x_wconf 87' lang='lat' dir='ltr'>aliis</span> <span class='ocrx_word' id='word_1_582' title='bbox 2577 3935 2780 3998; x_wconf 82' lang='lat' dir='ltr'>modis</span> <span class='ocrx_word' id='word_1_583' title='bbox 2824 3935 3357 3998; x_wconf 76' lang='lat' dir='ltr'>evidentissimum</span> 
     </span>
     <span class='ocr_line' id='line_1_90' title="bbox 1788 4028 3359 4108; baseline -0.003 -16"><span class='ocrx_word' id='word_1_584' title='bbox 1788 4034 1884 4092; x_wconf 88' lang='lat' dir='ltr'>est</span> <span class='ocrx_word' id='word_1_585' title='bbox 1910 4029 1977 4089; x_wconf 93' lang='lat' dir='ltr'>in</span> <span class='ocrx_word' id='word_1_586' title='bbox 2000 4030 2203 4091; x_wconf 91' lang='lat' dir='ltr'>Deum</span> <span class='ocrx_word' id='word_1_587' title='bbox 2242 4028 2467 4090; x_wconf 88' lang='lat' dir='ltr'>cadere</span> <span class='ocrx_word' id='word_1_588' title='bbox 2498 4047 2626 4089; x_wconf 89' lang='lat' dir='ltr'>non</span> <span class='ocrx_word' id='word_1_589' title='bbox 2666 4046 2876 4108; x_wconf 90' lang='lat' dir='ltr'>posse.</span> <span class='ocrx_word' id='word_1_590' title='bbox 2906 4029 3082 4101; x_wconf 88' lang='lat' dir='ltr'>Quod</span> <span class='ocrx_word' id='word_1_591' title='bbox 3100 4030 3185 4091; x_wconf 82' lang='lat' dir='ltr'>ita</span> <span class='ocrx_word' id='word_1_592' title='bbox 3214 4029 3359 4091; x_wconf 89' lang='lat' dir='ltr'>bre-</span> 
     </span>
     <span class='ocr_line' id='line_1_91' title="bbox 1785 4121 3359 4202; baseline 0 -20"><span class='ocrx_word' id='word_1_593' title='bbox 1785 4122 1949 4183; x_wconf 84' lang='lat' dir='ltr'>viter</span> <span class='ocrx_word' id='word_1_594' title='bbox 1983 4122 2257 4194; x_wconf 90' lang='lat' dir='ltr'>declaro,</span> <span class='ocrx_word' id='word_1_595' title='bbox 2293 4139 2443 4181; x_wconf 87' lang='lat' dir='ltr'>nam</span> <span class='ocrx_word' id='word_1_596' title='bbox 2480 4139 2664 4184; x_wconf 88' lang='lat' dir='ltr'>omne</span> <span class='ocrx_word' id='word_1_597' title='bbox 2697 4121 2976 4184; x_wconf 85' lang='lat' dir='ltr'>debitum</span> <span class='ocrx_word' id='word_1_598' title='bbox 3012 4127 3106 4185; x_wconf 85' lang='lat' dir='ltr'>est</span> <span class='ocrx_word' id='word_1_599' title='bbox 3149 4122 3359 4202; x_wconf 86' lang='lat' dir='ltr'>aliquo</span> 
     </span>
     <span class='ocr_line' id='line_1_92' title="bbox 1787 4213 3358 4295; baseline 0.002 -21"><span class='ocrx_word' id='word_1_600' title='bbox 1787 4214 1977 4276; x_wconf 89' lang='lat' dir='ltr'>modo</span> <span class='ocrx_word' id='word_1_601' title='bbox 2018 4213 2100 4275; x_wconf 89' lang='lat' dir='ltr'>ad</span> <span class='ocrx_word' id='word_1_602' title='bbox 2140 4214 2433 4288; x_wconf 87' lang='lat' dir='ltr'>alterum,</span> <span class='ocrx_word' id='word_1_603' title='bbox 2465 4220 2537 4274; x_wconf 89' lang='lat' dir='ltr'>ut</span> <span class='ocrx_word' id='word_1_604' title='bbox 2563 4213 2853 4293; x_wconf 82' lang='lat' dir='ltr'>quaedam</span> <span class='ocrx_word' id='word_1_605' title='bbox 2879 4215 3041 4276; x_wconf 84' lang='lat' dir='ltr'>ratio</span> <span class='ocrx_word' id='word_1_606' title='bbox 3070 4216 3358 4295; x_wconf 80' lang='lat' dir='ltr'>superius</span> 
     </span>
     <span class='ocr_line' id='line_1_93' title="bbox 1787 4307 3358 4386; baseline 0.001 -18"><span class='ocrx_word' id='word_1_607' title='bbox 1787 4308 1951 4370; x_wconf 87' lang='lat' dir='ltr'>facta</span> <span class='ocrx_word' id='word_1_608' title='bbox 1979 4307 2281 4386; x_wconf 81' lang='lat' dir='ltr'>ostendit3</span> <span class='ocrx_word' id='word_1_609' title='bbox 2314 4313 2519 4386; x_wconf 89' lang='lat' dir='ltr'>potest</span> <span class='ocrx_word' id='word_1_610' title='bbox 2546 4307 2733 4386; x_wconf 89' lang='lat' dir='ltr'>igitur</span> <span class='ocrx_word' id='word_1_611' title='bbox 2754 4307 3036 4370; x_wconf 85' lang='lat' dir='ltr'>debitum</span> <span class='ocrx_word' id='word_1_612' title='bbox 3066 4327 3204 4370; x_wconf 86' lang='lat' dir='ltr'>esse</span> <span class='ocrx_word' id='word_1_613' title='bbox 3250 4319 3358 4370; x_wconf 86' lang='lat' dir='ltr'>aut</span> 
     </span>
     <span class='ocr_line' id='line_1_94' title="bbox 1788 4387 3357 4480; baseline 0.002 -18"><span class='ocrx_word' id='word_1_614' title='bbox 1788 4400 2126 4480; x_wconf 88' lang='lat' dir='ltr'>superioris</span> <span class='ocrx_word' id='word_1_615' title='bbox 2154 4400 2237 4460; x_wconf 91' lang='lat' dir='ltr'>ad</span> <span class='ocrx_word' id='word_1_616' title='bbox 2264 4399 2647 4474; x_wconf 87' lang='lat' dir='ltr'>inferiorem,</span> <span class='ocrx_word' id='word_1_617' title='bbox 2674 4407 2785 4462; x_wconf 87' lang='lat' dir='ltr'>aut</span> <span class='ocrx_word' id='word_1_618' title='bbox 2820 4387 3129 4464; x_wconf 79' lang='lat' dir='ltr'>inferioris</span> <span class='ocrx_word' id='word_1_619' title='bbox 3148 4403 3231 4464; x_wconf 89' lang='lat' dir='ltr'>ad</span> <span class='ocrx_word' id='word_1_620' title='bbox 3254 4422 3357 4464; x_wconf 90' lang='lat' dir='ltr'>su·-</span> 
     </span>
     <span class='ocr_line' id='line_1_95' title="bbox 1787 4493 3359 4572; baseline 0.003 -18"><span class='ocrx_word' id='word_1_621' title='bbox 1787 4493 2125 4572; x_wconf 89' lang='lat' dir='ltr'>periorem,</span> <span class='ocrx_word' id='word_1_622' title='bbox 2152 4499 2262 4554; x_wconf 89' lang='lat' dir='ltr'>aut</span> <span class='ocrx_word' id='word_1_623' title='bbox 2290 4493 2454 4554; x_wconf 89' lang='lat' dir='ltr'>inter</span> <span class='ocrx_word' id='word_1_624' title='bbox 2480 4493 2777 4570; x_wconf 76' lang='lat' dir='ltr'>aequaleS.</span> <span class='ocrx_word' id='word_1_625' title='bbox 2810 4493 3105 4557; x_wconf 90' lang='lat' dir='ltr'>Debitum</span> <span class='ocrx_word' id='word_1_626' title='bbox 3142 4502 3359 4560; x_wconf 89' lang='lat' dir='ltr'>autem</span> 
     </span>
     <span class='ocr_line' id='line_1_96' title="bbox 1787 4585 3357 4666; baseline 0.002 -18"><span class='ocrx_word' id='word_1_627' title='bbox 1787 4585 2097 4648; x_wconf 81' lang='lat' dir='ltr'>inferioris</span> <span class='ocrx_word' id='word_1_628' title='bbox 2120 4585 2201 4646; x_wconf 85' lang='lat' dir='ltr'>ad</span> <span class='ocrx_word' id='word_1_629' title='bbox 2231 4585 2621 4666; x_wconf 90' lang='lat' dir='ltr'>superiorem</span> <span class='ocrx_word' id='word_1_630' title='bbox 2644 4587 2710 4648; x_wconf 90' lang='lat' dir='ltr'>in</span> <span class='ocrx_word' id='word_1_631' title='bbox 2739 4587 2940 4650; x_wconf 89' lang='lat' dir='ltr'>Deum</span> <span class='ocrx_word' id='word_1_632' title='bbox 2968 4589 3193 4652; x_wconf 88' lang='lat' dir='ltr'>cadere</span> <span class='ocrx_word' id='word_1_633' title='bbox 3228 4609 3357 4653; x_wconf 90' lang='lat' dir='ltr'>non</span> 
     </span>
     <span class='ocr_line' id='line_1_97' title="bbox 1785 4678 3359 4762; baseline 0.002 -20"><span class='ocrx_word' id='word_1_634' title='bbox 1785 4684 2014 4762; x_wconf 89' lang='lat' dir='ltr'>potest,</span> <span class='ocrx_word' id='word_1_635' title='bbox 2052 4678 2161 4759; x_wconf 86' lang='lat' dir='ltr'>qui</span> <span class='ocrx_word' id='word_1_636' title='bbox 2191 4679 2581 4757; x_wconf 89' lang='lat' dir='ltr'>superiorem</span> <span class='ocrx_word' id='word_1_637' title='bbox 2611 4699 2739 4740; x_wconf 90' lang='lat' dir='ltr'>non</span> <span class='ocrx_word' id='word_1_638' title='bbox 2760 4681 2973 4756; x_wconf 87' lang='lat' dir='ltr'>habet,</span> <span class='ocrx_word' id='word_1_639' title='bbox 3015 4701 3133 4744; x_wconf 90' lang='lat' dir='ltr'>nec</span> <span class='ocrx_word' id='word_1_640' title='bbox 3154 4689 3359 4762; x_wconf 86' lang='lat' dir='ltr'>potest</span> 
     </span>
     <span class='ocr_line' id='line_1_98' title="bbox 1787 4772 3357 4852; baseline 0.002 -17"><span class='ocrx_word' id='word_1_641' title='bbox 1787 4774 2048 4835; x_wconf 88' lang='lat' dir='ltr'>habere.</span> <span class='ocrx_word' id='word_1_642' title='bbox 2070 4774 2272 4852; x_wconf 82' lang='lat' dir='ltr'>Atque</span> <span class='ocrx_word' id='word_1_643' title='bbox 2310 4773 2454 4833; x_wconf 88' lang='lat' dir='ltr'>hinc</span> <span class='ocrx_word' id='word_1_644' title='bbox 2476 4772 2824 4835; x_wconf 85' lang='lat' dir='ltr'>excluditur</span> <span class='ocrx_word' id='word_1_645' title='bbox 2856 4792 2895 4836; x_wconf 90' lang='lat' dir='ltr'>a</span> <span class='ocrx_word' id='word_1_646' title='bbox 2919 4778 3053 4838; x_wconf 89' lang='lat' dir='ltr'>Deo</span> <span class='ocrx_word' id='word_1_647' title='bbox 3077 4776 3357 4839; x_wconf 87' lang='lat' dir='ltr'>debitum</span> 
     </span>
     <span class='ocr_line' id='line_1_99' title="bbox 1787 4865 3359 4950; baseline 0.001 -19"><span class='ocrx_word' id='word_1_648' title='bbox 1787 4867 2109 4950; x_wconf 88' lang='lat' dir='ltr'>religionis</span> <span class='ocrx_word' id='word_1_649' title='bbox 2134 4871 2243 4927; x_wconf 87' lang='lat' dir='ltr'>aut</span> <span class='ocrx_word' id='word_1_650' title='bbox 2270 4865 2699 4942; x_wconf 70' lang='lat' dir='ltr'>observantias,</span> <span class='ocrx_word' id='word_1_651' title='bbox 2734 4886 2849 4930; x_wconf 90' lang='lat' dir='ltr'>seu</span> <span class='ocrx_word' id='word_1_652' title='bbox 2884 4869 3119 4932; x_wconf 86' lang='lat' dir='ltr'>cultus:</span> <span class='ocrx_word' id='word_1_653' title='bbox 3148 4874 3359 4933; x_wconf 90' lang='lat' dir='ltr'>omnia</span> 
     </span>
     <span class='ocr_line' id='line_1_100' title="bbox 1784 4958 3357 5042; baseline -0.002 -15"><span class='ocrx_word' id='word_1_654' title='bbox 1784 4963 1957 5027; x_wconf 84' lang='lat' dir='ltr'>enim</span> <span class='ocrx_word' id='word_1_655' title='bbox 1992 4961 2127 5022; x_wconf 80' lang='lat' dir='ltr'>haec</span> <span class='ocrx_word' id='word_1_656' title='bbox 2168 4958 2508 5037; x_wconf 88' lang='lat' dir='ltr'>respiciunt</span> <span class='ocrx_word' id='word_1_657' title='bbox 2548 4960 2814 5022; x_wconf 88' lang='lat' dir='ltr'>alterum</span> <span class='ocrx_word' id='word_1_658' title='bbox 2859 4968 2930 5023; x_wconf 91' lang='lat' dir='ltr'>ut</span> <span class='ocrx_word' id='word_1_659' title='bbox 2970 4964 3357 5042; x_wconf 86' lang='lat' dir='ltr'>superiorem</span> 
     </span>
     <span class='ocr_line' id='line_1_101' title="bbox 1781 5051 3357 5133; baseline -0.002 -14"><span class='ocrx_word' id='word_1_660' title='bbox 1781 5058 1849 5119; x_wconf 88' lang='lat' dir='ltr'>in</span> <span class='ocrx_word' id='word_1_661' title='bbox 1878 5055 2089 5133; x_wconf 88' lang='lat' dir='ltr'>aliqua</span> <span class='ocrx_word' id='word_1_662' title='bbox 2109 5051 2502 5126; x_wconf 82' lang='lat' dir='ltr'>excellentia3</span> <span class='ocrx_word' id='word_1_663' title='bbox 2540 5053 2767 5116; x_wconf 87' lang='lat' dir='ltr'>deinde</span> <span class='ocrx_word' id='word_1_664' title='bbox 2794 5055 3143 5116; x_wconf 88' lang='lat' dir='ltr'>excluditur</span> <span class='ocrx_word' id='word_1_665' title='bbox 3168 5056 3357 5117; x_wconf 89' lang='lat' dir='ltr'>etiam</span> 
     </span>
     <span class='ocr_line' id='line_1_102' title="bbox 1783 5145 3359 5228; baseline -0.001 -15"><span class='ocrx_word' id='word_1_666' title='bbox 1783 5149 2065 5212; x_wconf 88' lang='lat' dir='ltr'>debitum</span> <span class='ocrx_word' id='word_1_667' title='bbox 2106 5145 2534 5224; x_wconf 86' lang='lat' dir='ltr'>gratitudinis:</span> <span class='ocrx_word' id='word_1_668' title='bbox 2591 5145 2743 5220; x_wconf 73' lang='lat' dir='ltr'>Quis</span> <span class='ocrx_word' id='word_1_669' title='bbox 2783 5150 2939 5211; x_wconf 71' lang='lat' dir='ltr'>enim</span> <span class='ocrx_word' id='word_1_670' title='bbox 2980 5149 3157 5228; x_wconf 72' lang='lat' dir='ltr'>prior</span> <span class='ocrx_word' id='word_1_671' title='bbox 3196 5149 3359 5212; x_wconf 72' lang='lat' dir='ltr'>dedit</span> 
     </span>
     <span class='ocr_line' id='line_1_103' title="bbox 1782 5238 3359 5320; baseline -0.004 -14"><span class='ocrx_word' id='word_1_672' title='bbox 1782 5243 1906 5320; x_wconf 76' lang='lat' dir='ltr'>illi,</span> <span class='ocrx_word' id='word_1_673' title='bbox 1957 5247 2017 5305; x_wconf 82' lang='lat' dir='ltr'>et</span> <span class='ocrx_word' id='word_1_674' title='bbox 2055 5238 2419 5304; x_wconf 63' lang='lat' dir='ltr'>retribuam·</span> <span class='ocrx_word' id='word_1_675' title='bbox 2456 5238 2560 5302; x_wconf 81' lang='lat' dir='ltr'>ei?</span> <span class='ocrx_word' id='word_1_676' title='bbox 2608 5241 2725 5317; x_wconf 90' lang='lat' dir='ltr'>(Ad</span> <span class='ocrx_word' id='word_1_677' title='bbox 2772 5243 2952 5302; x_wconf 89' lang='lat' dir='ltr'>Rom.</span> <span class='ocrx_word' id='word_1_678' title='bbox 3008 5244 3130 5320; x_wconf 86' lang='lat'>11).</span> <span class='ocrx_word' id='word_1_679' title='bbox 3180 5239 3359 5304; x_wconf 84' lang='lat' dir='ltr'>Unde</span> 
     </span>
     <span class='ocr_line' id='line_1_104' title="bbox 1787 5332 3356 5405; baseline -0.001 -7"><span class='ocrx_word' id='word_1_680' title='bbox 1787 5337 1979 5399; x_wconf 88' lang='lat' dir='ltr'>etiam</span> <span class='ocrx_word' id='word_1_681' title='bbox 1998 5339 2092 5396; x_wconf 88' lang='lat' dir='ltr'>est</span> <span class='ocrx_word' id='word_1_682' title='bbox 2118 5332 2303 5395; x_wconf 89' lang='lat' dir='ltr'>illud:</span> <span class='ocrx_word' id='word_1_683' title='bbox 2324 5335 2481 5396; x_wconf 64' lang='lat' dir='ltr'>Dixi</span> <span class='ocrx_word' id='word_1_684' title='bbox 2501 5335 2755 5396; x_wconf 75' lang='lat' dir='ltr'>Domino</span> <span class='ocrx_word' id='word_1_685' title='bbox 2773 5359 2794 5393; x_wconf 94' lang='grc'>.·</span> <span class='ocrx_word' id='word_1_686' title='bbox 2820 5333 2984 5397; x_wconf 71' lang='lat' dir='ltr'>Dans</span> <span class='ocrx_word' id='word_1_687' title='bbox 3002 5350 3170 5396; x_wconf 73' lang='lat' dir='ltr'>meus</span> <span class='ocrx_word' id='word_1_688' title='bbox 3188 5351 3251 5396; x_wconf 71' lang='lat' dir='ltr'>es</span> <span class='ocrx_word' id='word_1_689' title='bbox 3266 5338 3356 5405; x_wconf 74' lang='lat' dir='ltr'>tu,</span> 
     </span>
     <span class='ocr_line' id='line_1_105' title="bbox 1787 5426 3355 5512; baseline -0.004 -20"><span class='ocrx_word' id='word_1_690' title='bbox 1787 5428 2067 5512; x_wconf 79' lang='lat' dir='ltr'>quoniam</span> <span class='ocrx_word' id='word_1_691' title='bbox 2110 5429 2391 5490; x_wconf 60' lang='lat' dir='ltr'>bonarum</span> <span class='ocrx_word' id='word_1_692' title='bbox 2437 5445 2701 5500; x_wconf 58' lang='lat' dir='ltr'>meorum</span> <span class='ocrx_word' id='word_1_693' title='bbox 2754 5445 2875 5490; x_wconf 75' lang='lat' dir='ltr'>non</span> <span class='ocrx_word' id='word_1_694' title='bbox 2914 5445 3045 5510; x_wconf 68' lang='lat' dir='ltr'>eyes</span> <span class='ocrx_word' id='word_1_695' title='bbox 3090 5426 3355 5504; x_wconf 86' lang='lat' dir='ltr'>(Psalm.</span> 
     </span>
     <span class='ocr_line' id='line_1_106' title="bbox 1793 5517 3363 5604; baseline 0 -20"><span class='ocrx_word' id='word_1_696' title='bbox 1793 5526 1931 5604; x_wconf 75' lang='lat'>15);</span> <span class='ocrx_word' id='word_1_697' title='bbox 1978 5527 2073 5583; x_wconf 87' lang='lat' dir='ltr'>est</span> <span class='ocrx_word' id='word_1_698' title='bbox 2108 5523 2275 5585; x_wconf 87' lang='lat' dir='ltr'>enim</span> <span class='ocrx_word' id='word_1_699' title='bbox 2316 5523 2483 5583; x_wconf 88' lang='lat' dir='ltr'>Deus</span> <span class='ocrx_word' id='word_1_700' title='bbox 2538 5521 2801 5601; x_wconf 81' lang='lat' dir='ltr'>incapax</span> <span class='ocrx_word' id='word_1_701' title='bbox 2854 5517 3181 5596; x_wconf 83' lang='lat' dir='ltr'>beneficii;</span> <span class='ocrx_word' id='word_1_702' title='bbox 3226 5526 3363 5584; x_wconf 83' lang='lat' dir='ltr'>tum</span> 
     </span>
    </p>
   </div>
  </div>
 </body>
</html>
