3850 6225
443 413 563 472 584

1065 547 1384 602 EzssentEL.

445 669 561 721 Cu.
597 667 680 728 nt,
717 679 866 719 num.
895 671 975 718 2⁰.
1013 666 1210 718 Ponam
1233 665 1876 731 offendiculumcoramoo,
1901 677 2011 720 non

508 757 614 807 quo
642 743 812 805 eadat,
835 741 931 794 sed
959 753 1066 808 quo
1101 749 1384 808 pungatur,
1417 747 1474 795 ut
1507 741 1804 808 resipiscat,
1841 755 1933 809 op.
1962 747 2011 805 1,

446 819 687 957 Calasii‘l‘,
719 823 870 948 zum.
897 900 976 948 19.
1013 896 1256 959 Auferam
1281 908 1318 945 a
1347 895 1492 946 vobis
1525 907 1616 946 cor
1649 894 1925 960 lapideum,
1962 899 2011 945 et

511 973 644 1026 daho
675 973 823 1024 vobis
849 985 940 1024 cor
963 985 1228 1032 carneum,
1265 983 1386 1035 cap.
1417 975 1495 1031 36,
1533 983 1680 1024 num.
1712 975 1793 1030 26,
1825 970 1880 1021 id
1907 977 2007 1033 est,
2072 1021 2077 1025 .

511 1047 840 1114 Evangelicis
875 1048 1206 1114 temporibus
1229 1047 1604 1100 abundantiori
1631 1046 1800 1114 gratia
1833 1046 2009 1100 emol-

509 1122 635 1175 liam
659 1123 823 1175 corda
845 1130 1049 1186 vestra3
1073 1128 1184 1184 130,
1207 1123 1313 1186 vel,
1343 1123 1386 1174 si
1411 1121 1606 1188 placet,
1627 1121 1869 1176 excitanti
1893 1135 2012 1188 gra·

511 1199 585 1250 tia
617 1199 1024 1264 praedestinatos
1045 1199 1335 1262 emolliam,
1366 1197 1437 1250 ib.

447 1274 562 1327 Car.
599 1275 774 1336 xvnl,
806 1287 952 1326 num.
985 1281 1064 1326 22.
1103 1276 1340 1326 Omnium
1371 1275 1706 1338 iniquitatum
1724 1274 1852 1338 ejus,
1876 1286 2013 1340 qua-5

509 1355 754 1415 operatus
786 1357 860 1402 est
879 1392 894 1412 ,
925 1365 1032 1403 non
1063 1351 1395 1411 recordabor,
1433 1349 1706 1415 puniendo
1727 1389 1740 1413 ,
1789 1348 2018 1413 scilicet,

512 1432 712 1502 aeterna
741 1439 916 1493 poena,
953 1441 1042 1494 op.
1073 1433 1122 1489 5,
1145 1427 1284 1492 disp.
1311 1430 1360 1488 1,
1383 1433 1512 1478 sect.
1544 1431 1592 1478 3.

1126 1538 1336 1592 08ΕΑ8.

448 1647 563 1699 Car.
602 1645 690 1709 111,
725 1660 872 1700 num.
907 1653 955 1699 9.
993 1649 1220 1700 perditio
1245 1651 1340 1698 tua
1364 1660 1431 1698 ex
1459 1651 1524 1704 te,
1571 1644 1920 1698 tantummodo
1956 1646 2014 1696 in

511 1735 590 1770 me
623 1722 883 1772 auxilium
912 1728 1090 1782 tuum,
1125 1730 1247 1783 etc..
1292 1727 1352 1774 ut
1392 1721 1701 1774 excludatur
1735 1725 2011 1784 peccatum

512 1810 574 1849 ex
599 1797 706 1850 Deo
735 1811 872 1856 esse.
895 1805 1178 1863 actumque
1199 1797 1418 1859 malum,
1445 1797 1604 1850 etiam
1631 1807 1730 1862 pro
1753 1795 2013 1848 materiati

515 1875 592 1936 (ut
621 1873 787 1925 aiunt}
813 1886 920 1926 non
969 1887 1088 1927 esse
1121 1887 1184 1926 ex
1223 1871 1774 1938 praedeterminatione
1811 1871 2011 1934 diviua,

515 1960 602 2015 011.
631 1953 676 2012 1,
701 1949 807 2011 Li,
833 1963 880 2002 c.
908 1954 954 2002 2.

451 2023 565 2076 Gar.
602 2025 687 2086 xl,
725 2038 872 2077 num.
910 2030 957 2078 4.
997 2027 1060 2078 ln
1091 2025 1334 2092 funiculis
1363 2024 1527 2076 Adam
1543 2023 1748 2074 traham
1769 2028 2016 2086 eos,etc.,

515 2100 822 2162 beneflciis,
859 2101 1084 2162 seilicet,
1128 2114 1246 2165 quae
1279 2113 1379 2168 pro
1411 2099 1664 2154 funiculis
1707 2104 1851 2161 sunt,
1893 2098 2017 2152 obi-

513 2185 615 2242 ter,
639 2191 728 2244 op.
761 2183 808 2241 1,
841 2177 874 2257 ¹:
903 2183 953 2243 3,
983 2191 1029 2230 e.
1057 2181 1134 2230 11.

1054 2307 1420 2359 uA‘r‘rHAEUS.

449 2415 564 2466 Car.
602 2415 686 2478 xl,
723 2428 870 2466 num.
907 2421 984 2468 21.
1020 2417 1077 2468 Si
1100 2417 1154 2466 in
1180 2417 1314 2480 Tyro
1349 2420 1394 2466 et
1418 2415 1624 2476 Sidone,
1657 2417 1778 2474 etc..
1807 2411 2017 2464 Ponde-

515 2497 699 2542 rantur
734 2492 844 2543 haec
871 2491 1036 2543 verba
1067 2503 1164 2557 pro
1197 2489 1514 2543 certitudine
1547 2488 1784 2542 scientiae
1822 2486 2016 2541 condi-

518 2566 754 2628 tionatae,
773 2580 862 2633 op.
887 2573 935 2628 2,
961 2568 994 2622 l.
1021 2573 1070 2630 9,
1095 2581 1142 2620 c.
1172 2571 1218 2618 1.

454 2643 572 2696 Car.
619 2645 703 2704 xl,
741 2657 888 2696 num.
939 2649 1019 2696 21.
1057 2646 1119 2696 ln
1158 2643 1324 2696 cilicio
1373 2649 1421 2694 et
1457 2645 1626 2694 cinero
1667 2644 2020 2708 poettitentiam

520 2721 759 2785 eqissent,
789 2724 910 2782 ete..
945 2719 1048 2774 late
1081 2719 1396 2784 expenditur
1424 2717 1492 2770 ad
1517 2717 1852 2783 probandum
1877 2725 2021 2772 sture

523 2807 680 2860 posse
709 2801 766 2846 ut
799 2808 920 2848 cum
951 2795 1140 2860 aequali
1187 2794 1381 2848 auxilio
1411 2807 1552 2847 unus
1583 2799 1939 2857 convertatur,
1970 2799 2023 2848 et

521 2883 628 2924 non
655 2870 809 2933 alius,
832 2883 921 2936 op.
949 2874 1000 2933 1,
1029 2869 1063 2923 1,
1096 2874 1141 2926 3,
1166 2883 1212 2922 e.
1239 2874 1322 2922 20.

1129 2985 1346 3038 LUCAS.

455 3101 572 3155 Gar.
607 3100 737 3155 xlv,
774 3115 922 3155 num.
958 3105 1040 3155 22.
1077 3099 1326 3165 Compello
1345 3101 1549 3151 intrare
1581 3103 1656 3161 ut,
1681 3103 1804 3161 etc„
1827 3096 1910 3152 vel
1942 3097 2025 3151 la-

521 3179 745 3232 boribus
781 3178 1087 3243 affligendo,
1122 3178 1426 3229 vehementi
1455 3177 1754 3238 vocatione,
1785 3183 1838 3229 et
1869 3178 2021 3243 quasi

523 3254 840 3307 miraculose
863 3252 1246 3313 convertendo.
1279 3264 1367 3317 op.
1392 3256 1440 3313 1,
1471 3252 1505 3303 l.
1533 3256 1582 3311 3,
1607 3264 1652 3303 e.
1681 3254 1759 3303 13.

459 3332 578 3386 Car.
615 3332 744 3391 xlv,
780 3344 928 3383 num.
959 3334 1040 3381 2⁶.
1077 3330 1143 3381 Ει
1165 3344 1270 3381 non
1287 3330 1612 3395 oditpatrem
1629 3328 1923 3390 suum,hoc
1941 3334 2023 3383 est

525 3419 633 3461 non
665 3407 844 3459 minus
876 3418 1038 3472 quam
1067 3418 1154 3459 me
1181 3404 1369 3471 diligit,
1394 3418 1482 3471 ορ.
1512 3408 1559 3468 1,
1585 3404 1618 3457 Ι.
1641 3408 1692 3467 3,
1715 3417 1764 3458 e.
1793 3408 1840 3457 5.

1093 3519 1381 3572 JOANNES.

459 3635 577 3687 Gn.
615 3634 678 3689 11.
717 3646 864 3687 num.
902 3639 980 3687 19.
1015 3634 1206 3687 Solvite
1246 3632 1488 3698 ternplum
1529 3632 1639 3696 hoc,
1675 3633 1926 3699 permitto
1962 3639 2023 3687 ut

520 3710 756 3771 solvatis,
787 3710 976 3773 obiter,
1007 3722 1095 3776 op.
1121 3714 1169 3770 1.
1195 3710 1231 3761 l.
1255 3714 1303 3771 2,
1332 3721 1378 3761 c.
1403 3714 1450 3760 3.

457 3786 572 3839 Gn.
613 3792 660 3848 ti,
695 3798 842 3838 num.
879 3791 928 3839 9.
967 3788 1122 3838 Pater
1168 3798 1310 3837 meus
1343 3798 1508 3851 usquo
1553 3786 1704 3836 modo
1749 3789 2023 3851 operatur,

521 3868 645 3924 ete„
686 3862 812 3927 quia
839 3873 1054 3927 semper
1077 3859 1382 3913 immediate
1412 3858 1584 3913 influit
1625 3859 1680 3912 in
1711 3872 1902 3913 omnes
1940 3860 2023 3913 er-

521 3938 706 3993 fectus.
739 3951 828 4003 op.
853 3936 956 4001 1,1.
985 3942 1032 3997 1,
1063 3950 1110 3988 c.
1141 3940 1186 3987 4.

459 4016 576 4068 Cn.
613 4015 698 4077 vl,
734 4026 882 4067 num.
921 4017 998 4067 44.
1033 4014 1152 4065 Nisi
1175 4018 1326 4079 pater
1361 4015 1590 4065 trama-it
1621 4024 1753 4074 eum,
1783 4024 1882 4077 per
1906 4024 2025 4079 gra·

521 4092 646 4145 tiam
671 4090 959 4153 actualem;
984 4101 1073 4155 op.
1100 4094 1148 4151 1,
1178 4089 1214 4141 1.
1243 4093 1290 4151 3,
1320 4102 1368 4141 c.
1404 4092 1450 4151 4,
1473 4089 1558 4141 vel
1587 4088 1746 4141 etiam
1773 4100 1869 4153 per
1891 4100 2021 4152 spe-

519 4168 710 4221 cialem
752 4168 974 4233 gratiam
1025 4164 1452 4231 supernaturalis
1507 4164 1848 4230 vocationis3
1891 4164 2019 4217 item

521 4244 734 4299 traxerit
765 4240 1136 4305 illuminando,
1158 4249 1281 4303 etc.,
1325 4254 1413 4307 op.
1441 4246 1489 4297 1.
1519 4240 1555 4292 1.
1585 4246 1632 4302 3,
1659 4254 1706 4293 c.
1733 4244 1812 4293 11.

455 4322 572 4375 Cn.
610 4320 691 4380 Vl,
729 4332 874 4371 num.
913 4321 991 4369 45.
1029 4316 1207 4369 Omnis
1249 4316 1343 4383 qui
1375 4316 1580 4367 audivit
1603 4330 1639 4367 a
1671 4317 1846 4377 Patro,
1889 4322 2015 4379 etc..

519 4396 574 4449 id
597 4400 694 4455 est,
716 4395 808 4461 qui
835 4400 1060 4453 vocatur
1087 4390 1372 4445 efficaciter
1398 4390 1554 4445 discit
1575 4404 1672 4443 seu
1693 4390 2012 4457 respondet;

517 4471 600 4525 vel
629 4470 806 4524 omnis
829 4468 918 4533 qui
943 4466 1149 4529 didicit,
1169 4466 1315 4519 audit
1337 4480 1369 4519 a
1394 4467 1544 4519 Patre
1565 4480 1660 4532 per
1682 4466 1906 4532 gratiam
1925 4466 2018 4519 ad-

513 4548 804 4613 iuvantem,
829 4544 900 4597 ib.

453 4623 568 4675 Car.
605 4622 668 4683 Χ,
705 4632 853 4673 num.
887 4622 968 4671 2⁸.
1003 4620 1119 4669 Non
1159 4620 1333 4684 rapiet
1363 4632 1452 4669 aaa
1485 4630 1766 4683 quisquam
1805 4618 1868 4669 de
1899 4630 2017 4669 ma-

513 4713 588 4750 nu
639 4710 774 4759 nica,
803 4696 909 4749 hoe
953 4700 1068 4757 est,
1105 4706 1240 4759 quas
1287 4693 1502 4747 decreto
1551 4704 1684 4745 meae
1729 4692 2017 4747 voluntatis

515 4772 670 4839 elegi.
703 4784 791 4837 op.
825 4776 874 4833 1,
905 4770 941 4821 1.
977 4774 1024 4829 3,
1051 4783 1082 4821 r.
1128 4774 1206 4821 16.

449 4850 566 4902 Cn.
605 4848 710 4909 xil,
746 4860 894 4899 num.
933 4851 1010 4897 82.
1063 4846 1172 4909 Ego
1217 4846 1265 4897 si
1310 4842 1573 4896 exaltatus
1605 4844 1754 4909 [uero
1785 4858 1820 4895 a
1850 4850 2011 4907 terra,

511 4925 688 4977 omnia
717 4923 922 4973 traham
950 4922 1020 4973 ad
1051 4934 1130 4971 me
1161 4922 1352 4985 ipsum,
1386 4919 1440 4973 id
1463 4927 1562 4979 est.
1591 4919 1732 4971 dabo
1777 4926 2015 4985 potesta-

509 5008 616 5053 tem
643 4997 971 5056 hominibus,
997 5008 1103 5060 qua
1121 4996 1250 5047 tiant
1275 4996 1368 5047 tilii
1394 4996 1502 5053 Dei.
1525 5008 1612 5059 op.
1638 4998 1690 5056 1,
1717 4994 1752 5047 l.
1785 5000 1833 5056 3,
1859 5009 1904 5048 e.
1932 5000 2009 5049 11.

450 5078 564 5129 Car.
604 5074 736 5134 xlll,
775 5084 921 5125 num.
957 5076 1040 5121 27.
1074 5070 1220 5131 Quod
1255 5072 1402 5137 sacis,
1445 5072 1527 5136 lae
1565 5071 1737 5133 citius,
1779 5070 1882 5123 hoc
1911 5078 2012 5134 est,

512 5150 648 5203 liber
675 5162 753 5207 es,
784 5147 930 5214 quod
964 5145 1092 5198 libet
1120 5145 1310 5206 tacito;
1343 5158 1444 5211 ego
1467 5145 1612 5197 enim
1639 5151 1854 5211 paratus
1889 5158 2013 5199 sum

509 5227 576 5278 ad
603 5232 848 5284 mortem,
877 5234 964 5288 op.
996 5226 1041 5282 1,
1069 5222 1100 5270 1.
1128 5225 1177 5282 2,
1199 5234 1246 5273 c.
1279 5226 1326 5271 3.

447 5304 564 5355 cn.
601 5300 708 5361 XV,
745 5310 893 5351 num.
929 5302 980 5351 9.
1013 5296 1156 5349 Sicut
1187 5295 1372 5347 dilexit
1397 5310 1476 5347 mo
1507 5296 1684 5356 Pater,
1727 5300 1788 5347 ut
1831 5296 2011 5350 horni-

509 5390 634 5431 nem
659 5373 842 5443 gratis,
887 5374 960 5427 ita
983 5374 1144 5425 etiam
1181 5371 1344 5439 gratis
1367 5383 1468 5439 ego
1497 5370 1656 5424 dilexi
1697 5382 1812 5435 vos,
1843 5383 1933 5439 op.
1958 5378 2007 5436 1,

507 5454 540 5505 l.
565 5458 612 5515 3,
632 5466 678 5505 c.
705 5452 781 5503 16.

436 5529 560 5581 ων.
595 5526 702 5588 xV,
739 5538 888 5577 num.
925 5528 1003 5577 16.
1041 5524 1156 5575 Non
1177 5536 1268 5575 vos
1289 5536 1368 5574 mo
1395 5520 1636 5591 elegistis,
1657 5524 1746 5575 sed
1772 5524 2008 5591 09001092'

497 5620 608 5667 vos,
635 5602 704 5655 ad
726 5602 950 5669 gloriam
976 5600 1228 5666 intellige,
1256 5600 1326 5653 ib.
1523 5656 1574 5695 ο

1465 413 1650 466 mussx
1687 413 1979 468 Locottunt
2011 415 2228 468 SACM:
2258 415 2635 468 scanURAE.

2088 515 2205 566 Cn.
2246 517 2353 576 XV,
2390 528 2537 568 num.
2574 520 2653 566 22.
2689 517 2748 567 Si
2778 531 2883 568 non
2930 517 3201 576 venissem,
3239 523 3348 568 etc.
3396 517 3475 568 De
3512 515 3657 570 suffi-

2152 591 2311 644 cienti
2334 591 2531 646 auxilio
2552 592 2853 658 exponitur,
2878 605 2968 658 op.
2993 593 3097 655 1,1.
3124 598 3173 655 3,
3198 607 3245 646 c.
3270 599 3325 645 6.

2540 747 2705 800 ACTA
2736 747 3204 800 Apos'roLonun.

2092 898 2207 952 Gar.
2244 900 2305 961 11,
2342 912 2491 952 num.
2526 905 2609 952 28.
2646 901 2795 952 Hunc
2827 900 3034 964 delinito
3066 899 3285 951 consilio
3304 905 3357 950 et
3380 901 3661 963 prurien-

2156 975 2233 1027 tia
2272 977 2361 1027 Dei
2394 975 2665 1036 traditum,
2716 982 2839 1037 etc,
2878 975 3106 1028 consilio
3148 974 3467 1028 ludaeorum
3484 1011 3497 1032 .
3534 987 3661 1038 pre·

2154 1049 2379 1104 scientia
2400 1063 2529 1103 vero
2556 1051 2675 1103 Dei:
2724 1052 2809 1103 vel
2852 1050 2898 1102 si
2940 1049 3168 1103 consilio
3204 1049 3369 1102 etiam
3412 1047 3526 1109 Dei,
3552 1061 3660 1102 nou

2154 1125 2373 1190 quidem
2402 1126 2705 1179 ordinantis
2730 1133 2788 1178 ut
2816 1131 3095 1192 peceatum
3124 1126 3293 1186 tieret,
3320 1119 3423 1176 sed
3448 1126 3661 1190 permit·

2154 1201 2332 1262 tentis,
2360 1207 2413 1256 et
2438 1200 2688 1254 effectum
2718 1203 2837 1266 ejus
2874 1200 3173 1254 ordinantis
3204 1201 3259 1252 in
3286 1200 3523 1253 salutem
3554 1213 3653 1253 no-

2156 1281 2341 1338 stram,
2368 1288 2456 1342 op.
2490 1281 2540 1339 1,
2572 1277 2604 1328 l.
2630 1282 2678 1337 3,
2713 1289 2759 1329 c.
2788 1283 2836 1329 6.

2092 1353 2209 1406 mv.
2245 1353 2327 1414 IV,
2364 1365 2513 1405 num.
2548 1357 2627 1404 2⁷.
2664 1353 3027 1405 Convenerunt
3054 1353 3190 1402 enim
3216 1365 3343 1403 vero
3368 1352 3433 1401 in
3460 1351 3661 1401 civitate

2156 1430 2280 1488 iata,
2308 1433 2431 1486 ete..
2460 1427 2631 1482 facere
2650 1440 2770 1494 quae
2798 1441 2991 1480 manus
3020 1435 3107 1480 tua
3128 1434 3181 1480 et
3196 1426 3495 1480 consilium
3518 1433 3659 1477 tuum

2152 1503 2509 1557 decreverunt
2530 1503 2663 1556 fieri.
3092 1502 3223 1555 ibid.
3252 1502 3457 1556 eodem
3486 1502 3659 1554 modo.

2668 1621 2753 1671 An
2786 1618 3091 1671 Romanos

2093 1731 2210 1784 Cn.
2244 1733 2329 1794 IV,
2366 1745 2511 1786 num.
2552 1737 2599 1785 4.
2636 1733 2703 1784 Ei
2730 1735 2824 1799 qui
2854 1739 3345 1798 operatur-‚morea
3372 1733 3663 1795 nonimpu·

2160 1815 2304 1861 tatur
2354 1810 2631 1860 secundum
2662 1810 2923 1873 qratiam,
2964 1809 3055 1859 sed
3088 1809 3375 1859 mundum
3410 1806 3633 1857 debitum
3652 1847 3665 1864 ,

2159 1883 2285 1949 quia
2308 1883 2377 1936 de
2398 1885 2603 1937 ratione
2630 1884 2815 1949 gratiae
2844 1889 2925 1934 est
2949 1891 3007 1935 ut
3026 1883 3192 1948 gratis
3220 1881 3413 1939 detur:
3440 1889 3497 1932 et
3526 1881 3667 1945 quod

2162 1971 2223 2012 ex
2240 1960 2495 2024 operibus
2514 1959 2687 2023 datur,
2714 1972 2822 2013 non
2842 1959 3007 2026 gratis
3028 1959 3201 2019 datur,
3230 1971 3320 2022 op.
3348 1963 3397 2016 1,
3423 1957 3463 2008 Ι.
3488 1963 3535 2009 s.
3554 1969 3603 2006 e.
3620 1961 3665 2006 2.

2096 2037 2210 2089 Cu.
2248 2038 2375 2099 vill,
2412 2051 2560 2090 num.
2598 2042 2676 2089 14.
2710 2037 2814 2098 Qui
2844 2039 3042 2102 spiritu
3072 2037 3165 2088 Dei
3184 2041 3446 2101 aguntur,
3480 2033 3668 2097 spiritu

2160 2127 2354 2178 nempe
2392 2114 2671 2168 excitante.
2716 2112 3001 2177 adjuvante
3042 2118 3097 2166 et
3132 2117 3417 2179 operante.
3458 2110 3513 2160 hi
3546 2115 3667 2160 sunt

2160 2189 2253 2240 titii
2290 2189 2401 2251 Dei,
2426 2201 2515 2254 op.
2547 2189 2653 2250 1,1.
2678 2193 2725 2250 3,
2748 2201 2796 2241 c.
2822 2192 2902 2241 11.

2097 2263 2215 2316 Gn.
2252 2265 2383 2324 vill,
2412 2278 2559 2317 num.
2590 2269 2671 2316 28.
2706 2266 2781 2316 1⁸⁴⁸
2802 2266 2896 2330 qui
2914 2264 3194 2316 secundum
3218 2263 3558 2327 propositum
3584 2275 3667 2312 eo-

2158 2342 2263 2392 cati·
2284 2345 2407 2393 sunt
2436 2342 2627 2402 sancti,
2652 2341 2703 2392 id
2724 2347 2825 2402 est,
2856 2339 3153 2392 secundum
3180 2338 3501 2392 absolutum
3522 2343 3577 2388 et
3598 2337 3666 2387 ef-

2162 2415 2293 2468 ficax
2320 2415 2591 2470 decretum
2620 2415 2862 2469 salvandi
2898 2416 3038 2478 illos,
3064 2429 3129 2468 ex
3162 2427 3275 2480 quo
3299 2425 3547 2478 congrua
3572 2425 3665 2464 vo-

2160 2491 2297 2544 catio
2320 2498 2517 2553 manat,
2540 2505 2627 2556 op.
2654 2495 2699 2552 1,
2729 2491 2762 2543 l.
2786 2497 2837 2553 3,
2862 2504 2907 2542 c.
2944 2496 3019 2543 16.

2098 2567 2213 2618 Cn.
2252 2568 2334 2629 lx,
2370 2581 2517 2619 num.
2554 2571 2633 2619 16.
2666 2570 2781 2619 Non
2814 2574 2889 2619 ese
2922 2567 3157 2624 υοέηείε,
3193 2579 3364 2631 neque
3386 2567 3657 2624 currentis,

2162 2644 2267 2696 hoc
2286 2649 2368 2696 est
2394 2644 2539 2708 juxta
2576 2644 2981 2702 nazianzenum,
3008 2654 3111 2694 nec
3133 2647 3217 2693 est
3244 2640 3417 2694 solius
3442 2651 3660 2692 curren-

2164 2720 2250 2780 liS,
2276 2733 2375 2773 nec
2398 2721 2564 2774 solius
2587 2721 2834 2780 volentis.
2858 2727 2981 2783 etc.;
3004 2733 3097 2784 op.
3121 2718 3220 2780 1,1.
3246 2724 3295 2778 3,
3322 2732 3373 2771 e.
3396 2722 3449 2777 9,
3468 2718 3553 2770 vei
3576 2730 3661 2782 po·

2163 2795 2270 2848 tius
2292 2795 2513 2849 omnino
2536 2809 2645 2849 non
2666 2803 2747 2849 est
2770 2797 2871 2848 nisi
2890 2795 3059 2849 solius
3078 2794 3187 2855 Dei,
3212 2792 3395 2858 quoad
3408 2798 3657 2845 aeternam

2164 2869 2498 2932 electionem,
2524 2879 2577 2924 et
2606 2871 3047 2938 praeparationem
3083 2881 3339 2934 congruae
3370 2867 3661 2920 vocationis

2166 2953 2219 2999 et
2246 2947 2449 3012 gratiae,
2486 2946 2581 3008 ib„
2622 2954 2675 3000 et
2707 2961 2755 2999 e.
2782 2953 2879 3011 15;
2906 2947 2989 2998 vel
3026 2951 3204 3010 potest
3238 2943 3434 3009 exponi
3464 2943 3533 2994 de
3563 2943 3661 3006 pri-

2168 3023 2517 3088 mogenitura,
2534 3034 2657 3086 quae
2682 3033 2792 3076 non
2816 3021 2915 3074 t'uit
2946 3022 3085 3072 Esau
3114 3018 3383 3073 currentis
3402 3023 3459 3070 et
3478 3017 3661 3070 volen-

2167 3097 2253 3161 tia,
2278 3097 2374 3151 sed
2392 3098 2571 3159 Jacob,
2600 3111 2758 3163 quem
2792 3099 2927 3151 Deus
2950 3097 3199 3163 elegerat,
3226 3095 3302 3147 ib.

2104 3175 2219 3225 (ln.
2256 3174 2341 3237 lx,
2378 3188 2528 3226 num.
2560 3179 2637 3225 19.
2677 3173 2938 3225 Voluntati
2962 3175 3073 3237 ejus
3112 3173 3234 3237 quia
3264 3171 3469 3222 resistit
3524 3168 3659 3220 idern

2164 3256 2261 3311 est,
2296 3262 2359 3305 ac
2386 3250 2431 3303 si
2460 3249 2685 3315 diceret;
2710 3250 2834 3313 Quis
2864 3254 3039 3316 potest
3068 3248 3341 3309 resistere,
3362 3257 3455 3311 op.
3478 3244 3585 3305 1,1.
3613 3247 3659 3304 1,

2164 3338 2211 3378 ο.
2240 3329 2316 3376 10.

2103 3404 2219 3457 Cu.
2254 3404 2338 3465 lx,
2375 3414 2523 3454 num.
2560 3405 2637 3453 21.
2676 3401 2755 3451 An
2784 3413 2889 3451 non
2932 3398 3080 3451 habet
3121 3402 3425 3463 potestatem
3476 3395 3657 3460 nquius

2164 3478 2261 3530 luti
2292 3492 2361 3529 ox
2390 3478 2583 3539 eadem,
2618 3482 2717 3529 ete.
2743 3516 2757 3539 ,
2798 3482 2849 3527 et
2878 3474 3027 3527 aliud
3060 3475 3267 3539 quidam
3308 3474 3369 3524 in
3402 3478 3659 3523 contume-

2164 3554 2307 3617 liam,
2354 3568 2462 3615 vas,
2488 3553 2707 3615 seilicet,
2736 3552 2885 3618 quod
2922 3550 3050 3603 dum
3096 3550 3267 3616 tingit,
3300 3548 3402 3601 scit
3426 3547 3657 3599 futurum

2164 3642 2285 3683 esse
2318 3630 2371 3681 in
2402 3628 2800 3689 contumeliam,
2836 3626 2920 3679 vel
2950 3625 3005 3677 in
3046 3624 3297 3691 reprobo,
3336 3636 3501 3687 quem
3528 3622 3659 3673 Deus

2168 3705 2427 3768 permittit
2464 3718 2561 3758 sua
2608 3704 2765 3769 eulpa
2792 3702 2907 3753 fieri
2951 3701 3005 3753 iu
3048 3698 3451 3761 contumeliam,
3498 3710 3585 3763 op.
3610 3702 3654 3759 1,

2166 3782 2198 3833 l.
2224 3786 2273 3841 2,
2298 3794 2344 3835 c.
2375 3787 2420 3832 ⁵.

2102 3860 2219 3911 Gn».
2254 3858 2364 3921 xli,
2395 3868 2543 3909 num.
2580 3860 2657 3906 36.
2696 3854 2783 3905 Ex
2814 3866 2917 3919 quo
2950 3852 3159 3913 omnia,
3204 3851 3335 3916 quia
3374 3848 3444 3901 ad
3494 3849 3656 3901 reales

2166 3946 2352 3989 omnes
2382 3932 2629 3987 entitates
2648 3928 2917 3984 concurrit
2941 3929 3098 3990 Deus,
3130 3938 3218 3993 op.
3243 3930 3289 3989 1,
3312 3926 3349 3978 l.
3370 3930 3424 3989 3,
3444 3938 3494 3978 c.
3522 3930 3566 3976 3.

2516 4092 2709 4147 Pium
2742 4092 2825 4144 AD
2857 4088 3241 4143 CORINTHIOS.

2100 4238 2217 4290 Cu.
2244 4236 2324 4298 lv,
2344 4248 2493 4289 num.
2510 4240 2555 4286 7.
2586 4233 2713 4295 Qtaeis
2738 4234 2873 4285 enim
2895 4238 2941 4283 te
2960 4232 3227 4290 discernit,
3256 4236 3383 4289 etc..
3408 4234 3463 4281 ut
3482 4230 3649 4283 Gmci:

2162 4312 2287 4376 Quis
2312 4320 2363 4365 te
2408 4311 2527 4363 aliis
2560 4310 2813 4376 praefert?
2848 4322 2911 4361 ex
2938 4320 3005 4361 eo
3032 4306 3181 4373 quod
3214 4308 3363 4359 hunc
3388 4304 3475 4359 vel
3517 4304 3653 4355 illum

2162 4388 2471 4454 magistrum
2498 4386 2739 4439 habeas?
2760 4398 2851 4451 op.
2878 4388 2925 4443 1,
2950 4384 2993 4451 1.,
3012 4389 3059 4445 3,
3088 4396 3135 4435 c.
3162 4387 3243 4443 13,
3264 4381 3443 4443 vel,ut
3466 4384 3653 4439 Augus-

2160 4465 2327 4525 tinus,
2342 4464 2467 4525 Quis
2486 4470 2541 4515 te
2566 4460 2841 4514 reddendo
2864 4466 3111 4511 sanctum
3134 4471 3166 4509 a
3194 4469 3305 4511 non
3334 4464 3525 4508 saneto
3550 4455 3653 4506 dis-

2159 4540 2367 4593 cernit?
2406 4538 2561 4599 inid„
2588 4546 2643 4591 et
2670 4550 2739 4597 a
2762 4538 2901 4589 Deus
2924 4534 3213 4595 discernat,
3238 4534 3323 4585 vel
3348 4532 3511 4585 simul
3541 4544 3651 4584 cum

2162 4616 2399 4673 nomine.
2424 4628 2513 4681 op.
2546 4619 2593 4666 1.
2622 4614 2657 4665 1.
2680 4618 2792 4675 3,ο.
2816 4618 2897 4663 2⁰.

2098 4694 2214 4745 Cn.
2240 4692 2321 4753 lv,
2344 4704 2492 4743 num.
2528 4694 2575 4741 7.
2610 4688 2747 4751 Quid
2768 4688 2923 4739 habes
2942 4686 3081 4753 qaod
3102 4699 3207 4737 non
3234 4686 3519 4749 occepisti?
3540 4683 3653 4748 qnia

2158 4768 2336 4820 omnia
2358 4764 2781 4833 supernaturalia
2806 4764 3068 4817 habemus
3096 4774 3158 4813 ex
3182 4760 3353 4826 gratia
3378 4760 3488 4821 Dei,
3514 4759 3585 4809 ib.

2096 4844 2214 4896 Cu.
2248 4844 2331 4905 lv,
2366 4856 2515 4895 num.
2550 4846 2597 4893 7.
2632 4840 2769 4903 Quid
2800 4839 3088 4906 yion-iaris?
3108 4836 3331 4897 scilicet,
3362 4836 3433 4888 de
3452 4842 3506 4888 te
3529 4833 3650 4891 solo.

2157 4920 2309 4985 quasi
2332 4932 2441 4971 non
2470 4916 2739 4981 acceperis
2760 4930 2794 4967 a
2816 4916 2941 4976 Deo,
2966 4913 3037 4963 ib.

2094 4995 2210 5048 Cn.
2246 4996 2355 5055 xil,
2390 5007 2537 5047 num.
2574 4998 2623 5045 6.
2660 4992 2923 5058 Operatur
2948 4990 3127 5040 omnia
3152 4985 3400 5047 innubis,
3424 4984 3651 5051 quiaim-

2158 5070 2388 5124 mediate
2422 5068 2694 5122 concurrit
2730 5066 2799 5120 ad
2840 5066 3078 5119 actiones
3110 5074 3305 5116 ornnes
3342 5068 3396 5113 et
3440 5062 3651 5113 erfectus

2156 5158 2331 5201 causae
2364 5145 2635 5207 secundae,
2684 5158 2773 5211 op.
2794 5149 2847 5203 1,
2888 5143 2925 5195 l.
2950 5147 2997 5205 1,
3026 5156 3075 5193 c.
3108 5146 3173 5203 4;
3208 5140 3292 5192 vel
3322 5138 3451 5203 qnia
3476 5137 3651 5190 omnia

2152 5236 2319 5290 opera
2358 5224 2541 5291 gratiae
2578 5221 2647 5275 ab
2668 5234 2735 5273 eo
2764 5226 2907 5281 sunt,
2930 5230 3019 5284 op.
3046 5222 3089 5279 t,
3117 5217 3152 5268 l.
3188 5220 3237 5275 9,
3262 5228 3307 5267 e.
3336 5219 3364 5263 3
3388 5230 3401 5277 ;
3430 5213 3515 5266 vel
3534 5213 3649 5277 quia

2159 5312 2215 5353 re
2234 5300 2349 5365 ipsa
2368 5300 2671 5365 exsequitur
2688 5308 2813 5363 quae
2838 5292 3078 5349 facienda
3098 5291 3295 5353 statuit,
3317 5302 3409 5355 op.
3438 5292 3485 5349 4,
3514 5288 3641 5353 disp.

2155 5380 2201 5435 1.
2231 5382 2359 5429 sect.
2385 5382 2434 5427 2.

2090 5452 2205 5503 Cn.
2244 5451 2351 5511 Jtll,
2387 5464 2536 5503 num.
2574 5454 2649 5502 11.
2688 5448 2932 5501 Dividens
2950 5444 3172 5512 singulis
3194 5448 3355 5509 prout
3374 5441 3517 5504 vult,
3542 5440 3641 5491 mi·-

2152 5525 2371 5579 nisteria
2396 5526 2778 5587 Ecclesiastica,
2804 5531 2857 5577 et
2884 5520 3079 5590 gratias
3096 5520 3260 5589 gratis
3282 5518 3458 5578 datas,
3478 5528 3564 5582 op.
3594 5520 3636 5570 1.

2150 5602 2183 5654 l.
2214 5606 2261 5665 3,
2284 5616 2331 5656 e.
2358 5606 2435 5655 15.
