3850 6225
479 368 600 429 420

478 474 742 536 videtur.
789 472 1218 553 Propriissime
1259 474 1426 535 euim
1460 472 1684 535 dicitur
1713 474 1902 535 homo
1935 473 2043 533 de-

479 566 630 627 bere
656 566 832 627 alteri
863 567 1190 641 honorem,
1221 566 1662 639 reverentiam,
1699 573 1818 627 etc.
1862 568 1937 627 Et
1966 567 2044 626 si-

478 659 709 721 militer
739 678 880 721 cum
917 660 1294 738 proprietate
1331 660 1554 721 dicitur
1583 660 1814 721 debere
1841 661 2045 721 homi-

478 771 626 815 nem
659 752 980 813 moderate
1011 752 1100 814 uti
1129 752 1304 825 cibis,
1335 753 1672 815 liberaliter
1699 753 1910 825 rebus,
1940 770 2044 813 ve-

477 846 705 907 raciter
743 844 974 919 verbis»,
1009 864 1136 925 quo
1166 846 1376 907 debito
1415 847 1570 907 nihil
1613 847 1789 907 alteri
1825 846 2036 921 debet,

477 940 592 1001 sed
637 939 918 1001 absolute
965 940 1195 1012 virtuti,
1248 946 1310 1001 et
1359 941 1546 1002 etiam
1593 940 1848 1019 sibiipsi,
1893 940 2041 1018 quia

477 1034 666 1095 debet
690 1034 817 1095 suis
842 1032 1049 1095 verbis
1076 1034 1425 1110 veritatem,
1451 1035 1798 1097 actionibus
1825 1034 2041 1097 mode-

475 1128 818 1200 rationem,
865 1132 981 1187 etc.
1038 1128 1244 1207 Aliqui
1279 1146 1429 1209 ergo
1452 1126 1790 1190 formidant
1817 1146 2043 1190 conce-

477 1220 628 1282 dere
654 1221 854 1281 Deum
884 1221 1176 1281 constitui
1199 1220 1548 1283 debitorem
1572 1222 1808 1283 homini
1833 1266 1848 1293 ‚
1892 1222 2041 1301 quia

473 1312 720 1375 videtur
749 1313 866 1376 hoc
901 1320 1129 1391 praeter
1167 1314 1522 1375 decentiam
1551 1314 1776 1377 divinae
1811 1314 2040 1395 Majes-

475 1406 638 1468 tatis,
692 1406 872 1478 Quod
915 1404 1160 1467 videtur
1205 1407 1475 1469 sensisse
1531 1407 1952 1486 AugustinuS,
2003 1410 2031 1467 1

475 1498 750 1561 Confess.
777 1546 794 1573 ,
837 1519 890 1562 e.
923 1502 986 1576 4,
1019 1500 1233 1561 dicens
1272 1519 1286 1560 ι
1337 1500 1562 1563 Reddis
1604 1501 1839 1575 debita,
1879 1500 2041 1563 nulli

475 1593 680 1655 debeas
699 1618 720 1654 .·
745 1592 930 1656 donas
953 1593 1168 1667 debita,
1195 1594 1353 1655 nihil
1368 1594 1645 1675 perdens.
1679 1593 1876 1665 Quem
1903 1593 2041 1654 imi-

474 1692 643 1748 tatur
673 1689 743 1747 D.
779 1687 1052 1747 Thomas
1083 1691 1138 1747 1.
1173 1688 1239 1759 2,
1273 1692 1495 1765 quaest.
1532 1689 1668 1759 111,
1711 1692 1827 1746 art.
1864 1690 1918 1760 1,
1960 1686 2043 1747 ad

473 1784 536 1855 2,
586 1784 648 1841 et
674 1782 810 1855 114,
851 1787 968 1841 art.
1010 1783 1068 1851 1,
1111 1779 1192 1840 ad
1223 1782 1282 1853 3,
1317 1780 1426 1840 ubi
1453 1797 1661 1859 neque
1691 1798 1768 1840 ex
1797 1783 2037 1840 naturae

474 1876 708 1949 debito,
745 1891 950 1953 neque
983 1892 1060 1935 ex
1083 1874 1324 1935 ratione
1359 1874 1564 1934 meriti
1603 1872 1688 1933 ait
1715 1874 1916 1935 Deum
1949 1874 2041 1934 et*—

473 1969 575 2031 fiei
613 1969 794 2030 nobis
828 1968 1197 2039 debitorem,
1237 1966 1344 2028 sed
1381 1967 1640 2047 sibiipsi,
1681 1967 1826 2044 quia
1861 1966 2039 2027 debi-

474 2070 609 2127 tum
639 2071 752 2139 est,
773 2071 842 2127 ut
871 2082 982 2125 sua
1011 2062 1316 2125 ordinatio
1346 2062 1700 2141 impleatur.
1722 2060 1902 2134 Quod
1931 2080 2036 2122 ex-

473 2158 737 2239 plicanS,
776 2163 798 2219 1
838 2166 1026 2237 part.,
1060 2175 1122 2237 q.
1153 2161 1252 2237 21,
1296 2162 1413 2219 art.
1450 2159 1510 2229 1,
1557 2156 1642 2215 ad
1671 2158 1729 2229 3,
1781 2156 1982 2234 inquit
2016 2174 2029 2215 :

473 2251 820 2333 Dupliciter
838 2256 1039 2332 potest
1065 2250 1296 2315 attendi
1320 2250 1578 2313 debitum
1605 2250 1670 2310 in
1696 2250 2037 2329 operatione

474 2344 703 2418 divina,
735 2349 844 2407 aut
861 2345 1181 2407 seeundum
1206 2345 1362 2423 quod
1377 2342 1611 2423 aliquid
1625 2342 1863 2405 debetur
1883 2344 2031 2417 Deo,

473 2443 583 2500 aut
615 2437 938 2499 seeundum
965 2438 1120 2517 quod
1145 2435 1386 2517 aliquid
1409 2436 1646 2499 debetur
1672 2436 1764 2497 rei
1791 2442 2029 2499 creatoe.

473 2532 569 2594 Et
581 2533 830 2609 utroque
853 2530 1019 2593 modo
1040 2527 1298 2593 debitam
1325 2530 1486 2591 Deus
1508 2518 1727 2591 reddit.
1757 2528 2035 2591 Debitum

473 2622 631 2687 enim
665 2626 758 2685 est
789 2623 943 2695 Deo,
985 2628 1058 2685 at
1101 2622 1428 2699 impleatur
1465 2624 1532 2681 in
1573 2621 1748 2683 rebus
1785 2622 1856 2683 id
1879 2623 2041 2701 qaod

473 2718 606 2796 ejus
639 2716 984 2795 Sapientia,
1021 2721 1079 2779 et
1106 2716 1384 2779 voluntas
1413 2716 1606 2789 babet,
1633 2718 1690 2778 et
1712 2716 2036 2777 secundam

474 2812 580 2873 hoc
591 2808 854 2889 justitia
891 2808 1005 2872 Dei
1033 2807 1280 2891 respicit
1309 2808 1634 2871 decentiam
1663 2806 1858 2888 ipsius
1883 2854 1898 2880 ‚
1943 2824 2037 2870 ee-

473 2904 730 2966 eundum
773 2920 954 2983 quam
997 2900 1196 2965 reddit
1246 2901 1364 2963 sibi
1409 2902 1565 2981 quod
1610 2900 1726 2963 sibi
1772 2902 2030 2963 debetur.

473 2996 749 3059 Debitum
787 2996 968 3059 etiam
1011 3000 1104 3058 est
1131 2994 1320 3056 alicui
1349 2993 1439 3057 rei
1467 3000 1704 3067 creatoe,
1747 2995 1906 3073 qaod
1930 2996 2037 3055 ba-

471 3091 602 3154 beat
623 3088 692 3154 id
713 3090 871 3172 quod
893 3091 976 3154 ad
997 3089 1194 3172 ipsam
1213 3091 1554 3153 ordinatur.
1581 3090 1676 3152 Et
1703 3090 1846 3153 lieet
1873 3090 2036 3152 Deus

471 3183 580 3246 hoo
603 3185 769 3245 modo
793 3184 1050 3246 debitum
1071 3179 1258 3246 alieni
1283 3185 1402 3259 det,
1429 3199 1549 3244 non
1576 3187 1774 3245 tamea
1794 3181 1923 3264 ipse
1948 3188 2038 3247 est

472 3273 697 3338 debitor
719 3321 738 3348 ,
785 3277 930 3356 quia
956 3275 1086 3356 ipse
1110 3275 1194 3338 ad
1215 3276 1344 3339 alia
1382 3293 1500 3336 non
1528 3275 1849 3340 ordinatur
1871 3321 1888 3348 ,
1936 3279 2043 3338 sed

462 3369 676 3452 potius
716 3369 846 3432 alia
883 3371 967 3432 ad
993 3369 1216 3448 ipsum.
1269 3368 1384 3442 Qui
1433 3369 1658 3430 modus
1709 3369 2033 3448 loquendi,

473 3468 778 3540 quantum
807 3461 888 3522 ad
917 3479 1194 3540 praesens
1223 3468 1498 3542 spectat,
1537 3462 1830 3523 sustineri
1855 3461 2035 3523 facile

469 3560 718 3634 potest,
779 3554 926 3634 quia
961 3572 1179 3616 revera
1220 3555 1340 3616 hoc
1372 3554 1650 3616 debitum
1695 3555 2031 3628 fidelitatis,

471 3665 615 3708 cum
657 3647 856 3726 magis
901 3646 1192 3726 respiciat
1243 3647 1637 3710 honestatem
1688 3650 2031 3728 operantiS,

469 3757 660 3819 quam
693 3741 800 3818 jus
840 3740 938 3800 vel
980 3740 1290 3802 actionem
1328 3741 1603 3811 alterius,
1637 3760 1766 3802 non
1797 3741 2037 3802 incom-

469 3833 654 3893 mode.
689 3831 808 3893 dici
847 3839 1050 3912 potest
1080 3834 1282 3913 magis
1319 3853 1458 3896 esse
1495 3833 1775 3894 debitum
1817 3834 2037 3913 ipsius-

467 3932 597 3987 met
637 3927 1032 4005 promissoris
1067 3933 1358 4007 respectu
1405 3927 1736 4008 suiipsiUS,
1787 3934 1848 3989 et
1889 3946 2037 3988 sua-

467 4037 610 4081 rum
639 4019 978 4094 actionum,
1031 4041 1220 4100 quam
1253 4023 1532 4084 alterius.
1581 4024 1842 4096 Tamen,
1887 4023 2037 4102 quin

467 4113 534 4175 in
565 4113 688 4174 alio
718 4131 952 4193 genere
982 4114 1210 4188 debiti,
1255 4117 1425 4195 quod
1456 4116 1538 4177 ad
1563 4115 1863 4196 justitiam
1895 4134 2037 4195 per-

468 4207 640 4281 tinet,
675 4207 892 4286 negari
917 4225 1047 4268 non
1075 4213 1282 4287 potest
1311 4209 1462 4289 quin
1490 4210 1658 4269 Deus
1687 4207 1803 4288 ipsi
1833 4207 2038 4268 homi-

467 4301 532 4360 ni
561 4300 798 4380 aliquid
822 4301 1074 4376 debeat,
1104 4308 1172 4364 ut
1199 4301 1358 4362 infra
1379 4303 1729 4375 ostendam,
1757 4302 1944 4363 etiam
1970 4301 2035 4361 in

466 4393 756 4472 praesenti
783 4412 912 4455 non
941 4402 1037 4456 est
1075 4395 1406 4456 curtalem
1435 4395 1694 4456 modum
1733 4393 2031 4474 loquendi

465 4485 916 4558 formidemus;
965 4505 1110 4546 nam
1151 4487 1360 4548 Sancti
1397 4506 1590 4568 supra
1619 4487 1788 4549 citati
1829 4487 1912 4548 ita
1946 4487 2033 4547 lo-

467 4583 746 4658 quuntur
767 4623 782 4650 ‚
832 4579 1178 4658 proesertim
1208 4580 1588 4659 Cyprianus,
1636 4581 1788 4640 dum
1815 4579 1892 4640 de
1925 4581 2033 4639 ho-

467 4671 637 4731 mine
663 4670 928 4750 loquens
955 4674 1040 4732 ait
1069 4689 1082 4730 :
1117 4672 1308 4734 Deum
1336 4677 1640 4751 computat
1667 4674 1984 4738 debitorem
2006 4695 2032 4743 ,-

467 4769 530 4825 et
555 4764 939 4842 Augustinus
965 4763 1212 4825 dicens:
1249 4765 1494 4828 Debitor
1511 4767 1678 4830 nobis
1693 4769 1898 4844 faetus
1917 4770 2027 4828 est.

467 4857 544 4917 Et
585 4855 650 4917 in
695 4855 972 4916 humana
1015 4857 1426 4936 promissione
1469 4859 1554 4920 ita
1592 4860 1910 4939 loquimur
1952 4858 2033 4920 de

467 4947 701 5025 debito,
733 4947 903 5027 quod
939 4967 1016 5010 ex
1043 4949 1146 5010 illa
1177 4951 1471 5012 nascitur.
1710 4997 1718 5004 .

547 5043 646 5104 34.
675 5043 824 5105 Diei
843 5043 1036 5104 Deum
1057 5041 1280 5130 homini
1297 5045 1612 5126 debitorem
1628 5063 1699 5108 ea·
1711 5047 2028 5128 fidelitate,

466 5151 584 5196 aon
613 5137 705 5196 est
731 5134 854 5196 Deo
879 5134 1218 5216 indiymcm.
1247 5167 1328 5220 ⁶—-
1351 5137 1568 5215 Neque
1597 5137 1716 5199 hoc
1745 5137 1892 5199 dicit
1917 5138 2033 5198 im-

467 5225 954 5305 perfectionem,
994 5232 1062 5286 ut
1089 5225 1268 5287 facile
1307 5233 1512 5306 potest
1547 5228 1828 5308 intelligi.
1876 5231 2031 5291 Nam

466 5321 539 5380 D.
572 5319 844 5380 Thomas
871 5322 930 5380 2.
974 5321 1036 5392 2,
1078 5325 1299 5398 quaest.
1347 5322 1485 5395 109,
1530 5321 1704 5384 artic.
1737 5325 1798 5393 2,
1843 5323 2033 5382 virtu-

468 5419 596 5474 tem
625 5411 902 5474 veritatis
927 5411 1077 5473 dicit
1103 5430 1240 5474 esse
1271 5412 1352 5473 ad
1379 5414 1646 5476 alterum
1667 5461 1682 5486 ,
1723 5415 1910 5476 etiam
1940 5433 2034 5476 se·

469 5505 746 5585 eundum
791 5505 1095 5568 rationem
1143 5505 1366 5582 debiti,
1395 5525 1513 5572 noa
1539 5509 1756 5606 leqalis
1787 5508 2033 5598 (inquit)

958 370 1166 423 OPUSC.
1205 372 1286 425 w.
1333 370 1636 425 RELEC‘rlo
1669 370 1749 423 DE
1781 370 2129 423 monstrnt-3
2166 370 2551 424 voLUN'rlms
2582 370 2827 423 mleAE.
2866 372 3101 425 DlSPUT.
3140 372 3201 425 Π.

2122 475 2233 536 sed
2274 474 2551 547 moralis,
2590 475 2658 535 ia
2710 479 3022 555 quantum,
3069 472 3327 544 scilicet,
3372 490 3443 537 ea
3486 475 3699 535 bones-
3817 538 3818 549 ἶ

2127 570 2250 629 tate
2302 586 2461 629 anus
2521 568 2690 629 homo
2746 567 2927 630 alteri
2974 569 3131 631 debet
3177 567 3467 630 veritatis
3498 565 3703 627 mani-

2122 661 2520 737 testationem.
2566 660 2641 721 Et
2690 660 2751 719 in
2804 659 3107 721 solutione
3146 660 3231 720 ad
3284 662 3336 732 1,
3378 659 3461 721 ait
3504 660 3705 718 virtu-
3817 656 3818 733 j

2126 758 2253 813 tem
2277 753 2553 813 veritatis
2580 752 2790 831 aliquo
2814 752 3001 813 modo
3026 752 3355 814 attendere
3384 753 3703 813 rationem
3817 742 3818 817 ?

2130 844 2319 906 debiti
2359 845 2439 906 ad
2472 846 2737 907 alterum
2760 892 2775 917 ,
2816 848 2961 927 quia
2988 865 3121 909 eam
3149 850 3321 909 homo
3348 848 3437 909 sit
3460 847 3705 911 animal

2125 938 2368 1012 sociale,
2403 940 2771 1003 natur-diter
2796 940 2957 1003 debet
2984 936 3167 1004 alteri
3190 942 3263 1003 id
3282 942 3416 1003 sine
3439 957 3563 1023 qao
3596 940 3705 1000 ka»

2119 1050 2301 1095 mana
2330 1031 2582 1095 societas
2608 1033 2844 1096 servari
2862 1052 2981 1094 non
2994 1039 3217 1114 posset.
3254 1036 3520 1095 Servata
3550 1050 3705 1110 ergo
3817 1088 3818 1093 ,

2122 1126 2548 1207 proportione,
2598 1126 2785 1187 etiam
2828 1128 3061 1189 veritas
3104 1129 3317 1189 divina
3356 1136 3451 1191 est
3478 1128 3703 1205 aliquo

2121 1221 2311 1281 modo
2338 1220 2420 1281 ad
2446 1220 2758 1293 alterum3
2804 1240 2977 1297 nam,
3022 1222 3167 1285 licet
3200 1224 3374 1285 Deus
3406 1224 3485 1285 sit
3524 1226 3707 1281 extra

2123 1330 2375 1375 omnem
2402 1313 2686 1375 ordinem
2702 1360 2719 1389 ,
2752 1320 2965 1376 tamen
2986 1361 3003 1389 ,
3036 1316 3087 1377 si
3112 1315 3242 1377 vult
3268 1334 3413 1377 cum
3437 1316 3589 1375 aliis
3614 1314 3705 1373 lo-

2120 1407 2251 1487 qui,
2298 1408 2398 1469 vel
2446 1409 2828 1482 conversari,
2864 1409 3053 1471 debet
3092 1410 3213 1471 illis
3252 1411 3599 1471 veritatem
3638 1408 3705 1467 in

2122 1501 2299 1562 dictis
2326 1516 2346 1578 3
2390 1506 2471 1573 et,
2508 1502 2557 1561 si
2591 1520 2666 1563 ea
2694 1520 2834 1581 quae
2859 1501 3005 1564 dicit
3034 1505 3399 1565 contineant
3424 1504 3705 1585 promis-

2123 1594 2365 1655 sionem
2394 1594 2583 1656 modo
2604 1596 2739 1673 jam
2768 1594 3095 1675 explicato,
3127 1597 3319 1659 debet
3346 1597 3463 1657 illis
3494 1596 3705 1657 fideli-

2122 1692 2337 1749 tatem.
2372 1686 2489 1759 Qui
2519 1688 2775 1767 quidem
2802 1694 3123 1769 respectus
3147 1690 3229 1750 ad
3256 1690 3561 1760 alterum,
3598 1688 3703 1768 qni

2122 1798 2237 1860 per
2264 1781 2402 1841 haec
2434 1780 2625 1841 verba
2661 1787 3071 1857 connotatur,
3114 1802 3306 1863 supra
3338 1782 3701 1845 absolutam

2118 1874 2427 1934 rationem
2470 1874 2661 1935 debiti
2699 1876 2902 1935 solum
2944 1874 3223 1937 declarat
3251 1876 3373 1937 hoc
3412 1876 3701 1939 debitum

2119 1966 2243 2027 tale
2270 1984 2431 2040 esse,
2462 1973 2531 2027 ut
2555 1968 2635 2027 ad
2656 1968 2909 2028 alterius
2932 1969 3295 2041 utilitatem,
3326 1969 3427 2029 vel
3453 1970 3704 2047 aliq-ua-

2118 2061 2245 2121 lem
2286 2061 2645 2122 societatem
2684 2068 2792 2123 aut
2828 2063 3183 2125 convictum
3221 2064 3601 2134 ordinetur;
3644 2070 3703 2123 et

2116 2154 2284 2230 ideo,
2314 2158 2499 2235 prout
2525 2155 2654 2215 Deo
2684 2156 3063 2230 attribuitur,
3095 2156 3341 2216 nullam
3366 2156 3703 2235 imperfec-

2116 2248 2351 2308 tionem
2392 2246 2689 2321 includit,
2740 2248 2853 2309 sed
2898 2249 3103 2328 potius
3146 2246 3333 2310 nobis
3377 2249 3693 2329 significat

2116 2340 2575 2413 liberalitatem,
2611 2347 2672 2401 et
2694 2342 3145 2423 benignitatem
3174 2343 3285 2404 Dei
3314 2360 3469 2421 erga
3488 2342 3691 2403 homi-

2116 2454 2251 2497 nes·
2305 2437 2517 2513 Neque
2544 2434 2689 2495 inde
2724 2434 2815 2507 fit,
2862 2441 2931 2495 ut
2957 2437 3125 2495 Deus
3154 2434 3235 2495 ad
3264 2436 3563 2497 homines
3592 2454 3686 2495 or-

2116 2530 2385 2602 dinetur,
2440 2528 2554 2588 sed
2602 2528 2805 2589 solum
2854 2534 2923 2589 ut
2978 2528 3287 2589 exteriora
3337 2529 3530 2599 dicta,
3588 2530 3683 2588 rel

2116 2642 2307 2704 opera
2358 2640 2471 2684 sua
2519 2623 2600 2683 ad
2651 2623 2889 2684 bonum
2932 2622 3261 2683 hominum
3305 2623 3579 2693 ordinet,
3624 2627 3681 2682 et

2116 2717 2287 2798 quod
2332 2716 2598 2778 liberam
2649 2717 3034 2777 voluntatem
3084 2735 3265 2777 suam
3308 2716 3683 2777 determinet

2118 2811 2197 2872 ad
2246 2810 2771 2871 benefaciendum
2825 2809 3215 2883 hominibus,
3276 2829 3421 2889 quse
3473 2809 3681 2869 omnia

2115 2905 2437 2965 verissima
2486 2910 2633 2964 sunt
2662 2949 2677 2977 ,
2730 2910 2790 2964 et
2832 2904 2967 2964 sine
3012 2904 3140 2963 ulla
3183 2903 3675 2983 imperfectione.

2118 2998 2441 3070 Quomodo
2466 3005 2681 3059 autem
2704 2998 2771 3059 D.
2802 2999 3187 3078 Augustinus
3218 3005 3275 3059 et
3306 3000 3377 3059 D.
3406 2999 3681 3059 Thomas

2118 3092 2504 3175 intelligendi
2534 3094 2689 3168 sint,
2732 3092 2795 3154 in
2826 3093 3113 3172 sequenti
3143 3098 3375 3172 puncto
3410 3092 3681 3172 explica—

2116 3188 2349 3249 bimus,

2160 3409 2551 3475 Comminatio
2568 3415 2627 3474 et
2646 3410 2979 3491 promissio
3000 3411 3281 3490 quomodo
3314 3411 3633 3490 differant.

2196 3645 2295 3706 35.
2342 3645 2425 3706 In
2458 3659 2572 3723 quo
2624 3643 2979 3706 conveniant
3028 3643 3405 3708 comminatio
3451 3649 3507 3706 et
3540 3663 3675 3722 pro-

2116 3737 2345 3802 missio.
2380 3771 2461 3784 -
2486 3738 2709 3800 Prima
2744 3739 3093 3819 differentia
3134 3738 3609 3802 comminationis
3636 3761 3673 3802 a

2108 3831 2531 3912 promissione.
2565 3861 2646 3876 —
2672 3833 2763 3892 Ex
2792 3831 2887 3892 his
2918 3850 3067 3912 ergo
3105 3831 3471 3912 intelligitur
3494 3833 3668 3894 facile

2119 3923 2469 3984 differentia
2507 3925 2669 3984 inter
2714 3926 3193 4006 promissionem
3238 3931 3299 3986 et
3338 3927 3669 3986 commina-

2116 4017 2375 4077 tionem.
2397 4017 2809 4088 Conveniunt,
2830 4026 3011 4098 prout
3027 4019 3109 4080 ad
3124 4021 3324 4079 Deum
3342 4019 3662 4099 pertinent,

2118 4111 2291 4190 quod
2311 4117 2576 4190 utraque
2606 4110 2675 4172 fit
2714 4129 2829 4190 per
2858 4112 3057 4172 solam
3095 4111 3503 4174 assertionem
3538 4113 3661 4180 Dei,

2116 4203 2217 4263 vel
2276 4202 2651 4277 absolutam,
2697 4203 2797 4264 vel
2848 4205 3360 4279 conditionatam,
3412 4211 3477 4265 ut
3505 4213 3663 4266 recte

2118 4297 2340 4377 probat
2378 4297 2645 4377 objectio
2680 4299 2968 4378 superius
3016 4299 3201 4360 facta.
3248 4298 3449 4374 Unde,
3488 4299 3539 4358 si
3566 4318 3665 4378 ge-

2115 4391 2412 4451 neraliter
2463 4390 2797 4470 loquamur
2844 4391 2921 4452 de
2972 4392 3199 4453 virtute
3236 4392 3544 4464 veritatiS,
3592 4411 3663 4451 ex

2114 4490 2380 4564 utraque
2435 4485 2715 4546 nascitur
2768 4485 3061 4564 obligatio
3124 4503 3345 4546 verum
3410 4483 3661 4545 faciendi

2114 4576 2283 4656 quod
2336 4577 2571 4637 dictum
2612 4584 2741 4651 est,
2794 4597 2907 4638 seu
2947 4578 3029 4638 ita
3058 4577 3350 4655 faciendi,
3398 4577 3547 4638 sicut
3576 4577 3659 4636 di-

2114 4676 2283 4732 ctum
2325 4677 2438 4732 est.
2486 4671 2787 4732 Differunt
2814 4676 3051 4744 tamen,
3082 4671 3311 4751 primo,
3342 4672 3483 4752 quia
3528 4689 3657 4750 pro-

2114 4764 2349 4838 missiO,
2408 4769 2695 4844 respectu
2740 4763 2875 4843 ejus
2910 4765 3007 4824 cui
3038 4763 3129 4836 fit,
3171 4764 3549 4843 frequentius
3600 4769 3659 4824 et

2114 4859 2244 4920 fere
2292 4875 2541 4937 semper
2579 4857 2859 4918 nascitur
2886 4877 2964 4918 ex
2989 4858 3309 4920 voluntate
3340 4876 3521 4938 quam
3549 4857 3659 4916 Da-

2114 4969 2445 5014 mascenus
2476 4957 2539 5012 et
2564 4951 3041 5030 chrysostomus
3070 4951 3531 5013 antecedentem
3551 4967 3656 5010 ro-

2112 5049 2354 5118 carunt,
2397 5045 2461 5107 id
2504 5051 2617 5120 est,
2662 5064 2855 5126 quam
2892 5047 3059 5107 Deus
3098 5065 3177 5107 ex
3217 5065 3285 5107 se
3312 5045 3461 5118 so10,
3500 5050 3655 5104 etex

2114 5159 2227 5202 sua
2272 5139 2551 5200 bonitate
2584 5145 2645 5200 et
2679 5139 3051 5201 liberalitate
3085 5139 3311 5214 haben
3343 5139 3481 5218 quia
3516 5155 3653 5216 pro-

2112 5231 2327 5294 missio
2364 5233 2559 5293 oritur
2604 5251 2683 5294 ex
2735 5233 2961 5294 affectu
3002 5231 3429 5294 benefaciendi
3464 5229 3513 5291 ei
3554 5229 3647 5288 eui

2112 5326 2216 5388 fit:
2246 5326 2405 5386 sicut
2432 5327 2598 5387 inter
2622 5325 2931 5402 homineS,
2968 5325 3119 5386 dum
3150 5345 3311 5386 unus
3338 5323 3503 5386 alteri
3520 5342 3645 5402 pro-

2114 5419 2319 5492 mittit,
2368 5418 2615 5481 ordinat
2640 5419 2793 5498 quid
2838 5419 2971 5499 ipse
3007 5437 3119 5498 pro
3164 5419 3284 5479 alio
3320 5418 3511 5478 facere
3545 5413 3645 5476 de-

2112 5512 2283 5590 beat,
2334 5518 2395 5574 et
2448 5531 2591 5583 cum
2633 5513 2822 5574 homo
2868 5511 3169 5597 promittit
3223 5513 3374 5589 Deo,
3422 5509 3641 5576 ordinat
