<?xml version="1.0" encoding="UTF-8"?>
<!DOCTYPE html PUBLIC "-//W3C//DTD XHTML 1.0 Transitional//EN"
    "http://www.w3.org/TR/xhtml1/DTD/xhtml1-transitional.dtd">
<html xmlns="http://www.w3.org/1999/xhtml" xml:lang="en" lang="en">
 <head>
  <title>
</title>
<meta http-equiv="Content-Type" content="text/html;charset=utf-8" />
  <meta name='ocr-system' content='tesseract 3.04.00' />
  <meta name='ocr-capabilities' content='ocr_page ocr_carea ocr_par ocr_line ocrx_word'/>
</head>
<body>
  <div class='ocr_page' id='page_1' title='image "./rpfranciscisuar01duvagoog_0284.png"; bbox 0 0 3850 6225; ppageno 0'>
   <div class='ocr_carea' id='block_1_1' title="bbox 484 354 607 417">
    <p class='ocr_par' dir='ltr' id='par_1_1' title="bbox 484 354 607 417">
     <span class='ocr_line' id='line_1_1' title="bbox 484 354 607 417; baseline -0.033 1"><span class='ocrx_word' id='word_1_1' title='bbox 484 354 607 417; x_wconf 73' lang='lat'>270</span> 
     </span>
    </p>
   </div>
   <div class='ocr_carea' id='block_1_2' title="bbox 472 459 2050 5584">
    <p class='ocr_par' dir='ltr' id='par_1_2' title="bbox 477 459 2050 3047">
     <span class='ocr_line' id='line_1_2' title="bbox 483 459 2046 525; baseline 0.001 -2"><span class='ocrx_word' id='word_1_2' title='bbox 483 464 545 524; x_wconf 82' lang='lat' dir='ltr'>vi</span> <span class='ocrx_word' id='word_1_3' title='bbox 574 459 931 523; x_wconf 89' lang='lat' dir='ltr'>intentionis</span> <span class='ocrx_word' id='word_1_4' title='bbox 953 466 1015 523; x_wconf 91' lang='lat' dir='ltr'>et</span> <span class='ocrx_word' id='word_1_5' title='bbox 1042 461 1361 525; x_wconf 80' lang='lat' dir='ltr'><strong>electionis</strong></span> <span class='ocrx_word' id='word_1_6' title='bbox 1388 462 1757 525; x_wconf 83' lang='lat' dir='ltr'><strong>ordinantur</strong></span> <span class='ocrx_word' id='word_1_7' title='bbox 1782 468 1855 524; x_wconf 87' lang='lat' dir='ltr'>nt</span> <span class='ocrx_word' id='word_1_8' title='bbox 1890 462 2046 524; x_wconf 86' lang='lat' dir='ltr'>fiant</span> 
     </span>
     <span class='ocr_line' id='line_1_3' title="bbox 486 557 2044 638; baseline -0.001 -20"><span class='ocrx_word' id='word_1_9' title='bbox 486 562 550 619; x_wconf 89' lang='lat' dir='ltr'>et</span> <span class='ocrx_word' id='word_1_10' title='bbox 574 557 885 635; x_wconf 79' lang='lat' dir='ltr'>placeant,</span> <span class='ocrx_word' id='word_1_11' title='bbox 914 560 975 617; x_wconf 92' lang='lat' dir='ltr'>et</span> <span class='ocrx_word' id='word_1_12' title='bbox 994 560 1397 636; x_wconf 81' lang='lat' dir='ltr'>acceptentur</span> <span class='ocrx_word' id='word_1_13' title='bbox 1424 557 1505 618; x_wconf 87' lang='lat' dir='ltr'>ab</span> <span class='ocrx_word' id='word_1_14' title='bbox 1534 576 1611 619; x_wconf 92' lang='lat' dir='ltr'>eo</span> <span class='ocrx_word' id='word_1_15' title='bbox 1642 558 1747 638; x_wconf 91' lang='lat' dir='ltr'>qui</span> <span class='ocrx_word' id='word_1_16' title='bbox 1782 557 2044 618; x_wconf 85' lang='lat' dir='ltr'>daturus</span> 
     </span>
     <span class='ocr_line' id='line_1_4' title="bbox 487 650 2045 733; baseline -0.001 -20"><span class='ocrx_word' id='word_1_17' title='bbox 487 656 582 713; x_wconf 91' lang='lat' dir='ltr'>est</span> <span class='ocrx_word' id='word_1_18' title='bbox 608 650 953 729; x_wconf 70' lang='lat' dir='ltr'>praemium.</span> <span class='ocrx_word' id='word_1_19' title='bbox 988 650 1281 722; x_wconf 86' lang='lat' dir='ltr'>Quamvis</span> <span class='ocrx_word' id='word_1_20' title='bbox 1312 660 1462 733; x_wconf 86' lang='lat' dir='ltr'>ergo</span> <span class='ocrx_word' id='word_1_21' title='bbox 1488 652 1625 713; x_wconf 83' lang='lat' dir='ltr'>haec</span> <span class='ocrx_word' id='word_1_22' title='bbox 1654 652 1863 713; x_wconf 88' lang='lat' dir='ltr'>media</span> <span class='ocrx_word' id='word_1_23' title='bbox 1894 670 2045 715; x_wconf 90' lang='lat' dir='ltr'>cau-</span> 
     </span>
     <span class='ocr_line' id='line_1_5' title="bbox 486 743 2044 825; baseline -0.001 -20"><span class='ocrx_word' id='word_1_24' title='bbox 486 750 625 805; x_wconf 89' lang='lat' dir='ltr'>sent</span> <span class='ocrx_word' id='word_1_25' title='bbox 659 761 775 823; x_wconf 90' lang='lat' dir='ltr'>per</span> <span class='ocrx_word' id='word_1_26' title='bbox 800 750 1158 823; x_wconf 88' lang='lat' dir='ltr'>respectum</span> <span class='ocrx_word' id='word_1_27' title='bbox 1203 744 1287 805; x_wconf 85' lang='lat' dir='ltr'>ad</span> <span class='ocrx_word' id='word_1_28' title='bbox 1328 746 1462 825; x_wconf 82' lang='lat' dir='ltr'>ejus</span> <span class='ocrx_word' id='word_1_29' title='bbox 1508 744 1893 807; x_wconf 80' lang='lat' dir='ltr'>voluntatem</span> <span class='ocrx_word' id='word_1_30' title='bbox 1937 743 2044 823; x_wconf 90' lang='lat' dir='ltr'>qui</span> 
     </span>
     <span class='ocr_line' id='line_1_6' title="bbox 484 836 2048 914; baseline 0 -16"><span class='ocrx_word' id='word_1_31' title='bbox 484 836 745 898; x_wconf 84' lang='lat' dir='ltr'>daturus</span> <span class='ocrx_word' id='word_1_32' title='bbox 774 840 869 897; x_wconf 81' lang='lat' dir='ltr'>est</span> <span class='ocrx_word' id='word_1_33' title='bbox 908 838 1253 914; x_wconf 68' lang='lat' dir='ltr'>premium,</span> <span class='ocrx_word' id='word_1_34' title='bbox 1282 856 1407 900; x_wconf 90' lang='lat' dir='ltr'>non</span> <span class='ocrx_word' id='word_1_35' title='bbox 1448 836 1591 899; x_wconf 91' lang='lat' dir='ltr'>ideo</span> <span class='ocrx_word' id='word_1_36' title='bbox 1640 856 1899 899; x_wconf 86' lang='lat' dir='ltr'>necesse</span> <span class='ocrx_word' id='word_1_37' title='bbox 1952 842 2048 898; x_wconf 90' lang='lat' dir='ltr'>est</span> 
     </span>
     <span class='ocr_line' id='line_1_7' title="bbox 484 929 2040 1009; baseline 0 -18"><span class='ocrx_word' id='word_1_38' title='bbox 484 936 554 992; x_wconf 91' lang='lat' dir='ltr'>ut</span> <span class='ocrx_word' id='word_1_39' title='bbox 582 930 855 991; x_wconf 82' lang='lat' dir='ltr'>sciantur</span> <span class='ocrx_word' id='word_1_40' title='bbox 895 930 1103 990; x_wconf 83' lang='lat' dir='ltr'>futura</span> <span class='ocrx_word' id='word_1_41' title='bbox 1146 936 1209 990; x_wconf 92' lang='lat' dir='ltr'>et</span> <span class='ocrx_word' id='word_1_42' title='bbox 1254 930 1557 1009; x_wconf 82' lang='lat' dir='ltr'>placitura</span> <span class='ocrx_word' id='word_1_43' title='bbox 1600 930 1689 991; x_wconf 90' lang='lat' dir='ltr'>illi</span> <span class='ocrx_word' id='word_1_44' title='bbox 1732 929 2040 1006; x_wconf 88' lang='lat' dir='ltr'>absolute,</span> 
     </span>
     <span class='ocr_line' id='line_1_8' title="bbox 486 1023 2046 1103; baseline -0.001 -18"><span class='ocrx_word' id='word_1_45' title='bbox 486 1023 599 1085; x_wconf 76' lang='lat' dir='ltr'>sed</span> <span class='ocrx_word' id='word_1_46' title='bbox 636 1025 785 1085; x_wconf 88' lang='lat' dir='ltr'>satis</span> <span class='ocrx_word' id='word_1_47' title='bbox 821 1023 987 1102; x_wconf 88' lang='lat' dir='ltr'>quod</span> <span class='ocrx_word' id='word_1_48' title='bbox 1018 1031 1606 1103; x_wconf 78' lang='lat' dir='ltr'>praecognoscantur</span> <span class='ocrx_word' id='word_1_49' title='bbox 1654 1026 1803 1103; x_wconf 83' lang='lat' dir='ltr'>apta</span> <span class='ocrx_word' id='word_1_50' title='bbox 1852 1029 1917 1085; x_wconf 83' lang='lat' dir='ltr'>et</span> <span class='ocrx_word' id='word_1_51' title='bbox 1957 1023 2046 1084; x_wconf 91' lang='lat' dir='ltr'>di-</span> 
     </span>
     <span class='ocr_line' id='line_1_9' title="bbox 486 1116 2050 1199; baseline -0.001 -20"><span class='ocrx_word' id='word_1_52' title='bbox 486 1136 611 1199; x_wconf 81' lang='lat' dir='ltr'>gna</span> <span class='ocrx_word' id='word_1_53' title='bbox 660 1117 799 1197; x_wconf 87' lang='lat' dir='ltr'>ejus</span> <span class='ocrx_word' id='word_1_54' title='bbox 856 1116 1309 1195; x_wconf 80' lang='lat' dir='ltr'>acceptatione,</span> <span class='ocrx_word' id='word_1_55' title='bbox 1364 1118 1415 1177; x_wconf 89' lang='lat' dir='ltr'>si</span> <span class='ocrx_word' id='word_1_56' title='bbox 1460 1118 1639 1192; x_wconf 88' lang='lat' dir='ltr'>fiant,</span> <span class='ocrx_word' id='word_1_57' title='bbox 1692 1122 1761 1178; x_wconf 88' lang='lat' dir='ltr'>ut</span> <span class='ocrx_word' id='word_1_58' title='bbox 1802 1117 2050 1195; x_wconf 87' lang='lat' dir='ltr'>possint</span> 
     </span>
     <span class='ocr_line' id='line_1_10' title="bbox 487 1209 2042 1291; baseline -0.001 -19"><span class='ocrx_word' id='word_1_59' title='bbox 487 1212 629 1291; x_wconf 83' lang='lat' dir='ltr'>eligi</span> <span class='ocrx_word' id='word_1_60' title='bbox 671 1230 783 1272; x_wconf 91' lang='lat' dir='ltr'>seu</span> <span class='ocrx_word' id='word_1_61' title='bbox 823 1209 1095 1272; x_wconf 86' lang='lat' dir='ltr'>ordinari</span> <span class='ocrx_word' id='word_1_62' title='bbox 1135 1209 1217 1271; x_wconf 87' lang='lat' dir='ltr'>ad</span> <span class='ocrx_word' id='word_1_63' title='bbox 1244 1212 1437 1273; x_wconf 90' lang='lat' dir='ltr'>talem</span> <span class='ocrx_word' id='word_1_64' title='bbox 1472 1212 1687 1273; x_wconf 89' lang='lat' dir='ltr'>finem.</span> <span class='ocrx_word' id='word_1_65' title='bbox 1716 1211 2042 1283; x_wconf 83' lang='lat' dir='ltr'>Quocirca,</span> 
     </span>
     <span class='ocr_line' id='line_1_11' title="bbox 485 1302 2048 1383; baseline 0 -18"><span class='ocrx_word' id='word_1_66' title='bbox 485 1304 739 1382; x_wconf 89' lang='lat' dir='ltr'>quando</span> <span class='ocrx_word' id='word_1_67' title='bbox 768 1306 934 1365; x_wconf 91' lang='lat' dir='ltr'>Deus</span> <span class='ocrx_word' id='word_1_68' title='bbox 958 1302 1184 1364; x_wconf 90' lang='lat' dir='ltr'>dicitur</span> <span class='ocrx_word' id='word_1_69' title='bbox 1206 1310 1463 1383; x_wconf 91' lang='lat' dir='ltr'>propter</span> <span class='ocrx_word' id='word_1_70' title='bbox 1476 1303 1699 1365; x_wconf 86' lang='lat' dir='ltr'>merita</span> <span class='ocrx_word' id='word_1_71' title='bbox 1718 1304 2048 1365; x_wconf 81' lang='lat' dir='ltr'>existentia</span> 
     </span>
     <span class='ocr_line' id='line_1_12' title="bbox 482 1396 2050 1477; baseline 0.001 -19"><span class='ocrx_word' id='word_1_72' title='bbox 482 1397 584 1458; x_wconf 86' lang='lat' dir='ltr'>vel</span> <span class='ocrx_word' id='word_1_73' title='bbox 623 1397 889 1475; x_wconf 82' lang='lat' dir='ltr'>proevisa</span> <span class='ocrx_word' id='word_1_74' title='bbox 920 1396 1069 1457; x_wconf 89' lang='lat' dir='ltr'>dare</span> <span class='ocrx_word' id='word_1_75' title='bbox 1112 1402 1175 1457; x_wconf 89' lang='lat' dir='ltr'>et</span> <span class='ocrx_word' id='word_1_76' title='bbox 1217 1397 1380 1459; x_wconf 73' lang='lat' dir='ltr'>velle</span> <span class='ocrx_word' id='word_1_77' title='bbox 1418 1396 1567 1458; x_wconf 87' lang='lat' dir='ltr'>dare</span> <span class='ocrx_word' id='word_1_78' title='bbox 1598 1397 1885 1475; x_wconf 79' lang='lat' dir='ltr'>gloriam,</span> <span class='ocrx_word' id='word_1_79' title='bbox 1911 1397 2050 1477; x_wconf 84' lang='lat' dir='ltr'>jam</span> 
     </span>
     <span class='ocr_line' id='line_1_13' title="bbox 484 1490 2050 1551; baseline 0 0"><span class='ocrx_word' id='word_1_80' title='bbox 484 1497 633 1551; x_wconf 87' lang='lat' dir='ltr'>tunc</span> <span class='ocrx_word' id='word_1_81' title='bbox 654 1490 877 1551; x_wconf 84' lang='lat' dir='ltr'>merita</span> <span class='ocrx_word' id='word_1_82' title='bbox 914 1508 1043 1549; x_wconf 90' lang='lat' dir='ltr'>non</span> <span class='ocrx_word' id='word_1_83' title='bbox 1088 1490 1564 1551; x_wconf 84' lang='lat' dir='ltr'>considerantur</span> <span class='ocrx_word' id='word_1_84' title='bbox 1589 1495 1658 1550; x_wconf 90' lang='lat' dir='ltr'>ut</span> <span class='ocrx_word' id='word_1_85' title='bbox 1682 1490 1891 1551; x_wconf 87' lang='lat' dir='ltr'>media</span> <span class='ocrx_word' id='word_1_86' title='bbox 1938 1490 2050 1551; x_wconf 90' lang='lat' dir='ltr'>eli-</span> 
     </span>
     <span class='ocr_line' id='line_1_14' title="bbox 484 1580 2044 1663; baseline -0.001 -19"><span class='ocrx_word' id='word_1_87' title='bbox 484 1580 710 1663; x_wconf 86' lang='lat' dir='ltr'>genda,</span> <span class='ocrx_word' id='word_1_88' title='bbox 746 1582 858 1642; x_wconf 90' lang='lat' dir='ltr'>sed</span> <span class='ocrx_word' id='word_1_89' title='bbox 883 1582 1229 1643; x_wconf 90' lang='lat' dir='ltr'>secundum</span> <span class='ocrx_word' id='word_1_90' title='bbox 1254 1583 1442 1643; x_wconf 83' lang='lat' dir='ltr'>aliam</span> <span class='ocrx_word' id='word_1_91' title='bbox 1478 1583 1785 1643; x_wconf 83' lang='lat' dir='ltr'>rationem</span> <span class='ocrx_word' id='word_1_92' title='bbox 1812 1601 2044 1657; x_wconf 81' lang='lat' dir='ltr'>causae,</span> 
     </span>
     <span class='ocr_line' id='line_1_15' title="bbox 484 1674 2048 1757; baseline 0 -20"><span class='ocrx_word' id='word_1_93' title='bbox 484 1694 625 1757; x_wconf 74' lang='lat' dir='ltr'>quae</span> <span class='ocrx_word' id='word_1_94' title='bbox 658 1675 740 1735; x_wconf 88' lang='lat' dir='ltr'>ad</span> <span class='ocrx_word' id='word_1_95' title='bbox 770 1674 1142 1737; x_wconf 86' lang='lat' dir='ltr'>efficientem</span> <span class='ocrx_word' id='word_1_96' title='bbox 1181 1676 1281 1737; x_wconf 80' lang='lat' dir='ltr'>vel</span> <span class='ocrx_word' id='word_1_97' title='bbox 1322 1676 1745 1755; x_wconf 86' lang='lat' dir='ltr'>dispositivam</span> <span class='ocrx_word' id='word_1_98' title='bbox 1788 1695 2048 1739; x_wconf 78' lang='lat' dir='ltr'>revoca-</span> 
     </span>
     <span class='ocr_line' id='line_1_16' title="bbox 482 1770 2047 1851; baseline 0 -18"><span class='ocrx_word' id='word_1_99' title='bbox 482 1778 606 1833; x_wconf 87' lang='lat' dir='ltr'>tur.</span> <span class='ocrx_word' id='word_1_100' title='bbox 640 1771 899 1843; x_wconf 86' lang='lat' dir='ltr'>Quando</span> <span class='ocrx_word' id='word_1_101' title='bbox 930 1770 1097 1831; x_wconf 89' lang='lat' dir='ltr'>enim</span> <span class='ocrx_word' id='word_1_102' title='bbox 1141 1770 1407 1832; x_wconf 88' lang='lat' dir='ltr'>dicimus</span> <span class='ocrx_word' id='word_1_103' title='bbox 1438 1772 1635 1833; x_wconf 89' lang='lat' dir='ltr'>Deum</span> <span class='ocrx_word' id='word_1_104' title='bbox 1684 1771 1835 1832; x_wconf 89' lang='lat' dir='ltr'>dare</span> <span class='ocrx_word' id='word_1_105' title='bbox 1885 1790 2047 1851; x_wconf 74' lang='lat' dir='ltr'>prae-</span> 
     </span>
     <span class='ocr_line' id='line_1_17' title="bbox 482 1864 2046 1946; baseline -0.001 -21"><span class='ocrx_word' id='word_1_106' title='bbox 482 1866 681 1925; x_wconf 89' lang='lat' dir='ltr'>mium</span> <span class='ocrx_word' id='word_1_107' title='bbox 705 1870 960 1945; x_wconf 88' lang='lat' dir='ltr'>propter</span> <span class='ocrx_word' id='word_1_108' title='bbox 986 1866 1230 1936; x_wconf 87' lang='lat' dir='ltr'>merita,</span> <span class='ocrx_word' id='word_1_109' title='bbox 1265 1864 1441 1938; x_wconf 91' lang='lat' dir='ltr'>illud,</span> <span class='ocrx_word' id='word_1_110' title='bbox 1466 1868 1740 1946; x_wconf 76' lang='lat' dir='ltr'>propter,</span> <span class='ocrx_word' id='word_1_111' title='bbox 1784 1882 1913 1927; x_wconf 89' lang='lat' dir='ltr'>non</span> <span class='ocrx_word' id='word_1_112' title='bbox 1956 1864 2046 1925; x_wconf 90' lang='lat' dir='ltr'>di-</span> 
     </span>
     <span class='ocr_line' id='line_1_18' title="bbox 484 1957 2046 2038; baseline -0.003 -17"><span class='ocrx_word' id='word_1_113' title='bbox 484 1960 565 2021; x_wconf 87' lang='lat' dir='ltr'>cit</span> <span class='ocrx_word' id='word_1_114' title='bbox 595 1976 849 2021; x_wconf 87' lang='lat' dir='ltr'>causam</span> <span class='ocrx_word' id='word_1_115' title='bbox 878 1957 1155 2031; x_wconf 86' lang='lat' dir='ltr'>finalem,</span> <span class='ocrx_word' id='word_1_116' title='bbox 1200 1964 1271 2018; x_wconf 90' lang='lat' dir='ltr'>ut</span> <span class='ocrx_word' id='word_1_117' title='bbox 1312 1976 1427 2038; x_wconf 90' lang='lat' dir='ltr'>per</span> <span class='ocrx_word' id='word_1_118' title='bbox 1472 1976 1538 2019; x_wconf 89' lang='lat' dir='ltr'>se</span> <span class='ocrx_word' id='word_1_119' title='bbox 1584 1964 1847 2033; x_wconf 87' lang='lat' dir='ltr'>constat,</span> <span class='ocrx_word' id='word_1_120' title='bbox 1896 1957 2046 2037; x_wconf 87' lang='lat' dir='ltr'>quia</span> 
     </span>
     <span class='ocr_line' id='line_1_19' title="bbox 482 2050 2046 2130; baseline -0.001 -18"><span class='ocrx_word' id='word_1_121' title='bbox 482 2052 775 2113; x_wconf 87' lang='lat' dir='ltr'>meritum</span> <span class='ocrx_word' id='word_1_122' title='bbox 797 2068 927 2112; x_wconf 89' lang='lat' dir='ltr'>non</span> <span class='ocrx_word' id='word_1_123' title='bbox 954 2056 1048 2111; x_wconf 88' lang='lat' dir='ltr'>cst</span> <span class='ocrx_word' id='word_1_124' title='bbox 1076 2050 1217 2111; x_wconf 87' lang='lat' dir='ltr'>finis</span> <span class='ocrx_word' id='word_1_125' title='bbox 1239 2051 1505 2130; x_wconf 84' lang='lat' dir='ltr'>praemii,</span> <span class='ocrx_word' id='word_1_126' title='bbox 1531 2050 1643 2112; x_wconf 89' lang='lat' dir='ltr'>sed</span> <span class='ocrx_word' id='word_1_127' title='bbox 1670 2051 1817 2113; x_wconf 91' lang='lat' dir='ltr'>dicit</span> <span class='ocrx_word' id='word_1_128' title='bbox 1842 2069 2046 2112; x_wconf 89' lang='lat' dir='ltr'>mora-</span> 
     </span>
     <span class='ocr_line' id='line_1_20' title="bbox 481 2142 2046 2223; baseline -0.002 -17"><span class='ocrx_word' id='word_1_129' title='bbox 481 2145 609 2207; x_wconf 88' lang='lat' dir='ltr'>lem</span> <span class='ocrx_word' id='word_1_130' title='bbox 650 2162 904 2206; x_wconf 84' lang='lat' dir='ltr'>causam</span> <span class='ocrx_word' id='word_1_131' title='bbox 945 2144 1293 2205; x_wconf 79' lang='lat' dir='ltr'>effectivam</span> <span class='ocrx_word' id='word_1_132' title='bbox 1328 2142 1427 2205; x_wconf 80' lang='lat' dir='ltr'>vel</span> <span class='ocrx_word' id='word_1_133' title='bbox 1457 2144 1917 2223; x_wconf 77' lang='lat' dir='ltr'>dispositivam3</span> <span class='ocrx_word' id='word_1_134' title='bbox 1961 2143 2046 2203; x_wconf 88' lang='lat' dir='ltr'>si-</span> 
     </span>
     <span class='ocr_line' id='line_1_21' title="bbox 483 2236 2044 2317; baseline -0.003 -17"><span class='ocrx_word' id='word_1_135' title='bbox 483 2246 589 2301; x_wconf 90' lang='lat' dir='ltr'>cut</span> <span class='ocrx_word' id='word_1_136' title='bbox 619 2239 805 2300; x_wconf 85' lang='lat' dir='ltr'>etiam</span> <span class='ocrx_word' id='word_1_137' title='bbox 846 2238 1013 2298; x_wconf 90' lang='lat' dir='ltr'>Deus</span> <span class='ocrx_word' id='word_1_138' title='bbox 1046 2236 1155 2300; x_wconf 88' lang='lat' dir='ltr'>dat</span> <span class='ocrx_word' id='word_1_139' title='bbox 1194 2238 1459 2317; x_wconf 82' lang='lat' dir='ltr'>gratiam</span> <span class='ocrx_word' id='word_1_140' title='bbox 1508 2243 1762 2317; x_wconf 88' lang='lat' dir='ltr'>propter</span> <span class='ocrx_word' id='word_1_141' title='bbox 1812 2237 2044 2297; x_wconf 86' lang='lat' dir='ltr'>contri-</span> 
     </span>
     <span class='ocr_line' id='line_1_22' title="bbox 480 2331 2043 2411; baseline -0.003 -15"><span class='ocrx_word' id='word_1_142' title='bbox 480 2335 739 2407; x_wconf 86' lang='lat' dir='ltr'>tionem,</span> <span class='ocrx_word' id='word_1_143' title='bbox 788 2332 891 2393; x_wconf 80' lang='lat' dir='ltr'>vel</span> <span class='ocrx_word' id='word_1_144' title='bbox 934 2331 1211 2411; x_wconf 86' lang='lat' dir='ltr'>pluviam</span> <span class='ocrx_word' id='word_1_145' title='bbox 1258 2337 1515 2411; x_wconf 87' lang='lat' dir='ltr'>propter</span> <span class='ocrx_word' id='word_1_146' title='bbox 1552 2331 1934 2402; x_wconf 86' lang='lat' dir='ltr'>orationem;</span> <span class='ocrx_word' id='word_1_147' title='bbox 1979 2337 2043 2392; x_wconf 90' lang='lat' dir='ltr'>et</span> 
     </span>
     <span class='ocr_line' id='line_1_23' title="bbox 480 2423 2047 2504; baseline -0.003 -15"><span class='ocrx_word' id='word_1_148' title='bbox 480 2426 623 2489; x_wconf 88' lang='lat' dir='ltr'>ideo</span> <span class='ocrx_word' id='word_1_149' title='bbox 654 2428 717 2487; x_wconf 89' lang='lat' dir='ltr'>in</span> <span class='ocrx_word' id='word_1_150' title='bbox 748 2428 868 2487; x_wconf 88' lang='lat' dir='ltr'>hoc</span> <span class='ocrx_word' id='word_1_151' title='bbox 896 2424 1115 2487; x_wconf 84' lang='lat' dir='ltr'>ordine</span> <span class='ocrx_word' id='word_1_152' title='bbox 1138 2426 1367 2487; x_wconf 89' lang='lat' dir='ltr'>mirum</span> <span class='ocrx_word' id='word_1_153' title='bbox 1394 2443 1523 2485; x_wconf 91' lang='lat' dir='ltr'>non</span> <span class='ocrx_word' id='word_1_154' title='bbox 1552 2430 1646 2485; x_wconf 88' lang='lat' dir='ltr'>est</span> <span class='ocrx_word' id='word_1_155' title='bbox 1690 2423 1861 2503; x_wconf 89' lang='lat' dir='ltr'>quod</span> <span class='ocrx_word' id='word_1_156' title='bbox 1894 2441 2047 2504; x_wconf 81' lang='lat' dir='ltr'>prae-</span> 
     </span>
     <span class='ocr_line' id='line_1_24' title="bbox 482 2518 2046 2598; baseline -0.002 -17"><span class='ocrx_word' id='word_1_157' title='bbox 482 2520 741 2581; x_wconf 87' lang='lat' dir='ltr'>scientia</span> <span class='ocrx_word' id='word_1_158' title='bbox 766 2518 905 2581; x_wconf 89' lang='lat' dir='ltr'>talis</span> <span class='ocrx_word' id='word_1_159' title='bbox 934 2536 1139 2579; x_wconf 78' lang='lat' dir='ltr'>causae</span> <span class='ocrx_word' id='word_1_160' title='bbox 1164 2518 1464 2598; x_wconf 73' lang='lat' dir='ltr'>proximae</span> <span class='ocrx_word' id='word_1_161' title='bbox 1490 2522 1880 2597; x_wconf 87' lang='lat' dir='ltr'>supponatur</span> <span class='ocrx_word' id='word_1_162' title='bbox 1898 2522 2046 2579; x_wconf 89' lang='lat' dir='ltr'>ante</span> 
     </span>
     <span class='ocr_line' id='line_1_25' title="bbox 477 2610 2042 2690; baseline -0.003 -16"><span class='ocrx_word' id='word_1_163' title='bbox 477 2613 865 2674; x_wconf 79' lang='lat' dir='ltr'>voluntatem</span> <span class='ocrx_word' id='word_1_164' title='bbox 932 2611 1123 2673; x_wconf 88' lang='lat' dir='ltr'>dandi</span> <span class='ocrx_word' id='word_1_165' title='bbox 1176 2612 1469 2672; x_wconf 79' lang='lat' dir='ltr'>effectum</span> <span class='ocrx_word' id='word_1_166' title='bbox 1527 2616 1782 2690; x_wconf 86' lang='lat' dir='ltr'>propter</span> <span class='ocrx_word' id='word_1_167' title='bbox 1835 2610 2006 2671; x_wconf 88' lang='lat' dir='ltr'>illam</span> <span class='ocrx_word' id='word_1_168' title='bbox 2027 2654 2042 2681; x_wconf 92' lang='lat'>,</span> 
     </span>
     <span class='ocr_line' id='line_1_26' title="bbox 479 2702 2043 2785; baseline -0.003 -19"><span class='ocrx_word' id='word_1_169' title='bbox 479 2706 779 2785; x_wconf 86' lang='lat' dir='ltr'>quiajam</span> <span class='ocrx_word' id='word_1_170' title='bbox 806 2706 911 2767; x_wconf 90' lang='lat' dir='ltr'>illa</span> <span class='ocrx_word' id='word_1_171' title='bbox 938 2704 1229 2765; x_wconf 83' lang='lat' dir='ltr'>voluntas</span> <span class='ocrx_word' id='word_1_172' title='bbox 1258 2722 1387 2765; x_wconf 90' lang='lat' dir='ltr'>non</span> <span class='ocrx_word' id='word_1_173' title='bbox 1430 2704 1701 2783; x_wconf 86' lang='lat' dir='ltr'>pertinet</span> <span class='ocrx_word' id='word_1_174' title='bbox 1747 2702 1829 2764; x_wconf 87' lang='lat' dir='ltr'>ad</span> <span class='ocrx_word' id='word_1_175' title='bbox 1880 2702 2043 2763; x_wconf 91' lang='lat' dir='ltr'>ordi-</span> 
     </span>
     <span class='ocr_line' id='line_1_27' title="bbox 478 2796 2042 2875; baseline -0.001 -16"><span class='ocrx_word' id='word_1_176' title='bbox 478 2817 627 2860; x_wconf 89' lang='lat' dir='ltr'>nem</span> <span class='ocrx_word' id='word_1_177' title='bbox 657 2798 1041 2871; x_wconf 76' lang='lat' dir='ltr'>intentioniS,</span> <span class='ocrx_word' id='word_1_178' title='bbox 1070 2797 1185 2858; x_wconf 89' lang='lat' dir='ltr'>sed</span> <span class='ocrx_word' id='word_1_179' title='bbox 1224 2796 1566 2869; x_wconf 75' lang='lat' dir='ltr'>electioniS,</span> <span class='ocrx_word' id='word_1_180' title='bbox 1610 2814 1799 2875; x_wconf 86' lang='lat' dir='ltr'>quam</span> <span class='ocrx_word' id='word_1_181' title='bbox 1850 2814 2042 2875; x_wconf 84' lang='lat' dir='ltr'>supra</span> 
     </span>
     <span class='ocr_line' id='line_1_28' title="bbox 481 2890 2041 2971; baseline -0.003 -18"><span class='ocrx_word' id='word_1_182' title='bbox 481 2892 605 2953; x_wconf 90' lang='lat' dir='ltr'>late</span> <span class='ocrx_word' id='word_1_183' title='bbox 658 2891 1112 2953; x_wconf 79' lang='lat' dir='ltr'>declaravimus</span> <span class='ocrx_word' id='word_1_184' title='bbox 1170 2907 1527 2971; x_wconf 85' lang='lat' dir='ltr'>supponere</span> <span class='ocrx_word' id='word_1_185' title='bbox 1582 2890 2041 2969; x_wconf 85' lang='lat' dir='ltr'>praescientiam</span> 
     </span>
     <span class='ocr_line' id='line_1_29' title="bbox 478 2986 867 3047; baseline -0.008 0"><span class='ocrx_word' id='word_1_186' title='bbox 478 2986 867 3047; x_wconf 89' lang='lat' dir='ltr'>meritorum.</span> 
     </span>
    </p>

    <p class='ocr_par' dir='ltr' id='par_1_3' title="bbox 472 3073 2044 5584">
     <span class='ocr_line' id='line_1_30' title="bbox 562 3073 2044 3160; baseline 0.001 -22"><span class='ocrx_word' id='word_1_187' title='bbox 562 3077 773 3152; x_wconf 82' lang='lat' dir='ltr'>Quoad</span> <span class='ocrx_word' id='word_1_188' title='bbox 791 3093 1061 3160; x_wconf 74' lang='lat' dir='ltr'>proesons</span> <span class='ocrx_word' id='word_1_189' title='bbox 1085 3075 1458 3153; x_wconf 71' lang='lat' dir='ltr'>institutum,</span> <span class='ocrx_word' id='word_1_190' title='bbox 1491 3073 1648 3139; x_wconf 68' lang='lat' dir='ltr'>nihil</span> <span class='ocrx_word' id='word_1_191' title='bbox 1671 3082 1795 3156; x_wconf 78' lang='lat' dir='ltr'>fere</span> <span class='ocrx_word' id='word_1_192' title='bbox 1828 3074 2044 3142; x_wconf 72' lang='lat' dir='ltr'>discri-</span> 
     </span>
     <span class='ocr_line' id='line_1_31' title="bbox 478 3169 2044 3251; baseline -0.002 -18"><span class='ocrx_word' id='word_1_193' title='bbox 478 3170 666 3233; x_wconf 74' lang='lat' dir='ltr'>minis</span> <span class='ocrx_word' id='word_1_194' title='bbox 692 3175 782 3233; x_wconf 75' lang='lat' dir='ltr'>est</span> <span class='ocrx_word' id='word_1_195' title='bbox 817 3172 979 3233; x_wconf 75' lang='lat' dir='ltr'>inter</span> <span class='ocrx_word' id='word_1_196' title='bbox 1005 3169 1203 3232; x_wconf 75' lang='lat' dir='ltr'>media</span> <span class='ocrx_word' id='word_1_197' title='bbox 1242 3169 1503 3251; x_wconf 70' lang='lat' dir='ltr'>physica</span> <span class='ocrx_word' id='word_1_198' title='bbox 1547 3175 1605 3232; x_wconf 77' lang='lat' dir='ltr'>et</span> <span class='ocrx_word' id='word_1_199' title='bbox 1649 3169 1932 3233; x_wconf 74' lang='lat' dir='ltr'>moralia.</span> <span class='ocrx_word' id='word_1_200' title='bbox 1962 3203 2044 3218; x_wconf 90' lang='lat'>-</span> 
     </span>
     <span class='ocr_line' id='line_1_32' title="bbox 480 3262 2044 3343; baseline 0 -17"><span class='ocrx_word' id='word_1_201' title='bbox 480 3267 695 3343; x_wconf 86' lang='lat' dir='ltr'>Neque</span> <span class='ocrx_word' id='word_1_202' title='bbox 742 3262 806 3324; x_wconf 89' lang='lat' dir='ltr'>in</span> <span class='ocrx_word' id='word_1_203' title='bbox 855 3263 977 3324; x_wconf 90' lang='lat' dir='ltr'>hoc</span> <span class='ocrx_word' id='word_1_204' title='bbox 1018 3262 1151 3324; x_wconf 78' lang='lat' dir='ltr'>fere</span> <span class='ocrx_word' id='word_1_205' title='bbox 1200 3269 1296 3324; x_wconf 88' lang='lat' dir='ltr'>est</span> <span class='ocrx_word' id='word_1_206' title='bbox 1342 3263 1471 3325; x_wconf 88' lang='lat' dir='ltr'>ulla</span> <span class='ocrx_word' id='word_1_207' title='bbox 1500 3264 1851 3325; x_wconf 80' lang='lat' dir='ltr'>differentia</span> <span class='ocrx_word' id='word_1_208' title='bbox 1879 3264 2044 3326; x_wconf 91' lang='lat' dir='ltr'>inter</span> 
     </span>
     <span class='ocr_line' id='line_1_33' title="bbox 478 3355 2040 3436; baseline -0.001 -18"><span class='ocrx_word' id='word_1_209' title='bbox 478 3357 687 3418; x_wconf 88' lang='lat' dir='ltr'>media</span> <span class='ocrx_word' id='word_1_210' title='bbox 711 3356 971 3436; x_wconf 78' lang='lat' dir='ltr'>physica</span> <span class='ocrx_word' id='word_1_211' title='bbox 1000 3360 1066 3416; x_wconf 93' lang='lat' dir='ltr'>et</span> <span class='ocrx_word' id='word_1_212' title='bbox 1092 3356 1378 3429; x_wconf 89' lang='lat' dir='ltr'>moralia,</span> <span class='ocrx_word' id='word_1_213' title='bbox 1409 3363 1639 3436; x_wconf 82' lang='lat' dir='ltr'>proeter</span> <span class='ocrx_word' id='word_1_214' title='bbox 1678 3355 1851 3416; x_wconf 87' lang='lat' dir='ltr'>illam</span> <span class='ocrx_word' id='word_1_215' title='bbox 1897 3373 2040 3435; x_wconf 83' lang='lat' dir='ltr'>quoe</span> 
     </span>
     <span class='ocr_line' id='line_1_34' title="bbox 479 3447 2043 3530; baseline -0.001 -21"><span class='ocrx_word' id='word_1_216' title='bbox 479 3447 759 3509; x_wconf 86' lang='lat' dir='ltr'>consistit</span> <span class='ocrx_word' id='word_1_217' title='bbox 790 3449 855 3508; x_wconf 92' lang='lat' dir='ltr'>in</span> <span class='ocrx_word' id='word_1_218' title='bbox 882 3447 1019 3527; x_wconf 89' lang='lat' dir='ltr'>ipso</span> <span class='ocrx_word' id='word_1_219' title='bbox 1044 3447 1233 3508; x_wconf 91' lang='lat' dir='ltr'>modo</span> <span class='ocrx_word' id='word_1_220' title='bbox 1269 3447 1671 3522; x_wconf 89' lang='lat' dir='ltr'>causalitatis,</span> <span class='ocrx_word' id='word_1_221' title='bbox 1701 3466 1739 3507; x_wconf 84' lang='lat' dir='ltr'>a</span> <span class='ocrx_word' id='word_1_222' title='bbox 1766 3465 1892 3528; x_wconf 89' lang='lat' dir='ltr'>quo</span> <span class='ocrx_word' id='word_1_223' title='bbox 1929 3449 2043 3530; x_wconf 54' lang='lat' dir='ltr'>haf-</span> 
     </span>
     <span class='ocr_line' id='line_1_35' title="bbox 477 3539 2036 3620; baseline -0.001 -18"><span class='ocrx_word' id='word_1_224' title='bbox 477 3541 631 3602; x_wconf 89' lang='lat' dir='ltr'>bent</span> <span class='ocrx_word' id='word_1_225' title='bbox 658 3547 727 3601; x_wconf 87' lang='lat' dir='ltr'>ut</span> <span class='ocrx_word' id='word_1_226' title='bbox 753 3539 1041 3602; x_wconf 86' lang='lat' dir='ltr'>dicantur</span> <span class='ocrx_word' id='word_1_227' title='bbox 1075 3541 1335 3620; x_wconf 84' lang='lat' dir='ltr'>physica</span> <span class='ocrx_word' id='word_1_228' title='bbox 1371 3541 1472 3602; x_wconf 83' lang='lat' dir='ltr'>vel</span> <span class='ocrx_word' id='word_1_229' title='bbox 1508 3540 1773 3601; x_wconf 88' lang='lat' dir='ltr'>moralia</span> <span class='ocrx_word' id='word_1_230' title='bbox 1803 3540 2036 3602; x_wconf 88' lang='lat' dir='ltr'>media.</span> 
     </span>
     <span class='ocr_line' id='line_1_36' title="bbox 476 3632 2044 3712; baseline -0.001 -16"><span class='ocrx_word' id='word_1_231' title='bbox 476 3632 865 3706; x_wconf 86' lang='lat' dir='ltr'>Declaratur,</span> <span class='ocrx_word' id='word_1_232' title='bbox 892 3633 1041 3712; x_wconf 85' lang='lat' dir='ltr'>quia</span> <span class='ocrx_word' id='word_1_233' title='bbox 1064 3632 1282 3694; x_wconf 89' lang='lat' dir='ltr'>ordine</span> <span class='ocrx_word' id='word_1_234' title='bbox 1312 3633 1671 3694; x_wconf 89' lang='lat' dir='ltr'>intentionis</span> <span class='ocrx_word' id='word_1_235' title='bbox 1706 3633 1881 3712; x_wconf 87' lang='lat' dir='ltr'>prius</span> <span class='ocrx_word' id='word_1_236' title='bbox 1908 3634 2044 3695; x_wconf 83' lang='lat' dir='ltr'>vult</span> 
     </span>
     <span class='ocr_line' id='line_1_37' title="bbox 476 3725 2038 3806; baseline 0.001 -19"><span class='ocrx_word' id='word_1_237' title='bbox 476 3727 645 3787; x_wconf 89' lang='lat' dir='ltr'>Deus</span> <span class='ocrx_word' id='word_1_238' title='bbox 672 3725 1004 3787; x_wconf 82' lang='lat' dir='ltr'>infundere</span> <span class='ocrx_word' id='word_1_239' title='bbox 1046 3725 1325 3786; x_wconf 88' lang='lat' dir='ltr'>animam</span> <span class='ocrx_word' id='word_1_240' title='bbox 1360 3725 1731 3788; x_wconf 88' lang='lat' dir='ltr'>rationalem</span> <span class='ocrx_word' id='word_1_241' title='bbox 1767 3727 2038 3806; x_wconf 90' lang='lat' dir='ltr'>corpori,</span> 
     </span>
     <span class='ocr_line' id='line_1_38' title="bbox 476 3819 2040 3902; baseline 0.002 -21"><span class='ocrx_word' id='word_1_242' title='bbox 476 3838 669 3901; x_wconf 80' lang='lat' dir='ltr'>quam</span> <span class='ocrx_word' id='word_1_243' title='bbox 693 3819 855 3882; x_wconf 79' lang='lat' dir='ltr'>velle</span> <span class='ocrx_word' id='word_1_244' title='bbox 884 3837 1027 3880; x_wconf 89' lang='lat' dir='ltr'>cum</span> <span class='ocrx_word' id='word_1_245' title='bbox 1050 3819 1291 3881; x_wconf 89' lang='lat' dir='ltr'>semine</span> <span class='ocrx_word' id='word_1_246' title='bbox 1320 3839 1695 3882; x_wconf 84' lang='lat' dir='ltr'>concurrere</span> <span class='ocrx_word' id='word_1_247' title='bbox 1726 3821 1809 3882; x_wconf 89' lang='lat' dir='ltr'>ad</span> <span class='ocrx_word' id='word_1_248' title='bbox 1834 3821 2040 3902; x_wconf 89' lang='lat' dir='ltr'>dispo-</span> 
     </span>
     <span class='ocr_line' id='line_1_39' title="bbox 476 3912 2042 3993; baseline 0.001 -19"><span class='ocrx_word' id='word_1_249' title='bbox 476 3914 755 3975; x_wconf 88' lang='lat' dir='ltr'>nendum</span> <span class='ocrx_word' id='word_1_250' title='bbox 782 3912 959 3986; x_wconf 91' lang='lat' dir='ltr'>illud,</span> <span class='ocrx_word' id='word_1_251' title='bbox 994 3919 1057 3975; x_wconf 89' lang='lat' dir='ltr'>et</span> <span class='ocrx_word' id='word_1_252' title='bbox 1080 3912 1162 3974; x_wconf 86' lang='lat' dir='ltr'>ad</span> <span class='ocrx_word' id='word_1_253' title='bbox 1198 3913 1473 3993; x_wconf 89' lang='lat' dir='ltr'>priorem</span> <span class='ocrx_word' id='word_1_254' title='bbox 1500 3915 1886 3976; x_wconf 81' lang='lat' dir='ltr'>voluntatem</span> <span class='ocrx_word' id='word_1_255' title='bbox 1910 3933 2042 3976; x_wconf 89' lang='lat' dir='ltr'>non</span> 
     </span>
     <span class='ocr_line' id='line_1_40' title="bbox 476 4009 2040 4090; baseline 0.001 -19"><span class='ocrx_word' id='word_1_256' title='bbox 476 4027 737 4072; x_wconf 88' lang='lat' dir='ltr'>necesse</span> <span class='ocrx_word' id='word_1_257' title='bbox 770 4013 865 4070; x_wconf 89' lang='lat' dir='ltr'>est</span> <span class='ocrx_word' id='word_1_258' title='bbox 908 4025 1263 4088; x_wconf 85' lang='lat' dir='ltr'>supponere</span> <span class='ocrx_word' id='word_1_259' title='bbox 1292 4009 1750 4090; x_wconf 63' lang='lat' dir='ltr'>praescientiam</span> <span class='ocrx_word' id='word_1_260' title='bbox 1792 4009 2040 4072; x_wconf 86' lang='lat' dir='ltr'>absolu·-</span> 
     </span>
     <span class='ocr_line' id='line_1_41' title="bbox 476 4101 2038 4182; baseline 0 -17"><span class='ocrx_word' id='word_1_261' title='bbox 476 4107 605 4166; x_wconf 80' lang='lat' dir='ltr'>tam</span> <span class='ocrx_word' id='word_1_262' title='bbox 632 4101 857 4163; x_wconf 78' lang='lat' dir='ltr'>futurae</span> <span class='ocrx_word' id='word_1_263' title='bbox 886 4101 1145 4162; x_wconf 87' lang='lat' dir='ltr'>actionis</span> <span class='ocrx_word' id='word_1_264' title='bbox 1182 4103 1439 4163; x_wconf 84' lang='lat' dir='ltr'>seminis</span> <span class='ocrx_word' id='word_1_265' title='bbox 1466 4102 1548 4164; x_wconf 90' lang='lat' dir='ltr'>ad</span> <span class='ocrx_word' id='word_1_266' title='bbox 1576 4103 2038 4182; x_wconf 88' lang='lat' dir='ltr'>disponendum</span> 
     </span>
     <span class='ocr_line' id='line_1_42' title="bbox 474 4195 2038 4276; baseline 0 -18"><span class='ocrx_word' id='word_1_267' title='bbox 474 4215 724 4276; x_wconf 74' lang='lat' dir='ltr'>corpuS,</span> <span class='ocrx_word' id='word_1_268' title='bbox 754 4195 867 4256; x_wconf 87' lang='lat' dir='ltr'>sed</span> <span class='ocrx_word' id='word_1_269' title='bbox 898 4195 1046 4256; x_wconf 86' lang='lat' dir='ltr'>satis</span> <span class='ocrx_word' id='word_1_270' title='bbox 1076 4199 1171 4256; x_wconf 85' lang='lat' dir='ltr'>est</span> <span class='ocrx_word' id='word_1_271' title='bbox 1196 4213 1709 4276; x_wconf 65' lang='lat' dir='ltr'>praecognoscere</span> <span class='ocrx_word' id='word_1_272' title='bbox 1743 4197 2038 4260; x_wconf 82' lang='lat' dir='ltr'>virtutem</span> 
     </span>
     <span class='ocr_line' id='line_1_43' title="bbox 476 4289 2041 4371; baseline 0.001 -19"><span class='ocrx_word' id='word_1_273' title='bbox 476 4297 539 4352; x_wconf 90' lang='lat' dir='ltr'>et</span> <span class='ocrx_word' id='word_1_274' title='bbox 576 4290 987 4370; x_wconf 87' lang='lat' dir='ltr'>aptitudinem</span> <span class='ocrx_word' id='word_1_275' title='bbox 1024 4289 1311 4364; x_wconf 89' lang='lat' dir='ltr'>seminis,</span> <span class='ocrx_word' id='word_1_276' title='bbox 1352 4296 1425 4352; x_wconf 90' lang='lat' dir='ltr'>ut</span> <span class='ocrx_word' id='word_1_277' title='bbox 1466 4291 1665 4370; x_wconf 85' lang='lat' dir='ltr'>possit</span> <span class='ocrx_word' id='word_1_278' title='bbox 1710 4292 1855 4371; x_wconf 83' lang='lat' dir='ltr'>eligi</span> <span class='ocrx_word' id='word_1_279' title='bbox 1898 4300 2041 4355; x_wconf 86' lang='lat' dir='ltr'>tan-</span> 
     </span>
     <span class='ocr_line' id='line_1_44' title="bbox 476 4381 2038 4462; baseline 0.004 -19"><span class='ocrx_word' id='word_1_280' title='bbox 476 4400 667 4462; x_wconf 87' lang='lat' dir='ltr'>quam</span> <span class='ocrx_word' id='word_1_281' title='bbox 716 4383 995 4443; x_wconf 89' lang='lat' dir='ltr'>medium</span> <span class='ocrx_word' id='word_1_282' title='bbox 1040 4381 1123 4443; x_wconf 94' lang='lat' dir='ltr'>ad</span> <span class='ocrx_word' id='word_1_283' title='bbox 1168 4381 1345 4442; x_wconf 89' lang='lat' dir='ltr'>illum</span> <span class='ocrx_word' id='word_1_284' title='bbox 1386 4383 1601 4446; x_wconf 85' lang='lat' dir='ltr'>finem.</span> <span class='ocrx_word' id='word_1_285' title='bbox 1638 4385 1859 4448; x_wconf 86' lang='lat' dir='ltr'>Postea</span> <span class='ocrx_word' id='word_1_286' title='bbox 1884 4404 2038 4448; x_wconf 85' lang='lat' dir='ltr'>vero</span> 
     </span>
     <span class='ocr_line' id='line_1_45' title="bbox 476 4477 2040 4557; baseline 0.003 -19"><span class='ocrx_word' id='word_1_287' title='bbox 476 4496 667 4557; x_wconf 87' lang='lat' dir='ltr'>quam</span> <span class='ocrx_word' id='word_1_288' title='bbox 694 4479 863 4539; x_wconf 88' lang='lat' dir='ltr'>Deus</span> <span class='ocrx_word' id='word_1_289' title='bbox 888 4477 1079 4557; x_wconf 83' lang='lat' dir='ltr'>elegit</span> <span class='ocrx_word' id='word_1_290' title='bbox 1104 4477 1224 4538; x_wconf 92' lang='lat' dir='ltr'>hoc</span> <span class='ocrx_word' id='word_1_291' title='bbox 1246 4477 1549 4552; x_wconf 88' lang='lat' dir='ltr'>medium,</span> <span class='ocrx_word' id='word_1_292' title='bbox 1580 4485 1643 4541; x_wconf 87' lang='lat' dir='ltr'>et</span> <span class='ocrx_word' id='word_1_293' title='bbox 1668 4481 1863 4542; x_wconf 85' lang='lat' dir='ltr'>voluit</span> <span class='ocrx_word' id='word_1_294' title='bbox 1894 4499 2040 4543; x_wconf 88' lang='lat' dir='ltr'>con-</span> 
     </span>
     <span class='ocr_line' id='line_1_46' title="bbox 474 4569 2034 4653; baseline 0.002 -21"><span class='ocrx_word' id='word_1_295' title='bbox 474 4589 727 4632; x_wconf 88' lang='lat' dir='ltr'>currere</span> <span class='ocrx_word' id='word_1_296' title='bbox 756 4588 901 4632; x_wconf 91' lang='lat' dir='ltr'>cum</span> <span class='ocrx_word' id='word_1_297' title='bbox 926 4569 1163 4632; x_wconf 89' lang='lat' dir='ltr'>semine</span> <span class='ocrx_word' id='word_1_298' title='bbox 1188 4569 1271 4632; x_wconf 89' lang='lat' dir='ltr'>ad</span> <span class='ocrx_word' id='word_1_299' title='bbox 1294 4570 1757 4651; x_wconf 90' lang='lat' dir='ltr'>disponendum</span> <span class='ocrx_word' id='word_1_300' title='bbox 1784 4591 2034 4653; x_wconf 77' lang='lat' dir='ltr'>corpuS,</span> 
     </span>
     <span class='ocr_line' id='line_1_47' title="bbox 474 4665 2032 4745; baseline 0.002 -18"><span class='ocrx_word' id='word_1_301' title='bbox 474 4665 695 4728; x_wconf 82' lang='lat' dir='ltr'>videns</span> <span class='ocrx_word' id='word_1_302' title='bbox 733 4666 867 4745; x_wconf 87' lang='lat' dir='ltr'>jam</span> <span class='ocrx_word' id='word_1_303' title='bbox 920 4665 1097 4724; x_wconf 89' lang='lat' dir='ltr'>illum</span> <span class='ocrx_word' id='word_1_304' title='bbox 1137 4683 1277 4727; x_wconf 86' lang='lat' dir='ltr'>esse</span> <span class='ocrx_word' id='word_1_305' title='bbox 1324 4665 1695 4745; x_wconf 88' lang='lat' dir='ltr'>dispositum</span> <span class='ocrx_word' id='word_1_306' title='bbox 1716 4711 1733 4742; x_wconf 95' lang='lat'>,</span> <span class='ocrx_word' id='word_1_307' title='bbox 1793 4669 1930 4730; x_wconf 81' lang='lat' dir='ltr'>vult</span> <span class='ocrx_word' id='word_1_308' title='bbox 1971 4669 2032 4730; x_wconf 89' lang='lat' dir='ltr'>in</span> 
     </span>
     <span class='ocr_line' id='line_1_48' title="bbox 476 4757 2038 4840; baseline 0.003 -20"><span class='ocrx_word' id='word_1_309' title='bbox 476 4758 843 4820; x_wconf 86' lang='lat' dir='ltr'>executione</span> <span class='ocrx_word' id='word_1_310' title='bbox 889 4757 1222 4819; x_wconf 81' lang='lat' dir='ltr'>infundere</span> <span class='ocrx_word' id='word_1_311' title='bbox 1268 4759 1543 4820; x_wconf 88' lang='lat' dir='ltr'>animam</span> <span class='ocrx_word' id='word_1_312' title='bbox 1588 4762 1831 4840; x_wconf 90' lang='lat' dir='ltr'>corpori</span> <span class='ocrx_word' id='word_1_313' title='bbox 1866 4762 2038 4839; x_wconf 88' lang='lat' dir='ltr'>quod</span> 
     </span>
     <span class='ocr_line' id='line_1_49' title="bbox 474 4849 2034 4931; baseline 0.002 -18"><span class='ocrx_word' id='word_1_314' title='bbox 474 4851 644 4914; x_wconf 79' lang='lat' dir='ltr'>videt</span> <span class='ocrx_word' id='word_1_315' title='bbox 680 4852 815 4931; x_wconf 87' lang='lat' dir='ltr'>jam</span> <span class='ocrx_word' id='word_1_316' title='bbox 854 4867 991 4912; x_wconf 88' lang='lat' dir='ltr'>esse</span> <span class='ocrx_word' id='word_1_317' title='bbox 1038 4849 1442 4930; x_wconf 81' lang='lat' dir='ltr'>dispositum3</span> <span class='ocrx_word' id='word_1_318' title='bbox 1475 4854 1537 4912; x_wconf 88' lang='lat' dir='ltr'>et</span> <span class='ocrx_word' id='word_1_319' title='bbox 1568 4852 1631 4913; x_wconf 92' lang='lat' dir='ltr'>in</span> <span class='ocrx_word' id='word_1_320' title='bbox 1662 4853 1783 4916; x_wconf 88' lang='lat' dir='ltr'>hoc</span> <span class='ocrx_word' id='word_1_321' title='bbox 1814 4854 2034 4916; x_wconf 88' lang='lat' dir='ltr'>ordine</span> 
     </span>
     <span class='ocr_line' id='line_1_50' title="bbox 475 4943 2036 5024; baseline 0.001 -18"><span class='ocrx_word' id='word_1_322' title='bbox 475 4961 657 5023; x_wconf 80' lang='lat' dir='ltr'>aeque</span> <span class='ocrx_word' id='word_1_323' title='bbox 697 4943 1129 5006; x_wconf 87' lang='lat' dir='ltr'>necessarium</span> <span class='ocrx_word' id='word_1_324' title='bbox 1170 4949 1267 5004; x_wconf 87' lang='lat' dir='ltr'>est</span> <span class='ocrx_word' id='word_1_325' title='bbox 1330 4961 1837 5024; x_wconf 84' lang='lat' dir='ltr'>proesupponere,</span> <span class='ocrx_word' id='word_1_326' title='bbox 1898 4965 2036 5008; x_wconf 87' lang='lat' dir='ltr'>me·-</span> 
     </span>
     <span class='ocr_line' id='line_1_51' title="bbox 474 5035 2038 5118; baseline 0.001 -20"><span class='ocrx_word' id='word_1_327' title='bbox 474 5036 647 5098; x_wconf 90' lang='lat' dir='ltr'>dium</span> <span class='ocrx_word' id='word_1_328' title='bbox 688 5035 863 5111; x_wconf 88' lang='lat' dir='ltr'>illud,</span> <span class='ocrx_word' id='word_1_329' title='bbox 898 5035 1183 5116; x_wconf 82' lang='lat' dir='ltr'>quamvis</span> <span class='ocrx_word' id='word_1_330' title='bbox 1209 5037 1561 5116; x_wconf 85' lang='lat' dir='ltr'>physicum,</span> <span class='ocrx_word' id='word_1_331' title='bbox 1596 5055 1735 5100; x_wconf 86' lang='lat' dir='ltr'>esse</span> <span class='ocrx_word' id='word_1_332' title='bbox 1758 5039 1891 5118; x_wconf 83' lang='lat' dir='ltr'>jam</span> <span class='ocrx_word' id='word_1_333' title='bbox 1922 5057 2038 5118; x_wconf 89' lang='lat' dir='ltr'>po·</span> 
     </span>
     <span class='ocr_line' id='line_1_52' title="bbox 476 5128 2037 5210; baseline 0.003 -21"><span class='ocrx_word' id='word_1_334' title='bbox 476 5129 663 5191; x_wconf 90' lang='lat' dir='ltr'>situm</span> <span class='ocrx_word' id='word_1_335' title='bbox 708 5130 775 5191; x_wconf 91' lang='lat' dir='ltr'>in</span> <span class='ocrx_word' id='word_1_336' title='bbox 810 5147 881 5190; x_wconf 89' lang='lat' dir='ltr'>re</span> <span class='ocrx_word' id='word_1_337' title='bbox 926 5128 1027 5190; x_wconf 87' lang='lat' dir='ltr'>vel</span> <span class='ocrx_word' id='word_1_338' title='bbox 1071 5128 1137 5188; x_wconf 89' lang='lat' dir='ltr'>in</span> <span class='ocrx_word' id='word_1_339' title='bbox 1175 5130 1585 5208; x_wconf 77' lang='lat' dir='ltr'>praescientia.</span> <span class='ocrx_word' id='word_1_340' title='bbox 1615 5131 1915 5210; x_wconf 89' lang='lat' dir='ltr'>Idemque</span> <span class='ocrx_word' id='word_1_341' title='bbox 1945 5133 2037 5192; x_wconf 89' lang='lat' dir='ltr'>in-</span> 
     </span>
     <span class='ocr_line' id='line_1_53' title="bbox 472 5220 2030 5303; baseline 0.001 -19"><span class='ocrx_word' id='word_1_342' title='bbox 472 5223 667 5303; x_wconf 83' lang='lat' dir='ltr'>telligi</span> <span class='ocrx_word' id='word_1_343' title='bbox 694 5220 923 5302; x_wconf 88' lang='lat' dir='ltr'>poterit</span> <span class='ocrx_word' id='word_1_344' title='bbox 948 5221 1014 5284; x_wconf 88' lang='lat' dir='ltr'>in</span> <span class='ocrx_word' id='word_1_345' title='bbox 1042 5220 1321 5299; x_wconf 87' lang='lat' dir='ltr'>quolibet</span> <span class='ocrx_word' id='word_1_346' title='bbox 1358 5222 1481 5282; x_wconf 89' lang='lat' dir='ltr'>alio</span> <span class='ocrx_word' id='word_1_347' title='bbox 1511 5223 1719 5284; x_wconf 89' lang='lat' dir='ltr'>medio</span> <span class='ocrx_word' id='word_1_348' title='bbox 1746 5223 2030 5303; x_wconf 77' lang='lat' dir='ltr'>phys1c0.</span> 
     </span>
     <span class='ocr_line' id='line_1_54' title="bbox 474 5314 2036 5394; baseline 0 -16"><span class='ocrx_word' id='word_1_349' title='bbox 474 5315 693 5378; x_wconf 90' lang='lat' dir='ltr'>Solum</span> <span class='ocrx_word' id='word_1_350' title='bbox 724 5321 819 5378; x_wconf 88' lang='lat' dir='ltr'>est</span> <span class='ocrx_word' id='word_1_351' title='bbox 842 5314 1189 5388; x_wconf 77' lang='lat' dir='ltr'>diversitaS,</span> <span class='ocrx_word' id='word_1_352' title='bbox 1224 5315 1396 5394; x_wconf 89' lang='lat' dir='ltr'>quod</span> <span class='ocrx_word' id='word_1_353' title='bbox 1430 5315 1493 5376; x_wconf 91' lang='lat' dir='ltr'>in</span> <span class='ocrx_word' id='word_1_354' title='bbox 1531 5317 1667 5378; x_wconf 86' lang='lat' dir='ltr'>aliis</span> <span class='ocrx_word' id='word_1_355' title='bbox 1712 5317 2036 5378; x_wconf 84' lang='lat' dir='ltr'>effectibus</span> 
     </span>
     <span class='ocr_line' id='line_1_55' title="bbox 473 5408 2034 5490; baseline 0.002 -20"><span class='ocrx_word' id='word_1_356' title='bbox 473 5409 609 5489; x_wconf 86' lang='lat' dir='ltr'>ipsa</span> <span class='ocrx_word' id='word_1_357' title='bbox 649 5409 859 5472; x_wconf 85' lang='lat' dir='ltr'>media</span> <span class='ocrx_word' id='word_1_358' title='bbox 888 5408 1225 5487; x_wconf 81' lang='lat' dir='ltr'>aliquando</span> <span class='ocrx_word' id='word_1_359' title='bbox 1251 5427 1365 5488; x_wconf 91' lang='lat' dir='ltr'>per</span> <span class='ocrx_word' id='word_1_360' title='bbox 1392 5427 1461 5471; x_wconf 89' lang='lat' dir='ltr'>se</span> <span class='ocrx_word' id='word_1_361' title='bbox 1498 5411 1811 5490; x_wconf 88' lang='lat' dir='ltr'>attingunt</span> <span class='ocrx_word' id='word_1_362' title='bbox 1838 5411 1918 5472; x_wconf 90' lang='lat' dir='ltr'>ad</span> <span class='ocrx_word' id='word_1_363' title='bbox 1946 5411 2034 5473; x_wconf 85' lang='lat' dir='ltr'>ef-</span> 
     </span>
     <span class='ocr_line' id='line_1_56' title="bbox 472 5500 2032 5584; baseline -0.001 -18"><span class='ocrx_word' id='word_1_364' title='bbox 472 5501 807 5566; x_wconf 77' lang='lat' dir='ltr'>fectionem</span> <span class='ocrx_word' id='word_1_365' title='bbox 859 5500 1185 5582; x_wconf 79' lang='lat' dir='ltr'>physicam</span> <span class='ocrx_word' id='word_1_366' title='bbox 1238 5503 1563 5582; x_wconf 88' lang='lat' dir='ltr'>ipsiusmet</span> <span class='ocrx_word' id='word_1_367' title='bbox 1598 5503 1879 5580; x_wconf 80' lang='lat' dir='ltr'>effectus,</span> <span class='ocrx_word' id='word_1_368' title='bbox 1924 5504 2032 5584; x_wconf 88' lang='lat' dir='ltr'>qui</span> 
     </span>
    </p>
   </div>
   <div class='ocr_carea' id='block_1_3' title="bbox 1324 358 2863 427">
    <p class='ocr_par' dir='ltr' id='par_1_4' title="bbox 1324 358 2863 427">
     <span class='ocr_line' id='line_1_57' title="bbox 1324 358 2863 427; baseline 0.003 -14"><span class='ocrx_word' id='word_1_369' title='bbox 1324 358 1533 415; x_wconf 85' lang='lat' dir='ltr'>OPUSC.</span> <span class='ocrx_word' id='word_1_370' title='bbox 1570 362 1609 427; x_wconf 91' lang='lat' dir='ltr'>l,</span> <span class='ocrx_word' id='word_1_371' title='bbox 1644 362 1760 415; x_wconf 80' lang='lat' dir='ltr'>Lm.</span> <span class='ocrx_word' id='word_1_372' title='bbox 1798 360 1879 414; x_wconf 83' lang='lat'>111.</span> <span class='ocrx_word' id='word_1_373' title='bbox 1918 360 1999 415; x_wconf 82' lang='lat' dir='ltr'>DE</span> <span class='ocrx_word' id='word_1_374' title='bbox 2031 361 2304 419; x_wconf 74' lang='lat' dir='ltr'>Anlens</span> <span class='ocrx_word' id='word_1_375' title='bbox 2337 366 2566 421; x_wconf 75' lang='lat' dir='ltr'>nwlNAE</span> <span class='ocrx_word' id='word_1_376' title='bbox 2597 364 2863 423; x_wconf 67' lang='lat' dir='ltr'>snum.</span> 
     </span>
    </p>
   </div>
   <div class='ocr_carea' id='block_1_4' title="bbox 2123 464 3657 999">
    <p class='ocr_par' dir='ltr' id='par_1_5' title="bbox 2123 464 3657 999">
     <span class='ocr_line' id='line_1_58' title="bbox 2123 464 3650 545; baseline 0.003 -22"><span class='ocrx_word' id='word_1_377' title='bbox 2123 467 2480 545; x_wconf 86' lang='lat' dir='ltr'>propositus</span> <span class='ocrx_word' id='word_1_378' title='bbox 2507 468 2712 529; x_wconf 86' lang='lat' dir='ltr'>fuerat</span> <span class='ocrx_word' id='word_1_379' title='bbox 2737 472 2807 529; x_wconf 88' lang='lat' dir='ltr'>ut</span> <span class='ocrx_word' id='word_1_380' title='bbox 2833 464 2978 526; x_wconf 89' lang='lat' dir='ltr'>finis</span> <span class='ocrx_word' id='word_1_381' title='bbox 3007 482 3249 526; x_wconf 86' lang='lat' dir='ltr'>eorum.</span> <span class='ocrx_word' id='word_1_382' title='bbox 3281 464 3407 527; x_wconf 88' lang='lat' dir='ltr'>Sed</span> <span class='ocrx_word' id='word_1_383' title='bbox 3431 466 3542 527; x_wconf 90' lang='lat' dir='ltr'>hoc</span> <span class='ocrx_word' id='word_1_384' title='bbox 3577 468 3650 527; x_wconf 87' lang='lat' dir='ltr'>ni-</span> 
     </span>
     <span class='ocr_line' id='line_1_59' title="bbox 2125 560 3652 640; baseline 0 -19"><span class='ocrx_word' id='word_1_385' title='bbox 2125 561 2212 621; x_wconf 93' lang='lat' dir='ltr'>hil</span> <span class='ocrx_word' id='word_1_386' title='bbox 2237 560 2428 623; x_wconf 84' lang='lat' dir='ltr'>refert</span> <span class='ocrx_word' id='word_1_387' title='bbox 2459 563 2538 623; x_wconf 91' lang='lat' dir='ltr'>ad</span> <span class='ocrx_word' id='word_1_388' title='bbox 2567 580 2700 623; x_wconf 91' lang='lat' dir='ltr'>rem</span> <span class='ocrx_word' id='word_1_389' title='bbox 2731 562 2810 623; x_wconf 92' lang='lat' dir='ltr'>de</span> <span class='ocrx_word' id='word_1_390' title='bbox 2825 578 2950 640; x_wconf 86' lang='lat' dir='ltr'>qua</span> <span class='ocrx_word' id='word_1_391' title='bbox 2969 561 3237 639; x_wconf 86' lang='lat' dir='ltr'>agimus,</span> <span class='ocrx_word' id='word_1_392' title='bbox 3267 566 3330 621; x_wconf 87' lang='lat' dir='ltr'>et</span> <span class='ocrx_word' id='word_1_393' title='bbox 3359 560 3442 620; x_wconf 87' lang='lat' dir='ltr'>ad</span> <span class='ocrx_word' id='word_1_394' title='bbox 3463 564 3652 621; x_wconf 85' lang='lat' dir='ltr'>consti-</span> 
     </span>
     <span class='ocr_line' id='line_1_60' title="bbox 2123 653 3654 718; baseline 0 -3"><span class='ocrx_word' id='word_1_395' title='bbox 2123 656 2428 716; x_wconf 89' lang='lat' dir='ltr'>tuendum</span> <span class='ocrx_word' id='word_1_396' title='bbox 2459 656 2737 718; x_wconf 89' lang='lat' dir='ltr'>debitum</span> <span class='ocrx_word' id='word_1_397' title='bbox 2781 655 3064 717; x_wconf 87' lang='lat' dir='ltr'>ordinem</span> <span class='ocrx_word' id='word_1_398' title='bbox 3108 654 3270 715; x_wconf 88' lang='lat' dir='ltr'>inter</span> <span class='ocrx_word' id='word_1_399' title='bbox 3311 653 3458 715; x_wconf 89' lang='lat' dir='ltr'>finis</span> <span class='ocrx_word' id='word_1_400' title='bbox 3485 653 3654 715; x_wconf 88' lang='lat' dir='ltr'>inten-</span> 
     </span>
     <span class='ocr_line' id='line_1_61' title="bbox 2123 748 3654 827; baseline 0.001 -17"><span class='ocrx_word' id='word_1_401' title='bbox 2123 750 2362 811; x_wconf 86' lang='lat' dir='ltr'>tionem</span> <span class='ocrx_word' id='word_1_402' title='bbox 2387 755 2454 811; x_wconf 91' lang='lat' dir='ltr'>et</span> <span class='ocrx_word' id='word_1_403' title='bbox 2475 750 2909 811; x_wconf 85' lang='lat' dir='ltr'>executionem</span> <span class='ocrx_word' id='word_1_404' title='bbox 2923 748 3298 809; x_wconf 87' lang='lat' dir='ltr'>mediorum.</span> <span class='ocrx_word' id='word_1_405' title='bbox 3329 750 3526 827; x_wconf 87' lang='lat' dir='ltr'>Atque</span> <span class='ocrx_word' id='word_1_406' title='bbox 3545 750 3654 811; x_wconf 84' lang='lat' dir='ltr'>haec</span> 
     </span>
     <span class='ocr_line' id='line_1_62' title="bbox 2125 840 3657 920; baseline -0.001 -16"><span class='ocrx_word' id='word_1_407' title='bbox 2125 844 2408 905; x_wconf 86' lang='lat' dir='ltr'>doctrina</span> <span class='ocrx_word' id='word_1_408' title='bbox 2435 843 2660 905; x_wconf 85' lang='lat' dir='ltr'>clarior</span> <span class='ocrx_word' id='word_1_409' title='bbox 2687 842 2797 904; x_wconf 86' lang='lat' dir='ltr'>fiet</span> <span class='ocrx_word' id='word_1_410' title='bbox 2837 860 2914 903; x_wconf 84' lang='lat' dir='ltr'>ex</span> <span class='ocrx_word' id='word_1_411' title='bbox 2957 841 3268 902; x_wconf 89' lang='lat' dir='ltr'>solutione</span> <span class='ocrx_word' id='word_1_412' title='bbox 3313 840 3540 920; x_wconf 72' lang='lat' dir='ltr'>quintas</span> <span class='ocrx_word' id='word_1_413' title='bbox 3575 862 3657 903; x_wconf 82' lang='lat' dir='ltr'>ra·</span> 
     </span>
     <span class='ocr_line' id='line_1_63' title="bbox 2125 937 2334 999; baseline -0.01 0"><span class='ocrx_word' id='word_1_414' title='bbox 2125 937 2334 999; x_wconf 88' lang='lat' dir='ltr'>tionis.</span> 
     </span>
    </p>
   </div>
   <div class='ocr_carea' id='block_1_5' title="bbox 2130 1127 3658 1305">
    <p class='ocr_par' dir='ltr' id='par_1_6' title="bbox 2130 1127 3658 1305">
     <span class='ocr_line' id='line_1_64' title="bbox 2130 1127 3658 1213; baseline -0.003 -18"><span class='ocrx_word' id='word_1_415' title='bbox 2130 1128 2316 1195; x_wconf 69' lang='lat' dir='ltr'>Ratio</span> <span class='ocrx_word' id='word_1_416' title='bbox 2347 1136 2572 1213; x_wconf 75' lang='lat' dir='ltr'>quarta</span> <span class='ocrx_word' id='word_1_417' title='bbox 2603 1148 2722 1213; x_wconf 76' lang='lat' dir='ltr'>qua</span> <span class='ocrx_word' id='word_1_418' title='bbox 2755 1130 3032 1212; x_wconf 75' lang='lat' dir='ltr'>probant,</span> <span class='ocrx_word' id='word_1_419' title='bbox 3055 1146 3172 1212; x_wconf 76' lang='lat' dir='ltr'>per</span> <span class='ocrx_word' id='word_1_420' title='bbox 3193 1129 3376 1191; x_wconf 75' lang='lat' dir='ltr'>illam</span> <span class='ocrx_word' id='word_1_421' title='bbox 3419 1127 3658 1192; x_wconf 68' lang='lat' dir='ltr'>volunta-</span> 
     </span>
     <span class='ocr_line' id='line_1_65' title="bbox 2349 1222 3463 1305; baseline -0.006 -16"><span class='ocrx_word' id='word_1_422' title='bbox 2349 1232 2467 1289; x_wconf 79' lang='lat' dir='ltr'>tem</span> <span class='ocrx_word' id='word_1_423' title='bbox 2493 1227 2810 1305; x_wconf 65' lang='lat' dir='ltr'>efficerem,</span> <span class='ocrx_word' id='word_1_424' title='bbox 2837 1224 3174 1287; x_wconf 76' lang='lat' dir='ltr'>libertatem</span> <span class='ocrx_word' id='word_1_425' title='bbox 3205 1222 3463 1287; x_wconf 73' lang='lat' dir='ltr'>destrui.</span> 
     </span>
    </p>
   </div>
   <div class='ocr_carea' id='block_1_6' title="bbox 2107 1396 3683 5584">
    <p class='ocr_par' dir='ltr' id='par_1_7' title="bbox 2119 1396 3683 3329">
     <span class='ocr_line' id='line_1_66' title="bbox 2213 1396 3662 1477; baseline -0.003 -15"><span class='ocrx_word' id='word_1_426' title='bbox 2213 1401 2310 1463; x_wconf 76' lang='lat'>16.</span> <span class='ocrx_word' id='word_1_427' title='bbox 2357 1398 2586 1472; x_wconf 85' lang='lat' dir='ltr'>Quarta</span> <span class='ocrx_word' id='word_1_428' title='bbox 2614 1398 2797 1471; x_wconf 86' lang='lat' dir='ltr'>ratic,</span> <span class='ocrx_word' id='word_1_429' title='bbox 2843 1396 2908 1457; x_wconf 90' lang='lat' dir='ltr'>in</span> <span class='ocrx_word' id='word_1_430' title='bbox 2931 1416 3056 1477; x_wconf 89' lang='lat' dir='ltr'>qua</span> <span class='ocrx_word' id='word_1_431' title='bbox 3083 1396 3154 1458; x_wconf 85' lang='lat' dir='ltr'>fit</span> <span class='ocrx_word' id='word_1_432' title='bbox 3193 1414 3430 1475; x_wconf 84' lang='lat' dir='ltr'>magna</span> <span class='ocrx_word' id='word_1_433' title='bbox 3455 1396 3564 1467; x_wconf 76' lang='lat' dir='ltr'>vis,</span> <span class='ocrx_word' id='word_1_434' title='bbox 3588 1404 3662 1457; x_wconf 82' lang='lat' dir='ltr'>est</span> 
     </span>
     <span class='ocr_line' id='line_1_67' title="bbox 2129 1488 3661 1575; baseline -0.004 -20"><span class='ocrx_word' id='word_1_435' title='bbox 2129 1494 2278 1573; x_wconf 82' lang='lat' dir='ltr'>quia</span> <span class='ocrx_word' id='word_1_436' title='bbox 2315 1511 2432 1575; x_wconf 86' lang='lat' dir='ltr'>per</span> <span class='ocrx_word' id='word_1_437' title='bbox 2469 1495 2634 1554; x_wconf 84' lang='lat' dir='ltr'>hanc</span> <span class='ocrx_word' id='word_1_438' title='bbox 2673 1491 3044 1553; x_wconf 85' lang='lat' dir='ltr'>electionem</span> <span class='ocrx_word' id='word_1_439' title='bbox 3075 1491 3398 1551; x_wconf 86' lang='lat' dir='ltr'>efficacem</span> <span class='ocrx_word' id='word_1_440' title='bbox 3449 1488 3528 1548; x_wconf 84' lang='lat' dir='ltr'>ad</span> <span class='ocrx_word' id='word_1_441' title='bbox 3559 1490 3661 1567; x_wconf 81' lang='lat' dir='ltr'>glo-</span> 
     </span>
     <span class='ocr_line' id='line_1_68' title="bbox 2126 1583 3664 1667; baseline -0.006 -17"><span class='ocrx_word' id='word_1_442' title='bbox 2126 1590 2286 1650; x_wconf 89' lang='lat' dir='ltr'>riam</span> <span class='ocrx_word' id='word_1_443' title='bbox 2312 1592 2460 1649; x_wconf 84' lang='lat' dir='ltr'>ante</span> <span class='ocrx_word' id='word_1_444' title='bbox 2495 1586 2758 1667; x_wconf 72' lang='lat' dir='ltr'>praevisa</span> <span class='ocrx_word' id='word_1_445' title='bbox 2785 1585 3010 1645; x_wconf 88' lang='lat' dir='ltr'>merita</span> <span class='ocrx_word' id='word_1_446' title='bbox 3035 1584 3272 1645; x_wconf 87' lang='lat' dir='ltr'>tollitur</span> <span class='ocrx_word' id='word_1_447' title='bbox 3297 1583 3564 1643; x_wconf 87' lang='lat' dir='ltr'>liberum</span> <span class='ocrx_word' id='word_1_448' title='bbox 3581 1601 3664 1642; x_wconf 85' lang='lat' dir='ltr'>ar-</span> 
     </span>
     <span class='ocr_line' id='line_1_69' title="bbox 2125 1675 3663 1756; baseline -0.006 -14"><span class='ocrx_word' id='word_1_449' title='bbox 2125 1681 2402 1753; x_wconf 86' lang='lat' dir='ltr'>bitrium,</span> <span class='ocrx_word' id='word_1_450' title='bbox 2437 1681 2524 1740; x_wconf 90' lang='lat' dir='ltr'>ita</span> <span class='ocrx_word' id='word_1_451' title='bbox 2566 1686 2636 1740; x_wconf 89' lang='lat' dir='ltr'>ut</span> <span class='ocrx_word' id='word_1_452' title='bbox 2669 1697 2802 1747; x_wconf 88' lang='lat' dir='ltr'>non</span> <span class='ocrx_word' id='word_1_453' title='bbox 2847 1677 2926 1739; x_wconf 87' lang='lat' dir='ltr'>sit</span> <span class='ocrx_word' id='word_1_454' title='bbox 2957 1678 3022 1737; x_wconf 90' lang='lat' dir='ltr'>in</span> <span class='ocrx_word' id='word_1_455' title='bbox 3063 1675 3663 1756; x_wconf 82' lang='lat' dir='ltr'>potestate·hominis</span> 
     </span>
     <span class='ocr_line' id='line_1_70' title="bbox 2127 1768 3660 1852; baseline -0.006 -17"><span class='ocrx_word' id='word_1_456' title='bbox 2127 1775 2216 1835; x_wconf 92' lang='lat' dir='ltr'>sic</span> <span class='ocrx_word' id='word_1_457' title='bbox 2235 1774 2414 1835; x_wconf 90' lang='lat' dir='ltr'>electi</span> <span class='ocrx_word' id='word_1_458' title='bbox 2445 1772 2708 1852; x_wconf 88' lang='lat' dir='ltr'>gloriam</span> <span class='ocrx_word' id='word_1_459' title='bbox 2733 1771 3043 1833; x_wconf 88' lang='lat' dir='ltr'>amittere.</span> <span class='ocrx_word' id='word_1_460' title='bbox 3072 1768 3380 1831; x_wconf 86' lang='lat' dir='ltr'>Probatur</span> <span class='ocrx_word' id='word_1_461' title='bbox 3407 1768 3660 1845; x_wconf 82' lang='lat' dir='ltr'>sequela,</span> 
     </span>
     <span class='ocr_line' id='line_1_71' title="bbox 2127 1861 3662 1947; baseline -0.006 -19"><span class='ocrx_word' id='word_1_462' title='bbox 2127 1868 2276 1947; x_wconf 89' lang='lat' dir='ltr'>quia</span> <span class='ocrx_word' id='word_1_463' title='bbox 2313 1866 2524 1927; x_wconf 89' lang='lat' dir='ltr'>nullus</span> <span class='ocrx_word' id='word_1_464' title='bbox 2549 1871 2758 1944; x_wconf 89' lang='lat' dir='ltr'>potest</span> <span class='ocrx_word' id='word_1_465' title='bbox 2783 1864 3076 1927; x_wconf 86' lang='lat' dir='ltr'>resistere</span> <span class='ocrx_word' id='word_1_466' title='bbox 3107 1863 3344 1925; x_wconf 85' lang='lat' dir='ltr'>efficaci</span> <span class='ocrx_word' id='word_1_467' title='bbox 3386 1861 3662 1921; x_wconf 77' lang='lat' dir='ltr'>voluntati</span> 
     </span>
     <span class='ocr_line' id='line_1_72' title="bbox 2125 1955 3664 2039; baseline -0.006 -17"><span class='ocrx_word' id='word_1_468' title='bbox 2125 1960 2273 2033; x_wconf 81' lang='lat' dir='ltr'>Dei3</span> <span class='ocrx_word' id='word_1_469' title='bbox 2317 1978 2468 2039; x_wconf 87' lang='lat' dir='ltr'>ergo</span> <span class='ocrx_word' id='word_1_470' title='bbox 2519 1960 2722 2038; x_wconf 86' lang='lat' dir='ltr'>posita</span> <span class='ocrx_word' id='word_1_471' title='bbox 2770 1955 2878 2017; x_wconf 85' lang='lat' dir='ltr'>illa</span> <span class='ocrx_word' id='word_1_472' title='bbox 2918 1958 3238 2017; x_wconf 86' lang='lat' dir='ltr'>voluntate</span> <span class='ocrx_word' id='word_1_473' title='bbox 3289 1972 3424 2015; x_wconf 89' lang='lat' dir='ltr'>non</span> <span class='ocrx_word' id='word_1_474' title='bbox 3479 1956 3664 2013; x_wconf 84' lang='lat' dir='ltr'>manet</span> 
     </span>
     <span class='ocr_line' id='line_1_73' title="bbox 2125 2046 3664 2133; baseline -0.006 -19"><span class='ocrx_word' id='word_1_475' title='bbox 2125 2056 2404 2133; x_wconf 88' lang='lat' dir='ltr'>potestas</span> <span class='ocrx_word' id='word_1_476' title='bbox 2441 2051 2524 2113; x_wconf 88' lang='lat' dir='ltr'>ad</span> <span class='ocrx_word' id='word_1_477' title='bbox 2557 2051 2949 2131; x_wconf 78' lang='lat' dir='ltr'>oppositum3</span> <span class='ocrx_word' id='word_1_478' title='bbox 2985 2066 3138 2128; x_wconf 83' lang='lat' dir='ltr'>ergo</span> <span class='ocrx_word' id='word_1_479' title='bbox 3175 2048 3418 2109; x_wconf 87' lang='lat' dir='ltr'>tollitur</span> <span class='ocrx_word' id='word_1_480' title='bbox 3449 2046 3664 2107; x_wconf 82' lang='lat' dir='ltr'>indiffe-</span> 
     </span>
     <span class='ocr_line' id='line_1_74' title="bbox 2123 2140 3664 2224; baseline -0.005 -18"><span class='ocrx_word' id='word_1_481' title='bbox 2123 2147 2368 2219; x_wconf 87' lang='lat' dir='ltr'>rentia;</span> <span class='ocrx_word' id='word_1_482' title='bbox 2406 2162 2556 2224; x_wconf 86' lang='lat' dir='ltr'>ergo</span> <span class='ocrx_word' id='word_1_483' title='bbox 2591 2150 2652 2205; x_wconf 93' lang='lat' dir='ltr'>et</span> <span class='ocrx_word' id='word_1_484' title='bbox 2691 2144 2968 2205; x_wconf 77' lang='lat' dir='ltr'>libertas·</span> <span class='ocrx_word' id='word_1_485' title='bbox 2991 2142 3121 2203; x_wconf 87' lang='lat' dir='ltr'>Nec</span> <span class='ocrx_word' id='word_1_486' title='bbox 3161 2140 3383 2201; x_wconf 83' lang='lat' dir='ltr'>satisfit</span> <span class='ocrx_word' id='word_1_487' title='bbox 3411 2158 3664 2201; x_wconf 86' lang='lat' dir='ltr'>commu-</span> 
     </span>
     <span class='ocr_line' id='line_1_75' title="bbox 2122 2232 3658 2319; baseline -0.007 -19"><span class='ocrx_word' id='word_1_488' title='bbox 2122 2241 2188 2299; x_wconf 91' lang='lat' dir='ltr'>ni</span> <span class='ocrx_word' id='word_1_489' title='bbox 2221 2240 2630 2319; x_wconf 91' lang='lat' dir='ltr'>responsione</span> <span class='ocrx_word' id='word_1_490' title='bbox 2661 2236 2740 2297; x_wconf 92' lang='lat' dir='ltr'>de</span> <span class='ocrx_word' id='word_1_491' title='bbox 2769 2254 2962 2297; x_wconf 88' lang='lat' dir='ltr'>sensu</span> <span class='ocrx_word' id='word_1_492' title='bbox 2989 2235 3334 2314; x_wconf 89' lang='lat' dir='ltr'>composito</span> <span class='ocrx_word' id='word_1_493' title='bbox 3361 2240 3428 2295; x_wconf 88' lang='lat' dir='ltr'>et</span> <span class='ocrx_word' id='word_1_494' title='bbox 3449 2232 3658 2303; x_wconf 74' lang='lat' dir='ltr'>diviso;</span> 
     </span>
     <span class='ocr_line' id='line_1_76' title="bbox 2125 2327 3666 2404; baseline -0.006 -9"><span class='ocrx_word' id='word_1_495' title='bbox 2125 2350 2276 2395; x_wconf 89' lang='lat' dir='ltr'>nam</span> <span class='ocrx_word' id='word_1_496' title='bbox 2303 2332 2404 2393; x_wconf 89' lang='lat' dir='ltr'>hic</span> <span class='ocrx_word' id='word_1_497' title='bbox 2433 2332 2642 2393; x_wconf 88' lang='lat' dir='ltr'>locum</span> <span class='ocrx_word' id='word_1_498' title='bbox 2669 2332 2862 2393; x_wconf 88' lang='lat' dir='ltr'>habet</span> <span class='ocrx_word' id='word_1_499' title='bbox 2896 2330 3182 2391; x_wconf 85' lang='lat' dir='ltr'>doctrina</span> <span class='ocrx_word' id='word_1_500' title='bbox 3225 2327 3526 2399; x_wconf 82' lang='lat' dir='ltr'>Anselmi,</span> <span class='ocrx_word' id='word_1_501' title='bbox 3561 2344 3666 2404; x_wconf 85' lang='lat' dir='ltr'>qua</span> 
     </span>
     <span class='ocr_line' id='line_1_77' title="bbox 2129 2420 3663 2504; baseline -0.007 -15"><span class='ocrx_word' id='word_1_502' title='bbox 2129 2446 2244 2489; x_wconf 88' lang='lat' dir='ltr'>nos</span> <span class='ocrx_word' id='word_1_503' title='bbox 2267 2426 2364 2487; x_wconf 90' lang='lat' dir='ltr'>usi</span> <span class='ocrx_word' id='word_1_504' title='bbox 2403 2442 2644 2499; x_wconf 89' lang='lat' dir='ltr'>sumus,</span> <span class='ocrx_word' id='word_1_505' title='bbox 2685 2425 2855 2504; x_wconf 92' lang='lat' dir='ltr'>quod</span> <span class='ocrx_word' id='word_1_506' title='bbox 2887 2442 3114 2485; x_wconf 88' lang='lat' dir='ltr'>sensus</span> <span class='ocrx_word' id='word_1_507' title='bbox 3141 2423 3546 2501; x_wconf 76' lang='lat' dir='ltr'>composituS,</span> <span class='ocrx_word' id='word_1_508' title='bbox 3573 2420 3663 2499; x_wconf 88' lang='lat' dir='ltr'>qui</span> 
     </span>
     <span class='ocr_line' id='line_1_78' title="bbox 2126 2514 3667 2599; baseline -0.006 -17"><span class='ocrx_word' id='word_1_509' title='bbox 2126 2528 2226 2582; x_wconf 89' lang='lat' dir='ltr'>est</span> <span class='ocrx_word' id='word_1_510' title='bbox 2253 2538 2330 2581; x_wconf 83' lang='lat' dir='ltr'>ex</span> <span class='ocrx_word' id='word_1_511' title='bbox 2373 2519 2802 2599; x_wconf 87' lang='lat' dir='ltr'>suppositione</span> <span class='ocrx_word' id='word_1_512' title='bbox 2837 2516 3250 2579; x_wconf 83' lang='lat' dir='ltr'>antecedente</span> <span class='ocrx_word' id='word_1_513' title='bbox 3277 2534 3466 2575; x_wconf 87' lang='lat' dir='ltr'>usum</span> <span class='ocrx_word' id='word_1_514' title='bbox 3502 2514 3667 2574; x_wconf 86' lang='lat' dir='ltr'>liber-</span> 
     </span>
     <span class='ocr_line' id='line_1_79' title="bbox 2125 2606 3666 2687; baseline -0.006 -12"><span class='ocrx_word' id='word_1_515' title='bbox 2125 2614 2294 2687; x_wconf 71' lang='lat' dir='ltr'>taus,</span> <span class='ocrx_word' id='word_1_516' title='bbox 2336 2613 2390 2674; x_wconf 92' lang='lat' dir='ltr'>si</span> <span class='ocrx_word' id='word_1_517' title='bbox 2424 2612 2780 2673; x_wconf 88' lang='lat' dir='ltr'>necessario</span> <span class='ocrx_word' id='word_1_518' title='bbox 2826 2610 3014 2671; x_wconf 83' lang='lat' dir='ltr'>infert</span> <span class='ocrx_word' id='word_1_519' title='bbox 3041 2614 3273 2681; x_wconf 88' lang='lat' dir='ltr'>actum,</span> <span class='ocrx_word' id='word_1_520' title='bbox 3304 2608 3465 2670; x_wconf 84' lang='lat' dir='ltr'>tollit</span> <span class='ocrx_word' id='word_1_521' title='bbox 3499 2606 3666 2667; x_wconf 83' lang='lat' dir='ltr'>etiam</span> 
     </span>
     <span class='ocr_line' id='line_1_80' title="bbox 2123 2700 3668 2784; baseline -0.006 -17"><span class='ocrx_word' id='word_1_522' title='bbox 2123 2706 2478 2767; x_wconf 87' lang='lat' dir='ltr'>libertatem</span> <span class='ocrx_word' id='word_1_523' title='bbox 2523 2704 2808 2784; x_wconf 86' lang='lat' dir='ltr'>ejusdem</span> <span class='ocrx_word' id='word_1_524' title='bbox 2838 2709 3036 2765; x_wconf 78' lang='lat' dir='ltr'>actus,</span> <span class='ocrx_word' id='word_1_525' title='bbox 3079 2703 3408 2773; x_wconf 89' lang='lat' dir='ltr'>Probatur,</span> <span class='ocrx_word' id='word_1_526' title='bbox 3441 2700 3576 2779; x_wconf 86' lang='lat' dir='ltr'>quia</span> <span class='ocrx_word' id='word_1_527' title='bbox 3601 2700 3668 2758; x_wconf 91' lang='lat' dir='ltr'>il—</span> 
     </span>
     <span class='ocr_line' id='line_1_81' title="bbox 2123 2796 3666 2878; baseline -0.006 -17"><span class='ocrx_word' id='word_1_528' title='bbox 2123 2800 2236 2861; x_wconf 88' lang='lat' dir='ltr'>lud</span> <span class='ocrx_word' id='word_1_529' title='bbox 2267 2799 2592 2861; x_wconf 88' lang='lat' dir='ltr'>decretum</span> <span class='ocrx_word' id='word_1_530' title='bbox 2628 2796 2882 2878; x_wconf 89' lang='lat' dir='ltr'>ponitur</span> <span class='ocrx_word' id='word_1_531' title='bbox 2926 2816 2964 2857; x_wconf 89' lang='lat' dir='ltr'>a</span> <span class='ocrx_word' id='word_1_532' title='bbox 3005 2796 3188 2856; x_wconf 90' lang='lat' dir='ltr'>nobis</span> <span class='ocrx_word' id='word_1_533' title='bbox 3214 2796 3458 2867; x_wconf 87' lang='lat' dir='ltr'>efficax,</span> <span class='ocrx_word' id='word_1_534' title='bbox 3489 2800 3545 2855; x_wconf 89' lang='lat' dir='ltr'>et</span> <span class='ocrx_word' id='word_1_535' title='bbox 3567 2812 3666 2852; x_wconf 87' lang='lat' dir='ltr'>an-</span> 
     </span>
     <span class='ocr_line' id='line_1_82' title="bbox 2121 2886 3664 2972; baseline -0.006 -16"><span class='ocrx_word' id='word_1_536' title='bbox 2121 2893 2420 2957; x_wconf 87' lang='lat' dir='ltr'>tecedens</span> <span class='ocrx_word' id='word_1_537' title='bbox 2445 2890 2904 2972; x_wconf 82' lang='lat' dir='ltr'>praescientiam</span> <span class='ocrx_word' id='word_1_538' title='bbox 2947 2890 3352 2960; x_wconf 89' lang='lat' dir='ltr'>meritorum,</span> <span class='ocrx_word' id='word_1_539' title='bbox 3391 2906 3466 2949; x_wconf 91' lang='lat' dir='ltr'>ac</span> <span class='ocrx_word' id='word_1_540' title='bbox 3503 2886 3664 2947; x_wconf 87' lang='lat' dir='ltr'>liberi</span> 
     </span>
     <span class='ocr_line' id='line_1_83' title="bbox 2125 2980 3665 3057; baseline -0.006 -8"><span class='ocrx_word' id='word_1_541' title='bbox 2125 3004 2472 3049; x_wconf 86' lang='lat' dir='ltr'>consensus</span> <span class='ocrx_word' id='word_1_542' title='bbox 2508 2984 2868 3057; x_wconf 75' lang='lat' dir='ltr'>voluntatiS,</span> <span class='ocrx_word' id='word_1_543' title='bbox 2901 2988 2964 3044; x_wconf 87' lang='lat' dir='ltr'>et</span> <span class='ocrx_word' id='word_1_544' title='bbox 2993 2982 3354 3044; x_wconf 84' lang='lat' dir='ltr'>necessario</span> <span class='ocrx_word' id='word_1_545' title='bbox 3375 2980 3552 3041; x_wconf 79' lang='lat' dir='ltr'>infert</span> <span class='ocrx_word' id='word_1_546' title='bbox 3571 2998 3665 3040; x_wconf 87' lang='lat' dir='ltr'>ac-</span> 
     </span>
     <span class='ocr_line' id='line_1_84' title="bbox 2123 3074 3683 3158; baseline -0.007 -16"><span class='ocrx_word' id='word_1_547' title='bbox 2123 3087 2289 3155; x_wconf 78' lang='lat' dir='ltr'>tum3</span> <span class='ocrx_word' id='word_1_548' title='bbox 2339 3096 2492 3158; x_wconf 86' lang='lat' dir='ltr'>ergo</span> <span class='ocrx_word' id='word_1_549' title='bbox 2541 3081 2636 3140; x_wconf 90' lang='lat' dir='ltr'>est</span> <span class='ocrx_word' id='word_1_550' title='bbox 2675 3076 3016 3158; x_wconf 87' lang='lat' dir='ltr'>suppositio</span> <span class='ocrx_word' id='word_1_551' title='bbox 3059 3074 3444 3137; x_wconf 88' lang='lat' dir='ltr'>antecedens</span> <span class='ocrx_word' id='word_1_552' title='bbox 3483 3074 3683 3154; x_wconf 82' lang='lat' dir='ltr'>qualis.</span> 
     </span>
     <span class='ocr_line' id='line_1_85' title="bbox 2124 3167 3666 3250; baseline -0.007 -13"><span class='ocrx_word' id='word_1_553' title='bbox 2124 3175 2204 3236; x_wconf 88' lang='lat' dir='ltr'>ab</span> <span class='ocrx_word' id='word_1_554' title='bbox 2246 3171 2542 3236; x_wconf 80' lang='lat' dir='ltr'>Anselmo</span> <span class='ocrx_word' id='word_1_555' title='bbox 2583 3170 2897 3250; x_wconf 77' lang='lat' dir='ltr'>descripta</span> <span class='ocrx_word' id='word_1_556' title='bbox 2939 3175 3074 3244; x_wconf 76' lang='lat' dir='ltr'>est3</span> <span class='ocrx_word' id='word_1_557' title='bbox 3113 3187 3266 3248; x_wconf 84' lang='lat' dir='ltr'>ergo</span> <span class='ocrx_word' id='word_1_558' title='bbox 3317 3167 3476 3229; x_wconf 84' lang='lat' dir='ltr'>tollit</span> <span class='ocrx_word' id='word_1_559' title='bbox 3499 3168 3666 3227; x_wconf 83' lang='lat' dir='ltr'>liber·</span> 
     </span>
     <span class='ocr_line' id='line_1_86' title="bbox 2119 3273 2337 3329; baseline -0.005 -1"><span class='ocrx_word' id='word_1_560' title='bbox 2119 3273 2337 3329; x_wconf 88' lang='lat' dir='ltr'>tatem.</span> 
     </span>
    </p>

    <p class='ocr_par' dir='ltr' id='par_1_8' title="bbox 2107 3355 3665 5584">
     <span class='ocr_line' id='line_1_87' title="bbox 2202 3355 3665 3441; baseline -0.005 -18"><span class='ocrx_word' id='word_1_561' title='bbox 2202 3364 2302 3423; x_wconf 75' lang='lat'>17.</span> <span class='ocrx_word' id='word_1_562' title='bbox 2353 3358 2516 3436; x_wconf 69' lang='lat' dir='ltr'>Quid</span> <span class='ocrx_word' id='word_1_563' title='bbox 2567 3365 2852 3423; x_wconf 60' lang='lat' dir='ltr'>amatur</span> <span class='ocrx_word' id='word_1_564' title='bbox 2895 3355 3285 3441; x_wconf 75' lang='lat' dir='ltr'>improbabile</span> <span class='ocrx_word' id='word_1_565' title='bbox 3337 3356 3408 3418; x_wconf 68' lang='lat' dir='ltr'>in</span> <span class='ocrx_word' id='word_1_566' title='bbox 3449 3355 3665 3417; x_wconf 73' lang='lat' dir='ltr'>ratim</span> 
     </span>
     <span class='ocr_line' id='line_1_88' title="bbox 2120 3449 3664 3524; baseline -0.005 -9"><span class='ocrx_word' id='word_1_567' title='bbox 2120 3451 2500 3518; x_wconf 59' lang='lat' dir='ltr'>istae—Haec</span> <span class='ocrx_word' id='word_1_568' title='bbox 2530 3453 2688 3515; x_wconf 89' lang='lat' dir='ltr'>ratio</span> <span class='ocrx_word' id='word_1_569' title='bbox 2718 3452 3120 3524; x_wconf 81' lang='lat' dir='ltr'>sufficienter,</span> <span class='ocrx_word' id='word_1_570' title='bbox 3151 3453 3222 3510; x_wconf 88' lang='lat' dir='ltr'>ut</span> <span class='ocrx_word' id='word_1_571' title='bbox 3250 3449 3554 3519; x_wconf 84' lang='lat' dir='ltr'>existimo,</span> <span class='ocrx_word' id='word_1_572' title='bbox 3579 3453 3664 3508; x_wconf 86' lang='lat' dir='ltr'>est</span> 
     </span>
     <span class='ocr_line' id='line_1_89' title="bbox 2121 3541 3662 3628; baseline -0.007 -19"><span class='ocrx_word' id='word_1_573' title='bbox 2121 3549 2188 3608; x_wconf 89' lang='lat' dir='ltr'>in</span> <span class='ocrx_word' id='word_1_574' title='bbox 2219 3546 2646 3628; x_wconf 87' lang='lat' dir='ltr'>superioribus</span> <span class='ocrx_word' id='word_1_575' title='bbox 2675 3564 2713 3606; x_wconf 90' lang='lat' dir='ltr'>a</span> <span class='ocrx_word' id='word_1_576' title='bbox 2742 3545 2924 3606; x_wconf 83' lang='lat' dir='ltr'>nobis</span> <span class='ocrx_word' id='word_1_577' title='bbox 2949 3543 3220 3605; x_wconf 84' lang='lat' dir='ltr'>adducta</span> <span class='ocrx_word' id='word_1_578' title='bbox 3243 3563 3260 3615; x_wconf 74' lang='lat'>3</span> <span class='ocrx_word' id='word_1_579' title='bbox 3293 3549 3358 3604; x_wconf 89' lang='lat' dir='ltr'>et</span> <span class='ocrx_word' id='word_1_580' title='bbox 3381 3541 3546 3620; x_wconf 87' lang='lat' dir='ltr'>apud</span> <span class='ocrx_word' id='word_1_581' title='bbox 3571 3557 3662 3598; x_wconf 87' lang='lat' dir='ltr'>me</span> 
     </span>
     <span class='ocr_line' id='line_1_90' title="bbox 2121 3633 3662 3712; baseline -0.006 -10"><span class='ocrx_word' id='word_1_582' title='bbox 2121 3645 2218 3702; x_wconf 88' lang='lat' dir='ltr'>est</span> <span class='ocrx_word' id='word_1_583' title='bbox 2253 3639 2508 3701; x_wconf 91' lang='lat' dir='ltr'>omnino</span> <span class='ocrx_word' id='word_1_584' title='bbox 2545 3639 2857 3710; x_wconf 85' lang='lat' dir='ltr'>inefficax,</span> <span class='ocrx_word' id='word_1_585' title='bbox 2891 3637 3046 3698; x_wconf 90' lang='lat' dir='ltr'>etin</span> <span class='ocrx_word' id='word_1_586' title='bbox 3084 3637 3205 3697; x_wconf 90' lang='lat' dir='ltr'>hoc</span> <span class='ocrx_word' id='word_1_587' title='bbox 3233 3637 3425 3696; x_wconf 88' lang='lat' dir='ltr'>etiam</span> <span class='ocrx_word' id='word_1_588' title='bbox 3451 3633 3662 3712; x_wconf 85' lang='lat' dir='ltr'>impro-</span> 
     </span>
     <span class='ocr_line' id='line_1_91' title="bbox 2121 3727 3660 3814; baseline -0.007 -18"><span class='ocrx_word' id='word_1_589' title='bbox 2121 3735 2344 3796; x_wconf 89' lang='lat' dir='ltr'>babilis</span> <span class='ocrx_word' id='word_1_590' title='bbox 2369 3733 2564 3814; x_wconf 88' lang='lat' dir='ltr'>(quod</span> <span class='ocrx_word' id='word_1_591' title='bbox 2591 3733 2670 3794; x_wconf 92' lang='lat' dir='ltr'>de</span> <span class='ocrx_word' id='word_1_592' title='bbox 2703 3731 2885 3794; x_wconf 85' lang='lat' dir='ltr'>tertia</span> <span class='ocrx_word' id='word_1_593' title='bbox 2913 3730 3101 3794; x_wconf 88' lang='lat' dir='ltr'>etiam</span> <span class='ocrx_word' id='word_1_594' title='bbox 3131 3730 3374 3792; x_wconf 81' lang='lat' dir='ltr'>ratione</span> <span class='ocrx_word' id='word_1_595' title='bbox 3399 3727 3518 3790; x_wconf 87' lang='lat' dir='ltr'>dici</span> <span class='ocrx_word' id='word_1_596' title='bbox 3539 3743 3660 3805; x_wconf 86' lang='lat' dir='ltr'>pos-</span> 
     </span>
     <span class='ocr_line' id='line_1_92' title="bbox 2121 3820 3658 3908; baseline -0.008 -18"><span class='ocrx_word' id='word_1_597' title='bbox 2121 3829 2263 3908; x_wconf 87' lang='lat' dir='ltr'>set),</span> <span class='ocrx_word' id='word_1_598' title='bbox 2295 3827 2466 3907; x_wconf 84' lang='lat' dir='ltr'>quod</span> <span class='ocrx_word' id='word_1_599' title='bbox 2495 3827 2766 3906; x_wconf 89' lang='lat' dir='ltr'>probare</span> <span class='ocrx_word' id='word_1_600' title='bbox 2811 3832 3076 3886; x_wconf 85' lang='lat' dir='ltr'>conatur</span> <span class='ocrx_word' id='word_1_601' title='bbox 3117 3841 3258 3886; x_wconf 90' lang='lat' dir='ltr'>esse</span> <span class='ocrx_word' id='word_1_602' title='bbox 3298 3820 3658 3902; x_wconf 90' lang='lat' dir='ltr'>impossibile</span> 
     </span>
     <span class='ocr_line' id='line_1_93' title="bbox 2120 3914 3660 3998; baseline -0.006 -16"><span class='ocrx_word' id='word_1_603' title='bbox 2120 3922 2252 3982; x_wconf 92' lang='lat' dir='ltr'>Deo</span> <span class='ocrx_word' id='word_1_604' title='bbox 2301 3918 2634 3982; x_wconf 86' lang='lat' dir='ltr'>efficaciter</span> <span class='ocrx_word' id='word_1_605' title='bbox 2691 3919 2922 3998; x_wconf 85' lang='lat' dir='ltr'>eligere</span> <span class='ocrx_word' id='word_1_606' title='bbox 2971 3917 3247 3996; x_wconf 88' lang='lat' dir='ltr'>aliquem</span> <span class='ocrx_word' id='word_1_607' title='bbox 3287 3915 3368 3976; x_wconf 90' lang='lat' dir='ltr'>ad</span> <span class='ocrx_word' id='word_1_608' title='bbox 3421 3914 3660 3994; x_wconf 78' lang='lat' dir='ltr'>gloriam</span> 
     </span>
     <span class='ocr_line' id='line_1_94' title="bbox 2119 4008 3659 4091; baseline -0.006 -17"><span class='ocrx_word' id='word_1_609' title='bbox 2119 4013 2316 4074; x_wconf 87' lang='lat' dir='ltr'>libere</span> <span class='ocrx_word' id='word_1_610' title='bbox 2359 4011 2899 4091; x_wconf 85' lang='lat' dir='ltr'>consequendam;</span> <span class='ocrx_word' id='word_1_611' title='bbox 2941 4011 3110 4090; x_wconf 91' lang='lat' dir='ltr'>quod</span> <span class='ocrx_word' id='word_1_612' title='bbox 3141 4008 3353 4070; x_wconf 87' lang='lat' dir='ltr'>nullus</span> <span class='ocrx_word' id='word_1_613' title='bbox 3395 4008 3659 4085; x_wconf 83' lang='lat' dir='ltr'>antiquo-</span> 
     </span>
     <span class='ocr_line' id='line_1_95' title="bbox 2117 4099 3656 4186; baseline -0.007 -17"><span class='ocrx_word' id='word_1_614' title='bbox 2117 4125 2260 4169; x_wconf 89' lang='lat' dir='ltr'>rum</span> <span class='ocrx_word' id='word_1_615' title='bbox 2285 4104 2750 4186; x_wconf 82' lang='lat' dir='ltr'>Theologorum</span> <span class='ocrx_word' id='word_1_616' title='bbox 2802 4104 2997 4178; x_wconf 82' lang='lat' dir='ltr'>dixit,</span> <span class='ocrx_word' id='word_1_617' title='bbox 3032 4103 3284 4166; x_wconf 85' lang='lat' dir='ltr'>illorum</span> <span class='ocrx_word' id='word_1_618' title='bbox 3343 4103 3530 4163; x_wconf 87' lang='lat' dir='ltr'>etiam</span> <span class='ocrx_word' id='word_1_619' title='bbox 3566 4099 3656 4177; x_wconf 86' lang='lat' dir='ltr'>qui</span> 
     </span>
     <span class='ocr_line' id='line_1_96' title="bbox 2118 4193 3656 4282; baseline -0.007 -20"><span class='ocrx_word' id='word_1_620' title='bbox 2118 4205 2342 4282; x_wconf 88' lang='lat' dir='ltr'>putant</span> <span class='ocrx_word' id='word_1_621' title='bbox 2363 4199 2443 4262; x_wconf 87' lang='lat' dir='ltr'>de</span> <span class='ocrx_word' id='word_1_622' title='bbox 2473 4199 2637 4261; x_wconf 82' lang='lat' dir='ltr'>facto</span> <span class='ocrx_word' id='word_1_623' title='bbox 2665 4198 2856 4260; x_wconf 89' lang='lat' dir='ltr'>talem</span> <span class='ocrx_word' id='word_1_624' title='bbox 2885 4197 3256 4259; x_wconf 85' lang='lat' dir='ltr'>electionem</span> <span class='ocrx_word' id='word_1_625' title='bbox 3283 4195 3352 4255; x_wconf 89' lang='lat' dir='ltr'>in</span> <span class='ocrx_word' id='word_1_626' title='bbox 3389 4193 3656 4256; x_wconf 87' lang='lat' dir='ltr'>omnibus</span> 
     </span>
     <span class='ocr_line' id='line_1_97' title="bbox 2120 4289 3656 4370; baseline -0.007 -15"><span class='ocrx_word' id='word_1_627' title='bbox 2120 4291 2434 4356; x_wconf 82' lang='lat' dir='ltr'>salvandis</span> <span class='ocrx_word' id='word_1_628' title='bbox 2461 4309 2590 4352; x_wconf 88' lang='lat' dir='ltr'>non</span> <span class='ocrx_word' id='word_1_629' title='bbox 2619 4291 3038 4370; x_wconf 80' lang='lat' dir='ltr'>praecessisse.</span> <span class='ocrx_word' id='word_1_630' title='bbox 3067 4291 3198 4351; x_wconf 90' lang='lat' dir='ltr'>Imo</span> <span class='ocrx_word' id='word_1_631' title='bbox 3227 4289 3420 4350; x_wconf 81' lang='lat' dir='ltr'>etiam</span> <span class='ocrx_word' id='word_1_632' title='bbox 3443 4305 3517 4348; x_wconf 91' lang='lat' dir='ltr'>eo</span> <span class='ocrx_word' id='word_1_633' title='bbox 3538 4292 3656 4347; x_wconf 83' lang='lat' dir='ltr'>ten-</span> 
     </span>
     <span class='ocr_line' id='line_1_98' title="bbox 2119 4379 3655 4463; baseline -0.005 -17"><span class='ocrx_word' id='word_1_634' title='bbox 2119 4385 2210 4446; x_wconf 90' lang='lat' dir='ltr'>dit</span> <span class='ocrx_word' id='word_1_635' title='bbox 2235 4385 2341 4445; x_wconf 87' lang='lat' dir='ltr'>illa</span> <span class='ocrx_word' id='word_1_636' title='bbox 2367 4383 2551 4458; x_wconf 87' lang='lat' dir='ltr'>ratio,</span> <span class='ocrx_word' id='word_1_637' title='bbox 2585 4388 2656 4444; x_wconf 89' lang='lat' dir='ltr'>ut</span> <span class='ocrx_word' id='word_1_638' title='bbox 2681 4384 2908 4463; x_wconf 89' lang='lat' dir='ltr'>probet</span> <span class='ocrx_word' id='word_1_639' title='bbox 2946 4400 3078 4445; x_wconf 91' lang='lat' dir='ltr'>non</span> <span class='ocrx_word' id='word_1_640' title='bbox 3109 4399 3296 4462; x_wconf 88' lang='lat' dir='ltr'>posse</span> <span class='ocrx_word' id='word_1_641' title='bbox 3323 4383 3524 4442; x_wconf 90' lang='lat' dir='ltr'>Deum</span> <span class='ocrx_word' id='word_1_642' title='bbox 3561 4379 3655 4440; x_wconf 88' lang='lat' dir='ltr'>ab·</span> 
     </span>
     <span class='ocr_line' id='line_1_99' title="bbox 2107 4475 3652 4556; baseline -0.005 -16"><span class='ocrx_word' id='word_1_643' title='bbox 2107 4477 2324 4540; x_wconf 73' lang='lat' dir='ltr'>soluta</span> <span class='ocrx_word' id='word_1_644' title='bbox 2367 4475 2688 4538; x_wconf 85' lang='lat' dir='ltr'>voluntate</span> <span class='ocrx_word' id='word_1_645' title='bbox 2717 4475 3115 4556; x_wconf 76' lang='lat' dir='ltr'>praedefinire</span> <span class='ocrx_word' id='word_1_646' title='bbox 3155 4476 3434 4555; x_wconf 85' lang='lat' dir='ltr'>aliquem</span> <span class='ocrx_word' id='word_1_647' title='bbox 3471 4477 3652 4534; x_wconf 86' lang='lat' dir='ltr'>actum</span> 
     </span>
     <span class='ocr_line' id='line_1_100' title="bbox 2117 4567 3654 4633; baseline -0.003 -2"><span class='ocrx_word' id='word_1_648' title='bbox 2117 4571 2385 4633; x_wconf 85' lang='lat' dir='ltr'>liberum</span> <span class='ocrx_word' id='word_1_649' title='bbox 2411 4570 2514 4631; x_wconf 82' lang='lat' dir='ltr'>vel</span> <span class='ocrx_word' id='word_1_650' title='bbox 2557 4569 2851 4632; x_wconf 79' lang='lat' dir='ltr'>effectum</span> <span class='ocrx_word' id='word_1_651' title='bbox 2877 4570 3236 4631; x_wconf 80' lang='lat' dir='ltr'>interventu</span> <span class='ocrx_word' id='word_1_652' title='bbox 3277 4573 3482 4629; x_wconf 63' lang='lat' dir='ltr'>causae</span> <span class='ocrx_word' id='word_1_653' title='bbox 3521 4567 3654 4626; x_wconf 88' lang='lat' dir='ltr'>libe-</span> 
     </span>
     <span class='ocr_line' id='line_1_101' title="bbox 2115 4661 3655 4742; baseline -0.005 -14"><span class='ocrx_word' id='word_1_654' title='bbox 2115 4685 2202 4728; x_wconf 80' lang='lat' dir='ltr'>rae</span> <span class='ocrx_word' id='word_1_655' title='bbox 2235 4665 2592 4728; x_wconf 88' lang='lat' dir='ltr'>necessario</span> <span class='ocrx_word' id='word_1_656' title='bbox 2643 4664 3110 4742; x_wconf 82' lang='lat' dir='ltr'>exequendum,</span> <span class='ocrx_word' id='word_1_657' title='bbox 3157 4670 3304 4724; x_wconf 89' lang='lat' dir='ltr'>ante</span> <span class='ocrx_word' id='word_1_658' title='bbox 3353 4661 3655 4742; x_wconf 78' lang='lat' dir='ltr'>praescien-</span> 
     </span>
     <span class='ocr_line' id='line_1_102' title="bbox 2116 4752 3652 4836; baseline -0.006 -15"><span class='ocrx_word' id='word_1_659' title='bbox 2116 4760 2270 4822; x_wconf 89' lang='lat' dir='ltr'>tiam</span> <span class='ocrx_word' id='word_1_660' title='bbox 2315 4759 2670 4821; x_wconf 84' lang='lat' dir='ltr'>absolutam</span> <span class='ocrx_word' id='word_1_661' title='bbox 2727 4759 2909 4820; x_wconf 89' lang='lat' dir='ltr'>liberi</span> <span class='ocrx_word' id='word_1_662' title='bbox 2957 4775 3148 4830; x_wconf 89' lang='lat' dir='ltr'>usus;</span> <span class='ocrx_word' id='word_1_663' title='bbox 3180 4756 3352 4836; x_wconf 92' lang='lat' dir='ltr'>quod</span> <span class='ocrx_word' id='word_1_664' title='bbox 3404 4752 3652 4836; x_wconf 59' lang='lat' dir='ltr'>praedicti</span> 
     </span>
     <span class='ocr_line' id='line_1_103' title="bbox 2117 4848 3650 4932; baseline -0.005 -18"><span class='ocrx_word' id='word_1_665' title='bbox 2117 4858 2404 4914; x_wconf 90' lang='lat' dir='ltr'>auctores</span> <span class='ocrx_word' id='word_1_666' title='bbox 2424 4859 2886 4932; x_wconf 88' lang='lat' dir='ltr'>consequenter</span> <span class='ocrx_word' id='word_1_667' title='bbox 2903 4851 3274 4913; x_wconf 88' lang='lat' dir='ltr'>concedunt.</span> <span class='ocrx_word' id='word_1_668' title='bbox 3291 4850 3471 4912; x_wconf 89' lang='lat' dir='ltr'>Unde</span> <span class='ocrx_word' id='word_1_669' title='bbox 3491 4848 3650 4909; x_wconf 87' lang='lat' dir='ltr'>etiam</span> 
     </span>
     <span class='ocr_line' id='line_1_104' title="bbox 2115 4939 3652 5026; baseline -0.005 -19"><span class='ocrx_word' id='word_1_670' title='bbox 2115 4947 2182 5007; x_wconf 91' lang='lat' dir='ltr'>in</span> <span class='ocrx_word' id='word_1_671' title='bbox 2206 4945 2564 5026; x_wconf 86' lang='lat' dir='ltr'>particulari</span> <span class='ocrx_word' id='word_1_672' title='bbox 2609 4945 2840 5007; x_wconf 89' lang='lat' dir='ltr'>docent</span> <span class='ocrx_word' id='word_1_673' title='bbox 2883 4947 3084 5007; x_wconf 88' lang='lat' dir='ltr'>Deum</span> <span class='ocrx_word' id='word_1_674' title='bbox 3121 4962 3251 5004; x_wconf 89' lang='lat' dir='ltr'>non</span> <span class='ocrx_word' id='word_1_675' title='bbox 3291 4943 3552 5022; x_wconf 84' lang='lat' dir='ltr'>elegisse</span> <span class='ocrx_word' id='word_1_676' title='bbox 3581 4939 3652 5000; x_wconf 74' lang='grc' dir='ltr'>εἰ·</span> 
     </span>
     <span class='ocr_line' id='line_1_105' title="bbox 2115 5038 3652 5118; baseline -0.005 -18"><span class='ocrx_word' id='word_1_677' title='bbox 2115 5039 2392 5100; x_wconf 86' lang='lat' dir='ltr'>ficaciter</span> <span class='ocrx_word' id='word_1_678' title='bbox 2409 5038 2841 5100; x_wconf 86' lang='lat' dir='ltr'>Beatissimam</span> <span class='ocrx_word' id='word_1_679' title='bbox 2866 5039 3186 5118; x_wconf 84' lang='lat' dir='ltr'>Virginem</span> <span class='ocrx_word' id='word_1_680' title='bbox 3227 5043 3300 5097; x_wconf 90' lang='lat' dir='ltr'>ut</span> <span class='ocrx_word' id='word_1_681' title='bbox 3343 5043 3510 5098; x_wconf 89' lang='lat' dir='ltr'>esset</span> <span class='ocrx_word' id='word_1_682' title='bbox 3545 5052 3652 5095; x_wconf 86' lang='lat' dir='ltr'>ma·</span> 
     </span>
     <span class='ocr_line' id='line_1_106' title="bbox 2115 5129 3648 5213; baseline -0.005 -19"><span class='ocrx_word' id='word_1_683' title='bbox 2115 5139 2212 5194; x_wconf 90' lang='lat' dir='ltr'>ter</span> <span class='ocrx_word' id='word_1_684' title='bbox 2227 5133 2362 5208; x_wconf 92' lang='lat' dir='ltr'>Dei,</span> <span class='ocrx_word' id='word_1_685' title='bbox 2391 5133 2515 5194; x_wconf 90' lang='lat' dir='ltr'>nisi</span> <span class='ocrx_word' id='word_1_686' title='bbox 2537 5139 2792 5213; x_wconf 89' lang='lat' dir='ltr'>propter</span> <span class='ocrx_word' id='word_1_687' title='bbox 2819 5133 3042 5194; x_wconf 87' lang='lat' dir='ltr'>merita</span> <span class='ocrx_word' id='word_1_688' title='bbox 3071 5133 3208 5212; x_wconf 88' lang='lat' dir='ltr'>ejus</span> <span class='ocrx_word' id='word_1_689' title='bbox 3233 5132 3374 5211; x_wconf 89' lang='lat' dir='ltr'>jam</span> <span class='ocrx_word' id='word_1_690' title='bbox 3395 5129 3648 5191; x_wconf 84' lang='lat' dir='ltr'>absolute</span> 
     </span>
     <span class='ocr_line' id='line_1_107' title="bbox 2117 5223 3647 5306; baseline -0.007 -18"><span class='ocrx_word' id='word_1_691' title='bbox 2117 5227 2397 5306; x_wconf 77' lang='lat' dir='ltr'>praevisa.</span> <span class='ocrx_word' id='word_1_692' title='bbox 2433 5225 2610 5297; x_wconf 91' lang='lat' dir='ltr'>Quod</span> <span class='ocrx_word' id='word_1_693' title='bbox 2649 5225 2702 5286; x_wconf 90' lang='lat' dir='ltr'>si</span> <span class='ocrx_word' id='word_1_694' title='bbox 2747 5230 3299 5304; x_wconf 85' lang='lat' dir='ltr'>argumentemur,</span> <span class='ocrx_word' id='word_1_695' title='bbox 3333 5224 3482 5302; x_wconf 88' lang='lat' dir='ltr'>quia</span> <span class='ocrx_word' id='word_1_696' title='bbox 3509 5223 3647 5283; x_wconf 85' lang='lat' dir='ltr'>Deus</span> 
     </span>
     <span class='ocr_line' id='line_1_108' title="bbox 2117 5316 3648 5396; baseline -0.005 -18"><span class='ocrx_word' id='word_1_697' title='bbox 2117 5317 2260 5378; x_wconf 91' lang='lat' dir='ltr'>ideo</span> <span class='ocrx_word' id='word_1_698' title='bbox 2319 5316 2492 5380; x_wconf 88' lang='lat' dir='ltr'>dedit</span> <span class='ocrx_word' id='word_1_699' title='bbox 2537 5316 2921 5379; x_wconf 79' lang='lat' dir='ltr'>Beatissimoe</span> <span class='ocrx_word' id='word_1_700' title='bbox 2959 5316 3196 5396; x_wconf 83' lang='lat' dir='ltr'>Virgini</span> <span class='ocrx_word' id='word_1_701' title='bbox 3239 5321 3480 5376; x_wconf 86' lang='lat' dir='ltr'>tantam</span> <span class='ocrx_word' id='word_1_702' title='bbox 3531 5329 3648 5393; x_wconf 85' lang='lat' dir='ltr'>gra-</span> 
     </span>
     <span class='ocr_line' id='line_1_109' title="bbox 2113 5404 3648 5492; baseline -0.005 -20"><span class='ocrx_word' id='word_1_703' title='bbox 2113 5411 2289 5486; x_wconf 88' lang='lat' dir='ltr'>tiam,</span> <span class='ocrx_word' id='word_1_704' title='bbox 2335 5416 2398 5472; x_wconf 88' lang='lat' dir='ltr'>et</span> <span class='ocrx_word' id='word_1_705' title='bbox 2441 5415 2574 5472; x_wconf 91' lang='lat' dir='ltr'>tam</span> <span class='ocrx_word' id='word_1_706' title='bbox 2603 5411 2880 5492; x_wconf 83' lang='lat' dir='ltr'>insignes</span> <span class='ocrx_word' id='word_1_707' title='bbox 2909 5413 3108 5484; x_wconf 84' lang='lat' dir='ltr'>actus,</span> <span class='ocrx_word' id='word_1_708' title='bbox 3145 5413 3212 5469; x_wconf 87' lang='lat' dir='ltr'>et</span> <span class='ocrx_word' id='word_1_709' title='bbox 3255 5407 3338 5469; x_wconf 88' lang='lat' dir='ltr'>ad</span> <span class='ocrx_word' id='word_1_710' title='bbox 3377 5407 3512 5468; x_wconf 90' lang='lat' dir='ltr'>illos</span> <span class='ocrx_word' id='word_1_711' title='bbox 3537 5404 3648 5466; x_wconf 84' lang='lat' dir='ltr'>effi-</span> 
     </span>
     <span class='ocr_line' id='line_1_110' title="bbox 2117 5496 3647 5584; baseline -0.006 -19"><span class='ocrx_word' id='word_1_712' title='bbox 2117 5521 2232 5565; x_wconf 83' lang='lat' dir='ltr'>cax</span> <span class='ocrx_word' id='word_1_713' title='bbox 2277 5503 2578 5566; x_wconf 82' lang='lat' dir='ltr'>auxilium</span> <span class='ocrx_word' id='word_1_714' title='bbox 2592 5549 2614 5580; x_wconf 90' lang='lat'>,</span> <span class='ocrx_word' id='word_1_715' title='bbox 2661 5509 2732 5564; x_wconf 89' lang='lat' dir='ltr'>ut</span> <span class='ocrx_word' id='word_1_716' title='bbox 2773 5521 2886 5584; x_wconf 88' lang='lat' dir='ltr'>per</span> <span class='ocrx_word' id='word_1_717' title='bbox 2911 5502 3051 5564; x_wconf 87' lang='lat' dir='ltr'>illos</span> <span class='ocrx_word' id='word_1_718' title='bbox 3091 5519 3160 5562; x_wconf 87' lang='lat' dir='ltr'>se</span> <span class='ocrx_word' id='word_1_719' title='bbox 3199 5500 3554 5580; x_wconf 86' lang='lat' dir='ltr'>disponeret</span> <span class='ocrx_word' id='word_1_720' title='bbox 3581 5496 3647 5558; x_wconf 88' lang='lat' dir='ltr'>ad</span> 
     </span>
    </p>
   </div>
   <div class='ocr_carea' id='block_1_7' title="bbox 3811 2114 3814 2811">
    <p class='ocr_par' dir='ltr' id='par_1_9' title="bbox 3811 2114 3814 2811">
     <span class='ocr_line' id='line_1_111' title="bbox 3811 2114 3814 2811; baseline 0 0"><span class='ocrx_word' id='word_1_721' title='bbox 3811 2114 3814 2811; x_wconf 95' lang='lat' dir='ltr'> </span> 
     </span>
    </p>
   </div>
   <div class='ocr_carea' id='block_1_8' title="bbox 3808 4059 3818 6149">
    <p class='ocr_par' dir='ltr' id='par_1_10' title="bbox 3808 4059 3818 6149">
     <span class='ocr_line' id='line_1_112' title="bbox 3808 4059 3818 6149; baseline 0 0"><span class='ocrx_word' id='word_1_722' title='bbox 3808 4059 3818 6149; x_wconf 95' lang='lat' dir='ltr'> </span> 
     </span>
    </p>
   </div>
  </div>
 </body>
</html>
