3850 6225
690 416 825 470 GAP.
860 420 919 469 X.
958 418 1039 469 AN
1073 416 1283 471 Possl‘r
1316 418 1547 472 GRATJA
1580 416 1885 471 Exclrms
1918 420 2162 473 SALTEM
2196 422 2568 487 MORALITER,
2605 423 2738 477 ETC.

148 634 271 697 Non
298 634 581 712 repugnat
606 631 747 693 dari
774 629 1189 693 excitationem
1218 630 1311 693 ita
1344 631 1667 708 efficacem,

238 732 299 789 at
325 722 629 787 moraliter
656 725 1147 805 pradeterminet
1169 724 1559 787 voluntatem.

210 902 261 959 5.
304 896 473 969 Quod
500 914 648 958 vero
691 897 1048 976 hujusmodi
1080 898 1366 959 excitatio
1396 915 1509 957 seu
1556 896 1661 957 de-

144 991 464 1055 terminatio
519 991 773 1052 moralis
809 990 889 1051 sit
932 989 1271 1069 possibilia,
1311 989 1660 1069 generatim

137 1084 445 1164 loquendo.
474 1082 657 1144 facile
690 1083 949 1161 intelligi
982 1089 1045 1143 et
1071 1082 1375 1143 declarari
1402 1086 1608 1161 potest
1635 1096 1657 1159 3

136 1196 263 1239 uam
300 1177 360 1236 in
398 1175 533 1237 aliis
558 1176 798 1237 actibus
821 1175 1137 1251 bumaniS,
1170 1194 1333 1253 saepe
1360 1175 1663 1254 contingit

136 1273 423 1333 hominem
460 1270 707 1349 operari
738 1288 883 1331 cum
918 1268 1277 1349 hujusmodi
1300 1267 1520 1328 morali
1552 1268 1663 1328 de-

136 1365 561 1435 terminatione,
599 1367 691 1436 ut,
723 1362 977 1441 quando
1008 1363 1197 1423 habet
1222 1360 1476 1421 evidens
1494 1360 1661 1440 judi-

133 1460 293 1529 cium,
320 1458 435 1517 hoc
469 1455 588 1517 sibi
618 1455 934 1535 expedire,
988 1461 1050 1516 et
1100 1454 1485 1515 contrarium
1520 1469 1657 1513 esse

130 1552 225 1612 sihi
250 1550 421 1611 valde
448 1548 922 1611 incommodum
960 1567 1033 1609 ac
1072 1546 1491 1627 perniciosum
1522 1565 1537 1617 ;
1598 1551 1660 1607 et

128 1644 344 1707 aliunde
369 1644 431 1703 in
458 1661 535 1704 eo
561 1641 833 1703 volendo
858 1640 1029 1721 quod
1047 1640 1161 1701 sibi
1188 1640 1459 1719 expedit,
1488 1640 1659 1700 nulla

128 1738 363 1800 occurrit
389 1736 745 1809 difficultas,
794 1742 855 1797 et
880 1736 1059 1815 juvat
1082 1734 1271 1795 etiam
1295 1734 1655 1813 plurimum,

126 1834 167 1893 si
193 1832 433 1892 affectus
454 1830 560 1890 vel
588 1828 977 1891 cousuetudo
1006 1827 1371 1889 intercedat.
1400 1828 1555 1889 Item
1578 1826 1661 1887 ad

128 1932 271 1985 actus
304 1924 500 1985 malos
540 1928 749 2001 potest
793 1922 1039 1983 daemon
1080 1926 1210 1981 tam
1250 1922 1658 1982 vehementer

124 2019 386 2080 inducere
414 2017 739 2078 hominem
781 2016 1177 2077 suasionibus
1217 2020 1279 2075 et
1314 2016 1656 2097 suggestio-

125 2112 299 2183 nibus,
341 2117 429 2183 ut,
458 2110 583 2171 nisi
615 2110 814 2190 gratia
864 2109 976 2169 Dei
1018 2108 1293 2188 juvetur,
1336 2109 1657 2170 moraliter

125 2222 229 2265 non
274 2205 465 2284 possit
500 2220 645 2265 sese
699 2203 1021 2263 continere
1075 2202 1225 2281 quin
1268 2203 1619 2264 consentiat
1626 2222 1649 2299 Ξ

127 2318 251 2379 ergo
285 2300 477 2360 multo
506 2300 715 2377 magis
745 2303 951 2377 potest
986 2297 1153 2357 Deus
1192 2316 1306 2358 sua
1347 2298 1655 2358 excitante

123 2394 289 2474 gratia
333 2394 413 2455 ita
466 2392 825 2454 illuminare
874 2390 1221 2459 hominem,
1268 2396 1329 2452 et
1363 2390 1655 2452 affectum

122 2489 233 2567 ejus
262 2486 555 2547 inclinare
585 2490 648 2546 et
676 2485 1045 2557 accendere,
1079 2490 1145 2544 ut
1170 2483 1489 2545 moraliter
1511 2502 1655 2544 eum

121 2580 185 2640 ad
200 2578 705 2641 consentiendum
732 2578 939 2639 trahat
962 2596 1037 2639 ac
1078 2577 1471 2639 determinet.
1501 2580 1656 2640 Item

120 2674 171 2732 in
210 2675 319 2734 hoc
368 2692 495 2735 non
552 2672 803 2734 laeditur
838 2672 1116 2746 libertae,
1164 2678 1233 2733 ut
1270 2671 1655 2735 declaratum

120 2772 227 2837 est:
256 2784 454 2847 neque
496 2766 743 2845 aliquid
793 2765 965 2827 aliud
1020 2766 1229 2827 afferri
1268 2772 1495 2845 potest,
1545 2786 1657 2827 cur

120 2861 219 2921 hoc
254 2860 347 2921 vel
398 2860 699 2941 potentiae
741 2859 963 2920 divinae
988 2859 1089 2920 vel
1116 2858 1467 2921 efficacitati
1502 2860 1657 2921 divi-

119 2972 198 3014 nae
232 2955 433 3034 gratiae
458 2956 799 3033 repugnet.
836 2954 965 3013 Hoc
1002 2954 1193 3014 etiam
1222 2953 1550 3015 confirmat
1586 2954 1653 3015 il·

119 3048 206 3107 lud
246 3048 403 3128 quod
432 3047 512 3109 de
544 3047 791 3108 Christo
820 3046 1085 3107 Domino
1134 3046 1364 3107 docent
1416 3048 1649 3120 Patres,

119 3141 377 3204 habuisse
422 3141 729 3202 nimirum
770 3141 837 3200 in
892 3145 1147 3220 aspectu
1180 3147 1244 3202 et
1277 3141 1485 3202 verbis
1524 3141 1653 3202 suis

120 3235 467 3296 ineffabilem
512 3234 788 3316 gratiam
820 3239 883 3294 et
929 3233 1221 3295 virtutem
1266 3234 1347 3294 ad
1400 3253 1653 3312 persua-

120 3327 381 3400 dendum,
420 3335 481 3390 et
510 3325 876 3390 auditorum
904 3327 1146 3386 animos
1172 3345 1403 3406 magna
1425 3329 1655 3405 jucun-

118 3419 277 3481 ditate
306 3419 751 3489 alliciendum,
784 3424 853 3480 ut
898 3418 1161 3497 Cyrillus
1213 3419 1319 3492 ait,
1350 3419 1455 3480 lib.
1505 3423 1545 3482 2
1586 3421 1651 3480 in

116 3511 413 3590 Joaunem,
445 3528 595 3593 cap.
632 3499 735 3586 sta,
766 3520 829 3574 et
856 3513 1088 3574 indicat
1136 3513 1649 3591 Chrysostomus,

116 3607 299 3667 homil.
326 3610 401 3670 15
450 3610 515 3668 in
562 3607 877 3669 Joannem
904 3651 920 3676 ,
962 3611 1023 3666 et
1048 3605 1351 3686 Origenes
1380 3651 1395 3672 .
1451 3606 1555 3667 lib.
1616 3607 1653 3666 3

116 3707 253 3762 cont.
286 3701 557 3774 Celsum,
588 3707 651 3761 et
678 3705 847 3760 recte
876 3701 1319 3778 HieronymuS,
1339 3700 1557 3760 Matth.
1587 3701 1649 3775 9,

115 3795 397 3872 explicans
428 3796 707 3857 subitam
726 3793 993 3854 Matthaei
1024 3793 1520 3864 conversionem,
1545 3792 1655 3872 qui

113 3886 179 3946 ad
190 3906 369 3949 unum
394 3887 625 3952 Christi
652 3887 949 3948 verbum:
984 3885 1244 3966 Sequere
1260 3903 1369 3960 me,
1396 3905 1653 3969 earyene

114 3985 321 4044 secutus
353 3988 443 4046 est
471 4001 613 4046 eum
636 4007 660 4042 .·
684 3978 911 4061 Aryait
941 3979 1165 4058 (inquit
1193 3980 1649 4059 Hieronymus)

114 4072 465 4158 Porphyrius
480 4075 583 4139 vel
602 4072 908 4156 imperitia
917 4093 965 4130 m
988 4073 1267 4136 historici
1279 4074 1645 4147 mentientis,

116 4168 188 4226 tel
201 4170 519 4233 stultitiam
544 4186 749 4232 eoram
763 4165 867 4248 qai
891 4167 1103 4229 statim
1126 4164 1317 4229 secuti
1336 4171 1483 4228 eunt
1506 4165 1651 4230 Sal-

116 4265 343 4322 vaterem
362 4288 387 4334 ,·
428 4267 489 4322 et
520 4261 795 4340 primum
822 4258 1165 4338 respondet
1192 4259 1420 4318 multas
1456 4258 1652 4320 virtu-

114 4357 191 4412 tes
220 4356 533 4434 multaque
562 4353 743 4433 signa
771 4353 1188 4432 praecessisse,
1214 4370 1350 4430 quae
1388 4354 1652 4430 Aposto-

114 4443 191 4505 los
208 4447 423 4509 vidisse
452 4446 754 4509 credibile
782 4451 876 4506 est
903 4465 919 4518 ;
975 4445 1201 4506 deinde
1229 4445 1401 4506 addit
1431 4463 1443 4504 :
1482 4445 1654 4509 Certe

111 4539 291 4620 [αἶθον
310 4542 437 4624 ipse
460 4546 520 4603 et
530 4540 829 4621 majestas
856 4537 1205 4602 divinitatis
1227 4539 1493 4611 occaltoe,
1520 4557 1653 4619 qua·

112 4633 271 4694 etiam
298 4636 361 4694 iu
390 4635 660 4698 hamana
691 4633 847 4712 facie
880 4632 1200 4704 relucebat,
1230 4649 1303 4694 ea
1334 4633 1535 4711 primo
1575 4633 1660 4694 ad

112 4741 165 4786 ee
204 4729 459 4790 videntes
510 4727 750 4789 trabere
768 4731 1015 4808 poterat
1064 4732 1333 4806 aspecta.
1386 4725 1465 4790 Si
1496 4726 1654 4788 enim

114 4819 170 4876 in
196 4828 453 4902 maynete
494 4819 697 4901 lapide
732 4825 792 4882 et
826 4819 1093 4882 succinis
1122 4821 1248 4883 Iooec
1287 4838 1412 4883 esse
1440 4817 1533 4882 cie
1560 4819 1656 4881 di-

116 4913 279 4971 citnr.
303 4918 373 4976 at
399 4913 683 4985 annulos,
717 4915 775 4974 et
798 4913 1113 4993 stipulam,
1147 4917 1207 4975 et
1242 4917 1508 4987 festucas
1536 4911 1656 4975 sibi

116 5006 341 5084 copulet,
370 5011 595 5087 quanto
630 5004 827 5088 mayis
872 5003 1170 5068 Dominus
1200 5006 1461 5068 omnium
1490 5023 1653 5068 crea-

115 5100 371 5160 turarum
427 5101 513 5163 ad
555 5117 617 5162 ee
666 5101 907 5164 trabere
946 5103 1191 5181 poterat
1224 5144 1239 5170 ‚
1302 5117 1449 5180 quoe
1504 5099 1655 5161 vole-

114 5187 218 5249 bat.
252 5191 425 5262 Quod
473 5200 682 5254 autem
716 5193 995 5254 Christus
1045 5191 1253 5252 facere
1288 5192 1489 5270 potuit
1540 5209 1656 5271 per

114 5281 571 5362 humanitatem,
626 5285 905 5349 sensibili
948 5287 1137 5347 modo
1182 5305 1323 5348 eam
1392 5272 1653 5364 ejusque

110 5375 283 5435 verba
306 5379 596 5440 sensibus
618 5380 993 5458 objiciendo,
1023 5385 1227 5458 potest
1244 5380 1429 5440 etiam
1447 5379 1653 5440 facere

114 5483 215 5543 per
260 5471 413 5532 alios
452 5472 771 5534 ministros
807 5491 979 5546 suos,
1034 5472 1133 5532 vel
1188 5471 1546 5534 immediate
1588 5473 1651 5533 in

114 5564 407 5626 mentibus
420 5564 747 5628 hominum
762 5566 1083 5646 operando
1103 5585 1120 5637 ;
1146 5573 1209 5627 et
1232 5567 1352 5627 hoc
1368 5573 1459 5627 ist
1483 5567 1649 5646 quod

1753 522 2138 599 Augustinus
2159 524 2333 598 dixit,
2356 526 2434 586 de
2451 525 2681 605 Spiritu
2697 532 2758 586 et
2786 525 3011 599 littera,
3035 546 3172 608 cap.
3198 532 3314 593 34:

1768 614 2048 679 visorum
2089 616 2470 681 suasionibus
2493 619 2626 699 ayit
2659 620 2823 682 Deae
2861 625 2933 683 ut
2958 620 3213 685 velimus
3259 631 3318 691 et

1746 710 1817 768 ut
1862 711 2198 785 credamus,
2239 712 2367 774 sive
2411 712 2806 787 eatrimecue,
2838 730 2948 794 per
2983 714 3320 801 Evangeli-

1748 820 1853 865 cas
1905 805 2370 880 exhortationes,
2400 804 2524 869 eive
2562 808 2952 883 intrinsecus,
3005 810 3108 873 ubi
3148 830 3315 875 nemo

1741 894 1913 958 babet
1965 898 2034 957 in
2105 904 2402 978 potestate
2463 901 2616 980 quid
2663 902 2718 963 ei
2765 904 2970 965 veniat
3031 905 3100 966 ia
3149 924 3314 968 men-

1739 992 1877 1050 tem.

1821 1082 1881 1141 6.
1947 1082 2224 1149 Varietae
2255 1087 2608 1159 vocationis,
2646 1093 2705 1151 et
2743 1092 2998 1155 moralis
3032 1094 3314 1157 determi-

1744 1174 2040 1249 nationis,
2072 1176 2439 1241 declaratur.
2472 1212 2554 1225 —
2582 1181 2730 1255 Sed,
2765 1188 3052 1262 quamvis
3095 1188 3212 1249 hoc
3247 1189 3306 1249 in

1745 1286 1977 1347 genere
2023 1276 2195 1330 extra
2241 1289 2493 1333 omnem
2535 1274 3013 1353 ambiguitatem
3047 1286 3110 1341 et
3150 1281 3312 1343 diffi-

1742 1361 2039 1422 cultatem
2091 1362 2206 1437 sit,
2265 1368 2480 1425 tamen
2527 1366 2593 1425 in
2639 1370 2996 1446 particulari
3046 1392 3176 1435 non
3219 1381 3316 1436 est

1742 1458 1871 1513 tam
1884 1452 2065 1515 facile
2088 1455 2168 1516 ad
2187 1457 2648 1534 explicandum,
2682 1468 2917 1538 quanta
2951 1466 3147 1545 possit
3173 1485 3312 1529 esse

1741 1547 1877 1607 haec
1914 1548 2170 1609 moralis
2221 1548 2685 1613 determinatio.
2730 1555 2933 1618 Habet
2977 1577 3132 1639 ergo
3176 1561 3312 1623 sine

1740 1638 1932 1699 dubio
1959 1640 2374 1703 latitudinem.
2418 1645 2676 1706 Vocatio
2710 1648 2878 1708 enim
2909 1650 3146 1727 divina,
3181 1654 3307 1714 suf·

1741 1731 1960 1793 ficiens
1988 1735 2052 1793 in
2079 1753 2192 1795 suo
2218 1754 2451 1815 genere
2482 1739 2563 1800 ad
2592 1744 3064 1806 conversionem
3109 1746 3311 1808 homi-

1739 1826 1859 1900 nis,
1880 1828 2170 1906 quaedam
2200 1830 2459 1911 intelligi
2478 1837 2686 1912 potest
2714 1852 2852 1897 esse
2881 1836 3162 1913 minima,
3194 1858 3309 1902 seu

1740 1920 2101 2000 simpliciter
2149 1925 2528 1998 necessaria,
2565 1933 2634 1987 ut
2685 1928 2872 1991 homo
2914 1931 3110 2010 possit
3157 1952 3312 1995 con-

1738 2015 1915 2087 verti,
1953 2032 2066 2075 seu
2107 2021 2178 2077 ut
2223 2024 2623 2081 convertatur
2670 2021 2720 2081 si
2751 2023 2922 2096 velit,
2956 2030 3024 2086 ut
3069 2044 3186 2105 per
3239 2044 3306 2089 se

1738 2113 2014 2181 constat3
2051 2114 2255 2187 potest
2275 2116 2488 2171 autem
2516 2112 2682 2174 Deus
2711 2114 2906 2193 (quod
2927 2135 3096 2198 saepe
3115 2120 3304 2181 etiam

1734 2199 1905 2280 facit)
1931 2202 2292 2263 uberiorem
2317 2209 2378 2264 et
2404 2205 2710 2283 majorem
2727 2209 3035 2284 conferre,
3052 2212 3153 2272 vel
3177 2231 3306 2274 ma·

1731 2294 1835 2373 jus
1886 2294 2102 2355 lumen
2145 2298 2692 2371 communicando,
2742 2301 2842 2363 vel
2899 2304 3307 2368 intensiorem

1738 2394 1947 2449 actum
1981 2390 2334 2464 excitandO,
2375 2392 2474 2453 vel
2501 2401 2668 2455 certe
2697 2394 2911 2474 plures
2937 2404 2998 2459 et
3027 2400 3308 2463 diversos

1738 2487 1944 2542 motus
1971 2483 2360 2562 inspirando,
2401 2487 2628 2564 quibus
2679 2490 2964 2552 voluntas
2991 2494 3194 2574 magis
3221 2494 3308 2555 al·

1736 2573 1984 2636 liciatur
2016 2594 2031 2647 ;
2061 2575 2126 2635 in
2188 2595 2312 2656 quo
2361 2584 2570 2657 potest
2619 2599 2756 2643 esse
2798 2584 3073 2645 maxima
3107 2588 3308 2649 varie·

1738 2675 1853 2741 tas„
1894 2670 2074 2747 juxta
2113 2670 2418 2733 infinitam
2449 2674 2817 2753 sapientiam
2863 2684 2924 2739 et
2957 2682 3306 2757 potentiam

1739 2762 1868 2822 Dei.
1904 2766 2107 2841 Atque
2147 2764 2294 2825 hinc
2341 2766 2412 2828 fit
2461 2774 2532 2827 ut
2559 2813 2574 2840 ,
2623 2769 3014 2833 considerata
3062 2792 3139 2835 ex
3177 2793 3306 2837 una

1736 2860 1911 2933 parte
1939 2856 2303 2934 capacitate,
2335 2859 2790 2938 complexione,
2809 2864 3090 2926 moribus
3111 2874 3172 2927 et
3193 2866 3304 2929 ha·

1734 2947 1965 3009 bitibus
1995 2966 2108 3009 seu
2145 2950 2472 3012 affectibus
2499 2954 2767 3016 hominis
2795 2958 2902 3036 qui
2925 2966 3208 3033 vocatur,
3238 2967 3302 3023 et

1736 3042 1922 3102 modo
1968 3043 2312 3105 vocationis
2353 3031 2577 3107 dirime
2608 3066 2685 3108 ex
2723 3050 2942 3123 altera,
2984 3050 3300 3116 interdum

1734 3144 1989 3198 maneat
2018 3138 2306 3199 voluutas
2350 3157 2528 3218 aeque
2569 3141 2964 3218 indifferen8‚
3011 3153 3074 3207 et
3113 3149 3306 3209 effec-

1734 3235 1835 3289 tus
1867 3231 1949 3292 ad
2002 3233 2362 3294 utrumlibet
2419 3251 2601 3313 aeque
2647 3239 3058 3319 contingens;
3107 3242 3302 3302 inter-

1734 3322 1887 3383 dum
1918 3341 2068 3384 vero
2092 3324 2168 3386 sit
2197 3325 2506 3389 difficilior
2533 3333 2882 3408 conversiO,
2903 3339 2964 3393 et
2992 3352 3134 3394 raro
3154 3353 3304 3395 con-

1740 3416 1994 3495 tingens
2023 3425 2278 3497 propter
2304 3420 2824 3500 impedimentum
2853 3425 3154 3500 hominis;
3193 3446 3304 3487 sae·

1735 3527 1813 3588 pe
1850 3516 2064 3570 autem
2115 3518 2369 3590 propter
2406 3513 2748 3578 efficaciam
2792 3521 3134 3581 vocationis
3190 3539 3304 3581 seu

1734 3602 2182 3664 abundantiam
2199 3607 2412 3685 gratiae
2433 3609 2754 3670 excitantis
2772 3613 3070 3675 reddatur
3089 3615 3303 3680 volun-

1735 3704 1829 3759 tas
1844 3699 2039 3759 multo
2057 3701 2257 3778 magis
2278 3719 2590 3781 propensa
2621 3711 2680 3766 et
2704 3705 2994 3769 inclinata
3027 3712 3204 3788 quasi
3238 3713 3304 3772 in

1736 3795 1878 3851 actu
1905 3791 2106 3870 primo
2133 3793 2214 3853 ad
2244 3812 2658 3870 consensum;
2684 3804 2746 3860 et
2774 3799 2915 3862 ideo
2945 3804 3203 3866 effectus
3225 3806 3306 3865 sit

1734 3890 1803 3946 ut
1838 3884 1899 3944 in
1936 3885 2273 3963 plurimum
2301 3889 2707 3969 contingens;
2743 3898 2806 3954 et
2848 3900 2996 3956 tunc
3034 3897 3300 3959 dicimus

1731 3977 2119 4039 voluntatem
2147 3981 2468 4043 moraliter
2496 3983 2920 4048 determinari.
2955 3989 3088 4061 Quo
3117 3991 3187 4052 fit
3229 3999 3298 4054 ut

1731 4071 1863 4132 haec
1908 4071 2344 4134 determinatio
2371 4077 2572 4155 major
2615 4097 2753 4140 esse
2808 4082 3005 4159 possit
3045 4081 3142 4143 vel
3181 4085 3302 4144 mi-

1732 4181 1870 4237 nor,
1890 4165 2070 4244 juxta
2107 4167 2471 4245 qualitatem
2503 4189 2616 4230 seu
2658 4173 3158 4252 magnitudinem
3187 4195 3300 4236 vo-

1732 4260 2023 4333 cationis;
2057 4278 2206 4320 nam
2235 4263 2392 4324 sicut
2410 4263 2574 4326 inter
2599 4267 2857 4329 effectus
2884 4287 3027 4330 raro
3059 4273 3304 4332 contin-

1733 4359 1954 4432 gentes
2001 4373 2167 4414 unus
2209 4373 2348 4416 esse
2393 4363 2616 4435 potest,
2649 4359 2755 4438 qui
2807 4361 3008 4423 rarius
3058 4365 3304 4426 accidat

1733 4464 1919 4526 quam
1953 4446 2136 4520 aliua,
2165 4448 2248 4508 ita
2274 4449 2437 4510 inter
2465 4451 2724 4514 effectus
2763 4457 2988 4534 saepius
3009 4459 3304 4518 evenien-

1733 4547 1855 4611 teS‚
1888 4547 2094 4619 potest
2125 4560 2288 4602 unus
2315 4542 2702 4622 frequentius
2732 4549 3056 4624 accidere3
3100 4559 3160 4613 et
3201 4552 3304 4614 ille

1734 4635 1851 4695 erit
1896 4634 2216 4696 moraliter
2261 4637 2490 4698 certior
2522 4685 2538 4710 ,
2587 4647 2650 4701 et
2702 4642 2783 4703 ad
2835 4642 3014 4704 illum
3053 4645 3300 4708 dicetur

1734 4745 1923 4788 causa
1961 4729 2163 4808 magis
2211 4727 2627 4794 determinata
2695 4736 3051 4811 moraliter3
3101 4745 3305 4818 potest

1736 4839 1886 4899 ergo
1934 4821 1998 4882 in
2033 4822 2154 4882 hac
2207 4822 2728 4889 determinatione
2793 4848 2932 4892 esse
2990 4831 3254 4894 latitudo
3284 4877 3302 4907 ,

1734 4913 1883 4993 quia
1941 4914 2124 4994 plura
2165 4923 2428 4995 possunt
2460 4937 2832 4984 concurrere
2854 4970 2869 4997 ,
2921 4942 3061 5005 quae
3103 4927 3307 5008 magis

1735 5015 1797 5069 et
1826 5010 2028 5090 magis
2068 5010 2372 5072 inclinent
2415 5014 2800 5076 voluntatem
2851 5018 2931 5078 ad
2983 5019 3176 5080 talem
3201 5039 3305 5082 ac·

1732 5110 1891 5164 tum.

1818 5199 1876 5256 7.
1923 5195 2020 5258 An
2077 5199 2334 5262 moralis
2392 5201 2808 5267 determinatio
2865 5207 2953 5270 sit
3005 5207 3308 5270 interdum

1737 5291 1974 5354 connino
2000 5290 2797 5366 infallibilia—Difficultas
2824 5317 2972 5360 vero
2998 5305 3307 5380 superest,

1738 5401 1821 5442 an
1843 5383 2040 5462 possit
2065 5385 2200 5444 haec
2223 5385 2656 5449 determinatio
2687 5393 3012 5469 pervenire
3039 5393 3120 5453 ad
3143 5410 3310 5454 sum-

1736 5495 1911 5538 mum
1955 5479 2291 5556 quemdam
2334 5481 2639 5560 gradum,
2685 5484 2748 5544 in
2796 5503 2920 5563 quo
2966 5487 3044 5548 sit
3091 5494 3310 5549 exacta

1736 5569 2064 5646 certitudo,
2097 5577 2158 5633 et
2187 5571 2526 5635 infallibilis
2555 5579 2861 5638 connexio
2882 5577 3022 5640 talis
3048 5579 3310 5646 effectus
