3850 6225
705 423 838 474 CAP.
874 424 955 474 IV.
993 425 1140 486 QUID
1173 425 1274 477 811·
1303 425 1605 479 Auxluum
1641 400 1965 490 Excti'ANS,
2001 427 2147 489 QUID
2184 427 2345 479 VERO
2380 427 2711 479 ADJUVANS.

145 530 380 608 positam
436 525 617 586 etiam
653 526 740 585 illi
786 526 1130 587 infunditur
1175 529 1280 606 qui
1337 549 1465 589 non
1517 545 1667 588 con-

146 621 408 692 vertitur3
453 637 598 697 ergo
627 619 766 679 talis
804 621 1068 698 qualitas
1113 622 1190 682 de
1233 640 1299 682 se
1338 625 1666 700 permanet

143 716 196 774 in
221 711 476 792 potentia
516 729 627 789 per
653 711 911 772 modum
953 714 1235 789 habituS,
1277 715 1664 793 quandoqui-

141 807 264 866 dem
305 809 622 883 permanet
675 806 927 882 quando
983 825 1114 867 non
1171 814 1500 886 operatur;
1554 827 1666 868 cur

144 917 270 978 ergo
296 897 510 958 dicitur
537 898 800 976 qualitas
827 900 1052 974 fluens,
1083 901 1274 961 autin
1305 918 1429 979 quo
1458 901 1664 962 differt

142 993 208 1051 ab
227 991 466 1050 habitu?

213 1087 296 1144 ¹5.
341 1082 934 1162 Vide0,‚responderi
964 1103 1148 1164 posse
1197 1087 1562 1164 qualitatem
1593 1085 1662 1145 il·

141 1179 244 1238 lam
261 1195 377 1236 non
393 1163 807 1238 determinare
841 1180 1181 1256 potentiam
1212 1180 1292 1240 ad
1316 1179 1666 1258 perfectum

141 1276 520 1331 consensum:
565 1269 983 1332 determinare
1013 1279 1224 1334 autem
1253 1272 1426 1332 illam
1451 1272 1533 1333 ad
1561 1273 1666 1332 ali-

140 1381 302 1442 quem
337 1367 570 1422 motum
601 1363 1038 1442 imperfectum
1067 1371 1129 1426 et
1156 1365 1660 1436 indeliberatum,

139 1463 189 1516 et
213 1454 380 1516 simul
409 1455 558 1516 dare
595 1455 759 1517 vires
802 1458 1179 1518 sufficientes
1211 1459 1290 1519 ad
1318 1458 1666 1538 perfectum

141 1557 190 1610 et
220 1549 614 1608 deliberatum
651 1567 1058 1624 consensum;
1093 1557 1154 1612 et
1185 1553 1304 1612 hoc
1335 1552 1484 1612 satis
1528 1569 1666 1611 esse

139 1650 194 1703 ut
229 1643 298 1702 sit
341 1661 452 1720 per
479 1643 740 1703 modum
777 1645 1038 1704 actualis
1063 1645 1379 1718 motioniS‚
1413 1649 1476 1705 et
1500 1649 1566 1705 ut
1590 1643 1668 1704 sit

140 1735 368 1815 qualitas
401 1736 626 1796 fluens.
663 1735 788 1796 Sed
817 1735 938 1796 hoc
984 1755 1107 1815 qua
1151 1736 1442 1798 facilitate
1475 1736 1667 1815 gratis

139 1829 348 1898 dicitur,
381 1826 552 1906 rejici
579 1833 816 1906 potest3
858 1829 1208 1908 praesertim
1239 1829 1386 1908 quia
1415 1848 1543 1890 non
1574 1834 1668 1890 est

141 1938 362 1980 necesse
383 1925 452 1980 ut
480 1919 775 1981 voluntas
806 1928 1096 1983 exerceat
1126 1923 1402 2002 aliquem
1426 1929 1669 1984 motum

142 2013 586 2074 indeliberatum
615 2020 762 2076 ante
792 2016 1050 2094 plenum
1095 2034 1497 2090 consensum,
1530 2016 1664 2089 sed,

143 2107 458 2167 immediate
497 2112 648 2192 post
687 2107 1030 2186 perfectam
1061 2109 1538 2171 illustrationem
1571 2111 1668 2170 in-

145 2200 388 2261 tellectus
413 2245 428 2272 ,
483 2206 696 2279 potest
754 2201 1045 2262 voluntas
1123 2203 1665 2282 supernaturalem

148 2311 478 2354 consensum
505 2299 833 2372 praestare,
868 2313 992 2373 qno
1024 2313 1090 2355 se
1125 2295 1206 2355 ad
1248 2295 1512 2374 gratiam
1541 2295 1668 2356 dis-

147 2391 322 2464 ponat,
363 2392 430 2447 ut
471 2387 736 2466 contigit
782 2387 848 2447 in
895 2387 1150 2467 Angelis
1197 2388 1261 2447 in
1320 2389 1522 2468 primo
1571 2389 1668 2448 in-

145 2485 313 2540 stante
341 2499 472 2552 suo,
507 2486 570 2540 et
597 2481 804 2559 prima
847 2482 1254 2542 conversione
1308 2482 1390 2542 ad
1441 2483 1665 2554 Deum,

145 2591 256 2650 quae
287 2591 406 2633 non
429 2573 545 2634 fuit
575 2573 662 2633 ab
707 2574 945 2648 habitu,
999 2580 1154 2636 teste
1197 2576 1270 2636 D.
1319 2576 1579 2649 Thoma,
1633 2579 1662 2637 1

145 2671 300 2744 part,
330 2671 544 2744 quaest.
591 2669 697 2740 62,
744 2673 860 2728 art.
905 2671 965 2742 2,
1013 2669 1094 2729 ad
1133 2671 1193 2741 3,
1237 2675 1300 2729 et
1337 2670 1504 2730 idem
1545 2670 1670 2730 for-

147 2767 280 2820 tasse
304 2761 410 2821 fuit
435 2761 498 2820 in
527 2761 776 2821 Adamo
807 2768 869 2822 et
891 2763 1260 2824 Beatissima
1289 2763 1566 2842 Virgine.
1595 2765 1672 2824 Et

145 2854 196 2911 in
221 2854 378 2914 nobis
410 2873 574 2934 saepe
638 2859 842 2933 potest
886 2857 1049 2916 idem
1081 2857 1388 2930 accidere,
1421 2862 1491 2917 ut
1529 2875 1670 2936 pec-

147 2953 306 3018 cator,
333 2965 442 3026 per
469 2947 862 3008 intellectum
892 2949 1192 3010 excitatus
1223 2956 1284 3011 et
1309 2950 1666 3029 inspiratuS,

148 3040 318 3098 statim
353 3059 464 3119 per
509 3041 904 3102 voluntatem
951 3042 1158 3103 eliciat
1206 3044 1662 3105 contritionem.

149 3134 308 3195 Aliter
345 3135 458 3195 dici
509 3142 730 3215 posset
771 3136 934 3198 hanc
965 3138 1328 3215 qualitatem
1361 3156 1500 3199 esse
1527 3138 1668 3199 talis

149 3233 364 3301 naturae,
395 3234 462 3289 ut
493 3248 628 3291 non
659 3234 830 3307 petat
860 3230 1106 3292 infundi
1142 3233 1240 3292 vel
1287 3232 1666 3306 conservari,

150 3320 244 3379 nisi
291 3322 530 3400 quando
571 3323 765 3383 homo
800 3330 948 3383 actu
987 3325 1290 3385 excitatur
1337 3330 1402 3385 ut
1445 3343 1672 3403 appre-

153 3414 343 3475 hendat
377 3416 474 3476 vel
504 3417 744 3495 cogitet
791 3417 870 3477 de
923 3436 1038 3477 sua
1086 3418 1320 3489 salute;
1372 3417 1524 3478 etin
1552 3418 1670 3477 hoc

151 3502 358 3567 differre
407 3508 486 3568 ab
535 3509 782 3569 habitu.
831 3510 958 3571 Sed
1003 3510 1122 3570 hoc
1179 3509 1367 3570 etiam
1411 3514 1672 3589 apparet

149 3596 294 3657 valde
335 3600 774 3674 voluntarium,
829 3602 976 3680 quia
1025 3601 1198 3661 nulla
1249 3607 1456 3680 potest
1511 3602 1669 3663 ratio

149 3689 292 3749 reddi
317 3692 494 3771 hujus
517 3693 985 3772 dependentiae,
1023 3712 1166 3755 cum
1214 3695 1350 3755 haec
1403 3696 1669 3774 qualitas

150 3798 266 3841 vere
294 3784 363 3843 sit
399 3794 572 3847 actus
609 3788 872 3864 primuS,
902 3786 1147 3847 infusus
1196 3787 1396 3865 (verbi
1447 3788 1667 3867 gratia)

149 3874 440 3951 voluntati3
474 3880 582 3957 qui
615 3896 742 3939 non
783 3885 878 3939 est
909 3898 1020 3941 cur
1047 3880 1320 3959 pendeat
1349 3879 1430 3941 ab
1463 3880 1670 3959 aliquo

152 3974 265 4025 actu
289 3972 550 4032 secundo
580 3972 974 4044 intellectus3
1009 3974 1379 4052 praesertim,
1407 3991 1551 4035 cum
1577 3992 1672 4033 os-

152 4064 360 4120 tensum
387 4062 460 4123 sit
481 4082 616 4125 non
641 4065 921 4143 pendere
951 4084 986 4125 a
1017 4072 1262 4127 suamet
1307 4067 1668 4145 operatione

155 4154 369 4228 actuali,
398 4158 505 4218 sed
535 4158 798 4219 subesse
827 4158 892 4218 in
929 4160 1250 4237 operando
1278 4160 1475 4221 libero
1531 4160 1668 4219 usui

155 4244 461 4310 voluntatis.
491 4252 782 4331 Denique
807 4252 872 4311 in
897 4254 1262 4313 universum
1287 4260 1382 4314 est
1421 4253 1670 4314 difficile

156 4338 218 4396 ad
236 4342 649 4419 explicandum
674 4346 992 4424 quomodo
1019 4346 1285 4425 qualitas
1308 4346 1666 4425 spiritualis,

157 4438 204 4489 et
225 4434 432 4495 nnllam
459 4438 704 4498 habens
741 4438 806 4497 in
837 4439 1117 4519 subjecto
1159 4440 1665 4520 repugnantiam,

155 4540 248 4582 nec
271 4528 532 4603 pendens
556 4530 639 4591 ab
674 4530 901 4592 actuali
931 4532 1272 4594 attentione
1303 4533 1405 4593 vel
1429 4533 1668 4593 influxu

153 4616 289 4677 vitali
309 4623 580 4699 subjecti,
613 4626 691 4685 sit
718 4644 796 4686 ex
820 4645 888 4687 se
909 4627 1241 4699 transienffi
1265 4627 1364 4687 vel
1383 4625 1670 4705 pendens

157 4709 220 4766 ab
258 4716 465 4775 actuali
503 4718 889 4795 operatione.
943 4718 1120 4781 Unde
1161 4718 1329 4797 apud
1379 4719 1669 4796 antiquos

161 4800 336 4864 Patres
358 4807 450 4867 vel
475 4810 828 4889 Theologos
855 4828 981 4871 non
1009 4812 1272 4889 legimus
1299 4812 1453 4871 alias
1474 4812 1669 4889 quali-

161 4896 289 4955 tates
317 4898 538 4961 infusas
579 4903 808 4964 nostris
857 4904 1170 4983 potentiis„
1215 4910 1445 4983 proeter
1491 4910 1668 4964 actus

162 4992 210 5043 et
251 4990 496 5053 habitus.
549 4998 656 5057 Est
692 4998 886 5077 igitur
941 4996 1128 5057 etiam
1183 4999 1317 5058 haec
1359 4998 1668 5059 sententia

162 5076 404 5145 difficilis,

161 5227 430 5298 Posterior
491 5243 696 5305 modus
747 5243 1108 5322 explicatum,
1141 5244 1224 5305 iis
1268 5212 1490 5307 solutis
1537 5261 1672 5325 quoe

517 5340 726 5398 contra
761 5336 938 5399 illum
968 5342 1272 5418 puyncmt.

231 5457 313 5516 16.
355 5458 608 5530 Quartus
643 5466 869 5527 modus
925 5467 1276 5547 explicandi
1305 5468 1480 5528 fhanc
1534 5486 1672 5545 gra-

167 5544 288 5607 tiam
313 5552 696 5637 adjuvantem
727 5566 841 5633 est,
871 5561 986 5622 hos
1011 5567 1188 5622 actus
1213 5562 1316 5645 qui
1343 5560 1672 5625 eliciuntur

3190 421 3301 480 171

1747 527 1882 588 sine
1913 527 2132 588 habitu
2170 529 2413 588 nullum
2441 527 2676 587 habere
2706 526 2768 585 in
2803 526 3055 586 homine
3092 525 3311 604 physi-

1747 639 1888 681 cum
1908 621 2283 700 principium
2306 621 2657 681 effectivum
2679 619 2793 679 sibi
2820 619 3135 680 inhaerens
3158 637 3309 698 prae-

1746 720 1840 774 ter
1891 715 2281 775 voluntatem
2314 731 2329 786 ;
2378 715 2705 790 Deumque
2736 713 2943 790 ipsum
2972 732 3085 792 per
3118 731 3185 773 se
3220 713 3309 772 ef-

1743 807 2047 893 ficacitate
2099 826 2211 866 sua
2248 808 2539 886 supplere
2571 805 2966 867 efficientiam
3012 805 3301 878 habitus3

1745 905 1933 978 atque
1960 901 2047 960 ita
2086 901 2287 960 Deum
2318 900 2547 979 duplici
2586 898 2829 958 ratione
2863 898 2943 958 ad
2972 899 3087 959 hos
3132 904 3307 958 actus

1744 1011 2152 1065 concurrere;
2210 993 2447 1054 scilicet
2472 1038 2487 1065 ,
2540 998 2602 1053 et
2628 998 2699 1052 ut
2744 993 3012 1070 primam
3054 1009 3307 1052 causam

1743 1087 1806 1147 in
1846 1087 2066 1148 ordine
2116 1087 2349 1166 gratiae,
2385 1090 2448 1147 et
2498 1090 2567 1146 ut
2618 1103 2873 1146 causam
2902 1085 3309 1164 principalem

1745 1181 2117 1259 proximam,
2157 1198 2284 1240 non
2312 1185 2524 1240 tamen
2552 1180 2865 1258 integram
2913 1197 3025 1239 seu
3054 1179 3308 1239 totalem

1747 1273 1810 1333 in
1852 1273 2021 1332 omni
2068 1289 2323 1352 genere,
2358 1273 2503 1351 quia
2542 1291 2669 1334 non
2710 1272 2978 1333 excludit
3032 1271 3311 1332 activita-

1745 1372 1872 1427 tem
1917 1366 2276 1426 voluntatis,
2315 1367 2559 1426 Etenim
2608 1365 2778 1443 quod
2826 1365 2927 1424 bic
2962 1365 3189 1425 modus
3232 1364 3310 1424 sit

1747 1458 2083 1538 possibiliS,
2114 1475 2479 1536 quanquam
2517 1457 2801 1518 nonnulli
2840 1457 3139 1536 Theologi
3168 1473 3311 1516 con-

1747 1553 2010 1612 trarium
2053 1553 2383 1620 senserint,
2424 1550 2604 1610 nobis
2634 1555 2853 1610 tamen
2882 1549 3031 1609 satis
3070 1553 3309 1609 certum

1745 1644 2028 1716 videtum
2066 1644 2211 1722 quia
2262 1642 2435 1703 nulla
2488 1642 2818 1704 intercedit
2858 1640 3305 1722 repugnantia,

1749 1753 1868 1797 nec
1914 1736 2095 1797 facile
2128 1736 2621 1797 subtrahendum
2676 1742 2769 1797 est
2820 1735 3053 1813 aliquid
3084 1733 3309 1794 divinae

1748 1829 2189 1908 potentiae,ubi
2208 1847 2339 1888 non
2362 1829 2509 1889 satis
2536 1831 2777 1889 constet
2788 1828 2871 1888 de
2894 1826 3311 1906 implicatione

1750 1921 2283 1993 contradictionis,
2323 1938 2463 1999 quae
2494 1921 2665 1980 nulla
2684 1921 2787 1982 hic
2822 1919 3064 1980 ostendi
3085 1924 3308 1997 potest.

1751 2015 1909 2086 Quia
1938 2015 2127 2088 Deus,
2164 2015 2595 2075 concurrendo
2628 2014 2752 2074 hoc
2777 2013 2966 2073 modo
3008 2031 3151 2073 cum
3203 2029 3315 2072 vo-

1748 2106 2011 2180 luntate,
2042 2125 2171 2167 non
2200 2106 2475 2167 excludit
2512 2106 2910 2167 efficientiam
2962 2105 3122 2184 ejus,
3169 2121 3311 2183 quae

1749 2201 1881 2260 sola
1917 2218 1994 2258 ex
2030 2205 2213 2278 parte
2240 2199 2513 2260 hominis
2558 2198 2639 2260 ad
2667 2198 2921 2260 vitalem
2950 2204 3013 2260 et
3052 2214 3313 2278 praeser-

1747 2293 1858 2354 tim
1911 2292 2181 2352 liberum
2238 2298 2449 2353 actum
2477 2293 2833 2353 necessaria
2864 2297 2980 2365 est,
3022 2290 3135 2352 sed
3172 2307 3313 2368 sup-

1749 2387 1880 2466 plet
1907 2386 2112 2446 solum
2156 2386 2551 2447 efficientiam
2583 2385 2851 2458 habitus,
2884 2401 3024 2464 quae
3052 2401 3181 2445 non
3219 2387 3314 2443 est

1749 2480 1834 2540 ita
1881 2479 2240 2540 necessaria
2276 2524 2291 2552 ,
2351 2479 2452 2540 vel
2500 2478 2834 2539 intrinseca
2887 2477 3059 2538 vitali
3099 2475 3308 2547 actui;

1751 2593 2005 2636 omnem
2038 2579 2249 2634 autem
2288 2573 2687 2634 efficientiam
2724 2573 3139 2634 extrinsecam
3166 2588 3315 2630 cau-

1751 2687 1834 2729 sae
1865 2668 2157 2728 secundae
2186 2673 2393 2746 potest
2414 2670 2582 2728 Deus
2610 2685 2724 2745 per
2756 2667 3029 2744 seipsum
3060 2664 3313 2742 supple-

1750 2780 1840 2822 re.
1894 2762 2091 2839 Igitur
2151 2763 2310 2823 sicut
2371 2761 2621 2822 habitus
2684 2764 2779 2820 est
2840 2759 3035 2819 virtus
3082 2759 3312 2837 juvans

1749 2855 2113 2934 potentiam,
2162 2855 2247 2914 ita
2278 2860 2341 2915 et
2385 2856 2551 2914 Deus
2596 2857 2800 2932 potest
2844 2852 3015 2912 illam
3035 2851 3307 2931 juvare;

1752 2953 1846 3008 est
1883 2954 2094 3008 autem
2124 2947 2372 3007 habitus
2396 2947 2593 3006 virtus
2618 2945 2973 3019 inhaerens;
3017 2946 3184 3005 Deus
3204 2960 3313 3002 au·

1749 3047 1876 3102 tem
1892 3041 2011 3101 dici
2051 3045 2255 3118 potest
2287 3039 2481 3099 virtus
2506 3040 2825 3113 assistenS,
2856 3057 2995 3119 quae
3024 3037 3313 3098 differen-

1749 3136 1834 3197 tia
1864 3154 1993 3195 non
2020 3134 2215 3195 refert
2234 3134 2316 3194 ad
2354 3152 2578 3213 puram
2608 3134 3027 3207 efficientiam,
3060 3149 3173 3193 seu
3203 3130 3315 3191 ad-

1743 3228 2049 3306 jutorium
2104 3227 2170 3287 in
2226 3227 2555 3289 efficiendo
2576 3273 2591 3302 ‚
2635 3226 2976 3288 dummodo
3008 3224 3311 3285 voluntati

1751 3337 2005 3397 semper
2047 3338 2199 3380 suus
2226 3321 2402 3381 locus
2445 3320 2853 3398 relinquatur.
2886 3317 3065 3380 Unde
3101 3324 3315 3377 aucto-

1751 3430 1854 3473 res
1897 3413 2001 3491 qui
2031 3418 2332 3491 putarunt
2373 3414 2493 3474 hoc
2542 3432 2681 3475 esse
2733 3411 3139 3491 impossibile,
3170 3410 3311 3469 ideo

1751 3504 1838 3564 ita
1883 3506 2153 3567 sensisse
2205 3507 2517 3579 videntur,
2551 3507 2697 3586 quia
2744 3506 3175 3566 existimarunt
3202 3504 3315 3563 ha-

1751 3598 1953 3659 bitum
1994 3601 2077 3660 ita
2126 3601 2351 3679 juvare
2406 3602 2773 3680 potentiam,
2814 3606 2882 3660 ut
2924 3600 3003 3659 sit
3056 3602 3185 3658 tota
3222 3598 3317 3656 vis

1751 3694 2003 3771 agendi,
2038 3700 2100 3754 et
2122 3694 2401 3772 potentia
2440 3712 2553 3773 per
2582 3695 2853 3773 seipsam
2906 3691 3058 3751 nihil
3110 3690 3317 3751 confe-

1749 3790 1868 3845 rat.
1907 3785 2087 3857 Quod
2113 3805 2335 3848 verum
2366 3806 2504 3848 esse
2548 3806 2677 3847 non
2724 3792 2930 3866 potest
2969 3784 3035 3845 in
3077 3782 3317 3844 actibus

1751 3878 1918 3953 vitae,
1952 3885 2014 3939 et
2042 3881 2385 3957 praescrtim
2432 3880 2666 3941 liberiS.

1837 3972 1898 4033 Si
1940 3979 2153 4034 autem
2178 3975 2281 4034 hic
2310 3974 2539 4035 modus
2570 3981 2663 4035 est
2688 3973 3023 4053 possibilie,
3052 3990 3183 4033 non
3222 3976 3317 4032 est

1751 4068 1999 4129 difficile
2032 4068 2287 4128 credere
2326 4069 2526 4129 Deum
2556 4068 2661 4129 illo
2706 4068 2796 4128 uti
2851 4068 2915 4127 in
2955 4066 3317 4146 hujusmodi

1752 4162 2027 4231 actibus;
2059 4166 2194 4221 tum
2223 4160 2369 4239 quia
2396 4160 2571 4222 deest
2617 4162 2813 4222 virtus
2864 4178 3067 4221 causae
3108 4160 3317 4240 proxi-

1750 4272 1870 4315 mae
1927 4254 2009 4314 ad
2059 4255 2433 4315 eliciendum
2492 4255 2666 4315 illum
2712 4258 2920 4315 actum
2947 4300 2963 4327 ,
3008 4253 3095 4313 ad·
3125 4270 3316 4331 quem

1749 4350 1918 4409 Deus
1947 4346 2083 4426 ipse
2122 4366 2237 4426 per
2272 4366 2451 4407 suam
2482 4348 2745 4427 gratiam
2774 4347 2945 4407 illam
2975 4346 3219 4417 excitat,
3255 4352 3317 4406 et

1751 4442 1892 4503 ideo
1950 4442 2027 4502 ad
2078 4443 2285 4521 ipsum
2338 4443 2610 4521 pertinet
2658 4442 2953 4521 supplere
3002 4441 3315 4502 defectum

1751 4538 2051 4614 proximae
2078 4554 2309 4608 causae,
2342 4536 2687 4615 praesertim
2718 4554 2863 4595 cum
2894 4542 3213 4596 ostensum
3240 4534 3318 4593 sit

1751 4646 1879 4688 non
1913 4630 2180 4689 inveniri
2208 4630 2501 4691 virtutem
2530 4636 2828 4701 creatam,
2861 4646 2985 4708 qua
3025 4628 3317 4707 supplea-

1749 4727 1889 4793 tur;
1923 4727 2058 4782 tum
2086 4722 2275 4783 etiam
2295 4722 2441 4801 quia
2470 4728 2621 4783 tunc
2640 4725 2808 4783 Deus
2832 4729 3129 4801 operatur
3150 4722 3319 4801 prin·

1752 4814 2037 4892 cipaliter
2062 4814 2127 4874 in
2160 4815 2394 4889 anima,
2436 4815 2606 4877 illam
2640 4816 2723 4877 ad
2751 4834 2819 4877 se
2848 4815 3309 4886 convertendo;

1752 4913 1812 4968 et
1840 4907 1983 4968 ideo
2010 4908 2095 4967 ait
2118 4910 2191 4968 D.
2219 4908 2514 4981 ThomaS,
2550 4909 2733 4969 citato
2766 4909 3149 4988 loco,prima
3172 4927 3319 4987 par-

1749 5006 1835 5073 te,
1870 5001 2366 5077 conversionem,
2390 5020 2503 5081 per
2530 5020 2722 5081 quam
2750 5003 2973 5082 aliquis
3001 5006 3318 5082 praeparat

1752 5111 1818 5153 se
1875 5093 1957 5153 ad
1992 5096 2255 5173 gratiam
2306 5095 2684 5169 habendam,
2716 5114 2845 5156 non
2902 5096 3153 5175 exigere
3204 5095 3317 5155 ali·-

1754 5206 1950 5266 quam
1990 5188 2375 5250 habitualem
2414 5189 2701 5269 gratiam,
2741 5189 2857 5251 sed
2886 5189 3314 5269 operationem

1754 5281 1889 5353 Dei,
1923 5282 2203 5341 animum
2230 5282 2310 5342 ad
2338 5300 2405 5343 se
2448 5282 2885 5344 convertentis.
2918 5281 3133 5344 Solum
3160 5280 3315 5341 illud

1755 5381 2042 5452 superest
2080 5374 2329 5436 difficile
2378 5375 2443 5435 in
2499 5375 2617 5437 hac
2646 5376 2979 5447 sententia,
3020 5373 3191 5453 quod
3234 5372 3317 5434 ad

1755 5486 2013 5529 suavem
2040 5467 2151 5528 Dei
2179 5467 2633 5546 providentiam
2664 5468 2955 5547 pertinet,
2991 5466 3141 5527 dare
3172 5484 3316 5527 cau-

1753 5562 1838 5623 sis
1859 5560 2149 5622 secundis
2176 5562 2435 5623 virtutes
2456 5560 2825 5623 intrinsecas
2846 5578 2963 5639 per
2984 5578 3141 5639 quas
3170 5578 3315 5639 ope-
