3850 6225
501 347 619 410 140

494 455 575 516 de
618 449 1103 532 supponendum
1132 455 1225 511 est
1260 450 1409 530 quid
1442 451 1697 512 nomine
1728 450 2063 531 providen-

494 550 596 610 tiae
626 544 1033 627 significetur,
1067 563 1147 606 ex
1172 545 1456 608 doctrina
1487 545 1555 606 D.
1592 546 1849 606 Thomae
1878 547 1936 616 1,
1965 561 2056 622 p.,

496 659 559 720 q.
586 643 687 714 22,
720 644 835 700 art.
870 641 899 698 1
916 683 931 710 ,
958 637 1067 698 ubi
1096 637 1283 700 docet
1306 638 1765 718 providentiam
1796 655 1936 698 esse
1964 656 2062 698 ra-

494 736 733 796 tionem
770 729 1005 792 ordinis
1066 749 1280 794 rerum
1332 732 1397 792 in
1446 729 1662 791 finem.
1711 729 1809 791 Ad
1859 732 2060 790 Deum

498 827 687 900 enim,
709 827 815 905 qui
843 831 1059 887 auctor
1084 831 1179 886 est
1203 843 1415 886 rerum
1451 823 1756 896 omnium,
1788 823 2061 902 pertinet

498 937 605 980 eas
640 920 701 980 in
744 937 891 980 suos
918 918 1115 990 fines,
1162 923 1227 979 et
1258 919 1325 978 in
1360 917 1729 996 primarium
1771 915 1966 978 finem
2023 935 2060 976 a

496 1013 623 1074 Deo
651 1011 987 1085 intentum,
1032 1011 1150 1072 sub
1178 1029 1302 1090 quo
1332 1029 1551 1072 omnes
1588 1006 1690 1070 alii
1736 1009 2065 1072 continen-

495 1115 619 1179 tur,
654 1106 925 1186 dirigere
955 1111 1017 1167 et
1046 1124 1158 1186 per
1188 1105 1623 1167 convenientia
1656 1103 1867 1166 media
1896 1103 2064 1166 ordi-

495 1219 673 1262 nare.
716 1201 873 1273 Quia
909 1219 1058 1262 vero
1090 1202 1259 1261 Deus
1306 1218 1421 1279 per
1448 1198 1834 1260 intellectum
1861 1203 1925 1260 et
1951 1216 2063 1259 vo-

492 1295 800 1356 luntatem
829 1299 1149 1374 operatur,
1174 1311 1436 1354 necesse
1464 1299 1558 1356 est
1588 1297 1659 1354 ut
1686 1291 1748 1352 in
1781 1309 1847 1352 se
1894 1309 2063 1370 prae-

495 1388 805 1466 concipiat
832 1393 1033 1450 totum
1072 1387 1357 1448 ordinem
1399 1405 1611 1447 rerum
1640 1386 1707 1445 in
1733 1384 1960 1456 finem3
1997 1388 2061 1445 et

493 1484 629 1544 haec
648 1481 805 1542 ratio
836 1483 900 1542 in
924 1480 1134 1542 divina
1174 1483 1383 1542 mente
1426 1481 1697 1540 existens
1723 1477 2061 1556 providen-

502 1576 587 1636 tia
616 1575 861 1636 dicitur.
896 1574 1053 1646 Quia
1090 1591 1239 1635 vero
1290 1573 1679 1653 providentia
1730 1589 1859 1633 non
1908 1571 2060 1632 dicit

490 1669 801 1730 rationem
832 1667 1302 1748 speculativam,
1330 1666 1443 1728 sed
1469 1666 1805 1745 practicam
1830 1670 1891 1726 et
1906 1683 2059 1744 ope-

490 1763 775 1836 rativam,
801 1762 979 1841 cujus
1008 1761 1266 1822 effectus
1290 1763 1385 1821 est
1410 1778 1620 1820 rerum
1648 1758 2020 1840 gubernatio
2040 1803 2056 1832 ,

492 1862 555 1917 et
578 1855 786 1916 divina
819 1855 978 1915 ratio
1006 1859 1068 1915 et
1090 1853 1370 1932 potentia
1400 1870 1527 1913 non
1557 1851 1952 1932 applicantur
1979 1851 2062 1912 ad

496 1968 679 2029 opUS,
729 1948 848 2010 nisi
875 1965 991 2028 per
1026 1948 1411 2009 voluntatem
1436 1991 1453 2020 ,
1494 1946 1637 2007 ideo
1666 1945 2058 2026 providentia

490 2043 876 2104 voluntatem
936 2041 1129 2102 habet
1172 2041 1554 2119 adjunctam.
1588 2041 1663 2102 Et
1690 2039 1769 2100 de
1799 2039 1917 2100 hac
1947 2059 2058 2100 vo-

490 2135 731 2196 luntate
776 2134 1167 2216 potissimum
1195 2135 1296 2195 hic
1340 2133 1733 2212 inquirimus,
1765 2151 2056 2212 quaenam

492 2229 575 2290 ad
620 2228 960 2308 perfectam
988 2227 1445 2308 providentiam
1472 2227 1827 2305 requiratur
1857 2245 1873 2299 ;
1904 2245 2054 2288 nam

489 2323 843 2402 praefinitio,
876 2329 945 2383 ut
994 2339 1071 2382 ex
1118 2321 1289 2382 vocis
1320 2321 1740 2382 declaratione
1785 2323 2048 2394 constat,

488 2417 815 2478 decretum
844 2415 1181 2477 voluntatis
1220 2414 1551 2494 significat.

568 2513 627 2572 6.
680 2507 1151 2573 consectarium.
1178 2541 1261 2556 —
1283 2511 1373 2570 Ex
1402 2508 1501 2569 his
1528 2525 1677 2568 vero
1714 2507 1857 2569 licet
1883 2507 2057 2569 colli-

488 2621 638 2682 gere
668 2603 831 2663 hanc
870 2603 1279 2676 voluntatem,
1314 2621 1429 2664 seu
1456 2600 1843 2674 volitiouem,
1876 2619 2054 2680 quae-

487 2714 755 2775 cumque
784 2695 889 2757 illa
910 2696 1008 2771 sit,
1034 2714 1150 2776 per
1174 2715 1243 2758 se
1266 2715 1379 2758 seu
1398 2695 1684 2758 absolute
1710 2700 2048 2774 sumptam,

484 2790 784 2869 nullaque
810 2789 975 2850 facta
1000 2789 1449 2869 suppositione,
1472 2807 1600 2849 non
1630 2789 1946 2868 pertinere
1971 2787 2056 2849 ad

487 2882 763 2946 divinam
792 2881 1263 2962 perfectionem,
1300 2898 1509 2961 neque
1550 2899 1687 2942 esse
1718 2881 1807 2942 illi
1832 2899 2056 2942 neces-

488 2978 719 3039 sariam
764 2977 847 3038 ad
896 2995 1080 3037 suum
1121 2976 1347 3036 melius
1396 2993 1570 3050 esse;
1616 2975 1763 3054 quia
1803 2981 1899 3036 est
1943 2975 2055 3036 de-

487 3075 729 3132 cretum
762 3068 1030 3131 liberum
1051 3066 1133 3129 ad
1152 3071 1325 3130 extra
1345 3086 1361 3141 3
1385 3069 1518 3131 haec
1542 3073 1754 3130 autem
1774 3066 2050 3141 decreta,

484 3182 679 3244 perse
707 3170 771 3227 et
792 3162 1075 3224 absolute
1106 3168 1401 3241 spectata,
1431 3158 1559 3224 ‘non
1588 3168 1736 3225 sunt
1762 3178 2054 3223 necessa-

486 3258 577 3318 ria
606 3256 690 3318 ad
716 3255 1167 3336 perfectionem
1193 3256 1325 3329 Dei,
1356 3255 1470 3316 sed
1498 3260 1949 3329 creaturarum,
1983 3256 2054 3313 ut

485 3357 581 3413 est
602 3356 855 3430 recepta
882 3350 1212 3411 sententia.
1232 3348 1411 3411 Addo
1428 3366 1601 3423 vern,
1623 3366 1819 3429 perse
1850 3353 1913 3409 et
1937 3347 2049 3409 ab·

484 3444 725 3516 solute;
757 3442 904 3522 quia
925 3462 1003 3505 ex
1024 3443 1449 3523 suppositione
1480 3443 1663 3503 unius
1690 3442 1921 3503 decreti
1941 3459 2046 3502 vo·

483 3537 738 3599 luntatis
778 3535 1023 3609 divinae,
1058 3542 1265 3615 potest
1312 3536 1393 3597 ad
1438 3536 1885 3616 perfectionem
1931 3535 2042 3596 Dei

482 3631 824 3710 pertinere,
854 3630 1097 3691 ratione
1123 3648 1251 3692 suae
1279 3630 1533 3692 infinitae
1560 3630 1904 3711 sapientioe,
1931 3629 2046 3691 im-

482 3723 937 3794 mutabilitatis,
965 3722 1281 3785 fidelitatis
1312 3728 1421 3784 aut
1446 3724 1791 3801 potestatis,
1826 3729 1895 3785 ut
1935 3724 2050 3785 ha-

481 3817 629 3879 beat
677 3816 849 3879 aliud
900 3816 1094 3897 (quod
1143 3818 1207 3878 in
1258 3835 1327 3878 re
1378 3817 1549 3879 aliud
1594 3836 1721 3879 non
1771 3822 1885 3892 est,
1933 3836 2048 3879 nos

480 3917 695 3973 autem
723 3930 897 3973 more
929 3918 1141 3974 nostro
1168 3912 1505 3991 loquimur,
1527 3912 1673 3993 quia
1703 3912 1786 3973 ad
1813 3930 1916 3973 res
1941 3930 2050 3973 ex-

480 4005 802 4085 plicandas
828 4008 1071 4069 ratione
1102 4006 1543 4086 distinguimus
1566 4024 1707 4085 quae
1738 4006 1801 4066 in
1828 4024 1899 4066 re
1926 4005 2051 4067 dis-

478 4100 675 4161 tincta
706 4118 833 4162 non
880 4102 1072 4178 sunt).
1126 4099 1305 4164 Unde
1352 4100 1643 4181 proprius
1672 4098 1934 4171 dicetur,
1969 4098 2051 4160 ob

479 4210 691 4255 rerum
740 4194 1222 4267 connexionem,
1254 4194 1684 4255 necessarium
1734 4189 2048 4252 interdum

478 4304 616 4347 esse
649 4289 741 4359 ut,
775 4303 921 4347 cum
949 4287 1118 4347 Deus
1144 4285 1280 4347 vult
1306 4304 1499 4347 unum
1532 4286 1851 4366 objectum
1876 4302 2047 4345 crea-

478 4386 634 4451 tum,
665 4378 816 4439 velit
842 4378 1029 4440 etiam
1058 4379 1267 4454 aliud;
1298 4384 1388 4453 ut,
1424 4380 1473 4439 si
1502 4378 1911 4459 praedefinivit
1937 4378 2047 4439 ab·

479 4472 683 4534 soluto
710 4470 964 4533 decreto
1002 4472 1274 4551 aliquem
1316 4471 1531 4543 finem,
1566 4473 1735 4550 quod
1763 4471 2047 4551 praedefi-

484 4564 619 4627 niat
648 4564 860 4637 etiam,
895 4564 997 4625 vel
1040 4564 1249 4643 aliquo
1278 4564 1579 4627 infallibili
1606 4564 1795 4625 modo
1828 4564 2047 4627 decer-

482 4664 593 4719 nat
618 4656 825 4717 media
862 4676 980 4737 per
1023 4675 1165 4735 quae
1196 4658 1370 4717 illum
1414 4664 1864 4737 consequatur;
1897 4658 2044 4737 quia

480 4750 713 4830 alioqui
764 4750 1169 4811 frustraretur
1216 4750 1541 4813 decretum
1587 4752 1753 4814 circa
1800 4750 1998 4813 finem
2022 4797 2039 4826 ,

476 4843 647 4923 quod
676 4844 906 4905 divinae
936 4844 1256 4923 sapientiae
1288 4848 1351 4905 et
1376 4844 1670 4906 efficaciae
1704 4851 2036 4926 repugnat.

476 4937 769 4999 Similiter
808 4937 1095 4998 absolute
1120 4955 1249 4997 non
1296 4943 1392 4998 est
1434 4938 1860 4999 necessarium
1907 4940 2037 4999 Deo

476 5030 713 5108 aliquid
746 5036 919 5091 extra
947 5048 1015 5091 se
1048 5030 1211 5091 velle
1237 5030 1339 5091 vel
1372 5032 1653 5111 operari3
1680 5036 1917 5107 tamen,
1963 5050 2040 5095 ex

476 5124 903 5203 suppositione
946 5123 1117 5203 quod
1162 5123 1397 5203 aliquid
1426 5129 1600 5185 extra
1648 5144 1717 5187 se
1746 5125 1897 5201 vult,
1930 5144 2040 5187 nc-

476 5236 651 5279 cesse
696 5222 791 5279 est
838 5222 907 5277 ut
953 5224 1213 5296 propter
1238 5234 1304 5277 se
1346 5234 1651 5299 suamque
1679 5218 1945 5299 gloriam
1977 5220 2042 5281 id

474 5310 773 5391 primario
806 5308 986 5382 velit;
1031 5326 1180 5370 nam
1218 5309 1337 5371 hoe
1363 5315 1601 5390 spectat
1624 5312 1707 5373 ad
1732 5312 2041 5375 rationem

474 5404 673 5467 ultimi
702 5402 847 5465 finis
874 5402 1155 5463 omnium
1184 5420 1442 5464 suorum
1470 5386 1756 5484 operum,
1786 5424 1909 5486 qua
1945 5425 2042 5469 se-

474 5498 681 5579 ipsum
708 5497 955 5579 privare
974 5514 1101 5558 non
1131 5502 1357 5577 potest.
1393 5498 1481 5559 Ac
1508 5498 1801 5579 denique,
1836 5500 1885 5561 si
1910 5502 2044 5563 vult

1148 5664 1229 5719 'm

1059 345 1270 401 OPUSC.
1306 343 1345 411 l,
1380 345 1499 402 Lm.
1534 349 1595 403 11.
1632 349 1711 402 DE
1744 347 2063 401 CONCURSU
2095 350 2199 404 nm
2231 351 2316 404 An
2350 351 2548 405 Acws
2581 351 2824 406 onmms
2855 349 3144 404 NATURA-2.

2142 456 2495 512 creaturam
2527 471 2708 513 suam
2753 451 2993 530 aliquid
3020 450 3290 530 operari,
3322 469 3580 514 necesse
3607 459 3688 516 est

2141 549 2210 605 ut
2243 562 2385 605 eam
2423 545 2576 608 velit
2601 546 2848 626 juvare,
2879 563 2992 606 seu
3048 561 3422 606 concursum
3469 563 3685 606 accom-

2139 637 2464 700 modatum
2491 639 2812 718 praebere;
2835 639 2984 718 quia
3003 655 3121 698 nec
3148 638 3280 717 ipse
3311 640 3482 700 Deus
3505 647 3684 717 potest

2143 749 2209 792 se
2256 731 2502 810 privare
2550 732 2873 812 privilegio
2903 749 3108 792 causae
3137 732 3377 810 primae,
3412 737 3523 792 aut
3545 733 3686 795 velle

2143 839 2280 882 esse
2307 823 2540 903 aliquid
2568 825 2748 904 cujus
2773 825 2904 905 ipse
2929 843 3121 886 causa
3153 843 3278 885 non
3309 825 3408 885 sit.

2220 915 2566 998 Pru-finitio
2591 918 2765 982 nulla
2791 919 3056 982 absolute
3093 919 3176 981 ad
3193 918 3470 981 divinam
3483 923 3688 1000 perfec-

2145 1011 2364 1073 tionem
2417 1011 2779 1076 necessaria.
2803 1045 2886 1058 —
2927 1011 3198 1074 Ulterius
3244 1029 3399 1090 ergo
3459 1029 3534 1070 ex
3585 1012 3688 1072 hoc

2143 1110 2314 1164 certo
2353 1104 2660 1183 principio
2694 1111 2866 1168 recte
2921 1104 3312 1166 concluditur
3346 1103 3690 1184 praefinitio-

2141 1215 2288 1258 nem
2337 1199 2788 1278 cujuscumque
2826 1198 3086 1260 actionis
3128 1215 3332 1258 causae
3373 1197 3686 1270 secundae,

2144 1309 2222 1354 ex
2251 1310 2318 1352 se
2350 1297 2410 1354 et
2439 1291 2721 1354 absolute
2747 1291 3227 1366 consideratam,
3249 1309 3368 1352 nec
3391 1291 3689 1372 pertinere

2142 1385 2223 1445 ad
2251 1384 2532 1446 divinam
2573 1385 3041 1464 perfectionem,
3075 1403 3284 1464 neque
3325 1383 3554 1444 divinae
3599 1401 3692 1444 vo-

2138 1477 2363 1539 luntati
2397 1496 2536 1539 esse
2563 1477 2692 1538 ullo
2733 1478 2920 1539 modo
2949 1479 3404 1551 necessariam3
3434 1476 3604 1556 quod
3623 1478 3691 1539 de

2137 1571 2550 1652 praefinitione
2593 1571 2854 1632 actionis
2891 1571 3203 1634 inferioris
3245 1589 3360 1632 seu
3405 1572 3692 1632 naturalis

2143 1665 2378 1727 ordinis
2438 1683 2644 1726 causae
2715 1665 2928 1726 liberae
2951 1711 2966 1738 ,
3021 1665 3104 1726 de
3162 1683 3286 1744 qua
3355 1662 3693 1742 specialiter
3812 1685 3814 1756 j

2141 1764 2508 1833 tractamus,
2540 1758 2812 1820 maxime
2837 1777 3058 1820 verum
3085 1757 3299 1819 habet.
3335 1757 3554 1819 Solum
3593 1756 3694 1836 igi-

2141 1857 2243 1914 tur
2269 1858 2556 1932 superest
2579 1851 3107 1913 considerandum
3128 1869 3210 1911 an
3231 1869 3309 1912 ex
3332 1851 3546 1930 aliqua
3567 1869 3692 1929 sup-

2137 1945 2445 2025 positione
2476 1947 2555 2007 sit
2579 1946 2932 2008 necessaria
2959 1946 3042 2007 ad
3075 1943 3421 2025 perfectum
3449 1943 3692 2004 modum

2140 2039 2440 2120 operandi
2490 2039 2624 2112 Dei,
2657 2039 2758 2100 vel
2795 2039 2878 2101 ad
2913 2039 3188 2119 aliquam
3233 2039 3424 2099 aliam
3468 2038 3692 2118 perfee-

2140 2133 2403 2207 tionem‚
2435 2150 2562 2212 qua
2587 2151 2802 2194 carere
2828 2132 2962 2213 ipse
2995 2151 3124 2194 non
3169 2131 3401 2211 possit;
3451 2149 3622 2207 nam,
3649 2133 3690 2191 si

2135 2225 2308 2286 nulla
2336 2225 2414 2286 sit
2449 2225 2588 2286 talis
2637 2225 3001 2305 suppositio,
3030 2244 3175 2309 cum
3223 2243 3348 2304 qua
3377 2223 3690 2304 praefinitio

2136 2320 2274 2380 haec
2315 2318 2546 2380 habeat
2573 2319 2994 2380 necessariam
3021 2319 3507 2390 connexionem,
3537 2325 3692 2378 recte

2138 2411 2607 2484 concludemuS,
2633 2429 2711 2472 ex
2737 2412 2872 2472 sola
2897 2411 3282 2492 perfectione
3307 2409 3538 2472 divinae
3569 2429 3690 2489 pro-

2133 2503 2426 2566 videntiae
2463 2523 2592 2565 non
2632 2521 2818 2583 posse
2871 2503 3076 2584 colligi
3129 2505 3295 2565 hanc
3343 2503 3688 2584 praefinitio-

2135 2615 2283 2659 nem
2312 2615 2452 2658 esse
2477 2596 2842 2675 simpliciter
2865 2597 3310 2660 necessariam.

2218 2690 2530 2756 Conclusio
2559 2692 2687 2755 hoeo
2713 2691 2786 2754 ab
2809 2693 3118 2772 effectibus
3144 2693 3692 2756 demonstratur.—

2134 2783 2314 2858 Quod
2338 2785 2526 2866 igitur
2551 2785 2723 2845 nulla
2755 2784 2833 2846 sit
2867 2785 3008 2846 talis
3047 2785 3412 2865 suppositio,
3446 2805 3589 2866 quae
3635 2787 3690 2845 in

2135 2879 2498 2939 universum
2539 2877 2602 2938 in
2645 2877 2937 2939 omnibus
2965 2879 3372 2959 providentiae
3399 2880 3689 2959 operibus

2134 2971 2343 3034 locum
2387 2972 2636 3045 habeat,
2669 2971 3000 3052 dupliciter
3035 2972 3278 3033 ostendi
3307 2977 3537 3051 potest.
3575 2972 3692 3033 Pri-

2133 3085 2238 3129 mo
2271 3085 2308 3128 a
2333 3066 2685 3147 posteriori,
2717 3067 2865 3147 quia
2890 3067 2974 3129 ad
3001 3068 3480 3149 providentiam,
3505 3087 3690 3149 quam

2133 3165 2299 3224 Deus
2329 3162 2519 3223 habet
2567 3162 2644 3224 de
2700 3163 2942 3224 actibus
2981 3169 3403 3251 peccatorum,
3436 3182 3570 3225 non
3607 3170 3694 3224 est

2132 3255 2489 3317 necessaria
2519 3256 2658 3317 talis
2685 3256 3034 3337 praefinitio,
3066 3275 3274 3335 neque
3314 3256 3688 3336 simpliciter.

2131 3366 2338 3428 neque
2390 3367 2468 3411 ex
2515 3348 2725 3428 aliqua
2775 3350 3234 3429 suppositione;
3285 3366 3434 3430 ergo
3487 3368 3692 3429 neque

2133 3444 2322 3505 etiam
2348 3444 2464 3505 erit
2487 3443 2548 3505 in
2575 3444 2865 3505 omnibus
2892 3444 3049 3504 aliis,
3079 3444 3280 3505 Probo
3311 3462 3692 3523 consequen-

2129 3536 2304 3606 tiam,
2333 3538 2480 3617 quia
2509 3544 2762 3599 act-uum
2789 3544 3215 3617 peccatorum,
3250 3537 3463 3617 quoad
3493 3546 3692 3599 mate-

2130 3629 2283 3691 riale
2329 3633 2698 3709 proesertim,
2741 3632 2932 3693 habet
2967 3633 3136 3693 Deus
3177 3650 3394 3692 veram
3445 3650 3518 3693 ac
3561 3650 3692 3711 per-

2129 3722 2360 3785 fectam
2389 3724 2868 3803 providentiam,
2887 3732 2948 3786 et
2967 3725 3298 3805 positivam
3318 3712 3528 3803 qtstd
3549 3744 3694 3787 con-

2131 3836 2386 3879 cursum
2441 3836 2631 3897 quem
2685 3819 2970 3899 praebere
3019 3819 3265 3893 statuit3
3322 3825 3455 3879 tum
3509 3819 3692 3880 etiam

2131 3912 2278 3991 quia
2309 3911 2614 3991 assignari
2645 3914 2863 3991 nequit
2889 3914 3019 3974 ulla
3043 3914 3223 3986 ratio,
3253 3912 3396 3991 quae
3431 3930 3694 3993 genera-

2129 4006 2206 4067 lis
2251 4006 2329 4068 sit
2375 4007 2667 4067 omnibus
2719 4008 2857 4069 aliis
2911 4008 3314 4087 providentiae
3347 4006 3687 4076 effectibuS‚

2129 4116 2270 4178 quse
2291 4099 2354 4159 in
2380 4100 2619 4161 actibus
2635 4107 3036 4181 peccatorum
3057 4101 3260 4161 locum
3287 4119 3416 4161 non
3440 4100 3690 4171 habeat,

2129 4198 2198 4253 ut
2232 4211 2308 4252 ex
2338 4193 2626 4272 sequenti
2659 4194 2946 4255 discursu
2975 4193 3301 4255 constabit.

2207 4286 2617 4367 Proedefinitio
2643 4304 2763 4349 non
2791 4292 2884 4351 est
2911 4288 3250 4352 necessaria
3279 4289 3362 4351 ad
3375 4286 3688 4370 perfectio-

2125 4398 2258 4443 nem
2285 4380 2551 4444 scientia»
2575 4379 2710 4445 Dei.
2733 4414 2816 4429 -
2837 4384 3143 4444 Probatur
3169 4401 3318 4463 ergo
3350 4382 3626 4444 secundo
3653 4400 3687 4441 a

2126 4474 2348 4554 priori3
2381 4474 2526 4553 quia
2556 4474 2636 4535 ad
2665 4476 3114 4555 perfectionem
3143 4476 3546 4555 providentiae
3569 4475 3686 4535 tria

2127 4567 2334 4627 solum
2371 4567 2662 4629 videntur
2690 4568 2945 4649 requiri,
2983 4568 3235 4643 scilicet,
3269 4570 3548 4643 scientia,
3577 4586 3688 4628 vo-

2123 4660 2333 4720 luntas
2358 4666 2420 4721 et
2447 4660 2761 4739 potentia;
2805 4660 2918 4723 sed
2947 4681 3024 4723 ex
3059 4663 3230 4724 nullo
3259 4663 3486 4723 horum
3516 4662 3686 4740 capi-

2121 4760 2256 4813 tum
2297 4759 2392 4815 est
2417 4753 2746 4833 praefinitio
2785 4755 2888 4816 illa
2917 4756 2981 4816 in
3013 4758 3374 4817 universum
3403 4773 3684 4817 necessa-

2121 4848 2212 4908 ria
2263 4847 2344 4907 ad
2385 4847 2835 4926 perfectionem
2869 4849 3310 4928 providentiae;
3349 4867 3502 4928 ergo
3545 4847 3685 4907 nul-

2120 4940 2249 5001 lum
2305 4946 2399 5001 est
2445 4940 2926 5004 fundamentum
2977 4942 3058 5002 ob
3113 4944 3282 5022 quod
3333 4940 3682 5003 necessaria

2121 5039 2458 5096 asseratur.
2494 5035 2696 5097 Prima
2731 5036 3072 5115 propositio
3123 5042 3220 5097 est
3265 5054 3379 5115 per
3422 5054 3490 5096 se
3537 5040 3682 5093 nota

2123 5145 2199 5189 ex
2220 5127 2523 5203 terminiS,
2549 5134 2610 5188 et
2639 5129 2904 5189 sumitur
2925 5147 3000 5189 ex
3029 5130 3102 5189 D.
3135 5128 3399 5202 Thoma,
3431 5132 3458 5189 1
3493 5132 3678 5209 part..

2123 5228 2340 5302 quaest.
2374 5225 2473 5297 19,
2505 5230 2623 5284 art.
2657 5226 2719 5297 4,
2773 5230 2838 5285 et
2883 5230 3105 5303 quaest.
3139 5224 3238 5298 22,
3276 5228 3391 5284 art.
3443 5226 3468 5283 1
3521 5228 3578 5283 et
3615 5222 3674 5293 2,

2124 5322 2186 5377 et
2221 5334 2281 5394 q.
2314 5318 2418 5389 25,
2450 5322 2567 5377 art.
2599 5318 2660 5389 5,
2703 5316 2786 5377 ad
2817 5318 2874 5379 1.
2905 5316 3109 5378 Minor
3156 5316 3366 5394 quoad
3415 5316 3682 5396 primam

2121 5414 2366 5489 partem
2385 5408 2464 5469 de
2505 5407 2762 5471 scientia
2803 5409 3138 5487 prohatur;
3173 5427 3340 5483 nam,
3367 5408 3419 5468 si
3463 5408 3682 5485 loqua-

2123 5521 2267 5565 mur
2295 5504 2374 5565 dc
2421 5503 2678 5565 scientia
2731 5502 3027 5585 simplicis
3075 5502 3520 5583 intelligentiae,
3576 5500 3678 5560 illa
