3850 6225
485 355 604 417 362

485 480 674 542 quam
711 466 875 525 esset
901 462 1042 523 talis
1073 462 1358 523 voluntas
1381 460 1880 537 determinanda,
1911 484 2047 527 res-

483 556 796 636 pondetur
821 558 940 618 hoc
967 556 1104 637 jam
1131 575 1268 617 esse
1301 556 1614 635 inquirere
1645 560 1903 619 modum
1932 578 2045 621 seu

485 648 763 711 medium
811 650 974 711 illius
1018 650 1308 721 scientiae,
1361 650 1439 710 de
1483 670 1606 731 quo
1651 652 1712 713 in
1760 653 2043 732 sequenti

487 742 687 820 capite
709 743 1042 806 dicendum
1069 748 1182 805 est.
1217 746 1390 805 Nunc
1415 763 1568 823 ergo
1582 746 1856 807 breviter
1877 746 2040 819 dicu,

486 838 668 898 nobis
690 857 816 899 non
847 844 1157 911 constare,
1195 840 1324 899 Deo
1349 844 1561 901 autem
1579 858 1694 918 per
1736 858 1802 901 sc
1827 847 2043 901 notum

487 948 648 1003 esse,
683 949 796 991 suo
839 930 1078 993 infinito
1109 932 1366 1003 lumine,
1399 950 1524 1009 quo
1553 932 1802 995 intuens
1825 950 2047 993 omnes

485 1042 696 1085 rerum
729 1024 1192 1103 complexiones
1221 1032 1282 1085 et
1321 1020 1802 1105 compositiones
1849 1026 2050 1106 possi-

487 1116 666 1189 biles,
700 1116 884 1195 simul
909 1116 1185 1178 intuetur
1213 1134 1348 1195 quae
1371 1116 1494 1177 sint
1519 1117 1620 1178 vel
1649 1124 1862 1180 essent
1887 1118 2051 1179 futu-

485 1228 598 1287 rae,
630 1216 692 1273 et
733 1228 872 1289 quae
909 1228 1059 1271 non.
1105 1210 1384 1289 Denique
1421 1211 1608 1291 (quod
1653 1218 1782 1273 tam
1825 1212 1888 1272 in
1932 1213 2049 1273 hoc

487 1321 676 1382 quam
713 1304 778 1363 in
817 1305 1058 1365 caeteris
1100 1305 1488 1383 argumentis
1533 1305 1878 1367 notandum
1930 1306 2046 1383 est)

487 1414 705 1457 omnes
736 1394 867 1457 fere
913 1397 1006 1457 hae
1048 1396 1570 1477 interrogationes
1611 1398 1746 1459 fieri
1784 1383 2047 1477 poss'unt

485 1487 563 1549 de
593 1486 816 1549 futuris
837 1490 1342 1568 contingentibus
1373 1491 1670 1552 absolutis
1686 1492 2049 1571 priusquam

483 1580 548 1641 in
577 1600 642 1641 ro
671 1581 974 1655 existant3
1006 1589 1066 1643 et
1101 1583 1239 1644 ideo
1273 1583 1398 1643 dixi
1427 1582 1556 1645 ferc
1591 1584 1826 1644 nullam
1853 1585 2051 1663 majo-

483 1690 616 1734 rem
635 1674 1060 1738 difficultatem
1081 1696 1218 1739 esse
1235 1678 1300 1737 in
1315 1677 1412 1737 his
1428 1677 1506 1739 de
1529 1678 1754 1757 quibus
1775 1679 2043 1755 agimuS,

485 1785 676 1845 quam
701 1768 764 1829 in
793 1769 936 1831 illis.

564 1864 624 1923 4.
670 1860 772 1925 Aa
791 1864 1132 1927 secundum.
1155 1866 1418 1928 —Deus
1447 1866 1752 1947 cognoscit
1799 1866 2049 1947 comple·

482 1950 690 2019 oeiom
727 1974 930 2019 rerum
955 1976 1089 2037 quoe
1123 1959 1456 2038 disparatas
1496 1966 1666 2031 sunt,
1711 1964 1770 2021 et
1813 1976 2049 2040 quomo—

483 2050 575 2111 da.
602 2049 800 2109 -Ad
841 2050 1210 2122 secundum,
1245 2052 1434 2129 aliqui
1481 2052 1765 2113 absolute
1815 2056 2049 2131 negant

478 2144 682 2203 Deum
731 2160 1112 2223 cognoscere
1169 2145 1534 2223 hujusmodi
1575 2144 2047 2225 complexiones

484 2235 958 2309 conditionatas,
981 2238 1045 2297 in
1060 2238 1284 2315 quibus
1317 2238 1696 2301 antecedens
1724 2239 1896 2299 nullo
1911 2258 2047 2299 mo-

485 2328 566 2389 do
604 2328 894 2391 conducit
923 2329 1003 2389 ad
1044 2348 1180 2390 esse
1213 2333 1677 2410 consequentiS‚
1715 2350 1922 2412 neque
1967 2349 2041 2392 ex

483 2422 881 2496 necessitate,
907 2442 1114 2503 neque
1132 2443 1208 2485 ex
1231 2425 1442 2503 aliqua
1470 2426 1868 2497 causalitate;
1893 2425 2041 2504 quia

481 2520 632 2577 tunc
689 2534 828 2577 esse
871 2518 1058 2577 unius
1089 2517 1260 2577 nullo
1302 2518 1490 2581 modo
1535 2520 1724 2581 refert
1765 2519 1845 2579 ad
1901 2538 2039 2579 esse

484 2608 761 2670 alterius.
797 2609 972 2681 Quod
1002 2616 1212 2671 autem
1231 2612 1577 2673 affirmatur
1595 2613 1712 2673 sub
1741 2612 2041 2673 conditio·

481 2721 592 2776 ne,
618 2703 836 2763 saltem
865 2702 1052 2764 debet
1083 2704 1317 2765 habere
1359 2724 1502 2765 cum
1531 2706 1632 2765 illa
1673 2706 1865 2765 talem
1899 2724 2043 2767 con·

487 2796 844 2868 nexionem,
891 2801 982 2869 ut,
1031 2797 1136 2857 illa
1187 2797 1390 2877 posita
1416 2844 1431 2866 ‚
1487 2799 1691 2879 ipsum
1745 2803 2039 2878 ponatur,

485 2906 624 2967 quae
653 2891 960 2952 connexio
1011 2910 1147 2952 esse
1180 2910 1310 2953 non
1357 2898 1564 2971 potest
1593 2894 1753 2953 inter
1799 2911 1871 2953 ea
1903 2910 2043 2972 quae

487 2984 740 3045 omnino
793 2983 1106 3063 disparata
1161 2993 1326 3047 sunt.
1387 2988 1462 3049 Et
1511 2986 1732 3049 eadem
1801 2988 2042 3048 ratione

485 3077 650 3140 idem
693 3078 936 3140 videtur
981 3078 1318 3141 dicendum
1347 3080 1426 3142 de
1467 3080 1566 3142 his
1612 3080 2045 3142 conditionatis

485 3173 750 3251 sumptis
767 3172 886 3232 sub
913 3173 1196 3233 terminis
1225 3175 1683 3245 communibuS,
1703 3174 1871 3252 quia,
1901 3193 2045 3234 cum

485 3267 820 3328 causalitas
847 3285 974 3326 non
1023 3267 1102 3326 sit:
1130 3267 1246 3336 nisi
1278 3268 1340 3328 in
1371 3267 1753 3347 particulari,
1791 3273 1854 3328 et
1899 3277 2043 3328 cum

484 3359 912 3421 determinatis
965 3360 1421 3422 conditionibus
1455 3405 1472 3433 ,
1528 3361 1730 3422 donec
1795 3361 1874 3421 ad
1931 3362 2045 3422 has

485 3452 924 3526 descendatur,
963 3472 1090 3514 non
1121 3458 1324 3532 potest
1357 3454 1648 3532 cognosci
1671 3454 2046 3516 determina-

485 3547 572 3607 tio
601 3545 808 3608 futura
841 3565 1044 3610 causae
1077 3547 1316 3609 liberae.
1372 3548 1524 3610 Mihi
1571 3553 1784 3610 tamen
1835 3549 2044 3610 dicen·

486 3638 639 3701 dum
675 3640 944 3715 videtur,
989 3639 1200 3720 quoad
1237 3641 1398 3702 hanc
1451 3641 1860 3720 posteriorem
1905 3660 2045 3721 par—

483 3740 635 3806 tem,
667 3752 890 3796 verum
921 3753 1058 3796 esse
1091 3734 1446 3813 hujusmodi
1477 3735 1926 3798 conditionales
1958 3737 2048 3796 in·

479 3827 768 3890 definitas
793 3846 924 3888 non
953 3828 1246 3906 cognosci
1275 3847 1312 3888 a
1359 3829 1513 3902 Dee,
1569 3828 1688 3890 nisi
1735 3836 2048 3908 quatenus

482 3920 548 3980 in
597 3921 726 3982 suis
765 3921 1186 4002 singularibus
1225 3927 1286 3983 et
1325 3923 1564 3984 ratione
1595 3923 1843 3984 illorum
1885 3924 2049 3984 veri-

483 4016 680 4072 tatem
711 4011 940 4074 habent
967 4033 984 4086 3
1017 4019 1152 4076 tum
1183 4015 1356 4093 quia,
1391 4021 1462 4076 ut
1503 4015 1864 4078 Aristoteles
1895 4017 2049 4076 alias

483 4104 656 4178 dixit,
701 4106 1062 4184 hujusmodi
1102 4107 1438 4187 praedit-ata
1467 4109 1892 4186 contingentia
1919 4127 2049 4170 non

485 4199 866 4260 conveniunt
889 4201 1140 4278 speciei,
1174 4201 1292 4262 nisi
1321 4207 1636 4280 quatenus
1667 4202 2051 4263 conveniunt

484 4291 666 4352 alicui
703 4291 1062 4366 individuo;
1099 4299 1232 4355 tum
1261 4293 1633 4373 etiamlquia
1674 4293 1842 4354 Deus
1893 4293 2047 4354 nihil

481 4383 742 4446 confuse
787 4385 1086 4460 intuetur,
1119 4387 1234 4448 sed
1261 4386 1724 4448 distinctissime
1765 4393 1826 4447 et
1859 4386 2051 4446 intui-

485 4476 630 4548 tive,
663 4483 850 4556 prout
880 4485 996 4553 est,
1025 4485 1134 4539 aut
1169 4478 1448 4540 futurum
1477 4487 1591 4548 est,
1629 4487 1738 4540 aut
1783 4485 1947 4540 esset
1988 4479 2049 4540 in

489 4587 600 4639 τος
647 4570 766 4630 hoc
811 4575 1024 4632 autem
1061 4571 1250 4632 modo
1309 4572 1460 4632 nihil
1505 4574 1730 4634 horum
1780 4572 2046 4644 videtur,

491 4661 610 4722 nisi
650 4669 836 4740 prout
891 4664 952 4724 in
1008 4663 1310 4743 singulari
1363 4666 1587 4726 existit.
1617 4666 1782 4726 Visis
1835 4671 2049 4726 autem

487 4754 776 4818 omnibus
821 4757 1282 4836 singularibus,
1343 4759 1528 4819 etiam
1581 4761 1642 4819 in
1706 4761 1826 4820 illis
1883 4759 2051 4820 videt

483 4848 651 4909 Deus
701 4855 958 4911 naturas
1009 4869 1402 4924 communes,
1461 4859 1522 4913 et
1579 4853 1884 4932 quidquid
1932 4871 2049 4914 nos

469 4958 820 5018 possumus
859 4942 939 5004 de
979 4943 1098 5003 illis
1127 4945 1446 5023 conceptis
1487 4945 1551 5004 in
1589 4945 1850 5006 confuso
1901 4963 2047 5004 vere

487 5033 851 5112 praedicare.
886 5038 1088 5114 Atque
1121 5038 1240 5116 hoc
1275 5036 1488 5108 modo,
1521 5055 1917 5116 quacumque
1950 5055 2051 5098 ra-

487 5125 654 5186 tione
689 5127 786 5188 hoe
817 5128 1268 5190 conditionales
1299 5147 1336 5188 a
1373 5129 1553 5190 nobis
1591 5129 2044 5208 concipiantur,

485 5237 616 5280 non
639 5219 1105 5300 subterfugiunt
1132 5223 1457 5282 scientiam
1486 5222 1624 5284 Dei:
1646 5223 1848 5294 Unde,
1879 5221 2049 5302 quod

487 5310 568 5374 ad
613 5312 886 5392 priorem
919 5320 1164 5394 partem
1195 5316 1434 5388 attinet,
1471 5316 1522 5376 si
1555 5315 1620 5376 in
1671 5315 1774 5376 illa
1818 5333 2050 5376 conne-

485 5404 672 5468 xione
705 5425 920 5470 rerum
967 5408 1128 5470 inter
1169 5427 1238 5472 se
1265 5408 1284 5484 (
1305 5415 1376 5470 ut
1415 5407 1504 5470 sic
1541 5409 1807 5487 loquar)
1841 5409 2051 5487 dispa-

487 5503 767 5566 ratarum
797 5501 1168 5580 importetur
1197 5502 1536 5564 dimanatio
1563 5503 1750 5564 unius
1793 5502 1874 5568 ab
1900 5501 2047 5572 alia,

994 358 1204 414 owse.
1241 362 1304 421 n,
1338 361 1455 414 us.
1494 363 1556 414 lt.
1591 363 1676 415 nt:
1707 364 1993 418 scu-:nnn
2023 364 2483 419 eottmeNATA
2514 366 2737 421 Fuwn.
2773 364 3179 419 commeent

2126 467 2365 529 clarum
2410 476 2505 531 est
2540 468 2995 550 propositiones
3043 484 3181 529 esse
3206 462 3423 537 falsas,
3456 473 3511 531 et
3531 490 3645 533 non

2126 580 2265 623 esse
2308 562 2585 633 scibiles:
2628 568 2689 623 et
2726 564 2845 623 hoc
2880 562 3081 621 solum
3112 560 3379 639 probant
3406 564 3649 627 rationes

2124 654 2321 715 factae.
2354 656 2417 717 Si
2456 661 2668 716 autem
2696 656 3061 735 importetur
3100 654 3235 715 sola
3264 659 3653 718 concomitan-

2125 749 2234 821 tia,
2262 766 2373 809 seu
2404 749 2804 809 coexistentia
2836 748 3079 809 illarum
3110 748 3377 808 duarum
3394 752 3651 811 rernmin

2128 842 2347 901 ordine
2392 842 2471 903 ad
2528 841 2816 902 eamdem
2861 839 3279 911 durationem,
3326 840 3443 901 hoc
3488 842 3653 902 modo

2128 938 2333 1011 potest
2360 932 2421 995 in
2448 934 2539 995 eis
2575 952 2713 995 csse
2744 933 2995 1003 veritaS,
3030 933 3310 1010 nihilque
3348 933 3465 993 hoc
3490 952 3653 995 sensu

2130 1032 2221 1087 est
2252 1028 2643 1097 enunciabile
2673 1028 2859 1089 etiam
2886 1025 3405 1098 conditionaliter,
3438 1025 3511 1087 de
3534 1046 3648 1106 quo

2132 1122 2299 1183 Deus
2344 1139 2471 1182 non
2512 1120 2671 1181 sciat
2692 1139 2771 1181 an
2800 1138 3019 1181 verum
3056 1119 3159 1181 vel
3186 1118 3413 1181 falsum
3452 1120 3540 1179 sit.
3578 1121 3659 1183 Si·

2130 1220 2233 1275 cut
2280 1214 2343 1275 in
2396 1214 2621 1275 futuris
2671 1212 2973 1273 absolutis
3018 1230 3239 1275 verum
3290 1219 3386 1274 est
3434 1211 3653 1275 dicere:

2132 1308 2277 1371 Tali
2304 1308 2419 1379 die,
2452 1306 2687 1389 quando
2713 1306 2943 1369 Petrus
2968 1304 3253 1386 peccabit,
3282 1304 3540 1367 Joanm
3552 1326 3661 1387 με·

2129 1400 2450 1463 m‘tentiam
2505 1404 2664 1481 ayet,
2698 1399 2845 1477 quia
2900 1399 3107 1461 solum
3153 1397 3531 1478 significatur
3572 1417 3663 1459 co·

2132 1494 2459 1556 existentia
2480 1493 2731 1553 illorum
2758 1492 3031 1557 duorum
3046 1492 3421 1553 futurorum.
3450 1491 3511 1551 Si
3532 1510 3663 1569 ergo

2132 1590 2283 1653 illud
2328 1591 2535 1667 ipsum
2564 1588 2739 1667 prius
2783 1588 3025 1649 ratione
3064 1584 3559 1649 conditionaliter
3590 1587 3665 1646 si-

2130 1682 2478 1763 gnificetur,
2514 1683 2629 1743 erit
2658 1680 2847 1742 etiam
2882 1698 3145 1754 verum3
3188 1698 3339 1741 nam
3382 1678 3571 1739 solum
3604 1679 3667 1739 fit

2128 1778 2231 1837 hic
2284 1794 2557 1837 sensus:
2610 1776 2674 1837 Si
2710 1776 2935 1835 Petrus
2992 1780 3055 1834 et
3106 1774 3389 1835 ,Ioannes
3432 1772 3533 1833 tali
3576 1772 3663 1832 die

2132 1871 2419 1939 existant,
2460 1868 2619 1930 alter
2662 1866 2989 1947 peccabit,
3049 1867 3209 1927 alter
3257 1866 3663 1945 poenitentiam

2128 1969 2305 2041 aget;
2340 1968 2403 2023 et
2435 1962 2521 2023 sic
2556 1960 2635 2021 de
2682 1958 2961 2039 reliquis.
2996 1960 3123 2020 Nec
3170 1960 3235 2019 in
3288 1960 3409 2019 hoc
3444 1959 3667 2019 invenio

2128 2074 2358 2117 novam
2384 2054 2692 2115 rationem
2720 2044 3047 2113 dubitandi
3076 2070 3217 2131 quae
3246 2050 3330 2111 ad
3356 2069 3493 2111 rem
3510 2070 3669 2129 spec-

2128 2154 2217 2211 tat
2243 2172 2261 2225 3
2293 2170 2373 2211 an
2404 2168 2557 2210 vero
2584 2148 2814 2209 locutio
2852 2146 2970 2207 sub
3004 2146 3363 2207 conditione
3396 2145 3577 2225 possit
3610 2147 3667 2204 in

2125 2244 2379 2325 propria
2421 2243 2871 2324 significatione
2899 2242 3075 2302 illum
3114 2260 3369 2301 sensum
3402 2240 3664 2309 reddere,

2126 2338 2207 2398 ad
2235 2338 2492 2399 modum
2538 2336 2835 2417 loquendi
2884 2340 3163 2415 spectat;
3198 2339 3259 2395 et
3300 2333 3525 2393 melius
3554 2333 3665 2411 qui-

2122 2430 2267 2492 dem
2298 2430 2685 2510 significatur
2711 2430 2817 2492 illa
2840 2428 3321 2491 concomitantia
3334 2445 3453 2506 per
3480 2426 3666 2486 adver-

2120 2525 2293 2585 bium
2322 2524 2694 2604 temporale,
2714 2524 2948 2605 quando
2968 2522 3073 2585 hoo
3090 2518 3305 2601 faerit,
3336 2526 3663 2598 etc.‚quam

2118 2636 2235 2697 per
2261 2622 2478 2679 notam
2536 2616 3057 2685 conditionalem;
3094 2612 3437 2691 aliquando
3484 2618 3665 2671 tamen

2124 2711 2246 2771 hoc
2272 2715 2365 2771 est
2392 2709 2455 2769 in
2484 2728 2629 2782 usu,
2651 2716 2715 2771 ut
2742 2713 2783 2769 4
2812 2710 2965 2789 Reg.
2988 2708 3086 2779 13,
3106 2705 3255 2766 dixit
3278 2706 3533 2765 Elisaeus
3554 2705 3664 2783 regi

2126 2804 2359 2883 Syriae:
2421 2802 2503 2867 Si
2539 2800 2945 2883 percussisses
2972 2799 3285 2881 quinquies
3324 2801 3435 2861 eut
3456 2799 3663 2865 sexies,

2122 2898 2251 2959 sice
2300 2897 2520 2978 septies
2551 2940 2571 2971 ‚
2628 2895 3035 2976 percussisses
3088 2891 3347 2971 Syriam
3372 2908 3565 2969 usque
3604 2890 3673 2949 ad

2126 2990 2689 3053 consummationem
2708 3038 2727 3062 ,
2784 2988 2893 3047 ubi
2922 3004 3051 3047 non
3088 2990 3183 3046 est
3212 2982 3521 3045 connexio
3540 3000 3671 3043 cau-

2128 3084 2296 3156 saliS,
2350 3089 2417 3145 ut
2450 3101 2562 3162 per
2602 3100 2671 3144 se
2720 3086 2911 3162 patet,
2944 3079 3055 3141 sed
3096 3084 3193 3140 est
3212 3075 3669 3138 concomitantia

2128 3196 2201 3238 ex
2227 3177 2543 3237 voluntate
2574 3176 2707 3248 Dei,
2740 3175 3063 3254 Prophctoe
3084 3173 3385 3234 revelata.

2208 3273 2267 3332 5.
2314 3269 2415 3331 Aa
2440 3271 2710 3332 tertium.
2742 3300 2825 3314 --
2848 3267 2943 3328 Ad
2966 3265 3217 3328 tertium
3248 3261 3667 3342 respondetur,

2124 3363 2351 3443 primo,
2396 3361 2801 3422 concedendo
2850 3359 3195 3439 sequelam,
3234 3357 3385 3437 quia
3437 3353 3539 3415 illa
3588 3359 3669 3414 est

2130 3455 2469 3516 necessitas
2512 3454 2933 3515 conditionata
2960 3459 3227 3526 tantum,
3256 3454 3323 3509 et
3350 3467 3427 3510 ex
3456 3465 3672 3526 suppo-

2126 3549 2351 3610 sitione
2390 3546 2611 3608 futurae
2642 3544 3174 3608 determinationis
3204 3560 3409 3604 causae
3452 3541 3666 3612 liberae,

2129 3647 2193 3704 et
2216 3642 2389 3703 nullo
2425 3638 2611 3702 modo
2642 3647 2739 3702 est
2768 3639 3107 3700 necessitas
3138 3635 3448 3698 absoluta.
3472 3636 3669 3712 Neque

2128 3736 2247 3796 hoc
2282 3740 2376 3796 est
2414 3733 2541 3792 nlla
2586 3732 2995 3812 imperfectio,
3026 3730 3138 3792 sed
3177 3731 3387 3810 potius
3421 3728 3668 3808 pertinet

2129 3829 2211 3890 ad
2242 3827 2695 3908 perfectionem
2744 3827 2854 3888 Dei
2896 3825 3393 3904 unumquodque
3426 3841 3668 3902 cognos-

2129 3941 2295 3996 cere,
2328 3921 2512 4001 quale
2548 3926 2661 3982 est.
2718 3919 3017 3999 Idemque
3060 3924 3501 3997 argumentum
3544 3915 3665 3976 fieri

2129 4019 2337 4095 potest
2382 4015 2445 4076 in
2502 4013 2727 4076 futuris
2764 4013 3063 4074 absolutis
3093 4056 3113 4087 ,
3155 4029 3303 4072 nam
3358 4009 3563 4072 statim
3610 4025 3669 4068 ac

2130 4111 2295 4170 Deus
2345 4107 2539 4169 voluit
2584 4107 2781 4168 Adam
2830 4123 3043 4166 creare
3072 4123 3217 4166 cum
3272 4103 3381 4164 tali
3426 4100 3670 4182 disposi-

2130 4202 2321 4274 tione,
2354 4207 2501 4272 etc.,
2536 4204 2597 4260 et
2630 4198 2983 4278 relinquere
3014 4197 3186 4258 illum
3231 4215 3361 4256 suae
3396 4194 3667 4258 libertati.

2131 4294 2338 4356 statim
2374 4292 2657 4372 praevidit
2696 4292 2867 4352 illum
2906 4297 3353 4370 peccaturum;
3392 4294 3452 4350 et
3482 4285 3671 4366 quoad

2130 4388 2251 4448 hoc
2282 4404 2411 4446 non
2438 4385 2657 4447 habuit
2683 4384 2789 4444 illa
2818 4385 3077 4446 scientia
3113 4383 3305 4444 aliam
3332 4379 3671 4460 dependen-

2130 4480 2281 4542 tium
2308 4499 2347 4540 a
2384 4479 2705 4540 voluntate
2734 4478 2867 4550 Dei,
2916 4477 3030 4537 sed
3070 4476 3427 4538 necessario
3476 4477 3670 4534 secuta

2134 4579 2251 4648 est,
2296 4573 2619 4652 supposita
2646 4571 2837 4650 priori
2867 4571 3213 4640 voluntate,
3244 4573 3307 4628 et
3352 4568 3559 4628 futura
3588 4565 3671 4626 de-

2130 4665 2569 4727 terminatione
2596 4664 2931 4726 voluntatis
2972 4663 3145 4733 Adae3
3194 4661 3365 4739 quod
3404 4679 3552 4738 ergo
3592 4657 3670 4716 hic

2130 4758 2479 4820 secundum
2522 4758 2758 4820 realem
2806 4755 3197 4818 existentiam
3228 4753 3553 4830 contingit,
3598 4751 3671 4810 in-

2130 4853 2377 4912 venitur
2438 4851 2503 4910 in
2556 4850 2780 4912 futuris
2838 4848 3275 4910 conditionatis
3344 4845 3669 4908 secundum

2132 4945 2523 5006 existentiam
2568 4944 3029 5023 apprehensam
3082 4959 3199 5002 seu
3236 4941 3577 5020 cognitam,
3622 4941 3673 4996 et

2132 5037 2249 5098 sub
2282 5038 2387 5098 tali
2428 5037 2781 5098 conditione
2832 5035 3120 5115 positam.
3154 5033 3332 5095 Addo
3392 5039 3671 5112 praeterea

2130 5129 2493 5208 simpliciter
2542 5135 2741 5190 totum
2790 5130 2955 5188 hunc
2988 5127 3281 5188 effectum
3322 5124 3597 5204 pendere
3640 5139 3669 5178 a

2128 5224 2450 5285 voluntate
2488 5223 2625 5294 Dei,
2666 5229 2733 5282 ut
2776 5221 3059 5282 absolute
3100 5220 3179 5280 sit
3204 5220 3309 5280 vel
3338 5237 3473 5280 non
3496 5219 3591 5290 sit,
3620 5219 3671 5274 et

2130 5321 2591 5396 consequenter
2630 5314 2816 5376 etiam
2846 5314 2909 5374 in
2940 5313 3057 5373 illis
3104 5310 3547 5372 conditionatis
3585 5307 3669 5368 de-

2130 5411 2283 5472 bere
2312 5411 2377 5470 in
2406 5408 2817 5470 antecedente
2850 5406 3085 5471 includi
3112 5405 3505 5466 voluntatem
3544 5400 3669 5480 divi·

2130 5521 2301 5574 nam,
2332 5502 2587 5580 scilicet,
2621 5501 2673 5562 si
2702 5501 2835 5580 ipsa
2862 5500 3013 5562 velit
3036 5499 3228 5563 talem
3258 5492 3666 5568 effecturus&
