3850 6225
536 391 617 457 92

540 505 617 568 de
642 503 1213 586 supernaturalibus
1240 503 1307 563 in
1330 498 1629 580 sequenti.
1673 497 1861 558 Actus
1886 516 2102 559 rursus

540 599 852 660 naturales
879 603 1133 680 possunt
1174 595 1242 658 in
1280 594 1435 654 duos
1482 591 1730 653 ordines
1778 590 2099 670 distingui,

536 691 865 767 bonorum,
912 691 1163 765 scilicet,
1194 695 1257 750 et
1285 687 1593 749 malorum
1639 689 1911 746 actuum.
1955 684 2102 758 Quae

538 785 853 848 distinctio
882 785 951 847 in
994 779 1565 865 supernaturalibus
1592 778 1797 840 locum
1827 795 1956 839 non
1981 777 2100 838 ha-

538 879 681 956 bet3
713 897 929 940 omnes
970 879 1139 939 enim
1168 875 1317 936 mali
1358 879 1527 934 actus
1566 871 1902 933 voluntatis
1949 870 2101 933 tales

538 979 706 1048 sunt,
737 979 809 1032 ut
852 969 1235 1032 naturalibus
1279 967 1515 1030 viribus
1558 964 1821 1028 humani
1855 962 2100 1024 arbitrii

537 1066 673 1128 fieri
702 1066 934 1146 possint
950 1081 969 1142 3
991 1081 1205 1124 omnes
1237 1062 1407 1124 enim
1430 1065 1575 1121 sunt
1596 1057 1905 1120 inferioris
1935 1056 2099 1118 ordi-

537 1160 657 1235 nis,
683 1165 745 1221 et
763 1176 840 1220 ex
858 1156 1068 1238 aliquo
1092 1157 1323 1218 motivo
1340 1153 1618 1216 humano
1636 1149 2002 1233 procedunt.
2027 1152 2097 1212 In

538 1251 839 1334 principio
868 1251 1059 1331 igitur
1085 1249 1274 1329 hujus
1294 1247 1441 1308 libri
1459 1246 1737 1307 dicemus
1763 1243 1839 1305 de
1862 1243 2098 1304 actibus

538 1345 999 1428 peccaminosis,
1022 1342 1099 1404 de
1119 1341 1345 1422 quibus
1380 1357 1646 1421 praesens
1678 1337 2100 1399 controversia

538 1443 813 1504 maxima
842 1459 917 1502 ex
940 1445 1112 1519 parte
1140 1437 1373 1516 agitata
1392 1441 1504 1510 est,
1521 1440 1583 1498 et
1602 1433 1942 1495 multorum
1962 1431 2098 1492 ani-

536 1553 670 1597 mos
687 1533 1089 1615 perturbavit.
1109 1533 1195 1592 De
1208 1530 1387 1592 bonis
1406 1535 1618 1590 autem
1632 1526 1869 1588 actibus
1892 1541 2100 1586 mora-

536 1628 719 1704 libus,
746 1633 807 1689 et
832 1625 1069 1687 ordinis
1092 1629 1355 1700 naturai,
1376 1640 1572 1703 pauca
1591 1622 1658 1681 in
1672 1618 1873 1700 specie
1892 1617 2100 1678 dicen·

539 1723 622 1784 da
652 1726 1001 1796 occurrunt,
1038 1717 1269 1780 cumin
1300 1717 1387 1778 eis
1410 1714 1567 1776 nihil
1590 1713 1669 1776 sit
1698 1711 2004 1793 peculiare
2027 1727 2100 1770 ac

539 1815 881 1896 proprium,
912 1819 1136 1893 praeter
1169 1807 1481 1890 generalia
1520 1806 1829 1888 principia
1862 1821 2002 1884 quae
2031 1803 2098 1863 in

539 1908 699 1970 libro
735 1905 1041 1987 superiori
1085 1904 1315 1967 tradita
1354 1907 1532 1977 sunt3
1575 1900 1849 1961 dicemus
1885 1904 2100 1957 tamen

539 2001 769 2081 aliqua,
801 2007 873 2060 ut
900 1999 1315 2061 differentiam
1345 1995 1509 2056 inter
1536 2013 1639 2057 eos
1666 1997 1730 2055 et
1770 1991 1966 2053 malos
1993 2007 2066 2050 ac
2085 2023 2098 2032 -

538 2105 640 2156 tus
664 2095 1131 2178 constituamus,
1150 2096 1211 2153 et
1234 2089 1461 2152 divinae
1488 2086 1891 2170 providentiae
1913 2084 2102 2146 ratio·

539 2189 778 2251 nemin
806 2188 893 2250 eis
918 2185 1320 2249 declaremus.

1150 2409 1399 2472 CAPUT
1440 2411 1487 2470 Ι.

540 2641 908 2690 rnoromua
946 2639 1211 2693 QUAESTIO
1269 2637 1351 2685 AN
1412 2637 1595 2685 Adrus
1634 2636 1776 2682 nau
1828 2635 1960 2682 smT
2021 2635 2102 2680 Ex

624 2735 879 2782 armum
941 2733 1371 2779 PRAEFINITIONB
1441 2733 1517 2778 Ac
1590 2727 2104 2776 Punzrlzauma-

622 2829 802 2876 TIONE
840 2827 1065 2876 DIVINAE
1106 2825 1496 2886 vammum,
1525 2825 1602 2872 m·
1630 2821 1959 2870 SENTENTIA
1991 2821 2105 2866 HOC

624 2921 959 2970 urmuaus
1002 2919 1374 2968 ‘tuoruum

622 3124 683 3182 l.
732 3120 966 3186 Sensus
990 3126 1044 3183 ot
1071 3124 1269 3183 status
1298 3115 1668 3199 qum-tionis.
1693 3148 1777 3163 -
1802 3114 1934 3177 Duo
1959 3119 2106 3176 sunt

544 3220 711 3277 certa
737 3214 1063 3296 principia,
1089 3214 1155 3274 in
1183 3212 1405 3293 quibus
1448 3228 1662 3272 omnes
1698 3210 2097 3271 conveniunt.

542 3309 718 3371 Prius
750 3311 863 3381 est,
896 3309 1091 3369 Deum
1136 3304 1413 3367 absolute
1463 3309 1525 3364 et
1571 3302 1934 3383 simpliciter
1973 3320 2102 3363 non

544 3418 676 3464 esse
703 3418 951 3462 causam
978 3400 1243 3481 peccati;
1276 3399 1393 3460 hoc
1420 3398 1590 3458 enim
1619 3395 1734 3456 sub
1766 3396 1864 3457 his
1890 3396 2104 3456 termi-

542 3496 639 3557 nis
671 3495 749 3557 de
796 3492 918 3555 fide
964 3499 1078 3569 est,
1123 3499 1185 3554 et
1232 3492 1378 3553 satis
1408 3506 1763 3571 expressum
1814 3489 1882 3551 in
1933 3506 2106 3551 sacra

545 3588 885 3668 Scriptura,
917 3586 1375 3665 novissimeque
1402 3582 1731 3645 definitum
1754 3592 1970 3644 contra
1991 3582 2106 3643 hu-

536 3684 641 3763 jus
659 3680 954 3761 temporis
970 3679 1315 3755 haereticos‚
1336 3684 1408 3739 ut
1422 3676 1680 3739 inferius
1699 3676 2104 3737 commodiori

540 3774 676 3837 loco
726 3772 1097 3836 videbimus.
1152 3772 1461 3835 Posterius
1530 3770 1907 3851 principium
1967 3774 2102 3847 est,

544 3868 796 3949 proprio
824 3873 885 3929 et
911 3866 1067 3929 reali
1096 3866 1335 3929 influxu
1379 3880 1743 3927 concurrere
1788 3865 1982 3925 Deum
2026 3864 2106 3925 ad

542 3961 657 4024 hos
683 3966 855 4023 actus
887 3959 1066 4022 liberi
1098 3958 1362 4035 arbitrii,
1392 3963 1465 4019 ut
1498 3956 1694 4018 reales
1732 3960 1901 4017 actus
1931 3963 2101 4029 sunt,

544 4054 787 4117 etiamsi
822 4052 1073 4134 pessimi
1111 4058 1174 4114 et
1212 4050 1543 4114 intrinsece
1576 4048 1724 4111 mali
1752 4049 1898 4110 sint.
1948 4050 2106 4111 Nam

546 4166 690 4209 cum
725 4146 795 4207 hi
832 4153 1007 4209 actus
1035 4146 1161 4207 sint
1187 4162 1331 4207 vere
1358 4162 1455 4206 res
1500 4150 1565 4206 et
1609 4142 1858 4205 effectus
1883 4142 2101 4218 reales,

543 4258 785 4303 necesse
814 4246 905 4301 est
948 4246 1019 4300 ut
1052 4238 1271 4301 saltem
1317 4237 1491 4299 illam
1542 4236 2038 4317 dependentium·
2069 4255 2108 4297 a

546 4336 671 4395 Deo
714 4333 1008 4407 habeant,
1039 4349 1176 4412 quae
1206 4330 1493 4393 omnibus
1521 4348 1847 4393 causarum
1890 4348 2108 4391 secun-

547 4426 767 4488 darum
801 4424 1123 4487 effectibus
1156 4424 1461 4503 generalis
1490 4430 1553 4485 et
1597 4423 1853 4485 omnino
1897 4440 2108 4485 neces-

548 4520 711 4581 saria
752 4524 866 4580 est.
899 4519 1193 4598 Superest
1238 4534 1387 4596 ergo
1436 4516 1694 4597 quoestio
1744 4534 1850 4592 an,
1886 4521 2108 4596 praeter

548 4614 719 4677 hunc
747 4610 1100 4692 generalem
1130 4626 1525 4687 concursum,
1552 4608 1781 4671 habeat
1810 4611 1972 4671 Deus
1999 4610 2108 4671 ali-

548 4725 735 4789 quem
768 4707 963 4768 alium
992 4708 1059 4766 in
1085 4705 1197 4766 bos
1224 4710 1397 4766 actus
1422 4703 1650 4766 liberos
1678 4709 1741 4765 et
1777 4702 2104 4780 humanos,

547 4801 655 4880 qui
696 4800 785 4859 ita
826 4796 1022 4875 fiunt,
1080 4803 1152 4858 ut
1196 4796 1725 4859 inordinationem
1780 4814 1888 4859 seu
1930 4796 2112 4857 mali·

548 4894 705 4955 tiam
729 4890 1031 4954 moralem
1058 4890 1332 4953 habeant
1358 4890 1751 4971 adjunctam3
1778 4887 1877 4951 vel
1900 4908 1983 4951 an
2001 4908 2113 4969 per

549 4986 885 5067 ipsummet
922 5002 1290 5045 concursum
1314 4984 1471 5047 Deus
1496 4983 1747 5065 physice
1778 4984 2110 5063 praedeter-

548 5080 747 5140 minet
776 5078 1159 5141 voluntatem
1189 5083 1461 5139 creatam
1505 5078 1584 5139 ad
1625 5076 1738 5138 hos
1778 5083 1985 5153 actus3
2021 5076 2111 5137 si·-

550 5173 683 5235 mul
712 5190 859 5235 vero
892 5173 1269 5251 attingemus
1299 5190 1383 5233 an
1422 5172 1679 5253 positive
1712 5170 1885 5232 illam
1935 5171 2114 5232 incli-

1090 399 1300 456 OPUSC.
1338 400 1381 463 1,
1412 397 1525 450 LlB.
1564 395 1624 450 11.
1661 396 1742 449 DE
1774 393 2092 448 CONCURSU
2127 395 2230 450 nm
2261 397 2346 451 Ab
2377 399 2577 454 Actus
2608 367 2852 453 naumis
2883 396 3174 452 NATURAE.

2181 506 2326 568 dam
2373 504 2606 587 opinio,
2632 505 2827 566 Deum
2875 509 2939 566 et
2987 503 3373 584 praedefinire
3411 503 3514 566 hos
3548 513 3684 570 actus

2181 605 2412 662 aeterno
2469 597 2721 660 consilio
2781 597 3116 658 voluntatis
3181 617 3339 674 suae,
3401 604 3686 679 antequam

2182 693 2462 774 praesciat
2484 691 2620 754 illos
2645 709 2776 752 esse
2803 690 3068 767 futuroS,
3092 695 3156 752 et
3182 691 3249 751 in
3283 697 3548 770 temporo
3568 713 3688 772 prae-
3753 662 3755 766 l

2181 785 2593 848 determinare
2621 785 3004 846 voluntatem
3048 784 3258 862 angeli
3301 784 3403 845 vel
3441 783 3686 862 hominiS,

2179 886 2243 943 et
2271 879 2583 961 applicare
2613 880 2808 960 ipsam
2839 883 2913 938 ut
2941 877 3080 939 illos
3113 878 3338 939 eliciat.
3372 877 3576 938 Dicunt
3604 899 3691 940 au-

2179 979 2309 1036 tem
2339 973 2409 1034 hi
2441 973 2724 1034 doctores
2761 972 2954 1032 Deum
2996 969 3380 1051 praedefinire
3415 970 3520 1031 hos
3555 977 3692 1032 actus

2180 1068 2387 1148 quoad
2413 1065 2734 1128 materiale
2759 1065 3017 1146 peccati,
3049 1070 3122 1124 ut
3146 1064 3344 1140 aiunt,
3381 1083 3505 1126 non
3525 1067 3692 1143 quoad
3755 1070 3757 1150 γ

2177 1159 2459 1222 formale.
2491 1161 2570 1220 Et
2590 1159 2712 1220 hoc
2740 1158 2924 1219 modo
2951 1157 3183 1219 evitare
3212 1157 3329 1218 sibi
3351 1157 3695 1220 videnturne
3755 1155 3757 1198 ἕ

2177 1255 2374 1315 Deum
2401 1252 2635 1314 faciant
2660 1260 2974 1313 auctorem
2992 1250 3246 1332 peccati.
3277 1251 3569 1326 Quoniam
3593 1257 3696 1312 tota

2181 1347 2516 1428 (inquiunt)
2545 1347 2772 1408 entitas
2794 1351 2966 1406 actus
2999 1344 3232 1424 pec-cati
3253 1343 3418 1406 bona
3445 1350 3549 1418 est,
3573 1351 3626 1404 et
3641 1347 3697 1406 il-

2177 1439 2306 1502 lam
2333 1446 2579 1501 tantum
2615 1437 2964 1519 praedefinit
2988 1438 3171 1511 Deus,
3203 1443 3265 1498 et
3301 1437 3380 1498 ad
3420 1441 3582 1498 actus
3613 1439 3699 1500 bo-
3757 1478 3759 1508 .

2177 1552 2292 1596 nos
2347 1533 2636 1608 ordinat3
2697 1530 3001 1612 permittit
3055 1537 3266 1592 autem
3319 1529 3606 1592 malitiam
3651 1539 3701 1592 ct
3757 1523 3759 1554 ³

2178 1626 2734 1701 inordinationem,
2762 1642 2898 1705 quae
2925 1642 3000 1685 ex
3035 1624 3164 1686 sola
3193 1623 3508 1685 voluntate
3525 1643 3701 1703 pecca-

2179 1720 2328 1781 toris
2355 1719 2502 1782 inde
2552 1718 2969 1798 consequitur.
3003 1719 3178 1779 Hanc
3219 1719 3583 1779 sententiam
3615 1719 3702 1778 do-

2177 1819 2320 1875 cent
2347 1813 2475 1874 fere
2501 1829 2719 1873 omnes
2745 1811 2838 1873 illi
2863 1811 3183 1889 Theologi,
3209 1811 3319 1890 qui
3347 1810 3424 1871 de
3465 1811 3703 1871 subordi-

2178 1907 2430 1970 natione
2473 1923 2670 1967 causae
2710 1903 2992 1966 secundae
3039 1904 3118 1966 ad
3159 1904 3429 1984 primam
3468 1903 3552 1964 ita
3593 1922 3702 1964 sen·
3759 1884 3761 1922 ¹

2177 2001 2367 2077 tiunt,
2399 2005 2471 2060 ut
2493 2005 2714 2080 putent
2737 1997 3067 2060 secundam
3088 1997 3249 2060 nihil
3276 2016 3450 2079 posse
3475 1999 3705 2076 operari,

2181 2093 2304 2155 nisi
2331 2098 2719 2174 praemotam‚
2751 2090 3359 2170 praedeterminatam
3387 2095 3453 2151 et
3480 2089 3710 2169 applica-

2181 2191 2312 2248 tam
2357 2203 2396 2246 a
2435 2185 2640 2266 prima
2683 2185 2870 2245 modo
2919 2184 3222 2262 superiori
3263 2183 3422 2246 libro
3459 2187 3707 2242 tractato.

2183 2280 2337 2342 Item
2360 2279 2472 2359 qui
2504 2283 2757 2340 censent
2777 2277 2855 2338 ad
2880 2275 3320 2359 perfectionem
3344 2275 3568 2338 divinae
3593 2293 3710 2354 pro-
3762 2313 3763 2338 l

2180 2375 2471 2436 videntiae
2519 2375 2862 2455 pertinere,
2915 2379 2986 2433 ut
3039 2390 3252 2434 omnes
3299 2377 3472 2432 actus
3517 2369 3712 2430 liberos

2179 2487 2379 2530 causae
2421 2467 2706 2530 secundas
2751 2485 2862 2528 sua
2896 2464 3215 2528 voluntate
3267 2464 3505 2527 efficaci
3543 2463 3714 2544 praefi-

2181 2561 2316 2623 niat
2329 2607 2349 2638 ,
2381 2568 2715 2640 antequam
2765 2560 3042 2642 praesciat
3087 2557 3235 2639 quid
3261 2577 3447 2620 causa
3477 2557 3715 2619 secunda

2183 2660 2513 2735 operatura
2536 2655 2638 2715 sit.
2670 2653 2826 2714 Nam
2851 2671 2928 2714 ex
2955 2650 3053 2712 his
3082 2651 3476 2730 generalibus
3515 2650 3717 2730 princi-

2183 2750 2302 2830 piis
2367 2747 2707 2811 necessaria
2768 2747 3200 2808 consecutione
3258 2745 3369 2808 illa
3432 2744 3714 2806 conclusio

2181 2843 2494 2922 sequitur3
2527 2841 2676 2921 quia
2701 2840 2851 2901 dum
2879 2845 3088 2901 actum
3120 2840 3358 2920 peccati
3402 2839 3572 2900 elicit
3619 2838 3714 2897 hu-

2183 2954 2373 2998 mana
2420 2936 2740 3012 voluntas,
2790 2939 3081 3014 operatur
3125 2939 3196 2994 ut
3241 2935 3430 2994 causa
3475 2931 3718 2993 secunda

2185 3030 2452 3092 existens
2481 3029 2597 3091 sub
2625 3027 2841 3090 divina
2867 3027 3276 3108 providentia,
3307 3028 3562 3107 eJusque
3595 3045 3720 3087 con-

2183 3143 2434 3187 cursum
2462 3125 2804 3204 requirens,

2265 3220 2326 3280 3.
2372 3216 2667 3281 Amatores
2700 3218 2918 3299 quibus
2943 3218 3067 3281 Itoec
3099 3214 3303 3296 opinio
3329 3215 3495 3294 falso
3525 3214 3722 3277 tribui-

2184 3318 2308 3385 tur,
2363 3310 2618 3387 Scotue,
2675 3310 3029 3390 Capreolus,
3093 3308 3443 3388 Cajetanus.
3473 3340 3558 3354 —
3579 3306 3724 3367 Solet

2183 3409 2389 3466 autem
2431 3408 2563 3463 Iiaec
2597 3404 2904 3465 sententia
2947 3401 3142 3463 tribui
3185 3402 3363 3463 Scoto
3401 3400 3470 3461 in
3515 3400 3720 3479 primo,

2186 3496 2461 3558 distinct.
2500 3496 2602 3573 42,
2640 3502 2833 3577 qnaest
2856 3495 3062 3557 unica.
3111 3493 3230 3557 Sed
3259 3492 3347 3554 ibi
3388 3492 3554 3553 nihil
3597 3492 3728 3553 dicit

2187 3594 2597 3671 proeterquam
2625 3590 2902 3670 permitti
2928 3607 2967 3650 a
2995 3590 3118 3650 Deo
3153 3600 3502 3667 peccatum,
3525 3586 3729 3646 Deum-

2187 3701 2307 3764 que
2335 3682 2621 3763 praescire
2665 3702 2730 3744 se
2775 3688 3243 3763 cooperaturum
3288 3680 3402 3742 illi.
3441 3678 3616 3755 Quod
3653 3682 3732 3738 est

2181 3775 2361 3837 valde
2385 3774 2730 3852 diversum3
2774 3775 2928 3837 falso
2957 3792 3104 3853 ergo
3132 3774 3379 3835 citatur.
3409 3774 3608 3853 Magis
3635 3790 3724 3833 au·

2183 3876 2311 3931 tem
2342 3868 2566 3931 salsum
2594 3873 2684 3929 est
2719 3886 2936 3931 omnes
2973 3866 3260 3930 Scotistas
3287 3867 3377 3927 ita
3399 3867 3652 3941 sentire,
3675 3870 3736 3924 ut

2185 3980 2319 4041 cap.
2364 3964 2402 4022 3
2443 3960 2813 4023 videbimus.
2855 3960 3177 4022 Tribuitur
3220 3960 3372 4021 item
3416 3958 3735 4039 capreolo,

2185 4055 2253 4115 in
2275 4056 2336 4127 2,
2372 4053 2644 4115 distinct.
2674 4056 2777 4129 37,
2809 4060 3026 4134 quaest.
3061 4057 3119 4128 ¹,
3154 4058 3275 4113 art.
3305 4054 3366 4129 3,
3399 4053 3481 4113 ad
3507 4054 3546 4114 2
3577 4052 3737 4132 prin-

2185 4146 2366 4226 cipal.
2417 4152 2585 4208 cont.
2635 4149 2675 4207 2
2717 4146 2987 4208 conclus.
3039 4146 3158 4208 Sed
3197 4144 3374 4219 falso,
3425 4151 3490 4206 et
3528 4150 3738 4225 praeter

2185 4241 2321 4319 ejus
2349 4244 2649 4315 mentem,
2672 4245 2744 4300 ut
2773 4240 2972 4321 capite
3001 4239 3184 4300 tertio
3213 4239 3557 4300 ostendam.
3589 4238 3738 4300 Cita-

2184 4338 2289 4394 tur
2315 4334 2502 4393 etiam
2531 4351 2642 4413 pro
2675 4332 2791 4393 hac
2820 4332 3127 4394 sententia
3147 4333 3496 4413 CajetanuS,
3515 4333 3736 4412 jentac.

2187 4429 2249 4504 6,
2279 4430 2492 4507 quoest.
2542 4427 2834 4489 secunda.
2881 4428 3000 4489 Sed
3049 4427 3138 4488 ibi
3183 4446 3312 4489 non
3353 4427 3633 4507 loquitur
3673 4424 3742 4485 dc

2187 4520 2832 4602 praedeterminatione
2863 4520 3144 4601 physica,
3164 4539 3279 4581 nec
3299 4518 3376 4581 de
3403 4519 3748 4599 praemotio-

2190 4632 2272 4676 ne
2307 4614 2656 4675 necessaria
2695 4632 2773 4675 ex
2803 4614 2866 4674 vi
2907 4612 3212 4693 generalis
3255 4631 3590 4675 concursus
3629 4612 3748 4692 pri-

2187 4726 2306 4769 moe
2336 4724 2552 4769 causae.
2585 4708 2653 4768 In
2681 4707 2800 4769 hoc
2831 4713 3040 4770 autem
3073 4706 3243 4769 favet
3265 4706 3426 4787 quod
3455 4707 3568 4781 ait,
3598 4706 3748 4767 sicut

2191 4799 2427 4862 malum
2477 4818 2606 4863 non
2651 4808 2744 4863 est
2793 4802 2987 4863 Deum
3030 4802 3346 4882 cooperari
3398 4799 3746 4861 actionibus

2193 4901 2614 4977 peccatorum,
2641 4902 2948 4975 quantum
2991 4894 3072 4957 ad
3114 4895 3454 4956 bonitatem
3493 4900 3752 4965 naturae,

2187 4990 2276 5049 ita
2327 4988 2564 5049 malum
2626 5008 2755 5051 non
2805 5006 2935 5051 esse
2994 4988 3131 5051 illas
3191 4988 3542 5069 praecipere.
3611 4986 3754 5059 Quae

2191 5080 2420 5158 verba,
2474 5082 2790 5143 intellecta
2829 5082 2906 5143 de
2953 5080 3195 5143 actione
3242 5100 3353 5162 per
3401 5098 3464 5141 se
3509 5078 3758 5140 indiffe-

2192 5182 2394 5251 rente,
2424 5180 2486 5237 et
2507 5194 2646 5255 quae
2673 5174 2830 5236 bene
2858 5176 3132 5237 exerceri
3159 5180 3382 5255 potest,
3413 5180 3558 5235 sunt
3581 5190 3758 5239 vera:

546 5273 677 5343 net,
706 5265 807 5327 vel
826 5272 1092 5342 moveat,
1120 5272 1228 5327 aut
1254 5283 1518 5346 semper,
1548 5270 1660 5326 aut
1686 5264 2029 5341 interdum,
2051 5271 2116 5327 et
2195 5272 2408 5330 tamen
2429 5268 2506 5329 dc
2541 5269 2781 5330 actione
2805 5269 2894 5329 ita
2921 5268 3088 5329 mala
3115 5268 3446 5329 intrinsece
3486 5272 3558 5325 ut
3601 5264 3762 5325 bene

548 5380 632 5423 an
668 5362 780 5423 hos
812 5366 983 5421 actus
1008 5360 1352 5440 praefiniat3
1403 5378 1475 5421 ac
1510 5358 1779 5439 denique
1806 5360 2117 5439 quomodo
2198 5361 2468 5423 exerceri
2497 5380 2621 5423 non
2650 5362 2864 5441 possit,
2899 5367 3044 5423 sunt
3073 5360 3249 5436 falsa,
3283 5368 3356 5421 nt
3381 5379 3460 5422 ex
3488 5357 3764 5420 dicendis

551 5455 628 5516 de
656 5454 780 5515 illis
806 5452 1141 5534 perfectam
1170 5454 1623 5534 providentiam
1652 5452 1901 5514 habeat.

639 5550 701 5611 2.
746 5548 937 5611 Prior
978 5549 1288 5613 sententia.
1313 5580 1396 5595 -
1420 5548 1527 5609 Est
1569 5547 1778 5629 itaque
1823 5565 2120 5629 quorum-

2199 5454 2528 5529 constabit,
2563 5454 2686 5515 nisi
2723 5454 2984 5515 verbum
3012 5453 3408 5535 praecipiendi
3432 5450 3766 5540 metapho-

2199 5548 2328 5610 rice
2371 5552 2676 5625 sumatur,
2705 5552 2776 5609 ut
2803 5546 2964 5610 solet
3006 5547 3074 5609 in
3120 5548 3454 5629 Scriptura,
3488 5532 3765 5607 effinfra
