3850 6225
573 354 694 419 402

575 482 703 525 non
731 463 862 525 vult
895 462 1046 526 dare
1079 462 1184 525 illa
1218 463 1474 541 propter
1513 463 1724 521 actum
1755 458 2022 539 peccati,
2064 461 2135 518 ut

571 558 986 621 certissimum
1027 564 1160 631 est3
1207 572 1352 617 cum
1393 553 1562 617 enim
1593 553 1725 615 vult
1765 553 1936 614 Deus
1981 551 2135 613 dare

577 652 1046 730 possibilitatem
1093 647 1392 729 peccandi
1435 692 1452 721 ,
1509 646 1682 707 nullo
1717 646 1908 708 modo
1946 645 2139 707 habet

571 764 685 824 pro
711 744 838 806 fine
865 746 1146 824 proximo
1171 744 1378 822 ipsum
1406 748 1755 821 peccatum,
1789 758 1902 801 seu
1927 745 2137 801 actum

571 839 1104 917 peccaminosum,
1138 836 1250 898 sed
1275 835 1482 914 potius
1509 835 1700 895 habet
1725 852 1836 914 pro
1859 833 1985 895 fine
2008 850 2137 895 me·

570 932 782 1002 ritum,
833 930 1005 1009 quod
1043 948 1183 991 esse
1225 934 1430 1008 potest
1470 928 1534 988 in
1573 926 1828 989 victoria
1871 924 2132 1005 peccati,

572 1042 700 1085 non
747 1024 1192 1087 committendo
1239 1021 1393 1082 illud
1419 1066 1434 1092 ‚
1485 1020 1632 1082 licet
1685 1011 1835 1099 quis
1879 1025 2133 1099 posset;

573 1136 724 1197 ergo
746 1163 760 1190 ,
799 1122 870 1178 ut
899 1118 1064 1222 gens
1095 1116 1200 1177 det
1227 1119 1606 1195 potestatem
1633 1114 1870 1193 aliquid
1907 1111 2137 1193 agendi

569 1217 826 1290 propter
868 1210 1144 1289 ahquem
1191 1209 1520 1281 effectum,
1567 1226 1696 1269 non
1737 1208 1886 1269 satis
1930 1212 2027 1267 est
2070 1211 2139 1267 ut

571 1306 718 1367 velit
745 1305 894 1366 dare
930 1306 1132 1383 ipsam
1169 1308 1544 1382 potestatem
1569 1344 1590 1376 ,
1633 1300 1752 1361 nisi
1783 1301 1850 1363 id
1879 1300 2029 1362 velit
2060 1318 2138 1361 ex

571 1398 821 1477 proprio
851 1397 1081 1459 affectu
1110 1396 1192 1457 ad
1213 1396 1407 1457 talem
1431 1394 1748 1467 effectum,
1785 1392 2135 1455 ordinando

569 1492 650 1553 ad
669 1493 843 1552 illum
862 1496 1234 1569 potestatem
1257 1492 1320 1550 et
1341 1488 1593 1561 auxilia,
1619 1488 1778 1549 sicut
1801 1487 1885 1549 ad
1905 1486 2130 1560 finem3

571 1603 722 1665 ergo
765 1586 884 1646 hoc
934 1584 1121 1645 modo
1165 1582 1300 1643 vult
1346 1583 1514 1642 Deus
1561 1582 1712 1643 dare
1763 1580 2136 1643 sufficientia

565 1679 794 1740 auxilia
823 1678 904 1739 ad
929 1678 1228 1748 salutem,
1261 1675 1446 1736 etiam
1479 1676 1554 1736 iis
1595 1675 1854 1753 quinon
1884 1674 2136 1735 salvan-

562 1777 665 1833 tur
683 1792 699 1845 3
731 1790 880 1853 ergo
903 1771 1094 1832 habet
1113 1770 1390 1849 aliquam
1407 1769 1726 1849 propriam
1745 1766 2135 1829 voluntatem

567 1866 733 1927 circa
763 1882 986 1927 eorum
1014 1864 1303 1926 salutem.

571 2103 677 2167 An
714 2104 876 2167 Deus
903 2102 1141 2183 aliquid
1159 2107 1434 2185 operetur
1459 2102 1797 2167 voluntarie
1836 2100 2134 2183 simplici-

758 2200 868 2273 ter,
904 2201 962 2260 et
993 2195 1403 2259 involuntario
1427 2196 1750 2259 secundum
1775 2195 1941 2276 quid.

649 2424 745 2482 Η.
790 2419 886 2482 Ad
913 2419 1341 2483 difficultatem
1381 2436 1532 2500 ergo
1582 2420 1874 2501 positam,
1907 2438 2130 2483 conce-

565 2514 670 2588 do,
706 2514 868 2575 circa
899 2513 1138 2574 malum
1181 2530 1412 2593 poeuae,
1459 2514 1804 2592 praesertim
1851 2514 2014 2574 circa
2064 2514 2129 2574 id

564 2608 734 2688 quod
783 2606 1096 2667 medicina
1135 2624 1264 2667 non
1304 2612 1430 2679 est,
1465 2606 1578 2667 sed
1619 2626 1779 2686 pura
1828 2607 2125 2681 vindicta,

567 2708 633 2763 et
665 2718 854 2779 poena
885 2699 1140 2771 inimici,
1169 2706 1236 2760 ut
1267 2700 1584 2778 Scriptura
1611 2700 1908 2779 loquitur,
1942 2701 2027 2762 ita
2058 2718 2127 2761 se

562 2812 784 2876 gerere
831 2794 1056 2865 Deum,
1092 2799 1182 2866 ut,
1215 2793 1360 2853 licet
1387 2793 1668 2853 absolute
1709 2800 1772 2854 et
1801 2794 2133 2855 efficaciter

565 2890 715 2949 velit
751 2888 874 2948 tale
915 2887 1158 2947 malum
1199 2886 1432 2947 inferre
1479 2886 1688 2958 alicui,
1723 2888 2133 2948 nihilominus

565 2982 750 3043 simul
779 2982 1013 3041 habeat
1059 2980 1352 3041 affectum
1399 2980 1741 3059 simplicem
1783 2981 1974 3041 dandi
2024 2980 2135 3041 bo—

565 3093 720 3136 num
749 3074 838 3135 illi
865 3074 1034 3136 malo
1075 3073 1480 3135 contrarium.
1520 3073 1692 3136 Sicut
1709 3073 1916 3154 justus
1938 3074 2137 3154 judex

561 3169 896 3230 efficaciter
934 3168 1066 3228 vult
1097 3169 1324 3247 punire
1383 3167 1731 3241 hominem,
1764 3169 1886 3240 cui,
1938 3187 2138 3246 quan-

563 3269 696 3325 tum
713 3269 809 3324 est
835 3263 898 3323 in
929 3261 1228 3332 se‚vellct
1257 3263 1464 3341 potius
1487 3261 1881 3322 benefacere.
1915 3263 2133 3340 Neque

561 3357 731 3417 enim
759 3357 898 3417 talis
928 3357 1188 3416 affectus
1219 3357 1484 3435 simplex
1507 3357 1702 3417 ullam
1725 3356 1989 3417 includit
2018 3357 2134 3416 im-

561 3449 1012 3530 perfectionem
1035 3493 1050 3522 ,
1084 3449 1324 3508 namin
1353 3450 1598 3528 objecto
1645 3455 1708 3512 et
1755 3449 1975 3510 ordine
2018 3467 2131 3510 suo

565 3548 658 3604 est
699 3543 1224 3622 perfectissimus3
1258 3549 1342 3615 et,
1377 3541 1548 3621 quod
1595 3560 1724 3604 non
1774 3543 1852 3603 sit
1889 3541 2131 3615 efficax,

562 3655 690 3697 non
725 3643 820 3696 est
853 3654 931 3696 ex
969 3636 1336 3715 impotentia
1394 3636 1530 3708 Dei,
1567 3637 1680 3697 sed
1731 3655 1806 3697 ex
1848 3636 2132 3697 libertate

563 3736 625 3790 et
652 3747 896 3790 summa
925 3729 1234 3807 sapientia
1261 3749 1276 3802 ;
1324 3734 1386 3789 et
1415 3729 1582 3803 iden,
1615 3747 1760 3790 cum
1788 3729 2025 3791 illinon
2058 3729 2135 3790 sit

561 3823 772 3885 debita
817 3823 1020 3902 major
1067 3823 1422 3896 efficacitaS,
1472 3823 1618 3884 licet
1657 3824 1825 3883 illam
1855 3841 1981 3884 non
2025 3823 2134 3882 ha·

544 3917 729 3988 'bean
761 3935 890 3977 uon
941 3921 1274 3994 propterea
1324 3916 1726 3995 imperfectus
1758 3923 1870 3978 est.
1917 3919 2131 3994 Neque

565 4011 753 4071 etiam
779 4015 874 4070 est
917 4009 1305 4089 superfluus3
1338 4015 1476 4072 tum
1504 4010 1650 4088 quia
1679 4016 1772 4070 est
1787 4028 1900 4088 per
1925 4027 1995 4070 se
2022 4010 2132 4070 bo-

563 4121 703 4176 nuS‚
735 4109 796 4163 et
823 4104 944 4164 hoc
999 4103 1148 4164 satis
1191 4108 1326 4176 θεῖς
1359 4108 1500 4163 tum
1533 4102 1726 4163 etiam
1759 4103 1906 4182 quia
1944 4121 2135 4182 expe-

563 4197 650 4257 dit
681 4199 748 4258 ut
775 4196 983 4256 divina
1011 4197 1304 4257 voluntas
1334 4196 1499 4257 circa
1529 4195 1772 4255 nullum
1816 4196 2131 4274 objectum

563 4308 676 4368 per
703 4307 774 4350 se
799 4291 1068 4351 amabile
1106 4291 1184 4351 sit
1219 4291 1396 4369 quasi
1430 4307 1761 4369 suspensa,
1795 4296 1858 4351 et
1889 4289 2129 4368 absque

567 4383 694 4444 ullo
735 4383 1004 4456 affectu3
1043 4389 1106 4444 et
1131 4383 1273 4444 ideo
1319 4383 1427 4445 ubi
1465 4401 1597 4443 uon
1623 4383 1757 4445 vult
1781 4382 2019 4444 habere
2041 4382 2133 4444 ef-

565 4475 827 4537 ficacem
873 4477 1165 4538 affectum
1197 4523 1212 4550 ,
1249 4477 1439 4538 habet
1481 4476 1702 4538 saltem
1735 4475 2079 4555 simplicem
2108 4495 2123 4551 ;

567 4575 702 4629 tum
751 4568 1026 4649 denique
1085 4571 1232 4649 quia
1298 4575 1392 4631 est
1445 4570 1858 4643 necessariae,
1907 4576 1977 4630 ut
2028 4589 2132 4630 ve·

567 4679 636 4723 re
674 4681 746 4722 ac
782 4663 1032 4742 proprie
1068 4665 1236 4724 Deus
1291 4661 1538 4724 dicatur
1580 4663 1906 4726 intendere
1940 4663 2131 4725 talem

567 4755 783 4828 finem,
817 4758 880 4816 et
915 4755 1152 4816 habere
1180 4755 1668 4834 beneplacitum,
1703 4763 2007 4836 quantum
2042 4761 2135 4817 est

570 4865 647 4908 ex
699 4848 858 4926 ipso,
891 4853 954 4908 et
979 4855 1234 4927 propter
1259 4849 1436 4908 illum
1462 4849 1624 4910 velle
1653 4850 1861 4912 media
1885 4867 2025 4929 quse
2054 4848 2136 4911 ad

571 4942 745 5002 illum
771 4941 1158 5003 ordinantur.
1181 4945 1396 5022 Neque
1424 4944 1534 5003 illa
1561 4943 1752 5005 veluti
1775 4960 2135 5024 repugnan-

569 5037 654 5096 tia
701 5035 1039 5095 affectuum
1093 5034 1318 5094 divinae
1367 5035 1729 5114 perfectioni
1772 5042 2128 5117 repugnat3

567 5137 702 5189 tum
723 5130 870 5208 quia
901 5128 1007 5189 ille
1029 5145 1160 5188 non
1187 5134 1284 5189 est
1307 5147 1456 5190 vere
1483 5131 1926 5208 repugnantia,
1958 5131 2128 5209 quia,

565 5223 711 5284 licet
747 5228 1077 5282 versentur
1115 5222 1280 5284 circa
1335 5222 1627 5283 eamdem
1681 5241 1818 5284 rem
1847 5267 1866 5297 ,
1915 5229 2132 5284 tamen

565 5316 684 5376 sub
711 5315 974 5377 diversis
993 5315 1374 5388 rationibus;
1407 5322 1541 5377 tum
1571 5317 1760 5378 etiam
1793 5316 1945 5396 quia
1966 5319 2133 5377 uter·

563 5425 686 5487 que
742 5416 918 5470 actus
967 5415 1064 5471 est
1107 5427 1185 5470 ex
1238 5409 1692 5490 perfectissimo
1759 5409 2019 5470 consilio
2068 5414 2135 5471 et

565 5501 1016 5566 deliberatione
1067 5502 1404 5565 voluntatis
1436 5547 1452 5578 ,
1509 5503 1678 5566 unde
1721 5511 1987 5584 uterque
2036 5508 2135 5566 est

1077 303 1289 413 oense.
1325 358 1408 411 w.
1443 356 1746 413 numerio
1777 356 1860 411 nt:
1891 352 2242 411 muttum
2276 352 2664 409 voLuNTAws
2696 350 2943 409 DIVOEAE.
2980 350 3213 411 msrm.
3246 354 3291 411 1.

2214 456 2495 519 infinitus
2552 458 2621 519 in
2662 474 2777 518 suo
2818 456 3036 519 ordine
3068 502 3087 531 ,
3136 464 3199 519 et
3230 464 3461 521 neuter
3504 462 3715 525 alterum
3767 462 3768 505 ἶ

2217 551 2345 613 ullo
2394 552 2581 614 modo
2648 550 2931 629 impedit.
2988 550 3165 623 Quod
3222 552 3415 613 etiam
3461 554 3523 615 in
3576 558 3717 621 simili

2218 644 2447 707 docere
2500 646 2705 707 solent
2764 644 3067 724 Theologi
3135 644 3213 705 de
3270 646 3575 709 voluntate
3634 653 3716 711 hu·
3767 662 3768 673 ¹

2218 757 2406 799 mana
2435 740 2683 811 Christi,
2714 744 3023 818 quatenus
3050 744 3119 799 ut
3130 739 3293 799 ratio
3322 740 3627 803 efficaciter
3640 764 3717 807 ro·

2216 832 2388 893 lebat
2430 836 2733 906 mortem,
2768 849 2961 911 quam
2998 838 3071 893 ut
3108 839 3339 895 natura
3384 834 3717 899 inefficaciter

2222 926 2597 1006 refugiebat,
2648 926 2886 1005 absque
2921 926 3045 985 ulla
3082 927 3340 1005 propria
3365 933 3715 1007 repugnantia
3767 962 3768 1005 ;

2221 1026 2517 1093 actuum3
2554 1020 2703 1099 quia
2744 1038 2870 1081 non
2934 1020 3053 1079 nisi
3092 1038 3237 1080 cum
3264 1020 3537 1100 perfecto
3566 1024 3717 1085 domi-
3767 1056 3768 1061 κ

2220 1115 2325 1175 nio
2372 1120 2436 1175 et
2476 1113 2695 1175 ordine
2762 1118 3101 1191 utrumque
3151 1113 3527 1185 exercebat;
3570 1118 3714 1178 multo
3767 1150 3768 1155 κ

2220 1226 2371 1287 ergo
2405 1206 2607 1287 magis
2635 1205 2701 1267 id
2723 1206 3067 1269 dicendum
3104 1212 3199 1267 cst
3225 1206 3309 1267 de
3338 1206 3539 1267 divina
3554 1210 3715 1270 volun-

2218 1306 2367 1361 tate.
3767 1330 3768 1369 3

2299 1394 2399 1453 12.
2452 1392 2615 1467 Quid
2670 1395 2983 1457 tenendum
3040 1394 3129 1457 sit
3166 1394 3373 1476 quoad
3418 1396 3715 1457 modumlo-

2216 1486 2725 1567 quenda—Quod
2751 1506 2901 1549 vero
2931 1494 3173 1568 spectat
3204 1488 3289 1549 ad
3312 1487 3486 1548 illum
3516 1489 3713 1551 modum
3767 1530 3768 1571 3

2216 1580 2537 1659 loquendi,
2570 1598 2654 1641 an
2698 1581 3037 1644 dicendum
3068 1582 3145 1643 sit
3190 1583 3398 1642 Deum
3434 1582 3637 1643 habere
3670 1586 3713 1643 in

2215 1674 2576 1753 huiusmodi
2614 1692 2805 1753 opere
2851 1675 3145 1737 affectum
3180 1674 3590 1737 voluntarium
3612 1676 3713 1737 sim-

2215 1766 2475 1845 pliciter,
2506 1766 2773 1829 admisto
2794 1769 3215 1830 involuntario
3236 1768 3571 1829 secundum
3586 1770 3709 1847 quid,

2215 1860 2296 1921 ad
2323 1860 2584 1923 modum
2624 1861 2927 1942 loquendi
2958 1869 3221 1941 spectat.
3264 1864 3345 1923 Et
3392 1862 3619 1939 qu'idem
3652 1862 3715 1921 lo-
3767 1866 3768 1875 ’

2216 1955 2502 2017 cutiones
2542 1956 2877 2033 Scripturae
2907 1956 2975 2016 in
3005 1957 3197 2035 priori
3252 1954 3599 2016 difficultate
3642 1956 3714 2015 ad·

2215 2048 2419 2109 ductae
2448 2048 2535 2109 ita
2574 2048 2855 2109 indicare
2884 2048 3198 2121 videntur,
3228 2066 3405 2119 nam,
3448 2048 3577 2107 licet
3610 2048 3715 2107 sim—
3767 2064 3768 2093 l

2212 2140 2457 2219 pliciter
2486 2140 2613 2202 sint
2650 2142 3114 2220 metaphoricae,
3151 2147 3465 2221 quatenus
3494 2141 3711 2201 dolorem

2210 2234 2311 2296 vel
2354 2232 2809 2313 poenitudinem
2848 2235 2975 2295 Deo
3014 2236 3391 2308 attribuunt,
3430 2241 3612 2295 tamen
3634 2254 3713 2313 per
3767 2272 3768 2275 =

2213 2346 2355 2389 eam
2384 2329 2817 2408 metaphoram
2862 2329 3141 2390 indicant
3177 2331 3315 2390 Deo
3358 2329 3554 2407 aliquo
3572 2330 3709 2389 modo
3767 2334 3768 2355 *

2214 2442 2355 2484 esse
2402 2423 2854 2483 involuntarios
2893 2423 3257 2503 hujusmodi
3314 2421 3577 2484 effectae.
3600 2424 3709 2483 item

2212 2534 2385 2576 mors
2428 2516 2649 2577 Christi
2685 2514 2805 2577 fuit
2844 2516 2931 2575 illi
2972 2516 3399 2577 involuntaria
3434 2516 3707 2576 secundum
3767 2514 3768 2527 ¹

2212 2607 2365 2687 quid
2408 2614 2665 2687 propter
2700 2609 3047 2689 simplicem
3088 2609 3392 2669 affectum
3446 2626 3559 2686 quo
3587 2610 3707 2667 illam
3767 2634 3768 2685 }

2212 2700 2513 2779 fugiebat.
2547 2702 2705 2763 Item
2759 2708 3108 2781 peccatum,
3140 2702 3318 2781 quod
3349 2708 3443 2763 est
3476 2720 3633 2762 caasa
3662 2703 3708 2761 il·
3767 2722 3768 2729 ¹

2214 2796 2335 2856 lius
2350 2812 2576 2874 poenae,
2596 2795 2958 2874 simpliciter
2981 2802 3077 2857 est
3102 2796 3575 2857 involuntarium
3596 2796 3707 2869 Deo,
3767 2842 3768 2877 3

2214 2906 2341 2949 non
2384 2888 2587 2949 solum
2616 2889 2763 2965 quia
2792 2894 2889 2949 est
2916 2890 3304 2949 contrarium
3342 2889 3615 2949 voluntati
3652 2888 3709 2947 si·
3767 2886 3768 2965 j

2219 2982 2347 3061 gni,
2390 2986 2459 3041 ut
2491 2981 2747 3059 quidam
2792 2988 3049 3059 putant;
3086 2982 3201 3043 sed
3240 2983 3431 3043 etiam
3457 2982 3581 3060 quia
3600 2998 3711 3041 vero

2217 3093 2291 3136 ac
2319 3074 2571 3154 proprio
2610 3074 2754 3136 odio
2795 3074 2963 3137 Deus
2986 3074 3393 3136 abominatur
3426 3080 3708 3154 peccatum,

2216 3169 2389 3249 quod
2412 3169 2497 3229 illi
2540 3170 2811 3230 maxime
2856 3169 3160 3249 displicet.
3199 3171 3361 3231 Item
3394 3215 3411 3242 ,
3466 3170 3591 3248 quia
3626 3169 3711 3228 hoc
3767 3165 3768 3242 j

2215 3263 2703 3325 involuntarium
2762 3263 3113 3325 secundum
3164 3263 3325 3340 quid
3378 3281 3499 3324 uon
3548 3269 3621 3322 est
3668 3261 3711 3320 in
3767 3283 3768 3340 3

2214 3356 2343 3416 Deo
2384 3375 2462 3416 ex
2502 3357 2890 3434 impotentia,
2922 3358 3080 3418 sicut
3110 3357 3273 3417 solet
3314 3373 3451 3416 esse
3471 3356 3525 3415 in
3564 3356 3713 3414 homi·
3767 3379 3768 3426 3

2214 3450 2401 3510 uibus
2431 3495 2449 3520 ,
2496 3449 2559 3508 in
2603 3450 2833 3529 quibus
2871 3455 3203 3530 propterea
3246 3448 3711 3528 imperfectionem

2216 3543 2383 3614 dicit,
2414 3542 2525 3604 sed
2550 3549 2645 3604 est
2674 3561 2751 3604 ex
2778 3560 3025 3604 summa
3054 3543 3367 3621 sapientia
3394 3548 3456 3602 et
3498 3541 3709 3620 perfecta

2216 3637 2527 3697 libertate.
2569 3637 2851 3715 Denique
2884 3635 3011 3696 tale
3040 3635 3521 3697 involuntarium
3548 3651 3710 3694 secun·

2214 3729 2365 3790 dum
2396 3729 2567 3809 quid,
2595 3745 2725 3790 non
2746 3729 3017 3790 excludit
3033 3729 3455 3792 voluntarium
3482 3727 3710 3804 simplici-

2210 3827 2331 3896 ter,
2378 3829 2441 3884 et
2470 3822 2553 3883 ita
2578 3841 2707 3883 non
2742 3829 3053 3902 repugnat
3081 3822 3374 3902 praesenti
3422 3820 3706 3884 testimonio

2215 3917 2413 3990 Pauli,
2450 3916 2621 3994 quod
2664 3935 2830 3977 nunc
2874 3923 3253 3989 metamus3
3300 3935 3447 3976 nam
3484 3915 3637 3975 etiam
3662 3914 3705 3971 in
3767 3967 3768 3970 ,

2212 4009 2573 4070 hominibus
2604 4028 2734 4072 non
2784 4009 3133 4071 excluditur
3166 4010 3569 4071 voluntarium
3606 4007 3706 4066 sim·

2212 4103 2476 4183 pliciter,
2522 4103 2605 4164 ob
2653 4103 3089 4165 admistionem
3130 4103 3517 4164 involuntarii
3544 4117 3705 4162 secun·
3767 4105 3768 4126 ³

2214 4197 2365 4258 dum
2397 4196 2569 4277 quid,
2600 4213 2713 4276 per
2742 4196 3085 4276 simplicem
3126 4196 3425 4258 affectum
3450 4196 3591 4256 circa
3626 4191 3705 4251 eb-
3767 4185 3768 4246 Ϊ

2208 4291 2448 4369 jectum
2493 4290 2900 4350 materialiter
2930 4289 3272 4362 diversum,
3302 4297 3375 4352 ut
3408 4293 3615 4350 constat
3650 4301 3705 4344 ex
3767 4369 3768 4372 Ἴ

2210 4385 2286 4446 D.
2326 4385 2567 4446 Thoma
2606 4385 2665 4444 1.
2696 4385 2759 4458 2,
2792 4389 3011 4463 quaest.
3042 4385 3104 4458 6,
3136 4390 3255 4444 art.
3298 4386 3335 4444 5
3364 4387 3425 4444 et
3448 4384 3505 4454 6,
3528 4381 3601 4440 sic
3626 4396 3705 4438 ex-

2210 4483 2485 4558 ponente
2523 4476 2987 4556 Philosophum,
3019 4477 3060 4536 1.
3090 4479 3127 4538 3
3158 4477 3454 4549 Ethicor.,
3474 4493 3591 4553 cap.
3608 4479 3703 4534 ter·

2210 4572 2318 4632 tio.
2352 4570 2485 4643 Quo
2512 4569 2583 4630 fit
2604 4569 3043 4649 uthujusmodi
3084 4569 3499 4631 voluntarium
3536 4568 3591 4626 in
3622 4567 3705 4624 ho-

2212 4663 2487 4724 minibus
2516 4663 2800 4736 sufficiat,
2834 4670 2897 4724 et
2942 4663 3024 4724 ad
3074 4663 3461 4742 peccandum
3486 4658 3703 4721 mortali-
3767 4733 3768 4748 χ

2213 4764 2333 4832 ter,
2366 4763 2427 4818 et
2454 4757 2537 4818 ad
2564 4754 2989 4837 praestandum
3024 4757 3388 4836 simpliciter
3414 4753 3704 4814 absolutum
3767 4751 3768 4820 Ῑ

2218 4857 2279 4913 et
2310 4851 2629 4912 efficacem
2654 4869 3053 4912 consensum.
3092 4851 3277 4913 Unde
3304 4855 3398 4912 est
3424 4849 3585 4908 etiam
3602 4861 3703 4922 pro·

2212 4945 2439 5005 babilis
2486 4944 2593 5006 illa
2634 4944 2963 5017 sententia,
3012 4961 3151 5023 quae
3207 4943 3538 5024 generatim
3578 4937 3705 4997 affir-

2214 5044 2345 5098 mat
2380 5037 2740 5117 hujusmodi
2793 5037 3215 5099 voluntarium
3272 5051 3349 5098 cx
3390 5041 3589 5096 natura
3634 5027 3701 5088 rei

2215 5131 2499 5192 sufficere
2528 5131 2611 5192 ad
2650 5132 2927 5192 valorem
2954 5131 3401 5210 cuiuscumque
3416 5128 3701 5190 contractus

2212 5225 2313 5285 vel
2355 5224 2617 5285 actionis
2652 5225 2945 5284 humauae
2965 5269 2984 5298 ,
3016 5223 3137 5284 nisi
3190 5221 3455 5292 aliunde,
3486 5217 3697 5284 scilieet,

2214 5318 2315 5379 vel
2342 5318 2619 5379 humano
2639 5319 2808 5396 jure,
2833 5316 2941 5379 vel
2964 5335 3041 5378 ex
3061 5316 3183 5376 alia
3208 5313 3491 5396 peculiari
3514 5310 3699 5372 ratione

2216 5410 2639 5489 impediatur:
2676 5410 2789 5472 sed
2816 5409 2897 5472 de
2948 5409 3065 5471 hoc
3108 5409 3283 5471 alias·
3330 5409 3553 5486 ltaque,
3592 5401 3699 5461 licet

2217 5505 2405 5579 Deus,
2436 5502 2591 5565 dum
2618 5511 3012 5585 peccatorem
3036 5505 3217 5584 punit
3256 5500 3534 5584 privando
3568 5497 3697 5556 illam
3767 5555 3768 5566 ¹
