3850 6225
503 371 623 432 174

501 475 658 536 tium
687 474 902 537 salutis
931 475 1050 538 nisi
1081 495 1198 556 per
1225 478 1600 540 excitantem
1652 478 1945 558 gratiam,
1996 484 2066 540 ut

501 586 579 629 cx
603 568 876 629 Concilio
903 569 1266 632 Tridentino
1289 589 1478 650 supra
1507 571 1931 642 ostendimus;
1972 578 2065 632 est

501 679 654 740 ergo
679 659 846 722 idem
875 680 1109 724 munus
1135 665 1454 743 operantis
1483 671 1546 726 et
1574 665 1899 726 excitantis
1927 683 2067 743 gra·

501 755 624 828 tiae,
657 759 722 816 et
747 763 1204 835 consequenter
1234 758 1402 818 idem
1443 760 1564 821 erit
1605 760 1794 820 etiam
1837 777 2069 837 coope-

503 849 698 910 rantis
721 854 783 910 et
809 849 1185 928 adjuvantis.
1217 851 1500 930 Denique
1539 852 1700 913 ratio
1729 852 1916 912 etiam
1954 851 2071 910 ho·

502 961 644 1004 rum
693 944 1020 1004 nominum
1063 961 1140 1004 ex
1185 944 1409 1005 eodem
1457 945 1594 1007 loco
1630 945 1973 1023 colligitur;
2008 949 2071 1005 et

505 1035 760 1114 quidem
785 1035 1214 1097 denominatio
1265 1037 1660 1116 cooperantis
1690 1030 1920 1115 'gratim
1956 1055 2071 1116 per

507 1147 573 1188 se
604 1128 926 1189 notissima
953 1135 1068 1204 est,
1101 1136 1163 1190 et
1185 1129 1504 1208 aptissime
1537 1131 1806 1210 quadrat
1833 1130 1898 1191 in
1927 1149 2071 1209 gra-

505 1222 658 1282 tiam
688 1220 1116 1299 adjuvantem,
1147 1241 1282 1302 qm
1315 1223 1540 1286 studiis
1581 1229 1934 1305 cooperatur
1966 1223 2073 1284 Im-

503 1313 728 1386 manis,
767 1319 834 1374 ut
882 1319 1052 1376 recte
1097 1315 1464 1376 Ambrosius
1507 1316 1692 1389 dixit,
1730 1315 1890 1376 libro
1917 1318 1957 1376 2
2006 1315 2071 1375 in

505 1407 759 1468 Lucam.
789 1407 864 1466 Et
892 1405 1087 1484 (quod
1111 1407 1290 1468 valde
1317 1409 1668 1469 notandum
1694 1411 1810 1484 est)
1841 1408 2070 1468 indica-

505 1505 607 1560 tur
625 1499 690 1558 in
710 1498 816 1558 illa
835 1517 988 1560 voce
1009 1499 1300 1578 quaedam
1319 1500 1694 1562 simultanea
1715 1501 1854 1580 conj
1863 1502 2071 1562 unctio

504 1591 842 1652 voluntatis
889 1597 953 1652 et
997 1592 1210 1671 gratian
1257 1592 1611 1672 adJuvantis
1653 1594 1736 1655 ad
1777 1593 2073 1654 eumdem

505 1691 716 1744 actum
747 1685 842 1744 vel
869 1685 1201 1756 actionem,
1233 1685 1318 1746 ad
1361 1704 1552 1764 quam
1593 1690 1810 1748 mutuo
1849 1703 2073 1765 coope-

505 1777 631 1838 rari
653 1777 966 1849 dicuntur,
991 1778 1076 1838 ita
1107 1781 1176 1838 ut
1199 1777 1319 1838 sub
1349 1797 1422 1839 ea
1453 1779 1694 1840 ratione
1725 1787 1951 1840 neutra
1981 1779 2073 1840 al-

505 1875 708 1930 teram
755 1869 1090 1930 antecedat
1133 1871 1232 1930 vel
1275 1870 1578 1950 impellat,
1609 1871 1722 1932 sed
1761 1871 1965 1932 solum
1992 1872 2071 1932 si·

504 1963 637 2024 mul
657 1969 1016 2042 operentur.
1037 1965 1318 2042 Operans
1337 1971 1548 2026 autem
1567 1966 1764 2044 gratia
1786 1973 2068 2038 vocatur,

507 2061 814 2135 quantum
865 2073 944 2116 ex
997 2057 1343 2136 Augustino
1397 2058 1726 2138 colligitur,
1778 2059 1876 2119 vel
1925 2059 2073 2137 quia

509 2167 650 2210 eam
677 2150 842 2210 Deus
881 2150 945 2208 in
993 2150 1175 2210 nobis
1217 2151 1352 2212 sine
1395 2151 1578 2212 nobis
1609 2158 1937 2231 operatum
1972 2151 2073 2214 vel

506 2243 654 2322 quia
684 2261 796 2321 per
826 2260 966 2302 eam
994 2244 1184 2320 Deus,
1207 2244 1394 2305 etiam
1419 2244 1588 2304 solus
1619 2250 1680 2304 et
1703 2245 1835 2304 sine
1865 2245 2068 2318 nobis,

505 2343 575 2397 ut
597 2335 862 2397 velimus
880 2343 1200 2415 operatur,
1216 2337 1396 2416 juxta
1417 2337 1572 2398 illud
1595 2337 1848 2398 Concilii
1869 2337 2072 2399 Arau-

506 2427 704 2490 sicani
731 2429 811 2500 Π,
855 2447 992 2508 cap.
1028 2430 1126 2500 20,
1171 2447 1248 2490 ex
1289 2431 1660 2509 Augustino,
1689 2429 1798 2490 lib.
1831 2432 1870 2490 2
1899 2436 2065 2491 cont.

504 2520 664 2582 duas
707 2521 898 2600 Epist.
949 2521 1292 2600 Pelagian.,
1337 2541 1475 2602 cap.
1507 2525 1548 2584 9
1583 2541 1596 2582 ε
1629 2523 1840 2586 Multa
1879 2525 1949 2584 in
1976 2525 2072 2585 Ιιο-

503 2613 663 2676 minc
695 2616 845 2678 bona
877 2617 1062 2691 fiunt,
1107 2633 1240 2695 quoe
1281 2633 1400 2678 non
1445 2618 1598 2696 facit
1651 2617 1853 2688 homm-
1893 2617 2073 2680 nulla

504 2725 643 2770 vero
665 2706 826 2784 facit
845 2708 1012 2770 homo
1032 2709 1206 2784 bona,
1228 2727 1362 2790 quoe
1381 2726 1500 2770 non
1518 2709 1682 2772 Deus
1697 2715 1975 2789 praestet,
2000 2716 2072 2773 ut

502 2799 696 2880 saciat
721 2801 910 2864 homo.

589 2895 646 2955 5.
679 2893 803 2956 Sed
827 2894 928 2954 hic
953 2895 1344 2956 observanda
1363 2901 1508 2956 sunt
1533 2895 1680 2956 duo.
1714 2897 1924 2958 Unum
1952 2903 2065 2968 cst,

503 2987 678 3067 quod
711 3005 900 3066 supra
941 2987 1107 3060 dixi,
1160 2994 1308 3049 tunc
1351 2989 1602 3068 proprie
1649 2995 1712 3050 et
1753 2991 2073 3051 moraliter

503 3081 829 3143 hominem
859 3079 980 3143 dici
1003 3099 1216 3160 agere,
1251 3099 1396 3143 cum
1421 3081 1700 3143 humano
1727 3083 1917 3144 modo
1944 3082 2073 3163 agit

503 3192 578 3235 ac
605 3172 840 3246 libero;
886 3178 1072 3251 atquc
1101 3175 1188 3235 ita
1215 3174 1376 3235 sumi
1414 3174 1546 3236 fere
1581 3194 1831 3255 semper
1860 3176 1925 3237 in
1954 3178 2072 3237 hac

501 3266 804 3341 materia;
833 3284 978 3326 cum
1002 3285 1150 3347 ergo
1175 3267 1560 3345 Augustinus
1589 3268 1676 3329 ait
1697 3271 1898 3330 Deum
1926 3288 2073 3349 ope-

503 3361 634 3422 rari
673 3360 837 3420 hanc
865 3360 1130 3439 gratiam
1155 3359 1217 3419 in
1243 3360 1424 3423 nobis
1455 3362 1586 3423 sine
1611 3362 1813 3434 nobis,
1843 3362 2067 3423 intelli·

503 3454 615 3533 git,
647 3453 780 3513 sine
825 3452 1008 3513 nobis
1036 3452 1231 3514 libero
1265 3458 1328 3514 et
1360 3454 1639 3514 humano
1685 3456 1874 3515 modo
1917 3472 2070 3533 ope-

502 3545 822 3618 rantibus;
871 3544 1043 3622 quod
1086 3545 1320 3623 optime
1361 3548 1651 3606 convenit
1697 3547 1762 3607 in
1801 3548 2069 3626 gratiam

505 3639 915 3711 excitantem3
951 3638 1118 3717 quia,
1157 3644 1445 3717 utsupra
1483 3639 1632 3713 dixi,
1680 3641 1963 3702 consistit
2004 3643 2067 3702 in

503 3730 780 3792 motibus
801 3728 903 3791 vel
941 3731 1203 3805 actibuS,
1235 3729 1344 3810 qui
1371 3750 1408 3791 a
1435 3734 1566 3793 Deo
1601 3733 1666 3793 in
1707 3733 1886 3794 nobis
1911 3734 2072 3796 fiunt

503 3833 649 3888 ante
688 3844 1066 3887 consensum
1094 3826 1360 3887 liberum
1401 3833 1704 3889 nostrum.
1753 3828 1931 3900 Quod
1962 3849 2071 3890 au-

504 3924 631 3980 tem
657 3917 768 3993 illi,
804 3920 950 3997 quia
979 3919 1202 3981 vitales
1235 3926 1401 3995 sunt,
1433 3922 1692 4000 physice
1720 3922 2071 3984 efficiantur

504 4030 543 4071 a
571 4012 776 4085 nobis,
820 4030 948 4072 non
977 4011 1186 4085 refert,
1227 4030 1436 4092 neque
1463 4013 1528 4074 id
1569 4014 1834 4076 intendit
1863 4016 2069 4077 exclu-

503 4104 654 4167 dere
695 4104 1102 4184 Augustinus,
1135 4124 1342 4185 neque
1381 4108 1445 4167 in
1477 4106 1688 4185 aliquo
1715 4108 1940 4170 minuit
1968 4128 2070 4169 ra-

502 4197 738 4258 tionem
763 4198 1019 4277 gratioe;
1053 4198 1200 4277 quia
1228 4205 1428 4261 totum
1469 4200 1530 4261 id
1555 4207 1650 4261 est
1679 4220 1756 4262 ex
1787 4203 2065 4265 motione

501 4291 858 4351 necessaria
885 4298 950 4353 et
987 4291 1332 4353 elevatione
1375 4294 1509 4355 Dei.
1545 4295 1824 4377 Alterum
1855 4297 2069 4357 obser·

501 4382 777 4444 vandum
817 4390 931 4457 est,
985 4385 1156 4445 aliud
1207 4404 1344 4447 esse
1375 4387 1622 4466 operari
1665 4394 1736 4449 ut
1773 4390 2061 4463 velimus,

501 4475 672 4537 aliud
695 4476 943 4555 operari
977 4477 1184 4555 ipsum
1213 4479 1409 4551 velle3
1443 4498 1594 4540 nam
1635 4480 1744 4558 qui
1770 4482 2059 4557 consulit,

498 4568 600 4628 vel
629 4573 812 4647 rogat
855 4568 1124 4629 alterum
1165 4576 1236 4631 ut
1277 4571 1426 4633 velit
1467 4572 1724 4652 aliquid,
1771 4574 1836 4635 id
1863 4581 2065 4637 totum

501 4667 820 4738 operatur,
855 4667 924 4723 ut
953 4662 1110 4723 alter
1135 4662 1310 4735 velit;
1360 4682 1488 4724 non
1529 4670 1743 4727 tamen
1772 4674 2069 4746 operatur

497 4752 658 4813 velle
687 4752 918 4832 ipsius;
965 4755 1154 4835 igitur
1193 4756 1438 4835 operari
1488 4762 1554 4818 ut
1589 4758 1878 4831 velimuS,
1909 4759 2065 4819 nihil

499 4845 672 4905 aliud
695 4852 792 4907 est
827 4864 1020 4925 quam
1049 4848 1296 4926 operari
1325 4850 1388 4909 in
1417 4850 1599 4911 nobis
1627 4851 1885 4929 aliquid,
1938 4870 2065 4931 quo

500 4940 910 5018 disponamur
937 4942 1036 5001 vel
1083 4942 1456 5003 inclinemur
1498 4944 1577 5005 ad
1603 4943 1967 5019 volendum,
2002 4952 2064 5007 ct

501 5050 578 5093 eo
609 5031 820 5093 animo
869 5037 930 5095 et
979 5034 1320 5097 intentione
1369 5042 1440 5097 ut
1469 5036 1767 5109 velimus;
1813 5039 2063 5116 operari

499 5131 712 5185 autem
740 5124 946 5203 ipsum
993 5126 1184 5200 velle,
1237 5134 1332 5189 est
1357 5129 1605 5191 efficere
1651 5130 1718 5190 in
1755 5131 1938 5191 nobis
1970 5132 2063 5210 ip-

499 5225 772 5279 summet
829 5226 1040 5280 actum
1085 5220 1356 5283 volendi.
1413 5224 1658 5283 Notavit
1711 5224 1832 5283 hoc
1890 5230 2059 5287 recte

499 5311 824 5373 Conradus
855 5316 910 5373 1.
945 5314 1008 5386 2,
1034 5319 1250 5392 quaest.
1281 5316 1342 5391 3,
1391 5316 1564 5376 artic.
1606 5317 1668 5389 2,
1719 5316 1918 5377 citans
1970 5317 2063 5379 di-

495 5422 646 5466 vum
677 5406 984 5467 Thomam
1010 5411 1069 5466 et
1098 5406 1492 5487 capreolum,
1523 5408 1750 5486 quibus
1779 5415 1906 5471 tota
1930 5412 2061 5473 haec

499 5497 779 5559 doctrina
829 5502 1252 5561 consentanea
1296 5507 1410 5562 est.
1447 5502 1545 5563 Sic
1592 5502 1782 5581 igitur
1817 5504 1902 5564 ait
1940 5506 2061 5565 Au-

1345 375 1554 430 OPUSC.
1591 377 1632 439 1,
1667 374 1781 430 uu.
1817 377 1902 430 ln.
1938 377 2021 429 ΒΕ
2050 376 2322 430 Auxths
2354 375 2587 429 mvmAE
2616 370 2881 426 GRATIAE.

2149 477 2433 558 gustinus
2463 476 2667 536 Deum
2692 469 2939 551 operari
2969 471 3035 530 in
3060 469 3241 530 nobis
3268 471 3404 530 sine
3428 471 3603 531 nobis
3630 481 3684 532 ut

2148 569 2433 642 velimus,
2465 568 2615 646 quia
2644 567 2779 646 ipse
2804 564 2974 626 solus
3002 564 3137 624 sinc
3168 581 3482 624 consensu
3505 564 3685 625 libero

2148 668 2363 723 nostro
2414 661 2602 722 efficit
2650 659 2713 720 in
2750 657 2933 719 nobis
2986 656 3249 736 gratiam
3306 657 3685 728 excitantem,

2150 773 2275 833 qua
2304 755 2695 833 disponimur
2737 757 2801 812 et
2840 750 3213 811 inclinamur
3252 749 3335 810 ad
3370 750 3689 811 volendum

2143 850 2323 926 juxta
2360 847 2511 908 iliud
2546 865 2561 907 ε
2592 847 3001 930 Proeparatm·
3032 843 3316 905 voluntas
3353 862 3393 905 a
3430 843 3687 904 Domino.

2150 941 2329 1006 Unde
2356 941 2544 1000 etiam
2570 939 2633 1000 ln
2658 937 2861 1015 eoqui
2886 955 3017 997 non
3044 937 3196 1008 vult,
3226 938 3395 996 Deus
3418 944 3693 1014 operatur

2151 1039 2221 1094 ut
2246 1032 2415 1105 velit,
2466 1031 2579 1092 sed
2624 1029 3005 1092 sufficienter
3049 1033 3332 1102 tantum,
3384 1029 3533 1106 quia
3576 1030 3693 1108 ipse

2150 1144 2281 1186 non
2306 1124 2439 1186 vult
2480 1123 2871 1196 consentire;
2902 1122 3155 1200 quando
3184 1139 3337 1182 vero
3376 1122 3537 1182 alter
3568 1140 3695 1182 con-

2152 1219 2359 1290 sentit,
2389 1217 2538 1279 facit
2576 1217 2769 1278 etiam
2812 1216 3166 1276 efficaciter.
3214 1216 3285 1276 In
3326 1232 3455 1292 quo
3502 1220 3691 1275 autem

2153 1312 2427 1374 efficacia
2468 1312 2601 1372 haec
2640 1309 2961 1386 consistat,
3002 1314 3219 1388 postea
3260 1309 3564 1368 dicemus..
3612 1309 3694 1385 Ip-

2154 1423 2295 1466 sum
2328 1410 2540 1466 autem
2566 1403 2725 1464 velle
2762 1421 2893 1480 non
2918 1408 3216 1481 operatur
3248 1401 3415 1462 Deus
3442 1401 3505 1461 in
3530 1401 3693 1462 nobis

2154 1498 2287 1560 sine
2318 1497 2499 1558 nobis
2522 1497 2721 1558 libere
2750 1495 3251 1575 cooperantibus,
3296 1494 3583 1573 quamvis
3606 1511 3696 1552 ne-

2152 1609 2276 1670 que
2307 1609 2423 1652 nos
2448 1591 2759 1670 possimus
2787 1588 2937 1650 illud
2966 1588 3267 1666 perficere
3292 1587 3429 1648 sinc
3452 1587 3583 1646 Deo
3606 1587 3697 1646 ad-

2146 1685 2406 1765 juvante
2436 1689 2499 1745 et
2524 1689 2903 1762 cooperante
2932 1682 3293 1753 nobiscum;
3348 1681 3495 1760 quia
3526 1682 3697 1740 etiam

2151 1783 2489 1857 postquam
2516 1776 2761 1838 excitati
2806 1793 3023 1838 sumus
3072 1775 3155 1836 ab
3187 1776 3327 1854 ipso
3372 1773 3457 1834 ad
3502 1774 3697 1834 volen-

2152 1871 2327 1942 dum,
2354 1869 2561 1930 adhuc
2590 1887 2667 1930 ex
2695 1869 2874 1930 nobis
2907 1869 3355 1930 insufficientes
3394 1885 3611 1928 sumus
3632 1867 3699 1925 ad

2153 1963 2511 2036 volendum,
2544 1962 2663 2022 nisi
2711 1963 2877 2024 Deus
2917 1963 3051 2041 ipse
3100 1961 3428 2024 nobiscum
3460 1979 3699 2022 concur·

2154 2062 2272 2130 rat,
2300 2063 2363 2116 et
2390 2055 2903 2134 supernaturales
2930 2055 3095 2116 vires
3126 2055 3424 2134 praebeat.
3462 2055 3697 2114 Constat

2154 2168 2327 2229 ergo,
2348 2167 2425 2210 ex
2454 2148 2783 2227 Augustini
2806 2149 3135 2219 sententia,
3156 2149 3425 2228 gratiam
3448 2165 3699 2226 operan-

2151 2249 2282 2304 tem
2310 2249 2373 2303 et
2399 2248 2841 2320 cooperantem
2882 2241 3173 2302 eamdem
3204 2261 3343 2302 esse
3374 2258 3515 2301 cum
3556 2239 3696 2299 exci-

2151 2341 2323 2396 tante
2353 2340 2415 2395 et
2444 2334 2803 2413 adjuvante.

2230 2429 2291 2488 6.
2356 2428 2482 2502 Quo
2548 2446 2729 2492 sensu
2780 2428 2897 2490 soli
2946 2429 3071 2492 Deo
3122 2429 3439 2492 tribuatur
3476 2427 3699 2507 operari

2150 2527 2221 2584 uc
2278 2521 2551 2584 velimus.
2602 2553 2685 2568 —-
2744 2522 2904 2582 Hinc
2960 2521 3148 2582 etiam
3202 2521 3371 2584 idem
3426 2519 3701 2599 Augusti-

2152 2635 2295 2688 nus,
2330 2617 2677 2678 innumeris
2720 2616 2873 2678 locis
2913 2623 3130 2678 contra
3178 2615 3522 2694 Pelagium,
3574 2633 3701 2674 cou-

2150 2710 2347 2771 tendit
2372 2711 2575 2772 Deum
2602 2729 2743 2772 esse
2791 2709 2897 2790 qui
2940 2709 3174 2770 bonam
3222 2709 3609 2770 voluntatem
3644 2707 3697 2765 in

2150 2803 2332 2864 nobis
2366 2809 2685 2883 operatur,
2734 2822 2873 2883 quae
2914 2803 3061 2864 licet
3096 2821 3223 2863 non
3274 2803 3387 2864 fiat
3426 2803 3489 2862 in
3530 2803 3700 2862 nobis

2152 2897 2285 2957 sine
2315 2896 2521 2968 nobiS,
2556 2897 2961 2956 nihilominus
2988 2897 3055 2955 in
3096 2895 3299 2964 solum
3328 2897 3557 2969 Deum,
3586 2903 3701 2955 tan·

2152 3007 2345 3068 quam
2376 2990 2439 3050 in
2490 2991 2763 3070 primum
2810 2990 2947 3068 ejus
2982 2995 3305 3050 auctorem
3350 2995 3411 3050 et
3448 2987 3697 3056 fontem,

2151 3082 2481 3145 referenda
2511 3087 2625 3145 est.
2663 3084 2883 3145 Totam
2910 3089 3128 3145 autem
3155 3083 3347 3163 hujus
3384 3083 3479 3145 rei
3525 3081 3701 3143 ratio-

2152 3196 2301 3237 nem
2324 3177 2385 3237 in
2412 3178 2531 3237 hoc
2572 3178 2767 3256 ponit,
2804 3176 2975 3255 quod
3006 3179 3161 3241 hano
3200 3178 3411 3239 bonam
3438 3176 3703 3237 volunta·

2153 3276 2295 3344 tm,
2329 3268 2455 3331 nisi
2490 3271 2614 3333 Deo
2662 3268 2959 3333 excitante
3004 3274 3183 3350 atque
3216 3270 3545 3349 adjuvante
3562 3314 3579 3340 ,
3610 3269 3700 3329 lia-

2150 3363 2281 3426 bere
2306 3379 2425 3423 m
2444 3380 2787 3443 possmus,
2819 3368 2889 3423 ut
2908 3363 2997 3423 ait
3028 3362 3183 3425 libro
3214 3364 3252 3422 2
3280 3360 3360 3421 de
3389 3362 3694 3422 Peccator.

2150 3457 2381 3527 merit„
2407 3474 2545 3535 cap.
2573 3456 2670 3515 18.
2700 3456 2777 3515 Et
2802 3462 3057 3534 propter
3080 3455 3243 3515 hanc
3272 3472 3531 3515 causam
3558 3454 3699 3515 exis-
3808 3492 3810 3499 ·

2149 3548 2325 3608 timat
2360 3546 2597 3609 dictum
2642 3565 2781 3607 esse
2817 3564 2832 3607 :
2869 3548 3035 3611 Dm
3060 3554 3153 3611 est
3183 3547 3289 3629 qui
3320 3552 3607 3627 operatur
3644 3545 3699 3607 in

2150 3641 2311 3703 vobis
2340 3646 2397 3703 et
2424 3640 2573 3704 velle
2599 3647 2658 3703 et
2684 3642 2945 3719 operari,
2958 3657 3077 3720 pro
3104 3641 3255 3703 bona
3282 3640 3609 3703 voluntate.
3638 3640 3699 3699 Et

2156 3732 2435 3811 apertius
2473 3732 2541 3793 in
2562 3732 3012 3805 Euchiridion„
3040 3751 3096 3793 c.
3128 3734 3232 3805 22,
3263 3738 3523 3811 propter
3550 3734 3699 3791 hanc
3806 3762 3808 3771 ·

2152 3842 2409 3887 causam
2458 3825 2545 3887 ait
2596 3826 2833 3889 dictum
2878 3844 3017 3887 esse
3052 3844 3065 3885 :
3116 3824 3263 3889 Non
3300 3832 3393 3889 est
3430 3824 3697 3895 volema,

2149 3936 2332 3999 mque
2358 3918 2683 3993 currentis,
2712 3919 2822 3981 sed
2848 3920 2965 3981 Dei
2989 3918 3335 3983 miserentis
3353 3946 3377 3980 .·
3416 3918 3501 3983 Ut
3522 3924 3699 3981 totum

2151 4014 2272 4075 Deo
2314 4014 2509 4086 detur,
2552 4012 2657 4092 qui
2698 4012 2955 4074 hominis
2996 4012 3367 4077 voluntatem
3404 4014 3615 4076 bonam
3651 4018 3701 4073 et
3804 4042 3806 4065 a

2144 4112 2463 4187 proeparat
2506 4106 2938 4185 adjuvandam,
2990 4112 3047 4166 et
3094 4104 3351 4185 adiuvat
3397 4124 3699 4187 πατραγα-

2148 4204 2296 4261 tam.
2342 4197 2643 4275 Idemque
2684 4202 3125 4277 argumentum
3162 4198 3485 4277 eleganter
3521 4206 3579 4258 et
3607 4216 3697 4258 co-

2146 4290 2321 4369 piose
2360 4291 2759 4369 prosequitur
2802 4290 2909 4351 lib.
2948 4294 2977 4349 ¹
3022 4290 3253 4369 Quaest,
3288 4291 3371 4352 ad
3406 4292 3695 4370 simplic„
3803 4356 3804 4365 χ

2146 4390 2365 4463 quaest.
2393 4386 2457 4458 2,
2486 4390 2633 4447 ante
2656 4383 2935 4445 medium
2956 4400 2975 4461 3
3003 4384 3111 4445 ubi
3130 4386 3437 4464 imprimis
3462 4404 3541 4447 ex
3560 4402 3699 4463 prae-

2146 4477 2325 4539 dictis
2368 4477 2575 4538 verbis
2623 4476 2795 4538 Pauli
2830 4498 2845 4537 :
2892 4476 3038 4541 Non
3072 4482 3164 4541 est
3210 4478 3487 4553 volentis,
3532 4494 3700 4558 neque
3800 4492 3802 4499 ·

2148 4572 2469 4647 currentis,
2502 4578 2649 4645 etc„
2690 4572 2923 4652 colligit
2954 4592 3081 4633 non
3108 4575 3257 4635 satis
3285 4593 3423 4637 esse
3452 4592 3697 4635 conver-

2148 4666 2389 4727 sionem
2410 4710 2425 4739 ,
2468 4684 2583 4727 seu
2610 4666 2843 4726 bonam
2868 4666 3253 4729 voluntatem
3282 4670 3546 4729 hominis
3574 4670 3697 4729 Deo

2146 4765 2217 4819 ut
2254 4758 2611 4836 cooperanti
2666 4758 3007 4820 attribuere
3040 4806 3057 4832 ,
3098 4762 3221 4821 nisi
3274 4763 3463 4821 etiam
3506 4762 3699 4839 aliqua

2146 4852 2387 4913 ratione
2446 4851 2503 4913 ei
2554 4851 2671 4911 soli
2728 4858 2796 4913 ut
2832 4854 3116 4931 operanti
3166 4856 3511 4931 tribuatur3
3556 4871 3695 4913 nam

2145 4944 2335 5017 alias,
2372 4945 2532 5005 sicut
2577 4944 2813 5005 dictum
2844 4952 2934 5006 est
2974 4964 3012 5006 a
3043 4947 3271 5007 Paulo:
3318 4950 3451 5008 Non
3484 4954 3567 5007 cst
3600 4964 3694 5004 vo·

2150 5038 2335 5099 lentis
2382 5038 2673 5111 hominis,
2724 5039 2837 5099 sed
2882 5041 3233 5101 miserentis
3270 5042 3419 5116 Dei;
3471 5042 3549 5101 ita
3586 5057 3693 5099 nos

2143 5131 2349 5193 dicere
2372 5150 2738 5211 possumus:
2771 5134 2909 5193 Non
2935 5138 3029 5194 est
3053 5134 3409 5195 miserentis
3436 5136 3561 5198 Dei.
3590 5132 3693 5191 sed

2143 5226 2409 5287 volentis
2424 5224 2729 5299 hominis3
2753 5226 2921 5305 quia,
2946 5226 3155 5303 quoad
3174 5229 3690 5306 cooperationem,

2144 5319 2303 5379 sicut
2325 5320 2517 5381 homo
2538 5338 2665 5381 non
2696 5324 2994 5399 operatur
3020 5321 3156 5381 sine
3186 5322 3318 5382 Deo
3348 5322 3690 5387 miserente,

2143 5412 2229 5471 ita
2282 5430 2491 5491 neque
2542 5415 2708 5473 Deus
2756 5412 2892 5473 sine
2946 5413 3201 5475 homine
3250 5415 3687 5475 consentiente.

2141 5505 2337 5583 Igitur
2382 5511 2611 5584 preater
2650 5506 3159 5585 cooperationem
3204 5507 3553 5572 necessaria
3604 5510 3693 5563 est
