3850 6225
429 402 551 463 430

429 508 638 568 siones
679 506 1151 580 conditionataS,
1187 506 1300 567 sed
1331 524 1408 569 ex
1433 512 1610 587 parte
1645 508 1851 586 operis
1881 506 1999 567 sub

431 600 786 663 conditione
819 600 1122 680 requisiti.

908 404 1118 459 OPUSG.
1153 405 1238 459 IV.
1281 404 1587 458 numerio
1619 404 1701 457 m:
1733 404 2085 459 LIBERTATE
2118 406 2510 460 votuurmls
2542 406 2790 459 mleAE.
2824 405 3062 459 msPU'r.
3102 406 3166 459 11.

2160 510 2260 569 48.
2305 506 2565 589 ObJ‘ectio
2610 506 2987 572 dissolvitur.
3018 540 3101 555 —
3128 508 3337 580 DiceS,
3370 508 3514 565 esto
3546 502 3675 562 hoc

2077 620 2299 662 verum
2319 602 2417 675 sit,
2436 602 2700 663 Paulum
2716 608 2927 663 tamen
2953 620 3081 662 non
3096 617 3385 661 asserere
3406 595 3675 675 aliquod

509 694 610 755 46.
655 692 956 757 Eceeeutio
1010 694 1439 773 promissionis
1500 696 1681 773 factoe
1733 692 2001 755 orationi
2079 694 2316 755 donum
2352 695 2465 756 Dei
2506 696 2589 756 ita
2615 694 2749 755 dari
2780 714 2857 755 ex
2878 694 3087 756 debito
3118 711 3407 773 operum,
3435 698 3515 751 ut
3540 708 3675 748 non

429 790 666 853 omnino
695 789 967 853 liberalis
991 795 1154 853 estet
1179 790 1754 873 potuita—Aliud
1787 807 2000 851 exem-

431 884 606 963 plum
635 888 729 943 est
778 882 856 943 de
891 882 1304 961 promissione
1336 902 1476 963 quae
1507 882 1574 943 fit
1603 881 1837 943 homini
1866 900 2004 961 poe-

431 976 675 1049 nitenti,
709 976 828 1037 sub
869 976 1130 1055 praecisa
1155 976 1512 1037 conditione
1553 975 1852 1035 orationis
1877 974 2002 1035 fac-

435 1076 508 1131 toe
541 1087 685 1129 cum
713 1068 940 1129 debitis
961 1068 1465 1141 circumstantiiS,
1487 1068 1731 1128 seclusa
1757 1067 2000 1127 ratione

435 1162 664 1235 meriti,
697 1162 796 1221 vel
839 1162 1096 1223 alterius
1127 1160 1354 1221 valoris
1384 1178 1461 1221 ex
1489 1166 1666 1239 parte
1692 1160 1995 1240 petentis;

434 1272 582 1315 nam
621 1255 754 1314 haec
784 1254 973 1314 etiam
1014 1253 1344 1333 promissio
1403 1260 1466 1311 et
1527 1250 1810 1312 executio
1863 1250 2001 1330 ejus

435 1354 566 1409 tota
603 1348 818 1407 nititur
845 1346 910 1406 in
957 1344 1408 1417 misericordia,
1441 1349 1503 1405 et
1540 1362 1666 1405 non
1713 1346 1778 1404 in
1819 1342 2001 1423 justi-

439 1442 546 1516 tia,
589 1446 650 1500 et
679 1440 822 1500 ideo
849 1456 980 1499 non
1027 1438 1380 1499 excluditur
1417 1456 1452 1497 a
1482 1442 1611 1498 toto
1645 1437 1753 1497 illo
1807 1454 1999 1514 opere

440 1535 504 1593 et
538 1531 844 1593 beneficio
889 1532 1049 1593 ratio
1083 1530 1332 1611 gratuiti
1390 1538 1452 1590 et
1501 1530 1775 1590 liberalis
1830 1528 2002 1589 doni.

440 1626 618 1699 Quod
663 1624 1000 1686 discrimen
1047 1623 1322 1684 inveniet
1351 1622 1412 1683 in
1459 1623 1793 1701 Scripturis
1827 1668 1842 1693 ,
1897 1622 2005 1699 qui

439 1724 672 1781 attente
723 1737 830 1779 eas
887 1718 1130 1797 legerit,
1177 1716 1420 1777 namin
1469 1716 1826 1795 hujusmodi
1867 1732 2006 1794 pro-

439 1812 865 1886 missionibus-3,
887 1818 948 1871 et
977 1810 1158 1871 donis
1185 1826 1324 1888 quoe
1359 1808 1441 1868 ab
1469 1809 1574 1868 illa
1603 1807 2007 1886 proficiscun-

439 1912 564 1979 tur,
600 1924 852 1985 semper
905 1905 1222 1984 Scriptura
1269 1902 1545 1979 loquitur
1589 1920 1704 1981 per
1745 1902 2007 1963 modum

443 1998 656 2079 gratiae
695 2001 758 2058 et
793 1995 1261 2066 misericordiae,
1303 2001 1367 2054 et
1393 1996 1524 2055 haec
1557 1994 1837 2055 redditur
1870 2001 2011 2055 tan-

443 2109 634 2171 quam
665 2089 915 2170 propria
941 2090 1098 2150 ratio
1127 2088 1266 2149 talis
1305 2088 1544 2167 operis;
1573 2092 1661 2161 ut,
1695 2088 1760 2147 in
1793 2088 2011 2147 remis-

437 2185 611 2245 sione
659 2184 926 2263 peccati:
973 2182 1128 2257 Quia
1154 2183 1318 2244 Deus
1357 2183 1643 2263 beniynus
1677 2187 1736 2244 et
1771 2182 2012 2244 miseri-

441 2294 577 2339 cors
607 2282 718 2351 est,
751 2276 911 2337 Joel.
943 2277 1020 2347 23
1055 2282 1116 2335 et
1149 2274 1290 2335 ideo
1329 2274 1580 2347 Paulus,
1613 2274 1694 2334 ad
1727 2276 1905 2334 Rom.
1945 2276 2007 2348 4,

441 2368 526 2429 ita
561 2368 838 2429 declarat
858 2368 1008 2428 illud
1037 2367 1262 2427 Psalm.
1289 2369 1399 2428 31:
1434 2368 1617 2429 Beati
1635 2384 1887 2447 quorum
1915 2384 2015 2429 re-

441 2461 646 2525 missoe
681 2464 827 2524 sumt
872 2461 1252 2542 iniquitates,
1290 2466 1348 2525 et
1393 2462 1644 2542 'quorum
1673 2464 1830 2523 tecta
1869 2466 2017 2523 sunt

431 2559 685 2636 peccata
709 2580 736 2628 ,·
767 2561 872 2616 et:
927 2554 1161 2617 Beatus
1215 2556 1316 2617 vir
1361 2556 1461 2617 cui
1509 2570 1630 2615 non
1683 2554 2013 2633 imputavit

445 2648 742 2711 Dominus
765 2653 1107 2729 peccatum,
1155 2646 1410 2721 scilicet,
1461 2648 1608 2725 quia
1637 2646 1740 2707 tali
1775 2648 2011 2707 homini

444 2742 615 2802 Deus
647 2748 904 2820 accepto
929 2740 1049 2802 fert
1069 2741 1373 2820 justitiam
1415 2740 1548 2801 sine
1575 2740 1890 2819 operibus,
1923 2739 2015 2801 Si-

447 2835 678 2895 militer
697 2834 922 2895 dicitur
949 2836 1116 2896 Deus
1145 2832 1442 2895 exaudire
1469 2832 1841 2905 orationem,
1863 2834 2011 2911 quia

451 2928 633 2990 Pater
661 2934 723 2989 et
759 2928 968 2988 bonus
1014 2933 1128 3002 est,
1157 2927 1336 3005 juxta
1379 2926 1532 2987 illud
1569 2926 1785 2987 Matth.
1815 2928 1850 2987 7
1885 2944 1898 2986 :
1936 2925 2017 2990 Si

445 3038 574 3095 vos,
607 3038 741 3084 cum
769 3021 910 3084 sitis
937 3020 1112 3097 mali,
1157 3020 1353 3083 nostis
1397 3020 1546 3081 hona
1583 3020 1730 3081 data
1763 3021 1908 3081 dare
1938 3022 2016 3099 fi·-

451 3113 562 3177 liis
577 3115 820 3188 vestris,
853 3119 1077 3196 quanto
1095 3114 1294 3194 maqis
1323 3113 1519 3176 Pater
1537 3118 1731 3176 vester
1758 3114 2017 3177 coelestis

453 3209 620 3272 dabit
657 3207 947 3290 spiritum
975 3210 1188 3270 bonum
1211 3207 1552 3288 petentibus
1579 3224 1662 3268 se.
1695 3207 1769 3267 Et
1823 3207 1964 3268 ideo
1998 3253 2015 3282 ,

453 3301 588 3362 Jac.
625 3303 652 3360 1
683 3319 697 3360 :
757 3299 840 3364 Si
869 3301 1006 3381 quis
1049 3301 1314 3382 ἐπαίρει,
1354 3299 1619 3380 postulet
1647 3317 1684 3360 a
1712 3301 1858 3374 Deo,
1915 3301 2023 3380 qui

455 3395 562 3458 dae
601 3391 871 3456 omnihus
901 3393 1244 3473 affluenter,
1279 3391 1565 3452 indicans
1593 3407 1730 3451 esse
1763 3409 1921 3470 opus
1948 3391 2025 3450 li-

451 3486 796 3547 beralitatis
825 3503 838 3544 :
889 3491 949 3546 et
979 3484 1121 3545 ideo
1179 3483 1386 3544 aiebat
1425 3483 1643 3557 David,
1679 3484 1838 3544 Psal.
1893 3485 1974 3546 65
2002 3502 2016 3543 t

454 3577 818 3641 Benedictus
853 3578 1040 3650 Deus,
1077 3575 1182 3658 qui
1222 3594 1342 3638 non
1391 3576 1614 3640 amovit
1661 3575 2024 3658 deprecatio-

451 3687 586 3734 nem
623 3687 816 3734 mam
855 3676 915 3733 et
957 3671 1436 3733 misericordiam
1489 3687 1663 3732 suam
1693 3687 1733 3733 a
1759 3689 1852 3732 me
1880 3696 1906 3742 ,·
1948 3687 2023 3731 ac

455 3765 504 3824 si
547 3764 822 3825 diceret:
868 3762 1016 3824 Ideo
1064 3779 1194 3824 non
1252 3763 1472 3824 avertit
1527 3762 2021 3824 misericordiam

454 3873 634 3918 suam
656 3873 693 3917 a
721 3873 846 3930 me,
877 3855 1024 3935 quia
1050 3873 1174 3916 non
1203 3855 1431 3936 repulit
1445 3857 1793 3916 orationem
1809 3873 2019 3916 meam

455 3967 492 4009 a
517 3967 625 4010 se.
673 3947 1046 4028 Hujusmodi
1119 3966 1272 4028 ergo
1335 3965 1537 4028 genus
1589 3947 2019 4026 promissionis

453 4059 580 4104 non
631 4041 904 4104 excludit
933 4041 1286 4103 absolutam
1331 4040 1598 4121 gratiam
1644 4046 1706 4102 et
1745 4039 2020 4102 liberali-

451 4142 670 4197 tatem.

531 4233 632 4291 47.
663 4231 968 4309 Superest
1005 4227 1330 4307 probanda
1359 4227 1566 4288 minor
1595 4227 1933 4307 propositio
1957 4227 2022 4288 in

453 4325 774 4404 principali
803 4324 1044 4384 ratione
1075 4327 1418 4400 assumpta,
1443 4321 1697 4396 scilicet,
1725 4321 1896 4382 aliud
1915 4337 2029 4399 ge-

454 4433 574 4478 nus
597 4415 1029 4496 promissionis
1069 4414 1400 4476 excludere
1442 4415 1748 4476 rationem
1785 4415 2023 4494 gratiae,

453 4507 600 4587 quia
653 4509 929 4570 continet
973 4513 1250 4587 pactum,
1301 4512 1363 4568 et
1413 4507 1890 4568 conventionem
1946 4505 2027 4567 ad

447 4601 755 4680 justitiam
783 4601 1224 4680 pertinentem.
1276 4602 1409 4662 Hoc
1455 4609 1668 4662 autem
1710 4601 2026 4680 praecipue

453 4695 760 4775 probatur
787 4713 862 4756 ex
889 4695 1106 4769 Paule,
1139 4694 1217 4755 ad
1243 4697 1507 4755 Roman.
1531 4697 1592 4768 4,
1626 4694 1908 4755 dicente:
1938 4693 2030 4757 Ei

454 4789 562 4868 qui
591 4793 898 4870 operatur,
927 4805 1150 4851 merces
1177 4805 1298 4850 non
1338 4787 1682 4869 imputatur
1706 4787 2029 4851 secandum

453 4879 744 4962 qratiam,
775 4881 882 4943 sed
925 4881 1246 4944 secundum
1292 4881 1571 4943 debitum.
1608 4880 1846 4952 Quibus
1889 4897 2031 4940 ver--

454 4973 552 5035 bis
609 4973 972 5054 generalem
1027 4974 1341 5035 constituit
1397 4973 1680 5054 regulam
1716 5019 1736 5051 ,
1785 4991 2025 5035 merce-

455 5067 601 5128 dem
641 5085 718 5128 ex
739 5067 1034 5146 operibus
1064 5065 1396 5128 excludere
1420 5084 1459 5127 a
1485 5067 1591 5128 tali
1615 5067 1900 5128 mercede
1921 5084 2025 5126 ve-

453 5179 592 5221 ram
611 5160 920 5220 rationem
941 5160 1154 5239 gratiae
1185 5165 1245 5221 et
1271 5160 1521 5239 gratuiti
1541 5160 1711 5220 doni.
1743 5161 1820 5222 Et
1841 5161 2027 5220 ratio—

455 5269 603 5314 nem
625 5251 881 5327 indicat,
913 5253 1061 5332 quia
1085 5252 1368 5313 debitum
1395 5251 1675 5325 includit,
1709 5251 1878 5330 quod
1912 5269 2028 5312 ne-

453 5363 630 5406 cesse
657 5351 752 5407 est
773 5345 1033 5426 intelligi
1063 5345 1142 5407 de
1171 5363 1321 5406 vero
1347 5344 1558 5406 debito
1575 5343 1855 5424 justitiae,
1877 5345 2027 5423 quia

457 5437 626 5499 alind
653 5438 935 5500 debitum
971 5457 1049 5500 ex
1082 5438 1215 5499 sola
1257 5437 1554 5499 fidelitate
1596 5455 1726 5499 non
1757 5437 2029 5499 excludit

457 5531 744 5612 gratiam,
777 5537 846 5592 ut
873 5537 1194 5594 ostensum
1215 5536 1330 5592 est.

2082 788 2267 848 detur
2302 805 2377 849 ex
2418 806 2593 849 mera
2624 789 2822 869 gratia
2862 793 2922 849 et
2958 787 3334 848 liberalitate
3376 805 3453 846 ex
3490 788 3675 863 parte

2082 881 2195 943 Dci
2220 900 2233 941 :
2258 880 2387 941 imo
2414 882 2623 960 potius
2648 882 2843 941 videri
2872 882 3137 941 Paulum
3164 876 3539 961 hujusmodi
3566 876 3681 935 de-

2082 975 2281 1035 bitum
2306 974 2663 1035 excludere.
2698 975 3136 1053 Respondetur
3165 973 3511 1035 excludere
3542 969 3679 1046 qui-

2082 1069 2225 1129 dem
2260 1070 2377 1131 hoc
2410 1068 2691 1128 debitum
2722 1068 2801 1127 ab
2828 1067 3123 1147 operibus
3156 1067 3409 1137 nostris,
3438 1070 3681 1143 quate—

2082 1180 2201 1222 nus
2225 1179 2339 1239 per
2362 1162 2560 1223 solam
2585 1168 2878 1221 naturam
2900 1158 3039 1221 fieri
3066 1168 3355 1239 possunt,
3385 1159 3489 1219 vel
3516 1176 3681 1237 qua-

2082 1260 2264 1315 tenus
2294 1254 2375 1314 ad
2404 1254 2613 1333 legem
2642 1270 2815 1313 mere
2856 1253 3207 1313 naturalem
3234 1253 3334 1313 vel
3366 1254 3679 1330 scriptam

2082 1346 2452 1426 spectabant
2474 1393 2489 1419 ,
2542 1365 2669 1407 non
2723 1364 2873 1407 vero
2922 1352 3238 1425 quatenus
3282 1346 3429 1406 talia
3486 1352 3677 1412 sunt,

2088 1439 2297 1517 qualia
2327 1458 2363 1499 a
2390 1440 2519 1499 Deo
2556 1440 2893 1518 exiguntur
2920 1446 2987 1498 ut
3008 1440 3129 1499 sint
3154 1428 3414 1518 praemio
3444 1438 3677 1517 digna,

2088 1531 2152 1593 id
2172 1539 2285 1604 est,
2312 1550 2389 1593 ex
2418 1532 2543 1593 fide
2572 1533 2711 1592 viva
2746 1537 2810 1592 et
2836 1532 3034 1611 gratia
3048 1530 3481 1611 procedentia.
3512 1532 3681 1590 Nam

2088 1624 2255 1703 quod
2300 1626 2416 1685 hoc
2466 1624 2655 1685 modo
2711 1624 2905 1703 possit
2940 1625 3129 1685 homo
3182 1626 3429 1703 operari
3474 1622 3679 1701 digne

2088 1735 2301 1778 coram
2322 1720 2473 1790 Deo,
2508 1722 2569 1778 et
2598 1738 2675 1779 ex
2705 1718 2999 1798 operibus
3039 1717 3396 1779 mercedem
3422 1716 3681 1777 obtine-

2088 1829 2183 1883 re,
2216 1810 2337 1871 alia
2380 1812 2709 1891 Scripturae
2750 1812 3105 1871 testimonia
3138 1811 3389 1871 docent.
3418 1808 3681 1869 Etenim

2090 1904 2169 1964 de
2202 1902 2427 1964 eodem
2456 1904 2773 1965 Abraham
2816 1904 2902 1965 ait
2929 1905 3175 1977 Jacob„
3204 1922 3344 1983 cap.
3376 1904 3415 1963 2
3446 1923 3459 1963 z
3498 1902 3687 1965 lvon-

2090 2014 2163 2057 πε
2189 2014 2265 2058 ea·
2310 1998 2584 2078 operibus
2596 1998 2987 2077 justificatus
3015 2003 3106 2060 est
3124 2000 3154 2059 ,²
3180 1998 3255 2057 Et
3272 1996 3353 2056 ad
3384 1998 3575 2057 Rom.
3618 1996 3683 2066 Ξ,

2093 2090 2179 2149 ait
2223 2091 2475 2163 Paulus,
2516 2091 2715 2149 Deum
2757 2090 3148 2151 redditurum
3189 2089 3543 2167 unicuique
3584 2107 3689 2148 se-

2094 2183 2369 2245 cuudum
2402 2201 2592 2262 opera
2622 2201 2767 2255 sua;
2802 2190 2864 2245 et
2896 2188 2919 2243 1
2960 2184 3039 2245 ad
3060 2184 3331 2246 Corinth.
3366 2186 3435 2243 3:
3472 2184 3689 2246 Unus-

2093 2275 2339 2357 quisque
2364 2276 2685 2339 mercedem
2725 2277 2981 2359 accipiet
3005 2278 3327 2339 secandum
3352 2294 3541 2338 suam
3582 2276 3651 2337 la
3666 2308 3685 2319 ·

2092 2368 2309 2430 horem.
2354 2368 2427 2428 Et
2474 2368 2595 2428 alia
2642 2370 2779 2429 loca
2830 2370 3117 2448 superius
3164 2368 3435 2430 adducta
3480 2369 3681 2447 plane

2094 2462 2473 2521 convincunt
2502 2480 2639 2522 esse
2669 2462 2837 2542 apud
2880 2462 3073 2522 Deum
3102 2461 3461 2522 mercedem
3496 2461 3685 2521 debi-

2092 2559 2221 2613 tam
2252 2572 2327 2613 ex
2370 2554 2667 2633 operibus
2699 2554 2764 2614 in
2804 2572 2879 2615 ea
2913 2556 3291 2634 proprietate
3332 2560 3397 2614 et
3436 2556 3675 2633 rigore,

2092 2664 2217 2725 qua
2250 2647 2476 2709 Paulus
2519 2648 2691 2707 illam
2722 2648 3009 2727 sumpsit,
3044 2666 3189 2707 cum
3226 2647 3309 2707 ad
3336 2648 3607 2707 Roman.
3638 2648 3679 2705 4

2096 2738 2280 2799 dixit:
2313 2738 2403 2801 Ei
2420 2741 2530 2821 qui
2558 2743 2869 2821 operatur,
2918 2758 3139 2803 merces
3166 2758 3287 2801 nou
3320 2741 3677 2829 imputatur

2096 2834 2418 2895 secundum
2448 2834 2738 2915 qratiam,
2758 2836 2865 2897 sed
2884 2836 3207 2897 secundum
3226 2836 3501 2917 debitam.

2176 2928 2275 2986 49.
2310 2925 2549 2995 Nostra
2574 2926 2797 2989 ultima
2832 2929 3089 2990 assertio
3132 2926 3391 2990 Consilii
3418 2928 3679 2989 Triden-

2100 3017 2216 3078 tini
2264 3019 2603 3081 testimonio
2644 3020 2929 3095 fulcitur.
2961 3051 3045 3065 —
3084 3018 3280 3091 Quam
3326 3020 3681 3080 doctrinam

2100 3119 2314 3191 aperte
2346 3110 2671 3173 confirmat
2697 3113 3038 3174 Concilium
3058 3114 3515 3186 Tridentinum,
3548 3133 3677 3173 ses-

2102 3203 2275 3265 sione
2312 3209 2507 3278 sexta,
2531 3224 2668 3285 cap.
2702 3206 2945 3267 decImo
2975 3211 3171 3279 sext0,
3205 3206 3436 3267 dictam
3468 3206 3679 3286 dupli-

2104 3314 2241 3356 cem
2281 3297 2762 3376 promissionem
2806 3305 3021 3378 aperte
3063 3299 3478 3380 distinguenS‚
3522 3299 3683 3358 dum

2104 3388 2227 3450 ait:
2277 3389 2440 3453 Bene
2480 3391 2865 3471 operantibus
2901 3393 3186 3472 usquein
3234 3395 3419 3468 finem
3456 3411 3685 3474 propo-

2102 3482 2297 3544 nenda
2324 3486 2415 3544 est
2440 3483 2569 3546 vita
2600 3489 2829 3546 oeterna
2862 3491 2921 3546 et
2960 3489 3249 3566 tanquam
3288 3487 3502 3567 ²qratia
3517 3487 3681 3564 filiis

2102 3574 2218 3637 Dei
2232 3591 2348 3656 per
2378 3573 2687 3638 Christum
2698 3577 2749 3638 J
2746 3595 2909 3639 esum
2930 3577 3405 3641 misericorditer
3410 3579 3682 3660 promis-

2102 3685 2195 3738 sa,
2238 3671 2296 3729 et
2324 3673 2610 3748 tanquam
2642 3687 2889 3738 merces,
2937 3687 3008 3731 es:
3036 3671 3231 3752 ipsius
3278 3671 3395 3732 Dei
3414 3670 3681 3752 promis-

2100 3759 2265 3822 sione
2304 3760 2469 3823 bonis
2496 3778 2697 3824 eorum
2738 3763 3014 3842 operibus
3046 3769 3104 3827 et
3140 3763 3379 3826 meritis
3414 3763 3681 3844 fideliter

2100 3855 2418 3916 reddenda.
2454 3854 2575 3918 Ubi
2620 3855 2724 3915 illa
2752 3857 3053 3935 particula
3090 3857 3359 3936 fideliter
3396 3874 3527 3916 non
3574 3873 3677 3916 ex-

2102 3946 2295 4009 cludit
2330 3947 2639 4010 rationem
2684 3949 2937 4029 justitiae
2962 3995 2977 4022 ,
3026 3949 3140 4010 sed
3184 3949 3454 4010 sumitur
3491 3954 3673 4027 prout

2102 4041 2415 4122 generalis
2464 4051 2555 4104 est
2596 4043 2767 4104 omni
2804 4043 3226 4123 promissioni.
3258 4043 3436 4106 Unde
3470 4043 3671 4103 statim

2104 4134 2313 4195 subdit
2338 4135 2508 4195 idem
2536 4137 2879 4198 Concilium
2906 4153 2919 4196 :
2953 4137 3112 4199 Hoec
3135 4139 3229 4199 est
3252 4137 3409 4198 enim
3436 4135 3557 4196 illa
3586 4153 3673 4197 co·

2102 4228 2560 4308 ronajustitioe‚
2593 4248 2775 4311 qaam
2780 4235 2923 4310 post
2945 4247 3120 4292 suum
3150 4236 3451 4292 certamen
3466 4235 3671 4292 εἰσαν-

2106 4337 2242 4382 sum
2274 4323 2602 4402 repositam
2642 4323 2762 4385 sibi
2807 4323 3001 4386 aiebat
3044 4321 3394 4403 Apostolus,
3432 4337 3475 4400 a
3498 4320 3669 4400 justo

2092 4413 2308 4493 judice
2336 4413 2451 4476 sibi
2492 4415 2869 4478 reddendam.
2918 4415 2992 4476 Et
3019 4415 3164 4475 ideo
3206 4414 3491 4475 consulto
3526 4411 3670 4472 dixit

2106 4505 2449 4566 Concilium
2477 4507 2647 4566 illam
2678 4525 2975 4568 coronam
3005 4527 3119 4569 seu
3145 4507 3502 4569 mercedem
3532 4505 3668 4566 red-

2108 4599 2169 4660 di
2210 4600 2358 4679 ipsis
2384 4599 2567 4662 bonis
2602 4601 2897 4680 operibus
2938 4607 2999 4662 et
3032 4601 3294 4674 meritiS,
3328 4619 3445 4661 nec
3474 4599 3667 4680 potuit

2108 4692 2334 4753 clarius
2372 4693 2722 4774 significare
2760 4693 2953 4754 talem
2983 4695 3347 4755 mercedem
3374 4713 3507 4755 esse
3534 4693 3663 4771 ejus

2108 4785 2215 4864 qui
2240 4793 2557 4865 operatur,
2584 4794 2647 4848 et
2674 4788 2820 4866 quia
2862 4793 3176 4867 operatur,
3210 4789 3411 4867 qualis
3438 4793 3528 4848 est
3562 4786 3662 4846 illa

2108 4878 2187 4939 de
2212 4897 2336 4957 qua
2366 4879 2642 4958 loquitur
2668 4881 2921 4954 Paulus,
2952 4881 3035 4941 ad
3062 4883 3324 4941 Roman.
3354 4883 3413 4941 4.
3442 4881 3545 4941 Est
3564 4899 3661 4940 er—

2104 4989 2183 5052 go
2211 4971 2315 5032 illa
2342 4991 2606 5047 merceS,
2646 4977 2717 5034 ut
2758 4973 2899 5035 talis
2944 4979 3058 5048 est,
3113 4974 3201 5034 sic
3248 4974 3455 5034 debita
3510 4974 3659 5034 sicut

2104 5083 2363 5126 necesse
2399 5071 2587 5127 estut
2615 5068 2750 5146 ejus
2780 5067 3033 5128 donatio
3060 5086 3219 5146 pura
3248 5069 3442 5148 gratia
3462 5073 3559 5128 aut
3586 5068 3658 5125 li-

2106 5159 2401 5220 beralitas
2446 5159 2859 5222 existimanda
2896 5178 3027 5220 non
3068 5163 3165 5223 sit.
3212 5161 3389 5232 Quod
3416 5161 3653 5241 egregie

2108 5251 2465 5312 confirmari
2494 5257 2699 5332 potest
2729 5271 2805 5314 ex
2834 5254 3037 5333 capite
3076 5255 3114 5314 8
3146 5253 3428 5334 ejusdem
3452 5253 3655 5314 Conci-

2106 5344 2195 5418 lii,
2226 5344 2290 5405 in
2320 5345 2543 5407 eadem
2570 5365 2753 5420 seSS.,
2778 5346 2887 5406 ubi
2918 5345 3100 5408 docet
3127 5348 3267 5408 ideo
3299 5347 3543 5409 Paulum
3566 5345 3649 5404 di·

2108 5457 2251 5499 cere
2281 5439 2597 5499 hominem
2624 5440 2815 5518 gratis
2826 5439 3175 5518 justificari,
3208 5441 3353 5517 quia
3380 5440 3523 5499 nihil
3548 5455 3647 5497 eo-

2108 5549 2248 5592 rum
2266 5550 2405 5611 quae
2420 5532 2928 5611 justificationem
2942 5533 3325 5612 praecedunt,
3346 5534 3465 5594 sive
3480 5530 3636 5602 fidem,
