3850 6225
541 411 660 473 110

541 517 685 581 dam
701 516 1063 594 Hieronym.
1092 513 1341 574 dicens:
1366 512 1511 578 Non
1532 527 1644 592 quo
1660 508 1861 570 omnia
1886 523 2019 586 ρεια-
2041 505 2110 566 in

539 611 758 674 mundo
788 609 971 687 fiunt,
996 607 1111 670 Dei
1134 605 1435 668 voluntate
1462 608 1519 666 et
1545 601 1791 664 consilio
1806 615 2108 678 pei-ayan-

540 711 669 780 την,
714 701 949 782 alioqui
1004 705 1059 762 et
1102 699 1267 760 mala
1305 699 1429 760 Deo
1469 698 1745 776 poterunt
1780 690 2105 772 imputari,

543 799 646 861 sed
689 815 801 876 qno
842 795 1125 856 universa
1165 809 1295 872 quoe
1321 790 1501 868 facit,
1538 786 1785 852 consilio
1829 785 1992 863 facit
2031 799 2106 846 ac

540 889 864 954 voluntate.
906 887 1007 948 Sic
1036 903 1183 962 ergo
1211 888 1527 962 peccatum
1552 879 1874 941 voluntate
1916 876 2105 938 etiam

543 989 605 1043 et
634 979 889 1042 consilio
919 977 1245 1059 permittit,
1282 980 1344 1037 et
1372 974 1451 1036 ad
1474 979 1679 1034 actum
1722 967 1961 1052 peccati
1991 987 2104 1030 vo-

542 1075 780 1137 luntate
804 1079 868 1132 ct
910 1068 1165 1132 consilio
1193 1067 1526 1129 concurrit.
1560 1063 1881 1139 Quomodo
1916 1060 2106 1123 etiam

544 1169 703 1230 dixit
750 1165 1132 1245 Augustinus
1160 1163 1229 1222 in
1278 1159 1559 1234 Euchir.,
1590 1177 1725 1238 cap.
1768 1158 1921 1218 100:
1957 1156 2106 1219 Peo-

544 1267 744 1326 catum
774 1262 1000 1340 ipsum,
1028 1257 1184 1337 quod
1208 1262 1294 1319 est
1326 1257 1537 1318 contra
1568 1253 1683 1315 Dei
1714 1253 2104 1323 voluntatem,

542 1373 661 1416 non
690 1359 777 1418 est
796 1359 1021 1434 pra-tor
1044 1350 1161 1414 Dei
1188 1349 1569 1412 voluntatem.

766 1534 1109 1615 Anyto-stim·
1140 1533 1461 1596 locutiones
1487 1535 1883 1610 capuanum.

626 1714 688 1774 9.
734 1709 827 1772 Ad
848 1705 1267 1784 Augustinum
1294 1704 1655 1783 priusquam
1674 1699 2105 1780 respondeam,

547 1812 785 1870 certum
808 1808 900 1864 est
936 1818 1082 1862 eum
1119 1815 1441 1877 nunquam
1485 1795 1741 1856 sensisse
1768 1795 1964 1856 Deum
2013 1791 2110 1853 di-

546 1905 711 1961 recte
744 1903 807 1960 et
836 1892 1082 1975 proprie
1112 1890 1412 1953 inclinare
1442 1888 1823 1949 voluntatem
1858 1884 1939 1946 ad
1979 1901 2111 1944 ma-

546 1992 681 2052 lum
712 1995 947 2063 actum,
979 1986 1136 2046 sicut
1162 1985 1240 2046 de
1264 1981 1494 2044 Judaeis
1521 1981 1651 2061 ipse
1678 1980 1789 2055 ait,
1819 1983 2000 2040 tract.
2033 1977 2111 2038 53

548 2084 617 2146 in
662 2083 880 2144 Joan.:
938 2080 1238 2144 Fecerunt
1276 2077 1605 2156 peccatum,
1661 2072 1817 2154 quod
1860 2089 1956 2135 eos
1995 2087 2114 2132 nou

548 2175 836 2257 compulit
860 2177 1085 2252 facere,
1118 2173 1217 2233 cui
1256 2175 1562 2248 peccatum
1604 2185 1725 2230 non
1762 2166 1980 2246 placet,
2012 2165 2116 2226 sed

550 2276 828 2350 facturos
877 2285 999 2329 esse
1046 2263 1385 2344 proesoivit.
1438 2259 1721 2322 Similem
1764 2259 2110 2320 doctrinam

548 2365 909 2443 frequenter
932 2357 1159 2437 repetit
1184 2355 1587 2434 Augustinus,
1616 2368 1980 2431 semperque
2003 2369 2110 2410 ex-

548 2457 728 2539 ponit
774 2451 1004 2515 similes
1044 2449 1384 2511 locutiones
1430 2464 1617 2507 sacrae
1662 2445 1992 2524 Scripturae
2033 2443 2112 2504 de

548 2547 979 2632 permissione,
1020 2550 1091 2604 ut
1134 2541 1344 2604 videre
1374 2540 1519 2602 licet
1546 2539 1726 2619 epist.
1776 2536 2114 2598 centesima

550 2644 771 2725 quinta
808 2644 873 2701 et
914 2636 1245 2698 centesima
1292 2639 1485 2708 sexta,
1516 2638 1581 2694 et
1613 2632 1689 2692 de
1733 2631 2020 2692 Praedest.
2051 2635 2115 2692 et

551 2741 740 2816 grat„
772 2751 907 2812 cap.
940 2731 981 2791 4
1006 2735 1069 2790 et
1096 2746 1251 2808 seq„
1286 2725 1365 2788 ad
1394 2724 1643 2804 Simpl.‚
1672 2732 1893 2804 quaest.
1925 2725 1988 2800 2,
2033 2723 2110 2785 ad

550 2837 666 2892 art.
696 2826 813 2888 sibi
837 2825 993 2886 falso
1034 2821 1377 2900 impositos,
1402 2835 1582 2897 saepe.
1616 2817 1734 2879 Ubi
1762 2823 1984 2878 notatu
2021 2817 2116 2876 di·

552 2939 745 3002 gnum
780 2924 893 2993 est,
923 2933 1041 2978 nec
1084 2913 1527 2991 Augustinum,
1558 2929 1675 2972 nec
1719 2911 2111 2990 Prosperum,

550 3009 977 3096 respondendo
996 3009 1075 3070 ad
1097 3006 1495 3086 objectiones,
1517 3003 1903 3083 respondisse
1917 3002 2114 3063 Deum

550 3128 682 3173 esse
710 3111 1029 3170 auctorem
1060 3100 1289 3183 peccati
1330 3117 1443 3180 pro
1470 3095 1803 3173 materiali,
1844 3115 1974 3157 non
2000 3114 2114 3176 pro

550 3200 835 3277 formali;
881 3196 989 3260 sed
1033 3192 1393 3275 simpliciter
1432 3209 1688 3271 negasse
1738 3210 1777 3252 a
1829 3191 1956 3251 Deo
2005 3206 2118 3249 nos

552 3293 793 3359 moveri
819 3291 899 3353 ad
942 3288 1136 3351 malas
1180 3286 1533 3348 voluntates
1577 3282 1681 3345 vel
1718 3282 2011 3344 actiones.
2045 3283 2116 3342 In

549 3390 700 3450 locis
744 3404 891 3466 ergo
936 3385 1005 3445 in
1054 3378 1396 3460 objectione
1446 3377 1673 3453 citatis,
1725 3376 1886 3437 nihil
1922 3374 2112 3435 habet

550 3480 937 3559 Augustinus
962 3474 1107 3537 huic
1126 3471 1421 3533 doctrinae
1448 3469 1825 3531 contrarium
1849 3490 1867 3543 3
1896 3468 2000 3529 sed
2044 3468 2112 3527 in

550 3577 754 3657 primo
784 3572 924 3633 loco
954 3567 1177 3629 merito
1203 3563 1532 3641 distinguit
1558 3562 1722 3623 inter
1746 3562 2114 3641 patientiam

552 3676 619 3731 et
643 3666 987 3750 potentiam
1014 3660 1159 3735 Dei;
1185 3674 1331 3719 nam
1362 3656 1610 3731 Paulus,
1634 3672 1819 3735 quem
1846 3654 1976 3734 ipse
2022 3654 2116 3715 ci-

551 3769 667 3838 tat,
711 3760 819 3820 illa
848 3754 1130 3818 distinxit
1142 3775 1161 3830 3
1202 3768 1416 3813 sensus
1442 3755 1653 3811 autem
1703 3746 2116 3810 distinctionis

553 3863 670 3932 est,
702 3852 867 3935 quod
894 3852 1057 3911 Deus
1082 3846 1382 3928 quosdam
1424 3849 1704 3923 expectat
1738 3860 1849 3921 per
1873 3840 2116 3921 patien-

550 3951 705 4012 tiam
750 3956 1018 4019 tantum,
1042 3948 1114 4003 ut
1140 3956 1353 4002 eorum
1386 3936 1787 4011 misereatur3
1828 3935 1984 3997 alios
2011 3935 2117 3997 de·

552 4044 701 4105 serit
750 4039 939 4102 etiam
992 4052 1103 4116 per
1147 4030 1525 4113 potentiam3
1578 4028 1747 4108 quia,
1800 4027 2118 4107 supposita

552 4152 769 4197 eorum
798 4130 1060 4204 malitia,
1090 4126 1228 4187 vult
1253 4142 1357 4185 eos
1382 4122 1607 4184 acriter
1630 4120 1876 4201 punire.
1906 4120 2116 4199 itaque

550 4248 664 4311 per
702 4221 1065 4309 patientiam
1110 4222 1437 4298 expectare
1471 4214 1693 4290 Deum,
1745 4212 1905 4273 nihil
1943 4212 2116 4274 aliud

554 4329 647 4385 est
687 4336 877 4400 quam
917 4332 1047 4377 non
1094 4312 1304 4373 statim
1350 4308 1595 4389 punire.
1644 4306 1819 4380 Quod
1864 4307 2116 4386 proecise

555 4420 875 4495 sumptum
905 4408 1108 4489 potius
1138 4410 1232 4467 est
1250 4420 1405 4483 opus
1432 4400 1889 4478 misericordias,
1921 4418 2113 4480 quam

551 4508 831 4590 justitiae,
846 4503 1024 4583 juxta
1058 4498 1213 4560 illud
1244 4496 1343 4575 (ad
1362 4495 1543 4555 Rom.
1566 4494 1655 4571 2):
1672 4494 1940 4573 Iauoras
1971 4494 2118 4573 quia

559 4601 899 4679 beniquitas
946 4593 1067 4657 Dei
1114 4591 1197 4653 ad
1237 4589 1653 4671 penitentia-m
1708 4593 1766 4649 te
1824 4588 2068 4649 adducit
2086 4586 2117 4647 ‚²

557 4694 735 4757 Unde
784 4691 905 4752 hoc
952 4684 1135 4747 modo
1190 4701 1301 4763 per
1354 4681 1719 4761 patientiam
1764 4685 2115 4759 expectare,

554 4806 684 4851 non
729 4791 821 4848 oet
876 4782 1179 4855 deserere,
1224 4791 1373 4837 nam
1419 4774 1663 4855 proprie
1712 4772 1994 4835 deserere
2027 4778 2120 4834 est

556 4900 711 4961 opus
731 4876 1011 4958 justitiae.
1044 4871 1219 4934 Unde
1246 4872 1481 4931 constat
1531 4866 1683 4947 quid
1730 4867 1810 4927 sit
1854 4885 1966 4947 per
2013 4885 2120 4947 po-

555 4975 820 5037 tentiam
846 4966 1091 5031 tradere
1128 4962 1447 5027 hominem
1491 4959 1808 5021 desideriis
1848 4960 1996 5037 suis,
2027 4966 2120 5021 est

556 5068 726 5131 enim
768 5064 950 5125 illum
993 5060 1294 5120 deserere.
1328 5055 1458 5116 Hoc
1484 5058 1693 5114 autem
1722 5069 1849 5112 non
1876 5059 1970 5114 est
2007 5072 2120 5133 per

556 5158 903 5242 potentiam
948 5152 1247 5215 inclinare
1292 5148 1679 5210 voluntatem
1720 5145 1992 5207 hominis
2038 5147 2119 5209 ad

557 5253 796 5315 malum
841 5254 1049 5310 actum
1065 5289 1086 5320 ,
1134 5242 1241 5305 sed
1286 5246 1378 5302 est
1426 5240 1621 5301 Deum
1678 5240 1955 5317 potentia
2008 5258 2120 5302 sua

558 5347 879 5408 hominem
899 5339 1193 5401 acerrime
1216 5334 1463 5415 punire,
1492 5330 1771 5411 primum
1785 5350 1912 5393 non
1931 5350 2121 5412 agen-

558 5440 664 5515 do,
694 5437 799 5499 sed
846 5429 1286 5511 relinquendo,
1312 5433 1378 5489 et
1421 5432 1632 5505 postea
1678 5424 2004 5487 efficiendo
2051 5434 2122 5489 ut

559 5532 747 5594 homo
762 5576 783 5609 ,
815 5544 995 5591 suam
1042 5523 1357 5604 propriam
1407 5514 1789 5581 voluntatem
1830 5520 2119 5601 implens,

1100 409 1311 464 OPUSC.
1347 411 1388 472 1,
1420 409 1540 461 Lm.
1575 408 1635 461 ΙΙ.
1674 405 1754 458 DE
1786 401 2105 458 CONCU'RSU
2137 403 2240 454 DE!
2271 402 2356 455 An
2389 397 2589 454 Acws
2621 395 2868 449 0110!le
2898 393 3185 448 NATURAE.

2187 520 2256 563 ea
2287 499 2560 562 maxime
2585 501 2970 576 torqueatur,
2986 493 3152 574 quod
3171 497 3261 553 est
3281 493 3533 572 signum
3549 497 3708 555 maxi-

2187 613 2306 656 mae
2327 593 2620 674 potentias
2649 589 2758 652 Dei
2775 605 2794 666 3
2809 595 2873 651 et
2897 589 3038 649 ideo
3061 587 3284 648 dicitur
3305 587 3372 646 in
3397 585 3514 646 hoc
3532 591 3708 666 poten·

2187 689 2340 750 tiam
2367 702 2544 747 suam
2575 682 2999 756 manifestare,
3033 679 3374 742 deserendo
3407 678 3707 758 hominem,
3797 689 3799 702 '

2187 787 2250 843 et
2277 779 2446 842 vitiis
2485 796 2558 840 ac
2595 775 2917 838 desideriis
2944 774 3072 835 suis
3111 773 3290 833 illum
3321 771 3636 848 tradendo,
3660 781 3710 836 ut

2183 873 2436 934 tandem
2453 871 2520 931 in
2551 868 2661 930 illo
2690 868 2900 928 divina
2929 868 3024 927 ira
3049 872 3112 927 et
3131 864 3380 944 justitia
3401 865 3708 927 manifeste·

2183 972 2310 1042 tur,
2330 965 2514 1044 juxta
2536 961 2693 1023 illud
2717 959 2820 1039 (ad
2841 961 3022 1022 Rom.
3053 958 3152 1038 9):
3181 959 3266 1020 In.
3291 958 3403 1020 hoc
3431 958 3616 1036 ipsum
3638 977 3710 1021 ez-

2187 1059 2372 1120 citavi
2401 1062 2478 1131 te,
2511 1061 2579 1117 ut
2613 1055 2916 1117 ostendam
2937 1055 3004 1114 in
3043 1057 3100 1114 te
3123 1053 3412 1112 virtutem
3441 1068 3650 1122 meam
3667 1059 3712 1112 et

2187 1149 2342 1210 illud
2387 1147 2626 1228 (ibid.):
2661 1147 2830 1221 Quod
2871 1145 2930 1208 si
2973 1146 3158 1218 Deus,
3211 1143 3414 1206 volens
3463 1145 3714 1206 ostendere

2187 1244 2352 1305 iram
2379 1247 2434 1304 et
2467 1246 2674 1302 notam
2711 1242 2914 1317 facere
2935 1238 3264 1318 potentiam
3290 1253 3494 1299 svam.
3523 1235 3713 1296 Rursus

2190 1335 2356 1416 quod
2383 1334 2766 1413 Augustinus
2807 1331 2898 1392 ait
2915 1376 2934 1408 ‚
2977 1330 3069 1394 vel
3119 1327 3456 1402 deserendo,
3497 1328 3582 1389 vel
3622 1331 3715 1390 alio

2192 1429 2403 1508 quovis
2429 1427 2621 1502 modo,
2656 1425 2798 1486 ideo
2825 1423 3014 1500 dixit,
3063 1421 3246 1502 quia,
3293 1426 3372 1481 ut
3423 1419 3713 1497 declaravi,

2187 1523 2348 1582 Deus
2388 1537 2516 1581 non
2547 1517 2752 1580 solum
2795 1535 2924 1578 non
2955 1515 3220 1595 agendo,
3263 1511 3374 1576 sed
3417 1513 3598 1574 etiam
3631 1514 3716 1574 ali-

2191 1613 2340 1692 quid
2381 1611 2654 1675 exterius
2695 1609 2798 1672 vel
2825 1608 3088 1671 ulterius
3121 1605 3467 1687 operando,
3509 1607 3570 1667 id
3603 1608 3716 1668 facit

2189 1706 2290 1768 vel
2315 1705 2500 1768 offert
2523 1703 2792 1780 homini,
2821 1701 2988 1783 quod
3014 1701 3107 1762 illi
3135 1707 3228 1763 est
3253 1698 3494 1762 occasio
3531 1701 3714 1776 ruinis,

2188 1816 2378 1880 quam
2413 1798 2557 1860 licet
2593 1797 2750 1860 Deus
2791 1814 2918 1857 non
2964 1795 3270 1870 intendat,
3313 1811 3437 1855 nec
3475 1793 3550 1853 ad
3579 1793 3714 1854 illam

2189 1893 2418 1954 directe
2455 1891 2732 1966 inclinet,
2763 1895 2976 1951 tamen
3001 1885 3360 1949 admirabili
3387 1887 3650 1966 potentia
3667 1894 3714 1948 et

2185 1985 2423 2064 judicio
2467 1982 2874 2046 occultissimo
2901 1982 3121 2058 utitur,
3167 1980 3318 2041 dum
3363 1979 3432 2040 id
3471 1987 3715 2058 operatur

2191 2079 2258 2140 in
2295 2079 2550 2140 homine
2577 2084 2640 2140 et
2668 2078 2736 2138 in
2769 2076 2952 2138 corde
2997 2074 3188 2136 etiam
3215 2071 3516 2147 hominis,
3562 2074 3714 2152 quod,

2192 2171 2336 2234 licet
2364 2171 2441 2234 de
2481 2189 2546 2233 se
2585 2171 2820 2232 bonum
2863 2177 2927 2231 et
2975 2174 3256 2230 sanctum
3307 2168 3415 2242 sit,
3469 2171 3531 2227 et
3565 2167 3633 2226 ad
3669 2165 3714 2226 id

2191 2265 2358 2344 quod
2387 2263 2720 2326 honestum
2763 2269 2857 2324 est
2882 2261 3212 2337 inclinans,
3240 2265 3458 2320 tamen
3506 2260 3612 2338 ipsi
3635 2259 3718 2319 ho-

2193 2359 2349 2420 mini
2373 2357 2654 2420 futurum
2679 2357 2862 2420 estin
2889 2353 3252 2416 scandalum
3275 2363 3342 2415 et
3369 2354 3715 2414 occasionem

2191 2452 2414 2516 ruinae.
2447 2453 2538 2512 lta
2573 2449 2828 2530 exponit
2861 2449 2934 2510 D.
2963 2448 3233 2508 Thomas
3277 2447 3425 2508 lect.
3455 2447 3626 2507 tertia
3667 2447 3716 2506 in
3798 2527 3799 2532 ἵ

2189 2562 2291 2626 ep.
2325 2545 2406 2606 ad
2433 2546 2614 2606 Rom.
2643 2547 2707 2606 9.

2276 2642 2376 2701 10.
2415 2637 2513 2700 Ad
2569 2637 2766 2700 alium
2819 2636 3023 2699 locum
3085 2636 3424 2716 Augustini
3486 2635 3716 2715 primum

2191 2731 2548 2814 responderi
2575 2736 2778 2812 potest
2806 2731 3025 2792 eodem
3053 2730 3238 2791 modo
3261 2749 3341 2790 ex
3371 2728 3717 2810 generalibus

2193 2825 2514 2908 principiis
2567 2825 2800 2905 positis.
2852 2823 2996 2900 Sed,
3043 2830 3116 2884 ut
3169 2823 3404 2902 clarius
3449 2823 3515 2882 in
3555 2823 3718 2902 specie

2195 2937 2375 2981 mens
2425 2917 2758 2998 Augustini
2821 2915 3208 2996 intelligatur
3227 2961 3250 2993 ,
3307 2915 3718 2976 advertendum

2195 3019 2311 3090 est,
2337 3013 2404 3074 in
2433 3012 2734 3092 principio
2763 3011 2980 3092 capitis
2999 3012 3068 3072 in
3097 3009 3461 3090 particulari
3485 3009 3638 3087 loqui
3661 3008 3717 3068 de

2194 3104 2621 3168 voluntatibus
2653 3104 2981 3185 angelicis;
3019 3104 3134 3166 has
3179 3105 3352 3166 enim
3393 3102 3625 3164 videtur
3645 3101 3716 3161 in-

2193 3200 2496 3279 telligere,
2529 3217 2672 3262 cum
2719 3201 2808 3261 ait
2836 3217 2854 3261 ε
2898 3199 3112 3267 Verum
3149 3200 3334 3261 etiam
3365 3214 3490 3271 aas,
3527 3196 3718 3256 scilicet

2194 3292 2561 3367 voluntates,
2592 3311 2724 3373 quoe
2757 3297 3102 3356 conservant
3139 3290 3348 3355 soeouli
3377 3296 3717 3358 creaturam,-

2193 3386 2478 3467 quamvis
2501 3384 2756 3447 extendi
2792 3384 2855 3446 id
2883 3385 3070 3465 possit
3092 3384 3169 3445 ad
3199 3400 3612 3463 quascumque
3637 3398 3717 3440 vo-

2195 3480 2466 3541 luntates
2492 3478 2846 3560 principum
2909 3484 2973 3538 et
3017 3478 3410 3558 potentium3
3457 3475 3565 3537 has
3599 3491 3716 3553 ergo

2193 3572 2542 3634 voluntates
2564 3570 2652 3632 ait
2669 3571 3053 3649 Augustinus
3077 3570 3380 3631 inclinare
3409 3570 3615 3643 Deum,
3641 3565 3716 3627 vel

2197 3666 2278 3727 ad
2309 3663 2608 3727 beneficia
2649 3662 3019 3744 praestanda,
3055 3662 3156 3723 vel
3183 3662 3263 3724 ad
3319 3680 3534 3743 poenas
3575 3662 3717 3737 inge-

2196 3758 2420 3820 rendas
2432 3772 2452 3835 ;
2481 3764 2818 3837 utrumque
2843 3762 3054 3818 autem
3079 3754 3218 3816 fieri
3241 3761 3447 3835 potest
3473 3756 3596 3815 sine
3617 3770 3718 3812 ma-

2193 3851 2329 3913 litia
2367 3849 2734 3926 voluntatis,
2761 3854 2824 3911 et
2867 3850 2956 3911 ita
2991 3866 3071 3911 ex
3103 3848 3222 3911 hoc
3261 3850 3466 3929 capite
3495 3864 3612 3907 non
3647 3862 3718 3905 se·

2195 3944 2409 4024 quitur
2447 3942 2745 4005 inclinare
2785 3944 2982 4003 Deum
3009 3940 3395 4003 voluntatem
3437 3939 3514 4001 ad
3547 3945 3716 3999 actum

2197 4037 2456 4098 malum.
2484 4034 2641 4111 Quia
2667 4052 2812 4097 vero
2843 4035 3157 4097 interdum
3185 4032 3372 4115 punit
3394 4034 3551 4094 Deus
3567 4046 3716 4110 quos-

2197 4130 2342 4191 dam
2371 4148 2480 4209 per
2507 4128 2701 4190 malas
2725 4128 3080 4189 voluntates
3107 4126 3400 4201 aliorum,
3433 4124 3596 4187 addit
3618 4124 3716 4183 Au-

2197 4224 2482 4302 gustinus
2533 4220 2882 4283 mirabilem
2931 4219 3264 4300 quemdam
3313 4218 3566 4280 modum
3589 4264 3604 4289 ,
3645 4214 3716 4274 di-

2195 4334 2363 4389 cens,
2417 4315 2720 4379 interdum
2758 4314 2954 4377 Deum
2995 4314 3392 4388 voluntatem,
3433 4312 3569 4391 jam
3595 4308 3715 4371 vitio

2193 4428 2303 4473 exo
2348 4409 2599 4485 malam,
2643 4408 2939 4471 inclinare
2983 4410 3051 4470 in
3083 4408 3191 4470 Ιιοο
3219 4410 3523 4488 peccatum
3545 4403 3718 4483 potius

2198 4520 2378 4583 quam
2411 4502 2479 4564 in
2510 4502 2706 4577 aliud,
2751 4506 2822 4563 ut
2856 4500 3036 4563 talem
3069 4502 3360 4563 hominem
3403 4498 3616 4579 puniat
3649 4490 3720 4554 vel

2203 4597 2458 4675 affliyat
2479 4640 2500 4671 ,
2527 4593 2628 4656 vel
2660 4593 2972 4655 interdum
3001 4598 3192 4655 etiam
3221 4600 3288 4653 ut
3313 4610 3353 4653 a
3379 4596 3551 4651 tanto
3585 4584 3718 4647 malo

2199 4706 2342 4749 eum
2371 4686 2627 4764 liberet,
2674 4687 2776 4748 vel
2819 4686 2903 4748 ob
2951 4686 3103 4748 alios
3145 4686 3300 4747 fines
3347 4678 3716 4764 providentiae

2199 4798 2322 4840 suae
2343 4796 2362 4857 ;
2383 4779 2560 4841 verbi
2609 4781 2834 4858 gratia,
2877 4798 3020 4841 cum
3059 4779 3305 4841 doemon
3333 4773 3716 4857 paratissimus

2199 4874 2280 4934 sit
2305 4872 2388 4933 ad
2429 4873 2758 4934 tentandos
2795 4871 2893 4934 vel
2921 4872 3284 4951 affligendos
3323 4869 3616 4939 homines,
3641 4864 3716 4921 in-

2199 4955 2390 5026 clinat
2417 4982 2559 5026 eum
2591 4967 2750 5027 Deus
2789 4971 2863 5026 ut
2895 4966 3062 5025 hunc
3106 4963 3312 5045 potius
3358 4976 3542 5041 quam
3569 4955 3716 5017 illum

2197 5058 2457 5137 affligat.
2487 5060 2560 5119 Et
2579 5058 2656 5119 de
2681 5058 2883 5120 Semei
2905 5058 2994 5119 ait
3015 5058 3400 5135 Augustinus
3425 5053 3601 5115 fuisse
3625 5050 3716 5109 hoe
3794 5102 3795 5107 ,

2198 5151 2386 5212 modo
2445 5152 2826 5213 inclinatum·
2877 5170 2916 5213 a
2957 5152 3080 5212 Deo
3129 5148 3208 5211 ad
3263 5142 3718 5209 maledicendum

2199 5242 2436 5321 David3
2475 5244 2622 5325 quia
2664 5245 2801 5324 jam
2848 5261 2960 5305 suo
3003 5242 3258 5303 arbitrio
3303 5240 3516 5301 odium
3561 5229 3718 5297 David

2199 5344 2586 5416 conceperat,
2639 5342 2702 5398 et
2746 5336 3133 5398 voluntatem
3173 5335 3230 5395 ei
3267 5332 3525 5396 nocendi
3561 5326 3719 5389 habe-

2199 5428 2330 5489 bat.
2353 5430 2672 5509 Optimum
2699 5426 3058 5509 exemplum
3083 5432 3176 5488 est
3209 5427 3278 5487 in
3321 5425 3604 5488 fratribus
3631 5418 3716 5478 Jo-

2203 5522 2380 5602 seph,
2427 5522 2538 5605 qui
2570 5524 2704 5607 jam
2733 5522 3130 5587 decreverant
3179 5538 3322 5581 eum
3367 5514 3716 5585 interficere3
