3850 6225
551 387 632 449 60

551 502 614 557 te
653 496 942 557 immutat
987 498 1337 560 naturalem
1371 500 1630 561 modum
1669 500 1896 580 agendi
1950 500 2107 579 ejus,

551 590 986 669 Respondetur
1011 592 1302 672 negando
1333 595 1654 673 sequelam
1677 614 1692 667 ;
1727 594 1872 673 quia
1897 595 2117 655 volun-

553 688 650 745 tas
689 701 819 743 non
850 684 1041 745 habet
1089 686 1426 765 specialem
1463 688 1817 749 libertatem
1869 686 1953 747 ad
2004 686 2117 747 eli-

555 774 832 856 gendum
886 777 1054 839 hunc
1113 783 1318 839 actum
1373 780 1436 839 in
1485 779 1806 843 individuo
1833 826 1849 854 ,
1905 780 2115 859 potius

556 888 746 949 quam
799 870 990 931 alium
1035 872 1319 951 ejusdem
1365 875 1630 953 speciei3
1667 875 1779 937 sed
1806 874 1999 935 habet
2040 890 2119 933 ex

557 981 625 1023 se
654 962 1307 1027 indeterminationem
1331 967 1692 1045 quamdam,
1714 974 1904 1047 quam
1930 966 2119 1028 etiam

555 1056 792 1117 habent
845 1076 1066 1119 omnes
1120 1076 1326 1121 causae
1379 1062 1749 1123 naturaliter
1807 1066 2071 1139 agentes
2098 1104 2115 1133 ,

557 1168 698 1228 quae
727 1153 1013 1229 provenit
1067 1170 1144 1213 ex
1193 1152 1468 1233 quadam
1515 1155 1979 1217 universalitate
2002 1198 2017 1226 ,
2050 1159 2118 1215 ut

559 1244 646 1303 sic
671 1244 897 1315 dicam,
926 1244 990 1305 in
1027 1246 1253 1308 virtute
1281 1247 1606 1321 causandi,
1636 1266 1777 1328 quae
1807 1248 1887 1309 de
1912 1266 1979 1309 se
2007 1265 2121 1326 po-

555 1344 696 1398 tens
725 1344 818 1399 est
847 1337 927 1398 ad
955 1338 1130 1399 varia
1169 1339 1488 1401 individua
1525 1342 1592 1403 in
1637 1341 1860 1403 eadem
1909 1342 2117 1420 specie

557 1430 886 1491 efficienda
907 1450 922 1503 ς
947 1436 1010 1492 et
1031 1431 1176 1493 ideo
1201 1450 1460 1495 necesse
1487 1441 1582 1496 est
1609 1440 1698 1508 ut,
1724 1452 1869 1496 cum
1898 1439 2116 1513 agunt,

556 1524 638 1583 ab
666 1523 874 1603 aliquo
925 1524 1420 1588 determinentur
1445 1527 1528 1587 ad
1561 1527 1960 1589 efficiendum
2001 1527 2121 1587 hoc

556 1617 948 1679 individuum
975 1619 1181 1697 potius
1211 1638 1402 1699 quam
1435 1620 1626 1683 aliud.
1663 1623 1806 1682 Haec
1831 1638 1983 1701 ergo
2008 1620 2121 1682 de-

557 1712 914 1773 terminatio
963 1730 1291 1793 nunquam
1333 1719 1430 1776 est
1465 1714 1528 1776 in
1571 1716 1874 1777 creaturis
1913 1714 1996 1775 ab
2026 1714 2119 1775 in·

559 1805 828 1865 trinseca
845 1804 1166 1880 libertate;
1199 1814 1264 1869 et
1287 1808 1432 1869 ideo
1465 1808 1642 1871 multi
1671 1826 1780 1870 eas
1809 1808 2120 1869 reducunt

559 1898 640 1958 ad
673 1898 1168 1961 circumstantias
1203 1900 1485 1981 subjecti,
1527 1901 1650 1963 loci
1692 1907 1755 1963 et
1781 1901 2111 1980 temporis;

561 1991 730 2071 quod
757 1992 942 2053 nobis
980 2011 1110 2054 non
1138 1994 1368 2073 placuit
1399 1995 1462 2055 in
1493 1995 1941 2075 Metaphysica,
1974 2012 2121 2074 pro-

557 2091 698 2164 pter
747 2086 1024 2147 rationes
1068 2086 1155 2146 ibi
1199 2087 1523 2151 adductas.
1573 2090 1650 2149 Et
1684 2089 1826 2150 ideo
1855 2088 2119 2150 dicimus

559 2179 724 2238 hanc
753 2177 1340 2241 determinationem
1389 2181 1608 2243 reduci
1659 2182 1742 2243 ad
1793 2180 2121 2242 definitum

559 2289 932 2335 concursum
961 2292 1168 2335 causoe
1204 2275 1446 2353 primae,
1481 2276 1588 2355 qui
1639 2277 1866 2339 modus
1893 2274 2123 2357 agendi

557 2383 736 2444 seque
765 2367 1188 2427 connaturalis
1225 2374 1320 2429 est
1347 2369 1640 2431 omnibus
1665 2370 1873 2431 causis
1901 2386 2127 2430 secun-

559 2459 680 2535 dis,
711 2460 898 2521 etiam
919 2460 1153 2523 liberis.

643 2556 742 2615 12.
787 2553 898 2617 Ea
951 2554 1298 2632 objectionis
1365 2556 1660 2621 solutione
1725 2556 2128 2632 confimatur-

563 2646 882 2711 intentum.
905 2676 988 2695 -·—
1010 2648 1086 2710 Et
1116 2648 1262 2708 hinc
1305 2649 1496 2711 etiam
1551 2649 1957 2712 confirmatur
2004 2648 2127 2709 dis-

493 2816 514 2825 ·
561 2758 782 2801 cursus
810 2758 848 2800 a
875 2740 1057 2801 nobis
1081 2740 1305 2817 factus,
1323 2760 1494 2817 nam,
1514 2742 1696 2817 sicut,
1719 2749 2012 2823 respectu
2032 2744 2129 2803 in-

564 2831 821 2905 dividui,
872 2833 1155 2897 limitatio
1203 2834 1395 2896 divini
1452 2854 1793 2898 concursus
1835 2854 1912 2897 ex
1950 2842 2127 2917 parte

563 2924 677 2988 Dei
709 2926 866 2987 tollit
895 2927 1244 2991 absolutam
1276 2936 1650 3009 potestatem
1677 2931 1759 2992 ad
1787 2930 2128 2992 eliciendos

567 3020 722 3081 alios
761 3019 1114 3099 singulares
1139 3028 1314 3085 actus
1352 3023 1516 3084 iutra
1545 3023 1712 3084 illam
1741 3024 2039 3103 speciem,
2066 3028 2129 3083 et

571 3113 712 3174 ideo
756 3115 942 3175 etiam
969 3115 1130 3176 tollit
1165 3116 1376 3195 quoad
1431 3118 1550 3178 hoc
1597 3117 2131 3178 indeterminatio-

567 3225 716 3267 nem
742 3205 971 3268 dictam
997 3253 1014 3280 ,
1050 3208 1160 3284 ita,
1187 3209 1238 3270 si
1265 3227 1606 3271 concursus
1631 3211 1886 3271 omnino
1907 3209 2131 3271 limita-

565 3306 740 3360 retur
773 3299 858 3360 ad
887 3318 1082 3360 unam
1131 3301 1408 3381 speciem
1447 3309 1650 3378 actua,
1710 3309 1772 3364 et
1817 3303 1900 3364 ad
1932 3321 2129 3364 unum

567 3393 960 3454 individuum
985 3394 1152 3456 illius
1195 3397 1463 3474 speciei,
1502 3396 1828 3457 tolleretur
1851 3401 2130 3476 potestas

563 3487 874 3566 proxima,
921 3493 982 3548 et
1022 3489 1278 3550 moralis
1305 3489 1722 3552 indifferentia
1758 3491 1840 3550 ad
1873 3495 2129 3552 caeteros

565 3587 762 3642 actus.
785 3583 894 3642 Est
919 3587 1134 3642 tamen
1173 3582 1238 3642 in
1270 3582 1390 3644 hoc
1419 3583 1780 3656 discrimen,
1815 3583 1987 3662 quod
2026 3583 2131 3644 illa

566 3674 1002 3736 determinatio
1047 3691 1388 3736 concursus
1415 3675 1606 3736 divini
1639 3675 1722 3736 ad
1761 3675 2006 3756 singula
2034 3676 2133 3736 in·-

563 3767 816 3829 dividua
853 3767 1240 3846 singularum
1270 3769 1641 3848 specierum,
1667 3773 1854 3849 prout
1881 3787 1918 3830 a
1948 3769 2131 3830 nobis

565 3861 870 3940 explicata
923 3867 1039 3935 est,
1089 3879 1218 3922 non
1251 3863 1408 3924 tollit
1439 3862 1930 3924 indifferentiam
1980 3863 2132 3922 sim-

566 3954 808 4034 pliciter
837 3955 1050 4034 quoad
1091 3953 1658 4034 specificationem3
1693 3961 1756 4018 et
1781 3956 1868 4017 ita
1916 3974 2035 4017 nee
2056 3956 2131 4016 li-

563 4049 872 4110 bertatem
922 4049 1104 4122 tollit,
1157 4049 1284 4110 imo
1325 4067 1534 4128 neque
1565 4051 1738 4110 illam
1791 4049 2125 4123 diminuit3

564 4141 712 4221 quia
741 4142 1044 4204 voluntati
1080 4146 1312 4203 nostras
1337 4143 1744 4222 impertinens
1785 4149 1900 4216 est,
1936 4143 2127 4222 quod,

565 4237 613 4296 si
651 4240 842 4308 amat,
879 4241 1050 4298 amet
1099 4235 1220 4298 hoc
1264 4241 1408 4296 actu
1448 4253 1713 4298 numero
1739 4281 1755 4309 ‚
1812 4235 1913 4296 vel
1968 4234 2089 4296 alio
2110 4280 2129 4310 ,

565 4347 711 4390 cum
739 4346 947 4407 neque
977 4328 1112 4410 ipsa
1139 4345 1256 4407 per
1284 4329 1558 4407 seipsam
1584 4329 1780 4409 possit
1827 4331 1948 4390 hoc
1976 4327 2133 4390 defi-

563 4421 723 4494 nire,
756 4427 826 4484 ut
851 4421 1086 4484 dictum
1121 4427 1236 4483 est.
1277 4421 1455 4484 Unde
1493 4439 1754 4484 necesse
1778 4427 1875 4484 est
1912 4427 1985 4482 ut
2029 4421 2129 4482 vel

567 4531 644 4574 ex
665 4519 890 4575 natura
920 4532 1034 4574 sua
1070 4513 1304 4576 habeat
1339 4515 1498 4574 banc
1539 4513 2127 4576 determinationem

567 4625 644 4668 ex
693 4607 1195 4680 circumstantiis,
1223 4607 1324 4668 vel
1349 4608 1521 4686 quod
1567 4625 1644 4668 ex
1680 4625 1991 4669 concursu
2017 4606 2127 4666 Dei

563 4699 736 4760 illam
761 4700 1042 4780 recipiat.
1072 4701 1150 4761 At
1177 4717 1351 4774 vero,
1401 4701 1452 4762 si
1495 4700 1935 4762 determinatio
1962 4703 2128 4760 esset

565 4792 648 4853 ad
669 4811 868 4852 unam
891 4799 1134 4854 tantum
1177 4793 1448 4871 speciem
1479 4799 1678 4870 actus,
1711 4797 1774 4854 et
1813 4793 1894 4855 ad
1927 4810 2127 4853 unum

565 4885 956 4947 individuum
999 4886 1066 4946 in
1119 4886 1225 4947 illa
1253 4887 1487 4964 specie,
1515 4893 1703 4965 prout
1730 4888 1792 4947 in
1837 4887 1959 4947 hac
1986 4905 2127 4946 sen-

565 4979 780 5052 tentia,
823 4997 1012 5058 quam
1053 4979 1500 5059 impugnamus
1521 5025 1536 5052 ,
1569 4979 1794 5041 dicitur
1835 4980 1971 5042 fieri
2012 4999 2129 5059 per

569 5072 916 5134 absolutam
947 5080 1008 5135 et
1037 5075 1355 5136 efficacem
1385 5074 1768 5134 voluntatem
1785 5075 1918 5147 Dei,
1956 5075 2127 5135 nulla

567 5181 822 5244 prorsus
850 5172 1133 5228 maneret
1169 5165 1588 5228 indifferentia
1635 5167 1719 5228 ad
1753 5168 1995 5246 species
2024 5187 2129 5230 ac-

565 5266 688 5332 tua,
736 5259 1268 5339 impedireturque
1303 5263 1580 5338 potestas
1619 5277 1812 5339 quam
1837 5261 2129 5323 voluntas

569 5371 646 5413 ex
675 5371 742 5414 se
796 5353 987 5414 habet
1021 5353 1104 5416 ad
1131 5353 1288 5416 alios
1333 5359 1511 5414 actus
1553 5353 1914 5428 eliciendos,
1948 5360 2011 5416 et
2042 5355 2130 5416 ita

567 5447 890 5508 tolleretur
931 5445 988 5507 ei
1015 5445 1270 5508 libertas
1299 5445 1510 5526 quoad
1547 5446 2079 5525 specificationem
2112 5467 2129 5522 ς

565 5539 870 5619 fieretque
919 5539 1186 5602 subinde
1247 5546 1316 5602 ut
1367 5540 1422 5600 ei
1466 5539 1761 5618 imputari
1818 5559 1949 5602 non
1994 5559 2133 5620 pos-

1299 396 1508 451 OPUSC.
1544 399 1584 460 1,
1620 397 1734 450 Lm.
1771 397 1809 450 1.
1845 398 1926 451 DE
1960 396 2280 453 CONCURSU
2310 400 2415 455 DE!
2448 400 2573 455 cm!
2604 398 2995 454 VOLUNTATE.

2195 504 2291 562 set
2314 502 2588 565 carentia
2616 520 2729 565 seu
2750 500 3003 563 omissio
3028 501 3475 581 cujuscumque
3494 500 3721 563 alterius

2194 599 2393 657 actus.

2330 782 2699 847 Declaratur
2732 780 2933 864 maqis
2978 778 3369 845 ratiocinatio
3414 782 3595 859 sacta.

2283 967 2381 1027 13.
2425 966 2505 1028 Ut
2550 970 2763 1027 autem
2819 965 3007 1044 hujus
3050 964 3366 1025 discursus
3424 964 3727 1027 efficacitas

2200 1058 2401 1139 magis
2450 1057 3023 1137 comprehendatur
3056 1076 3129 1118 ac
3170 1062 3440 1131 moveat,
3482 1058 3729 1136 applice-

2198 1158 2302 1216 tur
2328 1153 2598 1233 practice
2622 1154 2705 1214 ad
2754 1154 3136 1232 singularem
3164 1156 3397 1227 actum,
3430 1151 3585 1213 sicut
3606 1151 3733 1212 ieci-

2200 1266 2341 1309 mus
2378 1246 2877 1325 argumentando
2906 1250 3121 1308 contra
3150 1244 3339 1305 aliam
3384 1244 3731 1305 sententiam

2201 1340 2280 1402 de
2325 1340 2585 1421 physica
2610 1346 2677 1401 et
2692 1340 3039 1401 inhaerente
3066 1337 3725 1419 praedeterminatione.

2203 1433 2668 1495 Constituamus
2696 1451 2846 1513 ergo
2875 1433 3219 1505 hominem,
3251 1431 3351 1493 cui
3382 1430 3484 1491 hic
3510 1436 3567 1491 et
3590 1450 3733 1493 nunc

2200 1527 2571 1607 proponitur
2614 1527 2733 1587 hoc
2776 1526 3095 1606 obJectum
3152 1524 3497 1587 amandum
3520 1568 3535 1596 ,
3584 1526 3736 1585 verbi

2198 1621 2423 1701 gratia,
2446 1620 2693 1701 ingredi
2717 1620 3087 1701 religionem
3111 1639 3127 1693 ;
3162 1621 3245 1681 ita
3269 1625 3339 1681 ut
3368 1637 3448 1681 ex
3472 1624 3637 1697 parte
3662 1620 3734 1679 in-

2198 1714 2483 1777 tellectus
2530 1715 2761 1775 habeat
2810 1732 3061 1775 omnem
3097 1710 3649 1774 considerationem
3684 1718 3734 1773 et

2194 1808 2503 1890 judicium
2540 1810 2965 1897 necessarium
3001 1854 3016 1881 ‚
3070 1814 3135 1869 et
3170 1808 3235 1868 in
3269 1807 3587 1868 voluntate
3628 1824 3733 1866 non

2198 1902 2431 1964 habeat
2476 1904 2731 1981 aliquod
2774 1902 3290 1981 impedimentum
3320 1898 3583 1979 positive
3610 1918 3735 1959 con·

2198 1996 2484 2071 trarium,
2516 1996 2845 2077 solumque
2887 1995 3048 2058 desit
3082 1994 3169 2055 illi
3220 1994 3513 2055 voluntas
3558 1992 3734 2052 divirm

2204 2090 2441 2163 efficax,
2478 2108 2601 2169 qua
2628 2088 2777 2151 velit
2800 2090 2967 2149 Deus
2995 2088 3173 2149 illum
3201 2086 3525 2149 hominem
3550 2104 3735 2146 amare

2202 2182 2357 2243 illud
2386 2182 2743 2262 objectum;
2793 2181 2969 2261 quid,
2992 2198 3226 2259 quaese,
3263 2186 3418 2242 tunc
3450 2180 3629 2239 homo
3653 2178 3736 2237 illc

2202 2275 2390 2338 faciet
2444 2281 2516 2338 ut
2570 2280 2739 2337 amet
2790 2275 3103 2354 objectum
3157 2274 3311 2334 illud
3338 2277 3363 2335 ³
3404 2270 3737 2333 immediate

2206 2370 2376 2431 enim
2402 2375 2464 2430 et
2491 2368 2773 2449 proxime
2800 2368 2823 2447 (
2846 2374 2915 2430 ut
2940 2368 3028 2429 sic
3056 2366 3306 2445 dicam)
3338 2366 3567 2427 elicere
3592 2382 3739 2423 amo-

2204 2480 2341 2525 rem
2378 2480 2509 2525 non
2536 2466 2763 2544 potest,
2795 2480 2940 2523 cum
2963 2479 3093 2522 non
3120 2462 3316 2540 possit
3350 2460 3489 2539 ipse
3518 2458 3741 2519 inchoa-

2204 2576 2274 2619 re
2310 2562 2541 2631 actum,
2572 2556 2695 2617 nisi
2713 2560 3058 2625 moveatur,
3089 2573 3219 2616 non
3244 2554 3450 2615 solum
3476 2570 3553 2613 ex
3590 2558 3739 2631 parte

2206 2650 2437 2730 objecti
2464 2666 2579 2729 per
2598 2648 2905 2729 judicium
2934 2647 3305 2724 intellectuS‚
3338 2645 3453 2707 sed
3484 2646 3657 2707 etiam
3678 2663 3741 2705 ex

2208 2749 2385 2823 parte
2414 2744 2709 2822 potentiae
2751 2759 2868 2822 per
2903 2740 3619 2821 praedeteminationem
3659 2756 3745 2797 su-

2208 2837 2471 2917 perioris
2510 2835 2755 2916 agentis
2783 2853 2799 2908 3
2848 2839 2910 2896 et
2946 2840 3159 2895 tamen
3183 2850 3309 2896 non
3341 2838 3627 2893 movetur
3650 2850 3745 2889 nec

2208 2930 2662 2993 determinatur
2686 2948 2703 3003 ς
2736 2946 2913 3008 ergo,
2944 2928 3245 3007 quamdiu
3272 2928 3357 2989 ita
3376 2944 3447 2987 se
3470 2927 3631 2986 Deus
3656 2925 3747 2983 ha·

2210 3022 2317 3086 bet
2342 3040 2493 3103 erga
2520 3024 2904 3084 voluntatem
2926 3022 3089 3081 illius
3112 3020 3403 3092 hominis,
3438 3018 3608 3079 nullo
3634 3037 3749 3077 mo-

2212 3119 2294 3180 do
2346 3123 2441 3179 est
2477 3117 2543 3178 in
2568 3116 2855 3196 proxima
2892 3119 3197 3195 potestate
3244 3115 3382 3195 ejus
3412 3110 3749 3173 immediate

2212 3213 2506 3272 inchoare
2540 3211 2730 3272 talem
2768 3213 2999 3270 actum.
3038 3211 3165 3270 Nec
3198 3208 3385 3269 etiam
3424 3212 3525 3266 est
3562 3207 3621 3264 in
3660 3223 3750 3282 po-

2212 3309 2435 3366 testate
2468 3303 2604 3383 ejus
2651 3303 2885 3382 aliquid
2904 3303 3135 3377 facere,
3168 3318 3292 3380 quo
3322 3299 3549 3378 posito,
3580 3317 3615 3358 a
3638 3299 3749 3358 Deo

2210 3398 2703 3470 determinetur3
2750 3403 2883 3458 tum
2926 3396 3073 3476 quia
3102 3395 3257 3456 nihil
3300 3395 3424 3456 tale
3466 3391 3616 3468 fingi
3660 3395 3750 3450 aut

2210 3491 2467 3573 cogitari
2504 3494 2741 3571 potest;
2766 3497 2897 3552 tum
2930 3490 3117 3550 etiam
3146 3489 3291 3568 quia
3323 3488 3403 3549 ad
3432 3487 3583 3548 illud
3612 3491 3753 3546 esset

2210 3586 2568 3646 necessaria
2597 3583 2717 3646 alia
2748 3583 2963 3666 similis
2991 3583 3315 3662 praemotio
3357 3581 3581 3642 efficax
3624 3579 3753 3640 divi-

2210 3697 2309 3740 nae
2334 3679 2694 3754 voluntatiS,
2725 3677 2803 3738 de
2836 3695 2959 3756 qua
2988 3676 3188 3736 simile
3216 3681 3655 3754 argumentum
3674 3689 3755 3730 re-

2210 3771 2387 3833 dibit.
2436 3773 2615 3832 Nulla
2665 3789 2816 3850 ergo
2864 3771 2965 3830 via
2993 3775 3103 3830 aut
3146 3769 3305 3829 ratio
3361 3767 3749 3844 relinquitur,

2212 3865 2295 3926 ob
2324 3881 2512 3944 quam
2542 3866 2738 3945 possit
2776 3864 2885 3926 tali
2934 3860 3172 3923 homini
3208 3861 3531 3923 moraliter
3570 3860 3756 3937 impu-

2210 3959 2327 4020 tari
2358 3959 2529 4038 quod
2574 3977 2703 4020 non
2728 3965 2895 4018 amet
2924 3955 3076 4018 illud
3114 3956 3470 4036 objectum;
3522 3971 3647 4014 non
3676 3957 3757 4010 est

2212 4069 2363 4132 ergo
2391 4053 2586 4114 libera
2610 4052 2715 4112 illa
2742 4052 3041 4122 carentia,
3075 4067 3283 4128 neque
3314 4049 3639 4130 oppositus
3670 4063 3756 4104 ac-

2210 4151 2311 4208 tus
2364 4151 2459 4207 est
2510 4146 2575 4206 in
2641 4147 2777 4224 ejus
2812 4149 3142 4224 potestate.
3192 4145 3323 4204 Hoc
3361 4148 3577 4202 autem
3605 4137 3757 4218 quod

2212 4239 2276 4300 in
2308 4241 2429 4301 hoc
2458 4238 2745 4319 exemplo
2776 4239 3160 4300 declaratum
3190 4242 3318 4311 est,
3369 4237 3435 4296 in
3484 4234 3756 4296 omnibus

2212 4331 2503 4393 humanis
2543 4333 2785 4394 actibus
2812 4330 3095 4410 procedit
3126 4375 3142 4404 ,
3194 4331 3243 4390 si
3294 4329 3397 4391 illa
3434 4327 3759 4408 praedeter-

2208 4425 2467 4486 minatio
2508 4426 2869 4486 necessaria
2910 4431 3040 4497 est,
3071 4430 3141 4485 ut
3180 4443 3255 4484 ex
3285 4423 3467 4484 dictis
3506 4423 3753 4482 constat.

2294 4521 2391 4580 14.
2442 4517 2724 4599 Objeotio.
2748 4551 2829 4565 —-
2860 4517 3161 4582 Solvitur.
3186 4549 3267 4564 —
3290 4515 3465 4576 Dicet
3504 4512 3752 4591 aliquis:

2211 4612 2326 4673 etsi
2355 4613 2567 4685 home,
2602 4611 2754 4672 dum
2794 4611 2959 4673 elicit
2996 4629 3193 4670 unum
3236 4615 3446 4670 actum
3486 4608 3759 4668 volunta-

2204 4706 2309 4776 tis,
2346 4711 2585 4766 careret
2604 4723 2913 4766 concursu
2940 4703 3021 4764 ad
3048 4703 3225 4776 ali05‚
3266 4701 3611 4762 dummodo
3640 4698 3759 4776 ipsc

2208 4800 2325 4859 hoc
2352 4799 2688 4878 ignoraret,
2714 4797 2939 4858 eodem
2968 4797 3156 4857 modo
3190 4797 3584 4875 operaretur,
3616 4793 3759 4852 sicut

2206 4891 2418 4962 modo,
2450 4891 2513 4950 id
2546 4897 2662 4964 est,
2704 4890 2927 4951 eodem
2962 4890 3213 4964 affectu,
3246 4895 3311 4950 et
3360 4907 3502 4950 cum
3548 4885 3761 4947 eadem

2208 4984 2457 5064 propria
2487 4983 3005 5046 determinatione
3038 5003 3167 5044 suae
3202 4983 3576 5053 voluntatis3
3624 4997 3769 5054 erge,

2212 5083 2576 5158 operaretur
2615 5096 2759 5138 cum
2816 5077 3038 5138 eadem
3080 5077 3388 5150 libertate,
3433 5075 3585 5155 quia
3630 5087 3761 5132 cum

2214 5171 2435 5232 eadem
2464 5171 2819 5243 voluntate3
2856 5171 2995 5231 haec
3034 5171 3202 5231 enim
3238 5169 3466 5230 variari
3500 5186 3630 5228 non
3659 5183 3763 5243 po-

2212 5263 2349 5335 tuit,
2378 5269 2675 5324 manente
2710 5263 2929 5324 eadem
2962 5263 3415 5324 existimatione
3438 5262 3505 5320 in
3534 5259 3763 5319 intelle·

2212 5361 2338 5428 ctu,
2368 5361 2432 5418 et
2458 5356 2683 5417 eodem
2714 5360 2859 5417 actu
2884 5357 3150 5435 posit-ivo
3176 5355 3241 5416 in
3258 5355 3600 5416 voluntate.
3618 5351 3763 5414 Insi-

2212 5453 2445 5510 nuatur
2498 5449 2563 5510 in
2612 5449 2731 5510 bac
2786 5449 3137 5529 objectione
3202 5448 3458 5526 quidam
3520 5443 3760 5507 dicendi

2212 5541 2437 5604 modus
2463 5541 2818 5622 aliquorum
2862 5541 3339 5604 Lovaniensium
3370 5541 3391 5618 (
3416 5545 3483 5601 ut
3509 5539 3759 5613 fertur),
