3850 6225
934 757 1508 824 ILLUSTRISSIMO
1548 759 1647 821 Ac
1686 756 2350 822 REVERENDISSIMO
2390 760 2538 822 D.D.

193 1028 1345 1177 FERDINANDO
1454 1027 2002 1176 NINNO
2107 1027 2310 1173 AC
2424 1029 3266 1180 GUEVARAE

893 1295 1111 1350 SAGRAE
1140 1295 1417 1348 nouANAE
1446 1294 1762 1350 EGGLESIAE
1789 1293 2194 1350 PRESBYTERO
2228 1295 2564 1349 mmmm

521 1521 1058 1599 FRANCISCUS
1096 1521 1443 1598 SUAREZ
1480 1521 1537 1594 E
1584 1517 2072 1594 SOCIETATE
2119 1519 2158 1595 J
2161 1519 2330 1596 ESU
2377 1519 2940 1614 THEOLOGUS,

1286 1711 1717 1760 szmnmux
1755 1709 2155 1760 multumt
2165 1745 2177 1759 .

1552 1919 1923 1946 u*—

224 2142 539 2218 Studium
574 2153 795 2236 tuum,
849 2165 933 2218 ac
968 2140 1323 2240 singularis
1378 2149 1523 2214 tum
1569 2141 1642 2213 in
1691 2161 1830 2231 me,
1872 2148 2020 2212 tum
2063 2141 2136 2213 in
2171 2141 2554 2216 universam
2589 2140 2995 2216 Societatem
3038 2151 3340 2216 nostram

122 2263 339 2334 amor,
368 2241 742 2316 Cardinalis
774 2241 1215 2338 amplissime,
1250 2239 1425 2336 cogit
1456 2261 1565 2312 me
1602 2247 1679 2311 ut
1708 2237 2060 2336 specimen
2096 2237 2372 2335 aliquod
2407 2240 2576 2336 grati
2611 2240 2818 2313 animi
2845 2237 3221 2338 praebeam,
3254 2263 3338 2314 ac

122 2339 419 2412 vicissim
452 2339 572 2412 tibi
617 2339 1067 2437 respondeam
1120 2337 1666 2435 quibuscumque
1717 2335 1974 2434 possim
2023 2336 2418 2411 meritorum
2472 2337 2739 2412 officiis.
2781 2338 2953 2412 Nam
2988 2348 3064 2411 ut
3101 2338 3192 2412 de
3223 2361 3336 2412 me

121 2447 414 2529 taceam,
450 2447 588 2511 tam
627 2437 965 2511 excellens
999 2447 1067 2510 et
1102 2435 1420 2509 omnibus
1470 2434 1814 2531 cognitum
1862 2444 1968 2506 est
2047 2435 2450 2509 atrocinium
2501 2435 2696 2526 illud,
2731 2459 2871 2533 quo
2927 2435 3336 2510 Societatem

122 2545 427 2608 nostram
446 2534 949 2631 ‘complecteriS,
982 2544 1051 2606 et
1083 2556 1209 2606 nos
1240 2532 1433 2605 novis
1465 2531 1767 2628 quotidie
1791 2457 2146 2604 benefipciis
2173 2531 2468 2630 obligare
2499 2533 2758 2624 studes,
2791 2545 2868 2607 ut
2893 2554 3006 2606 me
3031 2533 3335 2630 alioquin

124 2632 297 2704 inte
328 2631 526 2705 valde
559 2653 1001 2728 propensum,
1032 2643 1099 2702 et
1126 2631 1215 2703 ad
1241 2629 1759 2724 obsequendum
1796 2628 2326 2724 paratissimum,
2361 2631 2578 2726 magis
2603 2631 2809 2704 etiam
2831 2631 3064 2704 incitet
3099 2642 3170 2704 et
3198 2631 3336 2704 im-

127 2727 364 2824 pellat.
405 2727 865 2816 Quamobrem
916 2727 1123 2816 volui,
1157 2725 1534 2801 Cardinalis
1584 2725 2022 2822 amplissime,
2065 2737 2142 2799 ut
2191 2727 2324 2800 hoc
2365 2749 2596 2801 meum
2644 2751 2843 2826 opuS,
2881 2729 2952 2801 in
3003 2751 3140 2825 quo
3191 2738 3336 2802 tum

125 2825 299 2898 alias
334 2847 570 2922 graves
606 2837 671 2898 et
707 2825 1020 2898 difficiles
1054 2825 1489 2919 quaestiones,
1521 2832 1670 2895 tum
1702 2845 1817 2895 eas
1850 2823 2278 2920 potissimum
2323 2848 2482 2922 quae.
2527 2825 2617 2898 ad
2663 2827 2896 2923 gratiae
2939 2826 3066 2899 Dei
3098 2825 3334 2900 effica-

122 2924 334 3008 ciam,
392 2924 741 3019 nostrique
775 2923 1033 2996 arbitrii
1070 2921 1449 2995 libertatem
1484 2921 1851 3018 pertinent,
1888 2927 2223 2994 'accurate
2259 2921 2522 3018 explico
2557 2935 2763 3020 atque
2809 2923 3071 3014 evolvo,
3109 2923 3181 2996 in
3217 2935 3335 3000 tuo

124 3021 402 3093 nomine
433 3030 781 3118 appareat,
810 3030 879 3092 et
914 3019 1135 3092 lucem
1170 3031 1236 3092 te
1270 3019 1563 3117 primum
1600 3018 2008 3115 suscipiente
2035 3017 2284 3092 videat.
2315 3018 2487 3093 Nam
2521 3022 2792 3096 tametsi
2825 3043 3024 3121 spero
3060 3022 3230 3110 fore,
3259 3032 3337 3096 ut

124 3142 239 3191 res
272 3131 459 3193 tanta
494 3132 563 3193 et
596 3130 733 3193 tam
767 3118 1176 3208 necessaria,
1203 3116 1657 3191 conciliorum
1684 3117 2080 3189 auctoritate
2103 3116 2296 3207 fulta,
2329 3116 2732 3193 Sanctorum
2762 3121 3038 3194 Patrum
3065 3132 3336 3195 senten-

123 3217 235 3288 tiis
275 3217 545 3308 vallata,
575 3218 913 3290 rationum
946 3216 1308 3289 momentis
1347 3226 1565 3313 septa,
1594 3224 1663 3287 et
1696 3214 1845 3312 ipsa
1886 3215 2004 3311 (ut
2035 3236 2172 3286 non
2205 3216 2424 3288 solum
2459 3238 2608 3313 ego,
2655 3218 2779 3291 sed
2808 3218 3125 3316 permulti
3161 3219 3336 3292 doc-

122 3314 375 3386 tissimi
412 3338 496 3389 ac
523 3315 898 3412 gravissimi
926 3314 1049 3386 viri
1086 3313 1425 3407 sentiunt)
1458 3313 1739 3385 veritate
1770 3312 2210 3401 communita,
2242 3336 2366 3386 suo
2402 3336 2476 3387 se
2510 3315 2794 3389 fortasse
2827 3314 3070 3390 robore
3103 3315 3334 3389 desen·

124 3412 277 3498 dat,
308 3422 541 3486 tamen
578 3413 899 3508 quoniam
936 3422 1096 3484 sunt
1126 3412 1331 3485 etiam
1366 3410 1486 3507 qui
1520 3409 1940 3508 obstrepant,
1973 3409 2240 3484 dandus
2273 3410 2368 3483 illi
2395 3422 2720 3509 patronus
2751 3414 2810 3486 is
2842 3414 2966 3487 fuit
2998 3414 3117 3510 qui
3146 3413 3334 3489 illam

119 3508 211 3582 ab
240 3509 785 3583 adversariorum
810 3508 1166 3583 calumniis
1209 3519 1497 3582 tueatur.
1530 3507 1634 3580 Tu
1678 3518 1905 3580 autem
1933 3507 2290 3605 imprimiS,
2321 3508 2694 3583 Cardinalis
2733 3510 3176 3607 amplissime,
3209 3534 3333 3585 oc—

120 3608 421 3695 curristi,
457 3609 528 3680 in
566 3630 703 3703 quo
734 3629 977 3705 magna
1009 3606 1369 3679 auctoritas
1406 3614 1511 3678 est
1541 3605 1627 3677 ad
1661 3604 1840 3678 illius
1876 3604 2369 3694 defensionem,
2403 3620 2680 3705 propter
2716 3609 3038 3700 maxima,
3081 3608 3332 3705 quibus

122 3704 455 3799 praeditus
491 3727 592 3794 οε,
626 3714 887 3779 naturae
921 3704 1349 3800 fortunaeque
1379 3711 1797 3777 ornamenta.
1834 3700 2122 3775 Elucent
2152 3703 2334 3775 enim
2370 3717 2579 3800 atque
2609 3706 2908 3779 eminent
2937 3706 3007 3778 in
3045 3717 3114 3779 te
3148 3729 3335 3805 prae-

121 3802 301 3875 clara
350 3801 691 3885 nobilitas,
734 3802 1063 3898 exquisita
1110 3801 1443 3891 doctrina,
1486 3799 1843 3897 prudentia
1896 3799 2166 3888 eximia,
2216 3822 2444 3875 rerum
2493 3804 2908 3901 experientia
2943 3804 3328 3900 singularis,

120 3900 541 3996 amplissima
568 3900 883 3996 dignitas„
920 3898 1159 3971 merita
1202 3910 1338 3971 tam
1369 3900 1440 3970 in
1472 3898 1857 3971 universam
1900 3896 2274 3971 Ecclesiam
2312 3922 2516 3996 quam
2553 3903 2624 3973 in
2670 3901 3066 3997 Hispaniam
3113 3902 3334 3974 notis-

120 3998 321 4086 sima,
360 3996 659 4093 denique
698 4006 1053 4095 perspecta
1083 3996 1321 4073 virtus,
1368 4007 1437 4069 et
1481 4018 1523 4069 a
1564 3995 1841 4068 nemine
1882 4017 2184 4091 unquam
2227 3994 2684 4071 detractorum
2731 3998 2920 4089 laesa,
2961 4021 3120 4094 quae
3166 4021 3331 4072 sane

120 4095 421 4167 maxima
454 4108 557 4167 est
588 4095 737 4169 laus
782 4094 854 4166 in
894 4104 1079 4166 tanta
1116 4093 1469 4166 hominum
1510 4092 1807 4165 licentia.
1850 4092 2056 4165 Plura
2099 4091 2396 4165 dicerem
2438 4096 2566 4167 nisi
2598 4095 2723 4168 tibi
2756 4095 3116 4170 molestum
3149 4108 3332 4169 esset

119 4192 387 4283 audire,
427 4192 599 4265 mihi
628 4214 786 4266 vero
824 4191 1103 4265 difficile
1146 4213 1384 4287 parem
1430 4190 1801 4264 orationem
1834 4190 2178 4262 adducere
2214 4190 2346 4262 tuis
2384 4192 2780 4278 virtutibus;
2816 4194 3086 4287 suscipe
3129 4194 3332 4289 igitur

118 4290 253 4362 hoc
284 4288 505 4387 OpuS,
539 4300 728 4362 tuere
757 4312 837 4362 ac
872 4289 1191 4369 defende,
1227 4291 1425 4385 cujus
1459 4286 2008 4387 patrocini0,non
2039 4286 2276 4360 dubito
2304 4290 2472 4385 quin
2500 4291 2831 4364 tutissime
2862 4292 3073 4388 possit
3105 4292 3330 4364 incur-

120 4410 237 4460 sus
271 4386 617 4485 quoslibet
649 4388 1007 4461 sustinere.
1046 4385 1236 4459 Vale.
