3850 6225
767 404 937 465 SEC‘I'.
974 407 1214 476 11:011AE
1247 415 1282 464 F
1287 411 1412 466 lom
1445 407 1816 474 vEmTA'rEs,
1849 407 1977 466 Am·
2010 407 2439 476 TnssoLooluss,
2472 409 2608 468 E'rc.
3175 409 3288 471 401

101 531 216 573 non
257 517 388 584 est3
443 529 648 591 neque
696 512 1036 575 admodum
1079 520 1501 575 consentanea
1530 513 1648 574 illis

99 601 290 664 verbis
320 604 518 674 Pauli,
550 608 574 665 1
609 603 688 666 ad
715 606 983 667 Timoth.
1017 609 1057 668 2
1093 625 1106 666 :
1141 605 1260 680 Qui
1291 607 1424 670 vult
1449 625 1647 670 omnes

99 698 348 760 homiues
390 699 592 761 salvos
624 701 785 780 fieri,
817 699 880 759 in
923 701 1150 779 quibus
1189 707 1360 762 certe
1403 720 1532 762 non
1567 700 1646 762 de

98 791 533 868 metaphorica,
564 791 676 853 sed
705 792 784 854 de
807 794 1058 872 propria
1083 794 1402 856 voluntate
1449 797 1648 873 Apos-

101 883 248 943 tolus
269 883 568 962 loquitur,
615 891 684 946 ut
725 886 914 947 ctiam
946 888 1352 966 Augustinus,
1405 893 1468 948 et
1504 887 1652 948 reli-

103 975 196 1053 qui
219 975 321 1053 qui
351 994 500 1036 eum
529 983 901 1057 sequuntur,
935 986 1316 1058 supponunt.
1354 981 1428 1041 Et
1465 981 1649 1040 meri-

101 1072 178 1136 to,
227 1075 356 1128 tum
411 1076 669 1148 propter
713 1071 1024 1132 rationem
1079 1073 1466 1150 generalem,
1499 1074 1646 1152 quia

101 1179 216 1220 non
255 1165 344 1221 est
372 1161 800 1241 metaphorico
839 1182 1030 1224 sensu
1053 1165 1380 1238 utendum,
1412 1165 1516 1226 ubi
1544 1185 1650 1226 ne-

105 1254 424 1314 cessarium
467 1273 598 1314 non
641 1265 778 1328 est3
815 1262 945 1316 tum
999 1257 1188 1318 etiam
1229 1265 1485 1336 propter
1513 1277 1650 1337 spe·

104 1345 306 1405 cialem
331 1347 864 1409 circumstantiam
893 1349 1035 1422 loci,
1069 1349 1174 1428 qui
1197 1349 1369 1409 illam
1395 1369 1523 1410 non
1545 1370 1650 1430 pa-

104 1439 235 1497 titur
256 1485 270 1510 ,
303 1457 444 1498 cum
491 1437 718 1500 Paulus
743 1440 914 1500 illam
943 1442 1054 1502 Dei
1092 1440 1476 1504 voluntatem
1497 1461 1649 1522 erga

105 1548 300 1591 omnes
327 1532 618 1593 homines
645 1534 827 1594 nobis
856 1541 1190 1614 proponat,
1237 1541 1306 1594 ut
1341 1553 1482 1596 eam
1509 1536 1651 1597 imi-

105 1629 308 1697 temur,
334 1631 397 1687 et
420 1643 536 1705 pro
567 1629 858 1689 omnibus
881 1647 1154 1689 oremus·
1184 1629 1260 1689 Et
1285 1629 1434 1690 hinc
1459 1630 1650 1691 etiam

107 1723 324 1777 constat
368 1717 870 1781 distributionem
921 1719 1093 1782 illam
1147 1739 1278 1781 non
1331 1728 1500 1784 recte
1551 1741 1646 1784 re-

107 1810 298 1888 stringi
341 1811 418 1872 ad
475 1813 952 1891 praedestinatos
974 1859 990 1887 ‚
1025 1814 1124 1876 vel
1169 1815 1253 1876 ad
1290 1819 1486 1877 status
1531 1834 1644 1877 seu

107 1922 316 1980 genera
336 1906 665 1967 hominum
687 1953 702 1980 ,
736 1910 880 1986 quia
901 1909 1098 1970 altera
1119 1909 1491 1982 distributio,
1520 1929 1646 1989 qua

107 1997 308 2057 Paulus
332 1997 418 2058 ait
449 2017 464 2059 ς
498 1998 750 2064 Obsecro
767 2003 910 2080 fieri
931 2003 1378 2077 obsecrationes,
1421 2005 1648 2068 oratio-

103 2108 211 2164 nes,
239 2096 382 2164 etc„
415 2109 538 2174 pro
567 2093 836 2157 omnibus
875 2095 1234 2168 hominibus,
1287 2096 1524 2156 nullam
1572 2097 1648 2157 si-

105 2184 292 2242 milem
343 2187 806 2248 restrictionem
866 2190 1130 2266 patitur,
1191 2195 1252 2250 et
1316 2190 1646 2252 manifeste

109 2276 311 2337 Paulus
340 2297 446 2339 eas
484 2280 857 2359 aequiparat.
904 2282 1118 2362 Igitur,
1166 2283 1347 2362 juxta
1397 2288 1648 2345 senten-

107 2369 232 2429 tiam
278 2371 469 2444 Pauli,
529 2373 722 2435 habet
751 2375 920 2436 Deus
955 2393 1172 2436 veram
1219 2381 1282 2437 et
1325 2381 1646 2456 propriam

110 2463 350 2541 aliquam
383 2465 811 2540 voluntatem,
858 2485 984 2546 qua
1026 2470 1157 2529 vult
1193 2487 1413 2531 omnes
1449 2471 1648 2531 homi-

109 2573 204 2614 nes
227 2557 418 2618 salvos
443 2558 612 2632 fieri,
641 2577 805 2638 quae,
836 2579 978 2621 cum
1019 2562 1162 2623 talis
1182 2581 1309 2624 non
1341 2562 1442 2638 sit,
1481 2570 1553 2625 ut
1579 2565 1644 2624 in

111 2650 367 2710 omnibus
414 2651 654 2712 habeat
701 2654 1030 2730 effectum,
1081 2673 1210 2715 non
1255 2662 1460 2735 potest
1505 2676 1642 2718 esse

109 2739 336 2814 efficax;
369 2750 463 2805 est
505 2763 661 2824 ergo
717 2746 982 2824 simplex
1023 2749 1497 2829 complacentia.
1537 2754 1644 2812 At-

110 2851 212 2910 que
237 2836 312 2896 ita
337 2837 548 2898 locum
571 2839 749 2899 illum
779 2839 1156 2903 intellexisse
1175 2842 1426 2904 videtur
1450 2844 1644 2923 Chry-

108 2935 381 2990 sostomus
441 2931 534 2991 ibi
566 2977 583 3005 ,
643 2932 859 2993 homil.
919 2935 955 2994 7
978 2980 999 3008 ‚
1057 2935 1272 2996 dicens
1321 2953 1336 2995 :
1391 2937 1645 3000 Imitare

107 3020 270 3083 Deum
285 3027 444 3086 tuum
461 3049 488 3096 ,·
523 3025 802 3088 siamus
825 3027 932 3090 ille
961 3029 1096 3089 vult
1114 3029 1318 3092 salvos
1335 3027 1494 3108 sieri,
1527 3045 1642 3092 me-

109 3114 208 3177 rito
235 3136 340 3196 pro
377 3118 650 3181 omnibus
691 3126 919 3200 oportet
966 3140 1182 3194 oraru
1212 3123 1272 3185 si
1311 3140 1508 3185 omnes
1536 3124 1643 3186 illc

109 3207 274 3271 salvos
304 3212 438 3289 fieri
459 3212 656 3293 cupit,
679 3213 854 3275 illivs
873 3220 932 3277 et
958 3219 1027 3277 tu
1051 3216 1342 3278 con-corda
1363 3214 1642 3277 volunta-

108 3299 189 3371 ti,·
231 3302 556 3384 subditque
593 3304 854 3366 inferius
897 3308 1020 3369 hoc
1065 3308 1254 3369 modo
1317 3308 1638 3369 induxisse

105 3410 198 3453 nos
237 3396 484 3459 Paulum
529 3398 610 3459 ad
658 3400 966 3463 orandum
1004 3420 1117 3481 pro
1167 3400 1529 3480 gentilibus,
1577 3408 1640 3465 et

105 3502 199 3562 pro
238 3489 537 3551 hoereticis
559 3536 575 3564 ,
631 3498 693 3553 et
741 3510 856 3571 pro
903 3494 1194 3555 omnibus
1251 3494 1633 3570 hominihuS,

108 3584 158 3638 et
181 3580 406 3644 illorum
443 3584 720 3646 salutem
758 3586 1116 3649 desiderare
1146 3606 1160 3648 ε
1203 3588 1361 3661 Quia
1391 3606 1503 3671 per
1529 3590 1636 3651 hoc

107 3672 188 3733 illi
239 3678 534 3741 evadimus
585 3676 818 3742 similes
852 3724 868 3752 ,
928 3681 1070 3743 dum
1129 3700 1262 3761 quoe
1313 3681 1444 3763 ipse
1501 3682 1638 3746 vult

109 3764 274 3827 eadem
317 3770 611 3834 volumus.
663 3771 778 3842 Qui
811 3778 1167 3851 propterea,
1210 3774 1426 3835 homil.
1482 3778 1509 3834 1
1557 3774 1638 3835 ad

107 3856 326 3935 Ephes„
363 3863 468 3937 ait,
507 3866 706 3927 Deum
743 3866 916 3927 valde
958 3884 1170 3948 cupere
1213 3872 1272 3929 et
1319 3867 1492 3929 valde
1538 3869 1638 3930 de·

109 3948 338 4014 sidau-are
379 3961 656 4020 nostram
699 3958 958 4021 salutem
985 4004 1000 4031 ,
1055 3958 1236 4022 etiam
1284 3976 1486 4021 eorum
1532 3961 1636 4021 ao-

109 4040 302 4106 minum
343 4064 485 4127 quos
515 4054 776 4131 propter
798 4056 1111 4131 poccatwm
1153 4052 1420 4115 damnat.
1461 4052 1632 4113 Circa

110 4148 240 4211 quos
266 4138 577 4221 distinguit
606 4142 671 4201 in
699 4144 830 4204 Deo
857 4142 1171 4221 duplicem
1193 4145 1576 4206 voluntatem
1613 4164 1627 4207 :

107 4242 270 4289 unam
293 4240 465 4295 vocat
489 4235 782 4314 primam,
821 4236 1008 4296 aliam
1031 4238 1398 4311 secundam,
1429 4244 1492 4299 et
1520 4256 1634 4317 per

107 4319 340 4395 priorem
393 4328 478 4388 ait
535 4328 700 4388 velle
751 4328 1000 4389 illorum
1061 4330 1328 4393 salutem
1377 4337 1634 4410 propter

109 4428 257 4473 suam
281 4417 640 4494 bonitatem,
668 4440 784 4501 per
809 4422 1218 4501 posteriorem
1237 4428 1449 4485 autem
1473 4425 1632 4486 velle

110 4521 198 4565 eos
236 4508 522 4575 damnare
561 4520 817 4594 propter
859 4534 1078 4577 eorum
1120 4523 1396 4596 peccata.
1433 4518 1630 4589 Quam

109 4595 526 4667 distinctionem
565 4606 842 4669 imitatur
861 4608 1309 4682 Damascenus,
1342 4609 1448 4670 lib.
1481 4612 1520 4670 2
1549 4610 1627 4672 de

109 4687 254 4769 Fide,
281 4714 409 4777 cap.
442 4702 544 4775 29,
578 4700 792 4762 dicens
827 4702 1028 4762 Deum
1073 4702 1370 4780 primaria
1405 4703 1629 4763 volun-

111 4786 214 4845 tate
237 4790 384 4851 velle
430 4810 650 4855 omnes
707 4792 946 4855 salvare
983 4813 998 4867 ;
1031 4794 1400 4855 secundaria
1451 4812 1624 4870 vero,

111 4892 224 4952 quoe
249 4898 320 4941 ex
342 4892 550 4947 nostra
591 4905 780 4947 causa
823 4893 939 4959 est,
967 4887 1124 4949 velle
1151 4888 1352 4948 malos
1379 4888 1622 4967 punire.

111 4968 198 5028 Cui
237 4975 410 5038 etiam
463 4981 788 5042 sententias
859 4988 1208 5043 consonant
1273 4980 1378 5042 illa
1436 4982 1629 5043 verba

113 5058 275 5139 Pauli,
307 5072 336 5128 1
369 5071 446 5131 ad
472 5074 688 5134 Thess.
725 5076 764 5134 4
797 5093 810 5134 :
845 5076 1003 5137 Ηιεσ
1039 5079 1133 5137 est
1170 5076 1325 5138 enim
1350 5076 1631 5139 voluntas

111 5152 206 5216 Dei
232 5164 612 5243 sanctificatio
637 5173 859 5242 vestra,
905 5186 1042 5246 quae
1071 5184 1200 5227 non
1235 5168 1316 5228 ad
1355 5168 1630 5247 praedes-

115 5246 326 5324 tinatos,
371 5257 480 5318 sed
521 5260 602 5320 ad
641 5266 836 5322 totum
863 5261 1167 5341 populum
1209 5261 1626 5323 Christianum

117 5342 413 5410 scribebat.
441 5350 609 5414 Idem
631 5354 1078 5428 Damascenus,
1097 5355 1140 5415 l.
1165 5361 1331 5416 cont.
1354 5355 1622 5416 Manich.

117 5428 366 5514 Prosper,
395 5440 499 5503 lib.
530 5447 568 5505 2
594 5446 674 5507 de
701 5448 916 5508 Vocat.
951 5454 1150 5527 gent.,
1181 5466 1298 5528 cap
1329 5450 1406 5510 19
1433 5453 1494 5509 et
1527 5450 1629 5523 25,

121 5522 248 5587 alias
269 5532 300 5590 ‘1
327 5540 386 5596 et
405 5534 464 5607 8,
493 5540 780 5616 praedictu
813 5541 1004 5603 verba
1045 5542 1216 5601 Pauli
1257 5542 1338 5604 ad
1358 5542 1628 5604 Timoth.

401 5656 486 5706 11.

1727 515 1790 586 Ξ,
1834 513 1912 574 de
1957 515 2249 576 omnibus
2290 515 2649 576 hominibus
2690 513 3049 593 simpliciter
3074 514 3297 576 intelli·

1729 607 1837 686 git,
1898 607 2135 681 dicens,
2184 625 2263 669 ex
2302 607 2757 669 universalibus
2807 607 2919 668 Dei
2976 605 3297 670 beneficiis

1729 704 2017 761 constare
2046 701 2243 761 Deum
2263 700 2446 774 velle,
2471 718 2843 780 semperque
2864 699 3135 762 voluisse
3165 719 3295 762 om-

1733 806 1849 852 nes
1873 792 2137 852 salvare.
2171 793 2345 854 Idem
2376 792 2565 854 habet
2586 795 2653 854 in
2682 810 2847 873 resp.
2882 794 2922 853 2
2956 793 3037 853 ad
3064 793 3291 874 object.

1732 885 2015 945 vincent.
2069 887 2351 965 Denique
2392 887 2527 948 haec
2568 887 2757 946 etiam
2804 892 2901 947 est
2946 888 3297 948 communis

1733 979 2037 1056 expositio
2058 979 2391 1051 Ambrosii,
2414 979 2888 1058 Theophylacti,
2910 978 3295 1054 OEcumenii,

1733 1077 1794 1130 et
1844 1071 2136 1144 aliorum,
2178 1077 2201 1132 1
2252 1072 2335 1132 ad
2386 1072 2655 1132 Timoth.
2714 1073 2793 1144 Ως
2847 1072 3293 1151 chrysostomi,

1730 1163 2201 1244 Theophylacti,
2252 1170 2313 1226 et
2370 1165 2659 1236 aliorum,
2714 1165 2777 1224 in
2807 1165 2962 1224 illud
2988 1167 3170 1227 Joan.
3210 1170 3237 1226 1
3276 1184 3291 1226 :

1735 1253 1854 1328 Qui
1887 1257 2204 1319 illuminat
2258 1273 2487 1319 omnem
2528 1259 2818 1319 hominem
2858 1259 3189 1326 venientem
3230 1259 3299 1320 in

1731 1348 1889 1411 huno
1932 1351 2241 1412 murcdum.
2272 1349 2553 1410 Tandem
2580 1350 2649 1409 D.
2694 1351 2989 1423 ThomaS,
3028 1354 3054 1411 1
3103 1357 3293 1429 part.,

1732 1448 1952 1520 quaest.
2001 1445 2099 1514 19,
2137 1442 2309 1504 artic.
2342 1444 2403 1514 6,
2449 1443 2531 1503 ad
2582 1446 2635 1514 1,
2681 1443 3132 1522 expositionem
3172 1445 3297 1505 Da-

1729 1536 2008 1596 masceui
2038 1540 2101 1596 et
2140 1536 2567 1614 chrysostomi
2594 1536 2759 1597 circa
2800 1537 2994 1596 verba
3031 1537 3228 1612 Pauli,
3266 1542 3290 1598 1

1729 1627 1811 1688 ad
1845 1629 2069 1689 Timot.
2116 1631 2177 1701 Ξ,
2222 1629 2423 1707 magis
2464 1629 2734 1707 probare
2780 1628 3050 1704 videtur,
3103 1647 3297 1710 quam

1733 1723 1924 1784 etiam
1956 1722 2059 1782 alii
2084 1723 2385 1800 Theologi
2412 1729 2782 1801 sequuntur.

1807 1819 1906 1878 10.
1940 1817 2247 1888 Duo-and„
2284 1817 2353 1877 in
2384 1819 2441 1888 1,
2479 1816 2625 1880 dist.
2658 1818 2760 1888 47,
2786 1835 2845 1897 q.
2872 1821 2901 1878 1
2932 1835 2949 1890 ς
2978 1816 3293 1892 Gar-thus„

1727 1909 1785 1970 d.
1820 1909 1923 1980 46,
1954 1927 2013 1988 q.
2051 1913 2119 1980 1;
2154 1907 2333 1984 Soto,
2368 1909 2451 1970 ad
2477 1910 2737 1972 Roman.
2760 1912 2833 1981 9;
2870 1909 3149 1984 Gor-dub„
3178 1911 3223 1973 l.
3262 1916 3291 1972 1

1731 1999 2141 2074 Quoescionar.
2168 2045 2184 2074 ,
2227 2020 2284 2082 q.
2336 2002 2449 2074 56;
2512 2002 2862 2066 Cameraolc.
2888 2048 2905 2076 ,
2952 2004 3021 2066 in
3068 2005 3292 2088 dialog.

1733 2093 1935 2167 Cam,
1960 2113 2011 2158 c.
2042 2097 2106 2170 6,
2131 2095 2169 2174 ξ
2200 2098 2256 2155 1.
2280 2131 2357 2140 -
2375 2097 2480 2157 Est
2511 2096 2699 2176 igitur
2734 2097 2795 2156 in
2826 2099 2978 2171 Deo,
3014 2113 3143 2158 non
3170 2116 3300 2160 me-

1728 2189 2085 2267 taphorice,
2133 2187 2247 2248 sed
2272 2207 2419 2250 vere
2452 2193 2515 2250 et
2556 2189 2807 2268 proprie
2849 2191 3138 2251 voluntas
3182 2190 3301 2251 sal-

1725 2281 1914 2341 vandi
1936 2299 2045 2342 eos
2070 2299 2229 2360 quos
2250 2281 2318 2340 in
2344 2287 2651 2342 aeternum
2668 2281 2800 2343 vult
2825 2283 3049 2362 punire
3070 2300 3087 2355 ;
3116 2301 3297 2362 ergo,

1729 2391 1874 2433 cum
1907 2374 2040 2435 haec
2068 2374 2377 2453 posterior
2402 2374 2691 2436 voluntas
2722 2375 2949 2436 habeat
2978 2375 3297 2451 effectum,

1730 2473 1792 2527 et
1821 2484 1950 2526 non
1980 2467 2088 2526 illa
2108 2513 2123 2540 ,
2161 2485 2421 2528 necesse
2448 2473 2545 2528 est
2572 2473 2643 2528 ut
2665 2467 2973 2546 posterior
3000 2468 3081 2528 sit
3113 2468 3301 2530 abso-

1725 2560 1854 2619 luta
1889 2566 1949 2620 et
1994 2561 2247 2634 efficax,
2292 2560 2461 2638 prior
2494 2577 2647 2622 vero
2674 2559 3137 2634 conditionata,
3182 2579 3297 2622 seu

1724 2669 1840 2733 per
1873 2653 2223 2732 simplicem
2262 2659 2509 2713 tantum
2550 2653 2871 2714 affectum.
2917 2654 3135 2734 Neque
3176 2654 3298 2716 hoc

1727 2751 1820 2806 est
1837 2744 2031 2805 ullum
2046 2745 2517 2820 inconveniens,
2532 2745 3045 2824 quandoquidem
3066 2753 3299 2808 utrum-

1725 2856 1849 2916 que
1877 2837 2197 2917 objectum
2221 2837 2461 2898 bonum
2481 2838 2661 2898 estin
2682 2837 2899 2902 ordine
2918 2837 3002 2899 ad
3019 2838 3299 2900 diversas

1722 2932 1984 2992 virtutes
2004 2950 2019 3003 3
2048 2947 2195 2990 nam
2216 2931 2386 2992 salus
2406 2937 2471 2992 et
2486 2931 2806 2992 beatitudo
2831 2931 3159 2992 hominum
3182 2951 3299 3012 per

1725 3043 1792 3086 se
1816 3023 2108 3102 amabilis,
2132 3030 2247 3098 est,
2295 3030 2358 3084 et
2385 3023 2451 3082 in
2478 3024 2591 3084 Dei
2622 3023 2883 3103 gloriam
2914 3025 3191 3098 cedens3
3236 3030 3299 3087 et

1722 3117 1804 3180 ad
1845 3118 2215 3179 charitatem
2258 3123 2320 3178 et
2360 3116 2851 3178 misericordiam
2894 3119 3191 3197 pertinet,
3228 3125 3299 3181 ut

1721 3213 1888 3272 Deus
1913 3212 2065 3273 velit
2094 3211 2283 3283 illam,
2316 3217 2623 3291 quantum
2652 3216 2747 3272 est
2772 3230 2849 3273 ex
2878 3230 2969 3285 se,
3000 3218 3069 3273 ut
3097 3213 3299 3291 loqui-

1719 3311 1822 3365 tur
1852 3305 2354 3383 chrysostomuS,
2389 3304 2608 3365 homil.
2651 3306 2686 3363 ‘1
2718 3304 2783 3365 in
2810 3306 2993 3366 Joan.
3019 3322 3036 3377 ;
3063 3307 3285 3385 punire

1721 3403 1936 3459 autem
1975 3402 2234 3476 peccata
2262 3396 2531 3475 pertinet
2559 3395 2639 3456 ad
2666 3397 2973 3476 justitiam
3000 3415 3016 3471 ;
3059 3403 3122 3459 et
3146 3397 3290 3459 ideo

1720 3490 1910 3551 etiam
1938 3490 2209 3551 amabile
2238 3495 2354 3562 est,
2385 3507 2515 3549 non
2542 3493 2757 3551 tamen
2784 3508 2898 3569 per
2926 3509 2995 3552 se
3026 3495 3089 3552 et
3113 3490 3293 3552 abso·

1716 3583 1871 3656 lute,
1896 3582 2009 3643 sed
2030 3601 2107 3645 ex
2130 3581 2559 3662 suppositione
2579 3583 2853 3661 peccati;
2882 3602 3032 3664 ergo
3054 3590 3291 3645 utrum-

1720 3695 1842 3756 que
1873 3675 2169 3737 affectum
2208 3675 2392 3749 simul
2419 3674 2612 3736 habet
2641 3677 2809 3737 Deus
2838 3694 2913 3738 eo
2942 3676 3131 3739 modo
3160 3694 3287 3756 quo

1719 3768 1902 3831 simul
1938 3768 2155 3830 haberi
2190 3774 2434 3847 potest;
2483 3786 2613 3829 non
2639 3774 2847 3848 potest
2872 3776 3087 3831 autem
3114 3774 3288 3831 uter·

1717 3880 1838 3941 que
1868 3880 2007 3923 esse
2040 3860 2260 3922 efficax
2288 3862 2351 3921 in
2384 3860 2601 3921 ordine
2630 3862 2713 3921 ad
2738 3862 2911 3923 idem
2940 3862 3282 3941 obiectum,

1716 3954 1864 4033 quia
1915 3954 2249 4015 involvitur
2296 3954 2713 4033 repugnantia
2748 3974 2764 4026 ;
2823 3972 2974 4033 ergo
3026 3955 3311 4033 quando·

1713 4046 2001 4107 voluntas
2036 4046 2345 4107 inferendi
2386 4064 2642 4125 poenam
2682 4053 2985 4108 aeternam
3026 4055 3121 4109 est
3154 4048 3282 4109 effi-

1713 4158 1850 4212 cax,
1884 4144 2100 4199 manet
2128 4139 2532 4199 nihilominus
2562 4140 2626 4199 in
2654 4139 2783 4200 Deo
2810 4139 3071 4219 simplex
3096 4141 3282 4201 affec·

1717 4238 1814 4294 tus
1835 4231 2025 4293 dandi
2052 4231 2315 4311 gloriam
2334 4230 2539 4293 eidem
2564 4232 2663 4293 cui
2684 4231 2815 4293 vult
2831 4232 2981 4293 dare
3000 4250 3273 4311 poenam.

1715 4325 1894 4397 Quod
1942 4327 2131 4387 etiam
2178 4325 2436 4387 effectus
2482 4325 2601 4404 ipsi
2644 4325 3081 4399 manifestant,
3126 4343 3277 4387 nam

1715 4420 1878 4481 Deus
1921 4418 2155 4498 proebet
2181 4418 2291 4479 tali
2332 4418 2569 4480 homini
2608 4418 2977 4481 sufficientia
3020 4420 3273 4493 auxilia,

1713 4515 1973 4592 quibua,
2018 4512 2073 4573 si
2109 4512 2279 4587 velit,
2326 4530 2581 4592 poenam
2624 4512 2850 4575 evadat
2894 4517 2957 4575 et
3008 4512 3277 4575 salutem

1713 4610 2169 4688 consequatur3
2210 4624 2360 4685 ergo
2389 4606 2641 4686 signum
2672 4611 2767 4667 est
2803 4604 3039 4667 habere
3078 4606 3275 4668 Deum

1708 4719 1929 4762 verum
1978 4706 2041 4763 et
2088 4700 2412 4779 proprium
2458 4700 2789 4775 affectum,
2834 4705 2929 4775 et,
2982 4704 3051 4760 ut
3099 4718 3275 4761 more

1709 4800 1920 4855 nostro
1958 4794 2296 4872 loquamur
2318 4836 2334 4864 ,
2379 4790 2761 4853 desiderium
2798 4798 2869 4854 ut
2900 4792 3045 4853 talis
3085 4792 3275 4854 homo

1709 4906 1838 4948 non
1879 4887 2232 4947 damnetur.
2272 4885 2499 4947 Dicunt
2543 4884 2737 4964 aliqui
2776 4888 2979 4947 Deum
3020 4886 3276 4963 quidem

1709 4981 1870 5043 velle
1903 4981 2075 5039 illum
2110 4978 2303 5041 finem
2330 4978 2397 5039 in
2422 4978 2670 5052 mediis,
2699 4983 2763 5040 et
2788 4997 2917 5040 non
2947 4979 3011 5038 in
3040 4979 3268 5059 seipso.

1711 5073 1834 5135 Sed
1865 5078 2105 5147 contra,
2135 5090 2281 5131 nam
2308 5089 2455 5133 vere
2478 5072 2648 5133 Deus
2670 5071 2801 5132 vult
2828 5071 2983 5132 dare
3010 5070 3117 5131 illa
3140 5088 3276 5133 me—

1711 5165 1814 5227 dia
1837 5171 2093 5245 propter
2118 5164 2292 5225 illum
2313 5163 2508 5225 finem
2528 5164 2595 5225 in
2616 5182 2710 5237 se,
2738 5163 2974 5243 alioqui
3004 5180 3123 5225 nec
3149 5162 3275 5224 vel-

1709 5259 1796 5319 let
1824 5259 2032 5319 media
2058 5265 2127 5320 ut
2152 5258 2361 5319 media
2380 5304 2396 5330 ,
2440 5274 2649 5337 neque
2685 5274 2762 5318 ex
2788 5256 3043 5336 propria
3070 5256 3274 5315 inten-

1711 5352 1878 5412 tione
1905 5351 2221 5413 ordinaret
2246 5368 2323 5411 ea
2349 5350 2413 5411 in
2436 5349 2627 5412 talem
2651 5348 2864 5410 finem.
2896 5348 3065 5410 Sicut
3084 5346 3274 5409 etiam

1713 5444 1844 5505 vult
1871 5444 2023 5506 dare
2048 5446 2211 5506 Deus
2242 5443 2477 5505 homini
2500 5444 2889 5504 voluntatem
2918 5447 2984 5503 et
3014 5456 3277 5501 concur-

1717 5556 1856 5601 sum
1893 5538 2303 5599 sufficientem
2336 5536 2415 5601 ad
2440 5541 2649 5598 actum
2674 5535 2939 5616 peccati,
2972 5538 3036 5597 et
3066 5540 3279 5597 tamen

2874 5642 2955 5705 26
