3850 6225
508 347 627 406 112

505 469 693 532 quem
728 453 862 534 ipsa
884 454 1162 534 eligeret.
1194 459 1327 518 Imo
1354 458 1558 521 addit:
1592 461 1676 524 In
1712 463 1812 527 Itis
1834 462 2070 526 actibus

504 549 614 626 qui
662 549 1111 612 disconveniunt
1158 551 1504 628 voluntati,
1562 555 1841 618 voluntas
1893 554 2071 635 quasi

499 642 796 720 praevenit
843 643 1059 718 Deum,
1106 644 1269 723 quod
1312 651 1402 706 est
1429 664 1579 708 sano
1617 647 1801 709 modo
1839 645 2070 708 intelli-

502 736 803 814 gendum,
826 735 1076 813 scilicet,
1104 755 1230 798 non
1246 737 1584 800 secundum
1608 740 1923 820 propriam
1963 757 2074 800 an·

505 827 909 890 tecessionem
952 829 1284 907 causalem,
1330 831 1435 892 sed
1490 833 1833 894 secundum
1884 833 2072 894 ratio·

505 941 653 984 nem
676 924 1013 1003 quamdam
1038 941 1233 985 causae
1262 923 1753 1002 determinantis,
1784 932 1857 987 ut
1884 944 2072 1006 supra

504 1013 665 1078 libro
696 1017 897 1098 primo
942 1016 1321 1096 explicatum
1354 1025 1469 1080 est.

587 1110 916 1189 Gregorius
968 1109 1037 1170 in
1064 1113 1127 1186 2,
1159 1108 1221 1172 d.
1259 1111 1361 1187 28,
1405 1131 1465 1192 q.
1514 1115 1574 1189 1,
1610 1117 1728 1175 art.
1760 1115 1821 1188 3,
1847 1111 1926 1172 ad
1967 1113 2068 1188 12,

506 1204 596 1267 ait
621 1205 815 1264 Deum
838 1220 1199 1264 concurrere
1225 1222 1366 1266 cum
1390 1205 1711 1268 voluntate
1746 1204 1827 1266 ad
1858 1210 2069 1266 actum

507 1297 768 1372 malum,
798 1314 916 1358 non
945 1297 1220 1374 faciendo
1258 1297 1433 1360 illam
1461 1299 1679 1376 eliyere
1710 1303 1912 1362 actum
1940 1313 2071 1358 ma-

506 1391 654 1464 lum,
694 1391 797 1452 sed
834 1389 1192 1468 partialiter
1242 1389 1372 1468 (ait)
1397 1391 1801 1468 coefficiendo‚
1847 1391 1956 1471 qui
1984 1395 2072 1452 est

504 1483 715 1546 modus
764 1483 1091 1545 communis
1144 1499 1256 1564 quo
1299 1485 1602 1546 concurrit
1647 1484 1729 1546 ad
1754 1483 2072 1564 cujuslibet

507 1577 699 1640 creati
724 1575 963 1655 ayentie
977 1576 1293 1655 quemlibet
1313 1579 1611 1657 effectum.
1636 1577 1827 1638 Vocat
1861 1581 2072 1637 autem

506 1687 874 1730 concursum
923 1668 1033 1730 Dei
1088 1668 1413 1748 partialem
1460 1669 1849 1731 effectionem
1866 1713 1887 1744 ,
1933 1686 2072 1750 par-

506 1761 770 1823 tialitate
798 1765 892 1840 (ut
919 1760 1113 1841 aiunt)
1141 1779 1364 1839 causae,
1419 1779 1547 1823 non
1579 1761 1955 1842 partialitate
1985 1760 2074 1823 ef·

504 1855 737 1930 fectus3
772 1872 899 1916 non
926 1855 1097 1916 enim
1120 1855 1251 1934 agit
1275 1861 1517 1934 partem
1538 1855 1815 1929 effectuS,
1847 1854 1954 1916 sed
1980 1861 2072 1916 to-

509 1954 679 2026 tum3
709 1957 945 2024 tamen,
976 1949 1122 2028 quia
1149 1967 1277 2010 non
1294 1949 1459 2010 solus
1480 1950 1632 2028 agit,
1659 1947 1764 2010 sed
1786 1966 1927 2010 cum
1951 1947 2074 2010 alia

506 2060 711 2117 causa,
748 2043 884 2104 ideo
916 2043 1005 2102 ait
1046 2059 1175 2104 esse
1224 2041 1554 2122 partialem
1606 2041 2072 2104 coefficientiam

506 2153 584 2197 ex
611 2142 785 2214 parte
812 2153 1011 2196 causas
1037 2133 1317 2196 absolute
1348 2140 1611 2215 sumptae
1626 2151 1647 2213 3
1689 2135 1974 2215 quamvis
2005 2136 2072 2196 in

506 2248 618 2291 suo
651 2247 900 2308 genere,
936 2247 1135 2291 causae
1176 2228 1407 2290 scilicet
1452 2229 1691 2309 primas,
1722 2233 1869 2307 agat
1912 2229 2072 2290 Deus

507 2328 578 2383 ut
608 2341 797 2384 causa
848 2321 1076 2383 totalis.
1128 2321 1435 2394 Quoniam
1485 2339 1631 2382 vero
1684 2319 1816 2401 ipse
1844 2321 2072 2401 Grego-

504 2417 636 2477 rius
689 2415 979 2495 opinatur
1018 2414 1096 2474 ad
1124 2432 1378 2476 omnem
1424 2419 1632 2476 actum
1676 2413 1911 2475 bonum
1943 2434 2071 2478 esse

505 2507 923 2570 necessarium
972 2505 1275 2568 auxilium
1306 2506 1547 2585 gratiae,
1578 2507 1718 2568 ideo
1768 2506 2034 2570 differen
2055 2543 2071 2553 -

506 2602 659 2663 tiam
679 2602 747 2663 in
773 2601 889 2663 hoc
912 2599 1231 2661 constituit
1255 2600 1421 2660 inter
1438 2604 1612 2660 actus
1634 2598 1829 2660 bonos
1853 2605 1914 2661 et
1943 2618 2074 2662 ma·

503 2695 620 2771 loe,
650 2695 813 2774 quod
843 2695 922 2754 ad
951 2699 1127 2754 actus
1156 2693 1351 2753 bonos
1373 2692 1534 2754 Deus
1556 2691 1824 2772 applicat
1854 2693 2068 2755 volun·

506 2797 722 2867 tatem,
752 2807 880 2850 non
900 2788 980 2849 ad
1000 2786 1227 2864 malos3
1248 2787 1351 2848 sed
1380 2785 1672 2866 intelligit
1696 2786 1773 2848 de
1799 2787 2068 2867 applica-

505 2884 675 2944 tione
698 2901 808 2963 per
838 2880 1105 2960 gratiam
1141 2878 1533 2950 excitantem,
1567 2897 1707 2958 quae
1748 2898 1875 2940 non
1906 2879 2072 2941 tollit

506 2981 868 3058 potestatem
894 2972 1237 3047 resistendi,
1262 2978 1333 3032 ut
1350 2970 1582 3033 ibidem
1609 2971 1777 3034 dicit.
1812 2972 1982 3034 Idem
2001 2972 2070 3034 in

506 3071 569 3146 2,
594 3069 865 3131 distinct.
904 3067 1005 3143 34,
1031 3071 1152 3127 art.
1183 3067 1242 3141 3,
1271 3064 1351 3128 ad
1373 3065 1434 3141 8,
1466 3082 1657 3145 agens
1674 3065 1753 3128 de
1766 3083 2071 3128 concursu

506 3164 614 3224 Dei
642 3162 720 3223 ad
744 3160 1060 3223 materiale
1088 3158 1345 3240 peccati,
1382 3158 1470 3219 ait
1510 3158 1716 3239 potius
1745 3159 1941 3220 Deum
1973 3177 2072 3220 se-

506 3256 615 3337 qui
638 3253 1216 3316 determinationem
1234 3250 1594 3327 voluntatis,
1630 3268 1819 3330 quam
1860 3269 1896 3313 e
1926 3269 2071 3313 con·

507 3349 697 3411 trario
714 3364 735 3426 3
766 3344 935 3427 quod
979 3343 1287 3425 quomodo
1310 3342 1785 3423 intelligendum
1812 3344 1915 3421 sit,
1940 3344 2071 3424 jam

511 3440 667 3503 dixi.

589 3538 685 3597 13.
732 3532 979 3598 Gabriel
996 3532 1250 3621 omnino
1272 3531 1553 3593 imitatur
1578 3530 1973 3611 Gregorium,
2001 3530 2071 3591 in

506 3632 570 3706 2,
605 3630 878 3691 distinct.
921 3628 1022 3702 37,
1056 3631 1274 3705 quoest.
1311 3626 1516 3700 unica,
1546 3630 1665 3687 art.
1724 3626 1785 3698 3,
1824 3623 1975 3684 dub.
2007 3626 2068 3685 ⁴2.

504 3722 783 3785 Andreas
801 3720 879 3783 de
906 3720 1300 3794 castronovo,
1326 3718 1393 3779 in
1423 3720 1479 3793 1,
1510 3718 1574 3779 d.
1598 3718 1703 3793 22,
1733 3735 1845 3797 per
1866 3716 2072 3797 plures

506 3817 874 3899 quaestiones
915 3814 1181 3893 copiose,
1216 3818 1279 3874 et
1307 3816 1506 3886 acute,
1537 3816 1599 3871 et
1626 3828 1754 3870 non
1800 3808 2073 3870 inerudi-

505 3915 591 3987 te,
614 3908 776 3971 hanc
792 3926 925 3969 rem
948 3906 1243 3987 disputat,
1262 3910 1325 3967 et
1350 3903 1567 3966 eodem
1593 3902 1779 3964 modo
1799 3901 2072 3963 declarat

505 4000 674 4065 hunc
706 4016 1073 4063 coneursum
1092 3998 1171 4059 ad
1189 4004 1397 4059 actum
1426 3996 1681 4076 peccati,
1705 4001 1767 4057 et
1794 3994 2070 4075 speciali·

505 4101 600 4156 ter
628 4099 843 4175 quaest.
873 4094 937 4168 2,
960 4092 1041 4153 ad
1058 4093 1120 4168 Ξ,
1144 4091 1253 4168 ait,
1285 4091 1481 4154 Deum
1506 4090 1651 4152 velle
1669 4090 1825 4151 hunc
1842 4092 2066 4163 actum,

505 4207 623 4251 non
661 4187 806 4250 celle
850 4186 1119 4248 absoluto
1158 4184 1519 4263 simpliciter
1568 4188 1623 4245 et
1664 4180 1926 4257 efficaci,
1969 4198 2072 4243 nec

504 4282 651 4344 velle
670 4280 1138 4360 pra-ordinante,
1170 4278 1272 4339 sed
1295 4276 1418 4339 solo
1454 4276 1598 4339 celle
1642 4273 1946 4354 qeneralie
1974 4275 2069 4335 in-

505 4375 799 4454 fluentioe,
838 4372 994 4453 quod
1021 4374 1108 4433 est
1126 4374 1365 4432 tantum
1400 4369 1545 4432 velle
1579 4368 1895 4431 secundum
1922 4366 2072 4447 quid

506 4472 561 4531 ct
588 4464 1093 4538 conditionaliter,
1118 4464 1289 4543 quia,
1315 4468 1603 4541 quantum
1637 4464 1725 4524 eet
1752 4478 1824 4523 ecc
1850 4478 1934 4535 cc,
1961 4477 2068 4539 po-

505 4561 633 4623 tine
646 4558 815 4621 vellet
835 4559 998 4621 Deus
1012 4554 1191 4618 illum
1208 4560 1407 4617 actum
1436 4572 1555 4616 non
1568 4554 1710 4634 fieri
1719 4574 1747 4623 ;
1760 4558 1982 4629 tamen,
2005 4553 2064 4615 si

503 4652 781 4715 voluntas
804 4655 1006 4715 creata
1031 4648 1351 4711 cultillum
1370 4665 1607 4727 ponere,
1628 4664 1748 4707 non
1765 4646 1898 4707 cult
1929 4647 2064 4709 sub-

507 4746 745 4809 trahere
784 4742 1171 4824 influentiam
1198 4758 1395 4803 mm.
1427 4740 1505 4801 Et
1540 4738 1738 4818 magis
1764 4738 1901 4800 vult
1930 4739 2062 4815 (ait)

504 4838 890 4901 voluntatem
915 4840 1187 4897 creatam
1226 4852 1353 4894 suae
1380 4832 1651 4894 libertati
1668 4830 1960 4910 relinqui,
2005 4836 2068 4893 et

504 4950 618 5013 per
646 4946 1029 5009 consequens
1074 4944 1251 4989 suam
1292 4926 1645 5006 generalem
1674 4924 2068 4985 influentiam

504 5029 789 5106 paratam
812 5040 964 5097 esse,
988 5037 1177 5100 quam
1198 5019 1587 5080 voluntatem
1616 5022 1889 5079 creatam
1935 5034 2067 5077 om·

505 5119 659 5180 nino
700 5114 1004 5197 impedire
1047 5112 1145 5175 vel
1186 5113 1573 5175 necessitate.
1632 5112 1849 5173 Postea
1892 5128 2059 5186 vero,

506 5210 947 5291 quaestionibus
965 5212 1213 5289 quarta,
1232 5211 1427 5282 sexta,
1450 5205 1712 5285 septima
1734 5211 1797 5266 et
1814 5214 2062 5280 octava,

506 5304 754 5366 videtur
775 5303 1101 5365 admittere
1126 5300 1238 5360 has
1254 5298 1627 5359 locutiones:
1658 5297 1865 5359 Prima
1884 5314 2067 5358 causa

502 5398 678 5479 prius
702 5402 927 5457 natura
952 5394 1106 5473 agit,
1136 5410 1325 5471 quam
1364 5390 1677 5466 secunda;
1704 5395 1802 5451 et:
1838 5391 2068 5451 Secun-

506 5490 587 5551 da
614 5490 747 5569 agit
773 5490 921 5569 quia
960 5490 1093 5566 agit
1120 5486 1346 5565 prima,
1368 5490 1431 5547 et
1465 5503 1593 5547 non
1645 5503 1678 5545 e
1710 5484 2065 5561 contrari03

1060 354 1273 408 OPUSC.
1308 356 1347 418 1,
1382 355 1499 410 ΗΒ.
1536 359 1597 412 n.
1633 361 1713 414 DE
1746 359 2066 415 coNcURstJ
2097 359 2202 414 nm
2233 361 2318 413 An
2351 359 2550 413 Ac'rus
2583 358 2828 414 onmms
2859 359 3147 413 NATURAE.

2147 461 2254 522 sed
2281 481 2406 544 quo
2427 480 2612 524 sensu
2627 460 2942 543 loquatur,
2969 460 3270 542 superiori
3283 459 3442 522 libro
3469 458 3668 522 dictum

2152 559 2264 616 est.

2237 645 2582 725 Almainus‚
2612 653 2858 710 tractat.
2893 648 3098 729 primo
3120 643 3362 723 Moral.,
3392 663 3448 706 c.
3481 645 3674 724 primo,

2151 738 2343 801 refert
2364 740 2662 819 quosdam
2685 747 3026 804 asserentes
3060 741 3252 802 Deum
3281 755 3408 798 non
3437 736 3584 798 velle
3601 757 3676 800 ac·

2151 835 2286 892 tum
2317 831 2576 910 malum,
2600 834 2846 896 etiamsi
2867 833 3094 896 efficiat
3111 832 3286 893 illum
3305 853 3322 906 3
3349 831 3484 910 ipse
3504 837 3678 892 autem

2151 927 2240 985 ait
2261 925 2441 1002 velle,
2471 945 2596 988 non
2643 927 3098 1001 antecedenter,
3145 925 3248 986 sed
3293 924 3680 985 concomitan-

2149 1024 2271 1094 tffl's
2302 1019 2468 1100 quod
2515 1038 2644 1082 non
2691 1025 2894 1102 potest
2931 1020 3114 1082 aliter
3155 1018 3422 1096 intelligi
3465 1017 3577 1078 nisi
3621 1037 3680 1080 ex
3797 1023 3799 1026 ⁴

2152 1119 2328 1192 parte
2369 1113 2616 1195 obiecti.
2665 1115 2916 1177 Clarum
2964 1131 3236 1194 namque
3283 1118 3377 1172 est
3415 1110 3568 1171 velle
3594 1112 3678 1172 Dei
3797 1117 3799 1142 ²

2152 1207 2535 1284 antecedere,
2571 1215 2663 1270 est
2689 1209 2860 1271 enim
2889 1214 3230 1284 aetemum3
3264 1211 3475 1266 tamen
3500 1223 3600 1284 per
3622 1205 3682 1265 il-

2151 1299 2258 1362 lud
2290 1321 2416 1364 non
2439 1302 2574 1364 vult
2596 1304 2756 1365 Deus
2784 1301 2908 1364 nisi
2942 1301 3426 1364 concomitanter
3453 1297 3682 1360 influere

2151 1394 2218 1454 in
2239 1401 2474 1472 actum,
2497 1397 2664 1477 quod
2691 1396 2757 1458 in
2781 1396 2946 1458 idem
2969 1395 3167 1469 redit;
3197 1394 3342 1475 qnia
3367 1392 3490 1454 hoc
3510 1392 3682 1470 ipsum

2151 1486 2310 1548 nihil
2337 1487 2508 1550 aliud
2539 1494 2632 1551 est
2659 1507 2848 1570 quam
2877 1487 3040 1550 velle
3071 1492 3278 1548 actum
3306 1503 3437 1546 non
3485 1484 3688 1564 simpli-

2153 1580 2325 1653 citer,
2353 1579 2460 1642 sed
2487 1581 2542 1642 si
2587 1581 2874 1644 voluntas
2913 1587 3120 1644 creata
3164 1578 3314 1641 velit
3359 1575 3545 1638 simul
3569 1595 3688 1637 con-
3794 1579 3796 1658 ἶ

2153 1690 2424 1736 currere.

2233 1767 2446 1829 Scotus
2471 1767 2538 1830 in
2571 1769 2636 1844 Ξ,
2665 1767 2730 1829 d.
2777 1769 2878 1844 37,
2917 1765 2956 1848 ξ
2997 1765 3103 1829 Ad
3141 1765 3516 1837 solutionem,
3554 1761 3688 1822 hanc

2151 1859 2336 1940 plane
2364 1861 2735 1922 sententiam
2768 1860 2968 1936 docet,
3000 1859 3179 1938 cujus
3199 1857 3390 1919 verba
3417 1873 3596 1934 supra
3613 1872 3688 1915 re-

2151 1953 2270 2014 tuli
2291 1952 2433 2016 libr.
2469 1957 2530 2029 1,
2569 1970 2706 2033 cap.
2748 1953 2992 2033 quinto,
3025 1953 3092 2014 in
3125 1950 3276 2012 fine.

2233 2045 2589 2108 Franciscus
2627 2046 2943 2119 Meironis,
2977 2050 3219 2106 secutus
3245 2045 3524 2118 Scotum,
3558 2041 3617 2102 in
3638 2045 3686 2115 Ξ,

2153 2136 2216 2198 d.
2259 2139 2363 2215 43,
2407 2143 2624 2218 quaest.
2660 2141 2724 2215 4,
2773 2139 2861 2200 ait
2897 2139 3127 2214 Deum,
3176 2135 3596 2199 concurrendo
3627 2135 3688 2195 ad

2153 2236 2360 2292 actum
2390 2233 2647 2312 peccati,
2673 2250 2802 2293 non
2819 2231 2980 2292 velle
3003 2231 3182 2292 illum
3203 2229 3530 2290 voluntate
3547 2233 3690 2288 ante-

2153 2325 2418 2395 cedenti,
2451 2325 2560 2386 sed
2585 2329 3020 2404 consequente,
3035 2323 3200 2404 quod
3219 2321 3557 2401 explicans,
3579 2321 3689 2380 ait:

2164 2419 2310 2486 Vult
2337 2418 2498 2482 enim
2519 2425 2762 2498 pactum
2789 2424 3002 2494 tenere,
3032 2423 3089 2481 et
3113 2434 3234 2479 non
3265 2419 3505 2497 suffere,
3551 2415 3694 2477 scili-

2151 2517 2258 2586 cet,
2301 2513 2462 2593 quod
2484 2513 2552 2574 in
2579 2513 2742 2573 omni
2765 2511 2998 2574 actione
3033 2515 3334 2574 creatmoe
3361 2507 3600 2570 assistit
3637 2507 3692 2568 in

2151 2605 2479 2678 cau-rande,
2509 2604 2672 2667 etad
2697 2605 2906 2666 bonnm
2943 2609 3002 2667 et
3034 2604 3119 2665 ad
3144 2601 3394 2664 malum.

2229 2699 2691 2773 Bonaventura,
2721 2696 2791 2757 in
2819 2697 2882 2772 Ξ,
2908 2695 2972 2756 d.
2999 2695 3102 2769 37,
3135 2701 3253 2756 art.
3301 2698 3360 2771 1,
3403 2699 3612 2774 φηςι.
3645 2697 3692 2766 1,

2149 2791 2226 2852 ad
2277 2790 2391 2851 ult.
2417 2805 2434 2850 z
2458 2790 2543 2853 In
2593 2789 2866 2868 operibus
2903 2787 3152 2868 (inquit)
3194 2787 3693 2868 indifferentibus,

2149 2885 2242 2948 vel
2269 2884 2452 2946 etiam
2487 2883 2697 2958 malis,
2735 2900 2855 2944 non
2901 2887 2992 2944 est
3027 2882 3160 2944 nisi
3204 2881 3336 2943 sola
3385 2882 3696 2959 cooperatio

2151 2977 2374 3040 divina·
2413 2975 2689 3051 virtutis,
2721 2993 2852 3055 quoe
2893 2976 3156 3038 miscens
3182 2975 3252 3036 in
3292 2978 3580 3036 creatura
3611 2990 3697 3051 po-

2151 3068 2513 3143 tentialiter,
2535 3067 2940 3131 essentialiter
2959 3073 3018 3131 et
3038 3065 3543 3147 praesentialiter,
3563 3065 3698 3127 sicut

2151 3164 2457 3223 conservat
2488 3176 2618 3223 cam
2658 3158 2729 3221 in
2775 3161 3035 3236 essendo,
3061 3160 3150 3223 sic
3192 3160 3451 3239 adjuvat
3490 3159 3554 3219 in
3581 3176 3698 3238 ope-

2149 3256 2370 3329 rando,
2395 3257 2645 3333 propter
2671 3254 2834 3333 quod
2865 3253 3204 3317 conceditur
3229 3252 3315 3314 ibi
3359 3270 3490 3315 esse
3527 3270 3700 3331 coope-

2151 3348 2338 3423 ratio,
2368 3364 2488 3407 non
2517 3347 2847 3427 praeventio
2875 3348 2966 3409 vel
2990 3347 3326 3409 subsecutio
3347 3368 3374 3415 ;
3401 3350 3467 3405 et
3495 3344 3700 3405 ibidem

2151 3442 2264 3514 ait,
2297 3441 2492 3502 Deum
2521 3456 2649 3500 non
2674 3440 2966 3517 excitare,
3002 3438 3126 3500 nisi
3149 3438 3227 3499 ad
3259 3456 3451 3517 opera
3471 3438 3630 3498 bona
3651 3443 3702 3497 et

2153 3533 2494 3609 meritoria,
2521 3550 2648 3593 non
2680 3533 2759 3594 ad
2790 3533 2956 3595 mala
2979 3539 3043 3595 et
3069 3532 3520 3607 indifferentia;
3546 3530 3704 3592 intel-

2153 3626 2302 3705 lige,
2332 3631 2405 3685 ut
2429 3624 2853 3687 indifferentia
2881 3631 3050 3686 sunt.

2233 3717 2551 3781 ExAlensi
2585 3717 2766 3798 plura
2805 3718 3048 3779 adduxi·
3067 3736 3274 3799 supra,
3310 3716 3399 3778 lib
3431 3720 3494 3794 1,
3525 3735 3580 3779 c.
3623 3718 3700 3789 11,

2152 3828 2290 3891 quse
2319 3808 2422 3871 hic
2447 3809 2636 3870 etiam
2686 3809 2982 3890 applicari
3023 3816 3303 3891 possunt,
3355 3810 3462 3872 sed
3509 3809 3706 3889 praeci-

2147 3920 2273 3983 pue
2293 3901 2460 3964 favet
2483 3905 2514 3964 1
2543 3920 2605 3983 p.
2615 3946 2635 3977 ‚
2661 3908 2878 3981 quoest.
2911 3904 3014 3979 40,
3037 3902 3271 3965 memb.
3293 3906 3358 3981 4,
3389 3902 3474 3965 ad
3500 3905 3559 3965 3.

2231 3997 2331 4055 14.
2363 3996 2455 4056 Ex
2479 3995 2550 4057 D.
2578 3994 2842 4071 Thoma,
2867 4000 3094 4077 praeter
3127 4013 3202 4057 ea
3241 4014 3376 4076 quae
3415 3996 3498 4057 de
3537 4012 3706 4075 gene-

2149 4087 2266 4149 rali
2294 4105 2599 4149 concursu
2628 4087 2696 4149 in
2721 4088 3026 4168 superiori
3055 4087 3218 4149 libro
3245 4087 3519 4166 allegata
3551 4094 3704 4163 sunt,

2151 4197 2286 4259 cap.
2340 4181 2441 4256 14,
2476 4180 2702 4241 addere
2747 4198 3068 4261 possumus
3095 4180 3263 4261 quod
3309 4184 3364 4243 1.
3397 4182 3466 4257 2,
3501 4187 3704 4261 quaest.

2150 4273 2253 4350 80,
2272 4279 2389 4333 art.
2417 4276 2478 4349 1,
2496 4272 2576 4333 ad
2595 4276 2659 4349 3,
2676 4273 2765 4335 ait
2781 4274 2978 4337 Deum
3007 4292 3140 4336 esse
3171 4273 3526 4336 universale
3549 4274 3706 4354 prin-

2149 4366 2382 4446 cipium
2413 4365 2617 4427 omnis
2659 4366 2974 4427 interioris
3000 4372 3206 4427 motus
3249 4365 3514 4428 humani
3549 4384 3568 4428 ε
3597 4367 3711 4429 Sed

2147 4459 2304 4539 quod
2329 4459 2754 4521 determinetur
2781 4460 2866 4521 ad
2889 4459 3116 4521 malum
3146 4456 3470 4523 consilinm
3515 4460 3709 4522 volen-

2147 4556 2245 4615 tas
2268 4552 2558 4627 hnmana,
2581 4551 2688 4615 noo
2709 4550 2930 4615 directe
2951 4553 3186 4632 quidem
3207 4554 3296 4615 cst
3315 4570 3390 4615 esc
3409 4552 3712 4615 voluntate

2145 4646 2451 4719 humanm
2475 4652 2538 4707 et
2565 4645 2634 4707 in
2657 4647 2718 4721 1,
2738 4646 2880 4708 dist.
2908 4647 3009 4719 47,
3036 4652 3252 4726 quaest.
3275 4650 3336 4723 1,
3359 4654 3476 4709 art.
3509 4652 3535 4707 1
3565 4654 3626 4707 et
3651 4648 3706 4721 2,

2144 4738 2254 4799 nbi
2279 4738 2367 4799 ait
2392 4738 2629 4818 aliquid
2657 4738 2796 4801 fieri
2840 4744 3063 4818 praeter
3097 4738 3484 4801 voluntatem
3531 4740 3709 4800 bene-
3798 4798 3799 4807 ,

2146 4831 2358 4911 placiti
2401 4832 2534 4907 Dei,
2565 4848 2694 4893 non
2739 4838 2952 4893 autem
2979 4838 3197 4894 contra
3225 4832 3434 4907 illam,
3480 4832 3709 4893 scilicet

3797 2651 3799 2760 l

2147 4930 2357 4985 actum
2378 4924 2634 5005 peccati,
2663 4925 2740 4986 de
2767 4942 2894 5005 quo
2915 4943 3044 4986 non
3069 4924 3262 4987 habet
3287 4927 3447 4987 Deus
3469 4925 3708 4987 absolu·
3798 4910 3799 4969 Ϊ

2146 5022 2278 5078 tam
2295 5017 2682 5079 voluntatem
2714 5024 2785 5078 ut
2813 5036 2941 5079 non
2972 5018 3074 5094 sit,
3099 5018 3252 5079 alias
3273 5036 3405 5079 esse
3423 5036 3552 5079 non
3579 5034 3710 5097 pos-
3798 5058 3799 5075 2

2145 5120 2262 5186 set,
2292 5109 2440 5189 quia
2476 5110 2636 5171 nihil
2680 5116 2882 5191 potest
2929 5110 3214 5173 resistere
3257 5110 3366 5171 tali
3410 5110 3710 5171 voluntati
3798 5140 3799 5149 ι

2146 5203 2286 5281 Dei;
2321 5202 2428 5264 sed
2452 5220 2654 5283 neque
2683 5204 2874 5265 etiam
2899 5202 3090 5265 habet
3109 5204 3298 5265 talem
3327 5203 3709 5265 voluntatem
3798 5234 3799 5281 3

2145 5294 2492 5357 absolutam
2542 5302 2606 5358 et
2648 5295 3024 5377 beneplaciti
3067 5302 3138 5357 ut
3178 5296 3297 5371 sit3
3358 5297 3484 5357 imo
3525 5296 3712 5355 habet
3798 5322 3799 5365 3

2145 5389 2534 5453 voluntatem
2561 5390 2932 5473 prohibendi
2961 5390 3164 5466 illum,
3197 5396 3260 5451 et
3291 5390 3432 5451 ideo
3457 5408 3593 5451 esse
3621 5388 3711 5449 di·
3798 5416 3799 5423 ι

2149 5484 2312 5545 citur
2351 5491 2576 5565 praeter
2616 5485 2724 5547 Dei
2771 5482 3158 5547 voluntatem
3209 5482 3602 5566 beneplaciti,
3653 5488 3710 5543 et
3798 5560 3799 5563 Ἴ
