3850 6225
681 413 851 468 SECT.
887 417 970 470 111.
1007 417 1188 472 snut:
1219 418 1284 472 m
1315 417 1438 472 DEO
1470 419 1638 473 vm
1669 417 1750 473 Ac
1781 419 2048 472 norma
2082 421 2515 476 msrmuutwa
2545 420 2837 474 JUS‘rmA.

155 529 269 572 nus
307 511 499 574 etiam
525 518 618 574 est
655 497 904 591 terum,
923 520 1124 580 Deum
1155 520 1218 580 in
1242 525 1369 581 tota
1392 521 1509 581 hac
1538 537 1709 580 com-

155 606 452 666 munitate
507 607 832 670 intendere
884 610 1055 672 illam
1109 613 1611 693 proportionem,
1647 619 1709 674 et

155 705 354 759 actum
401 701 804 780 adaequatum
839 705 1208 782 proemiandi
1239 724 1459 768 omnes
1477 707 1702 786 justoS,

155 792 253 871 qui
299 810 376 852 ex
431 797 609 872 parte
677 795 784 856 Dei
841 803 1142 877 tanquam
1195 817 1361 860 nnus
1429 803 1493 860 et
1558 799 1704 860 sim-

155 887 290 964 plex
358 887 742 950 considerari
794 897 1048 970 potest,
1093 911 1208 972 per
1273 913 1341 955 se
1392 894 1706 974 respicere

153 979 316 1038 illam
359 981 828 1059 proportionem
856 989 1156 1065 tanquam
1187 987 1580 1066 adaequatam
1611 1007 1706 1049 ra-

152 1073 378 1133 tionem
425 1074 796 1153 proximam.
833 1076 1010 1149 Quod
1053 1097 1130 1140 ex
1163 1079 1282 1142 hac
1329 1087 1506 1161 parte
1558 1082 1706 1144 satis

155 1183 459 1243 superque
503 1171 598 1227 est
628 1168 708 1230 ad
728 1169 1034 1247 justitiam
1064 1172 1540 1236 distributivam.

224 1259 320 1318 24.
351 1256 508 1329 Quin
537 1261 744 1338 potius
771 1263 872 1324 vix
895 1270 1100 1343 potest
1129 1267 1251 1328 alio
1267 1267 1706 1352 modojustitia

154 1351 534 1412 distributiva
563 1372 677 1433 per
705 1373 774 1416 se
803 1361 867 1417 et
883 1357 1158 1436 perfecte
1189 1360 1466 1422 exerceri
1495 1379 1510 1422 ε
1543 1360 1706 1422 inter

153 1444 428 1506 homines
467 1446 636 1508 enim
663 1452 1066 1527 quantumvis
1093 1451 1444 1516 distributio
1470 1453 1582 1515 fiat
1607 1455 1703 1514 in-

151 1545 240 1598 ter
265 1535 494 1600 multos
527 1557 642 1618 per
677 1539 842 1604 hanc
857 1544 1184 1622 justitiam,
1216 1563 1478 1610 necesse
1507 1553 1603 1610 est
1631 1553 1702 1609 ut

153 1631 210 1690 in
253 1631 669 1709 applicatione
711 1637 954 1715 praemii
1001 1637 1104 1700 vel
1147 1641 1342 1718 partis
1389 1641 1700 1702 bonorum

153 1723 226 1784 ad
275 1724 556 1804 singulas
603 1746 928 1806 personaS,
959 1731 1328 1810 respiciatur
1365 1734 1447 1796 ad
1490 1739 1700 1798 unius-

153 1817 448 1896 cujusque
495 1820 944 1896 conditionem,
975 1823 1343 1904 dignitatem
1373 1845 1486 1889 seu
1516 1829 1706 1890 meri-

151 1916 272 1972 tum
302 1929 318 1980 ;
367 1929 510 1984 nec,
541 1931 656 1992 per
685 1932 752 1976 se
789 1913 1131 1995 loquendo,
1163 1919 1334 1981 aliud
1363 1927 1458 1982 est
1485 1939 1706 1984 neces-

153 2007 394 2080 sarium,
425 2005 492 2066 id
542 2013 657 2082 est,
703 2009 756 2070 si
803 2008 1042 2092 bonum
1085 2011 1586 2076 distribuendum
1625 2017 1702 2080 sit

152 2097 452 2158 sufficiens
489 2100 574 2161 ad
623 2101 1072 2165 conferendum
1103 2105 1442 2186 unicuique
1499 2109 1700 2169 totum

152 2191 208 2249 id
258 2192 432 2270 cujus
487 2199 585 2254 est
641 2211 840 2274 capax
901 2197 1250 2260 secundum
1308 2201 1698 2280 adaequatam

151 2285 607 2363 proportionem
649 2305 780 2348 suae
813 2288 1132 2369 dig-nitatis
1164 2311 1180 2365 ς
1224 2294 1350 2366 vel,
1381 2293 1550 2373 quod
1593 2311 1702 2374 pe-

152 2377 314 2438 rinde
362 2383 478 2449 est,
515 2379 634 2440 uisi
663 2380 900 2444 bonum
949 2383 1452 2448 distribuendum
1504 2387 1578 2450 sit
1634 2387 1700 2448 in

151 2477 304 2530 certa
345 2472 696 2550 quantitate
747 2473 1098 2552 definitum,
1136 2482 1198 2540 et
1242 2485 1446 2542 totum
1484 2481 1564 2542 sit
1603 2481 1702 2541 in-

151 2570 236 2624 ter
274 2569 362 2624 tot
397 2582 710 2645 personas
753 2569 1191 2647 partiendnm;
1235 2589 1384 2635 nam
1423 2579 1574 2634 tunc
1615 2573 1698 2634 ad

153 2657 642 2720 constituendam
684 2662 1132 2742 equalitatem,
1189 2683 1450 2728 necesse
1501 2674 1594 2728 est
1631 2666 1696 2727 in

151 2749 393 2828 singulis
419 2751 740 2830 respicere
763 2773 894 2816 non
913 2761 1156 2818 tantum
1175 2758 1566 2838 dignitatem,
1597 2759 1696 2820 vel

151 2843 424 2904 meritum
463 2844 610 2923 ejus
647 2847 954 2922 absolute,
1001 2851 1112 2912 sed
1155 2852 1342 2913 etiam
1373 2869 1694 2933 compara-

151 2936 258 2996 tive
297 2944 592 3016 respectu
639 2941 926 3002 aliorum.
975 2944 1106 3004 Hoc
1153 2951 1366 3006 tamen
1407 2945 1693 3008 acciden-

151 3030 352 3090 tarium
393 3037 532 3104 θεὶς
563 3051 690 3094 non
727 3035 894 3096 enim
921 3038 1209 3116 provenit
1245 3055 1320 3100 ex
1354 3039 1689 3102 intrinseca

149 3124 368 3185 ratione
421 3126 688 3204 justitia
741 3128 1166 3205 distributivae,
1199 3132 1314 3193 sed
1356 3149 1434 3194 ex
1476 3134 1692 3195 condi-

147 3216 300 3277 tione
337 3219 436 3279 vel
461 3217 836 3283 limitatione
865 3222 1016 3285 boni
1039 3222 1471 3300 distribuendi,
1500 3232 1572 3288 ut
1596 3244 1692 3289 sa-

151 3310 218 3369 tis
277 3310 340 3371 in
392 3313 824 3391 superioribus
863 3315 1250 3379 declaratum
1305 3326 1421 3380 est.
1476 3316 1686 3395 Unde,

151 3402 340 3479 quoad
373 3404 538 3465 hanc
565 3413 832 3485 partem,
865 3408 1030 3471 bene
1055 3410 1321 3473 advertit
1347 3412 1518 3487 soto,
1552 3413 1692 3475 loco

149 3494 386 3557 inferius
447 3498 701 3561 citando
733 3546 748 3575 ,
815 3503 1100 3580 quamvis
1157 3502 1484 3567 beator-um
1543 3524 1696 3586 prae-

151 3588 328 3649 mium
363 3609 440 3653 ex
475 3592 720 3670 justitia
749 3594 1139 3657 distributiva
1181 3597 1503 3672 reddatur,
1534 3600 1694 3661 nihi·-

149 3678 400 3745 lominus
463 3702 987 3767 unumquemque
1043 3696 1284 3751 tantum
1345 3692 1630 3771 accipere
1671 3737 1688 3766 ,

151 3782 434 3852 quantum
487 3779 774 3841 absolute
825 3788 1098 3843 meretur
1117 3826 1134 3857 ,
1179 3782 1328 3861 qnia
1360 3784 1599 3846 bonum
1623 3786 1692 3846 il·

149 3869 266 3943 lud,
293 3871 458 3950 quod
487 3873 902 3951 distribuitur,
943 3876 1258 3938 infinitum
1307 3884 1426 3954 est,
1461 3885 1524 3941 et
1559 3898 1688 3941 non

149 3964 490 4027 exhauritur
512 4010 530 4039 ,
559 3967 706 4029 licet
741 3970 1176 4049 unusquisque
1205 3972 1466 4052 accipiat
1493 3989 1689 4053 quan-

147 4059 266 4117 tum
313 4066 406 4121 est
469 4078 692 4140 capax.
753 4063 932 4135 Quod
975 4064 1096 4125 dici
1155 4071 1362 4142 potest
1395 4067 1494 4127 vel
1543 4084 1691 4145 pro·-

149 4153 270 4223 pter
319 4152 770 4215 beatitudinem
827 4156 1198 4236 objectivam
1221 4202 1237 4231 ,
1297 4159 1422 4219 late
1473 4164 1690 4220 tamen

147 4242 362 4305 utendo
425 4264 584 4307 voce
661 4248 1112 4311 distributionis
1156 4295 1172 4322 ‚
1231 4268 1380 4312 nam
1450 4252 1690 4313 bonum

149 4334 286 4397 illud
335 4356 464 4399 non
516 4340 814 4402 dividitur
843 4386 859 4415 ,
934 4341 1048 4403 sed
1095 4349 1296 4405 totum
1350 4344 1690 4425 unicuique

139 4426 314 4491 datur
351 4432 532 4512 juxta
585 4453 766 4497 suam
821 4437 1174 4515 proximam
1221 4437 1632 4517 capacitatem
1667 4456 1684 4513 ς

146 4522 234 4581 vel
275 4525 458 4585 etiam
507 4526 627 4589 dici
677 4530 880 4608 potuit
932 4535 1190 4609 propter
1237 4530 1690 4593 beatitudinem

147 4612 476 4695 formalem,
512 4638 653 4701 quae
693 4628 790 4683 est
815 4622 970 4684 visio
995 4642 1012 4697 3
1047 4626 1252 4703 potest
1281 4624 1450 4685 enim
1476 4630 1688 4687 mente

149 4710 370 4790 concipi
395 4714 711 4792 possibilis
739 4716 1026 4777 cumulus
1065 4716 1376 4777 visionum
1405 4723 1690 4797 syncate-

149 4808 506 4877 gorematice
535 4808 836 4883 infinitus,
871 4828 949 4870 ex
982 4828 1110 4889 quo
1139 4828 1284 4890 pars
1313 4811 1526 4890 aliqua
1551 4811 1689 4872 uni·

150 4896 354 4975 cuique
400 4900 584 4963 detur
603 4903 782 4981 juxta
819 4920 932 4963 sua
977 4903 1222 4965 merita.

219 4990 312 5051 25.
361 4994 484 5055 Nec
531 5014 754 5057 verum
783 5012 1012 5058 censeo
1031 5041 1048 5073 ,
1095 4997 1266 5077 quod
1307 4998 1562 5078 quidam
1591 5016 1694 5059 as-

149 5090 368 5155 serunt,
385 5104 464 5147 ex
489 5088 732 5150 infinito
754 5089 1067 5151 bonorum
1091 5092 1342 5153 cumulo
1355 5109 1488 5153 non
1507 5108 1690 5171 posse

151 5172 273 5233 fieri
315 5176 808 5243 distributioncm
853 5200 932 5243 ex
972 5184 1214 5262 justitia
1255 5184 1645 5247 distributiva
1669 5230 1686 5260 ,

151 5266 282 5341 quia
309 5286 430 5331 non
473 5280 678 5350 potest
705 5275 808 5337 ille
835 5274 1026 5337 dividi
1051 5278 1398 5340 secuudum
1429 5296 1690 5357 propor-

151 5357 362 5423 tionem
400 5368 845 5441 geometricam
873 5388 890 5441 ς
923 5369 1094 5448 quod
1133 5375 1300 5433 esset
1350 5388 1594 5443 verum,
1635 5371 1688 5431 si

151 5457 550 5519 necessarium
591 5465 764 5522 esset
786 5467 988 5524 totum
1037 5464 1212 5525 illum
1251 5463 1570 5527 exhauriri
1621 5464 1686 5523 in

153 5544 250 5605 tali
293 5547 738 5615 distributione.
771 5554 844 5617 Id
889 5572 1044 5618 vero
1094 5557 1517 5619 necessarium
1557 5572 1687 5617 non

3228 412 3353 475 559

1789 527 1906 593 est,
1969 522 2117 599 quia
2168 539 2377 601 neque
2434 522 2622 582 etiam
2672 519 2925 600 qnando
2977 518 3351 596 Respublica

1787 613 1955 675 bona
1987 616 2343 676 communia
2384 615 2716 690 distribuit,
2748 629 3008 674 necesse
3046 617 3143 673 est
3169 617 3239 672 ut
3261 617 3353 672 to-

1789 711 1922 766 tum
1976 707 2265 768 aerarium
2301 713 2649 780 consumat,
2683 707 2737 766 si
2778 723 2925 786 pars
2954 705 3089 784 ejus
3112 703 3197 764 ad
3220 704 3351 783 jua-

1787 803 1916 860 tam
1948 800 2451 862 distributionem
2492 799 2777 861 sufficiat.
2812 799 2909 861 Ad
2937 799 3101 858 banc
3136 802 3348 858 autem

1786 899 2033 974 partem
2074 893 2498 956 definiendam
2518 939 2533 968 ,
2564 899 2635 954 ut
2658 893 2807 965 dixi,
2838 908 3097 954 necesse
3141 895 3235 951 est
3280 895 3350 951 ut

1787 992 1849 1047 et
1894 986 1978 1047 ad
2019 1005 2377 1061 numerum,
2410 991 2475 1048 et
2524 986 2604 1047 ad
2651 985 2871 1047 merita
2919 1001 3135 1046 eorum
3185 983 3349 1043 inter

1787 1098 1947 1160 quos
1992 1081 2281 1142 facienda
2324 1087 2419 1142 est
2463 1078 2837 1154 distributio,
2870 1083 3192 1158 respectus
3234 1075 3349 1136 ba-

1787 1173 2062 1247 beatur;
2110 1173 2341 1253 alioqui
2386 1192 2513 1234 non
2572 1177 2667 1234 est
2710 1171 2880 1232 unde
2937 1171 3107 1250 juste
3154 1169 3351 1248 possit

1786 1268 2105 1346 quantitas
2136 1265 2567 1328 distribuenda
2606 1264 2879 1338 limitari,
2912 1262 3259 1342 prasertim
3294 1261 3347 1322 si

1785 1377 2214 1439 supponamus
2259 1377 2397 1422 esse
2456 1360 2521 1420 in
2566 1357 2813 1438 publico
2854 1357 3077 1418 aerario
3136 1355 3349 1435 copio-

1785 1471 1922 1514 sam
1952 1453 2309 1514 divitiarum
2332 1451 2821 1515 multitudinem.
2842 1449 3137 1522 Quamvis
3158 1448 3348 1528 igitur

1779 1547 1971 1619 Deus,
2006 1565 2083 1608 ex
2108 1547 2353 1608 infinito
2370 1546 2623 1608 cumulo
2646 1543 3069 1615 beatitudinis,
3104 1560 3347 1621 scupo-

1789 1638 1911 1701 tius
1940 1639 2419 1714 beatitudinum,
2456 1638 2539 1700 ad
2560 1639 2798 1718 justam
2838 1635 3345 1698 distributionem

1783 1735 2023 1792 tantam
2040 1733 2451 1811 quantitatem
2468 1749 2585 1812 per
2611 1730 3023 1792 intentionem
3040 1733 3341 1802 assumat,

1787 1830 1850 1886 et
1884 1825 2224 1904 unicuique
2262 1825 2449 1886 beato
2492 1831 2740 1904 partem
2780 1822 3171 1902 adoequatam
3218 1841 3349 1883 me·

1783 1917 1918 1980 ritis
1958 1920 2095 1998 ejus
2120 1919 2376 1993 tribuat,
2416 1936 2531 1999 per
2558 1919 2679 1980 hoc
2704 1935 2833 1978 non
2862 1915 3217 1978 necessario
3244 1934 3345 1977 ex-

1783 2012 2081 2086 cluditur,
2110 2013 2265 2092 quin
2312 2013 2477 2074 inter
2518 2029 2739 2072 omnes
2781 2028 2897 2090 per
2933 2028 3020 2084 se,
3056 2015 3119 2072 et
3147 2027 3225 2071 ex
3252 2009 3347 2069 in-

1783 2106 2065 2167 tentione
2109 2105 2559 2183 geometricam
2614 2104 3081 2185 proportionem
3136 2103 3347 2164 obser-

1781 2204 1906 2260 vet.

1865 2295 1967 2356 26.
2012 2293 2320 2372 Denique,
2351 2291 2637 2372 quamvis
2666 2291 2984 2371 Scriptura
3014 2289 3223 2352 divina
3251 2288 3345 2350 di·

1784 2392 1886 2449 cat
1942 2404 2194 2448 servare
2254 2387 2457 2448 Deum
2508 2387 2574 2447 in
2620 2383 3057 2447 distributione
3106 2381 3345 2462 praemii

1781 2479 2226 2559 aequalitatem,
2255 2497 2383 2540 non
2406 2483 2620 2540 tamen
2648 2477 2903 2538 omnino
2930 2474 3347 2556 praetermittit

1778 2572 1943 2633 hanc
1993 2572 2183 2634 etiam
2231 2571 2649 2651 proportionis
2699 2570 3123 2650 equalitatem
3180 2568 3345 2628 inter

1776 2667 1947 2745 ipsos
1975 2666 2223 2728 Beatos.
2272 2667 2465 2740 Nam,
2516 2665 2779 2728 Joannis
2812 2665 2914 2737 u,
2962 2662 3223 2735 dicitur,
3274 2662 3343 2722 in

1775 2759 1965 2821 domo
1992 2759 2187 2839 patris
2222 2777 2361 2820 esse
2390 2759 2605 2838 plures
2632 2755 3015 2831 mansiones,
3038 2762 3342 2834 tanquam

1774 2851 2017 2914 diversa
2050 2851 2554 2930 loca'unicuique
2594 2869 2708 2930 pro
2756 2867 2869 2910 sua
2910 2848 3211 2929 dignitate
3238 2847 3343 2909 tri-

1771 2945 2047 3007 buenda.
2090 2945 2294 3019 Unde,
2324 2945 2541 3006 Matth.
2588 2945 2691 3016 20,
2742 2943 3037 3023 supponit
3064 2941 3341 3002 Christus

1769 3037 2073 3100 Dominus
2099 3039 2163 3098 in
2192 3055 2389 3119 regno
2410 3055 2524 3098 suo
2553 3053 2693 3098 esse
2718 3035 3045 3096 dexterum
3074 3040 3135 3096 et
3160 3033 3341 3094 sinis-

1769 3140 1961 3208 trum,
1998 3150 2139 3213 quie
2172 3133 2377 3194 solent
2402 3150 2519 3211 per
2539 3130 2847 3211 justitiam
2880 3129 3341 3191 distributivam

1771 3225 2109 3305 designari.
2150 3226 2227 3287 Et
2268 3224 2519 3297 Paulus,
2570 3222 2652 3284 ad
2678 3226 2943 3284 Roman.
2984 3224 3046 3296 2,
3094 3222 3335 3299 dicens,

1771 3320 1973 3381 Deum
2001 3318 2392 3381 redditurum
2416 3318 2753 3397 unicuique
2776 3318 2950 3396 juxta
2984 3333 3177 3394 opera
3196 3334 3335 3388 sua,

1773 3413 2084 3475 rationem
2112 3410 2315 3474 reddit
2348 3418 2387 3473 :'
2414 3410 2575 3486 Quia
2599 3428 2719 3473 non
2767 3414 2861 3473 ort
2910 3410 3175 3492 acceptio
3198 3426 3340 3489 por·-

1773 3522 2062 3569 ronmm
2090 3506 2253 3585 apud
2276 3504 2466 3568 Deum
2481 3530 2507 3578 ;
2536 3501 2707 3582 quod
2746 3504 2962 3565 vitium
2979 3546 2995 3576 ,
3038 3508 3111 3563 nt
3134 3502 3341 3563 Theo·-

1773 3598 1900 3678 logi
1930 3598 2227 3673 sentiunt,
2256 3597 2601 3659 formaliter
2618 3600 2961 3676 sumptum,
2990 3600 3093 3657 est
3121 3601 3337 3657 contra

1775 3691 2229 3753 distributivam
2270 3691 2599 3771 justitiam.
2660 3690 2952 3762 Quamvis
3012 3706 3089 3751 eo
3148 3688 3337 3749 modo

1773 3802 1898 3864 quo
1933 3785 2213 3864 prudens
2238 3790 2301 3845 et
2326 3784 2715 3845 rationabilis
2743 3782 3093 3844 distributio
3130 3787 3339 3861 potest

1771 3878 1854 3938 ab
1895 3878 2033 3939 aliis
2078 3877 2411 3938 virtutibus
2448 3875 2827 3955 participari,
2867 3879 2941 3935 ut
2984 3874 3050 3935 in
3094 3874 3338 3954 justitia

1769 3970 2233 4043 commutatum,
2250 3969 2390 4030 etin
2411 3968 2837 4029 misericordia
2854 3966 3332 4039 declaravimuS,

1768 4065 1967 4144 possit
2008 4065 2195 4125 etiam
2247 4063 2523 4142 acceptio
2556 4078 2969 4142 personarum
3002 4059 3127 4122 late
3170 4078 3339 4122 sum-

1769 4164 1876 4237 pta
1899 4158 2039 4219 aliis
2072 4156 2403 4218 virtutibus
2430 4156 2683 4235 opponi.
2714 4156 2871 4216 Cum
2898 4172 3051 4234 ergo
3082 4170 3211 4215 non
3238 4172 3335 4215 so-

1769 4250 1904 4311 lum
1932 4250 2097 4311 dicto
2128 4250 2267 4310 loco
2286 4294 2301 4323 ,
2348 4248 2459 4310 sed
2504 4248 2693 4310 etium
2738 4240 2953 4309 multis
2980 4247 3140 4320 aliis,
3170 4246 3337 4309 Scri-

1772 4350 1955 4423 ptura
1992 4342 2300 4422 justitiam
2343 4340 2533 4402 divini
2582 4340 2801 4421 judicii
2840 4356 2955 4420 per
3000 4338 3339 4419 oppositio-

1768 4452 1918 4496 nem
1942 4434 2025 4497 ad
2046 4452 2461 4515 personarum
2490 4434 2921 4515 acceptionem
2948 4430 3246 4505 declaret,
3264 4437 3339 4491 ut

1768 4533 1943 4608 patet
1980 4529 2169 4589 etiam
2206 4526 2289 4588 ad
2324 4527 2527 4589 Colos.
2558 4528 2618 4601 3,
2652 4532 2717 4588 et
2740 4526 2823 4587 ad
2857 4526 3085 4605 Ephes.
3110 4525 3173 4598 6,
3206 4529 3269 4585 et
3296 4528 3327 4585 1

1769 4622 1900 4683 Pet.
1932 4625 1991 4695 l,
2040 4622 2189 4682 satis
2216 4620 2527 4681 indicatur
2542 4620 2846 4700 justitiam
2876 4616 3333 4679 distributivam

1767 4714 1834 4775 in
1861 4714 1969 4775 illo
1991 4712 2229 4793 judicio
2260 4713 2469 4773 locum
2500 4713 2753 4774 habere.
2796 4712 2899 4773 Sic
2926 4711 3116 4771 etiam
3152 4709 3331 4770 multi

1767 4806 2123 4886 intelligunt
2144 4806 2335 4867 verba
2374 4806 2477 4865 illa
2500 4805 2717 4868 Matth.
2750 4806 2833 4865 ΞΟ
2874 4822 2889 4865 :
2944 4804 3101 4871 Vooa
3124 4818 3336 4886 opera-

1764 4901 1916 4973 rios,
1952 4904 2013 4963 et
2038 4900 2215 4962 reddo
2252 4897 2389 4961 ulis
2415 4900 2759 4975 mercedem,
2789 4897 3075 4976 quamvis
3113 4896 3181 4956 in
3228 4896 3333 4955 illo

1771 4992 1910 5053 loco
1936 4992 2135 5071 magis
2166 4990 2475 5052 indicetur
2494 4990 2697 5052 forma
2720 4989 3179 5052 commutativae
3203 4988 3337 5068 jus-

1768 5088 1939 5151 titiae.
2004 5090 2094 5149 Ex
2146 5088 2447 5167 parabola
2482 5094 2697 5148 autem
2747 5085 2827 5148 de
2882 5086 3157 5159 talentis,
3190 5102 3332 5164 quae

1769 5182 2039 5244 habetur
2058 5180 2277 5243 Matth.
2324 5182 2429 5255 25,
2478 5179 2679 5260 magis
2708 5178 2953 5241 elicitur
2996 5177 3335 5239 distributi-

1767 5294 1882 5348 vag
1914 5275 2155 5335 namin
2184 5274 2288 5335 illa
2328 5274 2399 5347 is,
2429 5274 2535 5354 qui
2574 5274 2849 5352 quinque
2878 5272 3109 5334 talenta
3134 5272 3335 5332 lucra-

1771 5376 1869 5432 tus
1895 5369 2123 5441 fuerat,
2166 5386 2357 5446 super
2392 5368 2670 5446 quinque
2708 5366 2989 5427 civitates
3016 5364 3334 5426 constitui·

1767 5468 1914 5535 tur;
1950 5462 2058 5541 qui
2103 5478 2255 5521 vero
2296 5460 2447 5533 duc,
2491 5476 2682 5538 super
2724 5459 2917 5531 duas;
2962 5464 3027 5519 et
3052 5457 3335 5518 similiter

1767 5554 1916 5617 Luc.
1950 5555 2051 5629 19,
2082 5554 2189 5632 qui
2220 5553 2443 5615 decem
2470 5553 2675 5612 minas
2700 5555 3196 5631 comparaverat,
3226 5549 3335 5610 de-
