3850 6225
758 379 894 432 GAP.
930 381 1015 434 ΙΙΙ.
1050 379 1419 434 SOLVUNTU'R
1450 379 1799 432 NONNULLAE
1828 380 2234 436 OBJECTIONES
2267 381 2528 446 CONTRA,
2565 385 2702 437 E‘rc,

158 487 213 546 iu
232 482 431 544 odium
458 479 783 555 excitandi,
801 486 863 540 et
891 481 1315 543 convertendi.
1338 481 1688 562 Aliquando

159 578 323 640 etiam
355 575 513 635 Deus
538 572 790 634 liberam
820 570 969 634 facit
1010 573 1259 635 homini
1291 573 1389 636 vel
1417 573 1686 635 daemoni

156 671 507 741 facultatem,
539 667 771 727 malum
807 666 1057 747 aliquod
1084 667 1351 729 faciendi
1376 684 1397 747 ;
1444 675 1506 729 ει
1544 667 1685 728 ideo

156 764 289 825 solet
314 760 559 820 nomine
586 759 844 822 actionis
870 761 968 821 vel
1008 761 1297 842 praecepti
1322 759 1684 840 significari,

156 865 213 918 ut
238 858 627 915 Damascenus
655 871 841 934 supra
866 854 1135 916 advertit
1151 877 1167 929 3
1202 859 1291 928 ιιι,
1313 873 1455 915 cum
1484 852 1685 916 Chris-

156 957 239 1012 tus
282 947 431 1008 dixit
470 945 671 1023 Judae,
707 947 908 1024 (Joan.
958 949 1093 1024 13):
1145 948 1314 1021 Quod
1352 947 1539 1025 facis,
1581 949 1687 1024 fao

157 1046 335 1116 citius,
364 1043 415 1101 si
449 1041 717 1101 formam
760 1040 1092 1102 verborum
1120 1047 1485 1121 spectemuS,
1514 1039 1685 1100 vide·

153 1143 239 1196 tur
266 1152 383 1195 esse
408 1137 813 1214 praeceptum3
844 1131 965 1194 ruit
990 1139 1201 1193 tamen
1242 1133 1587 1212 permissio,
1618 1137 1679 1192 ει

157 1227 389 1288 ostensio
414 1225 608 1285 animi
644 1225 1015 1304 paratissimi
1041 1225 1117 1285 ad
1154 1224 1569 1300 moriendum,
1610 1230 1681 1285 ut

156 1319 357 1381 notavit
387 1319 504 1378 Leo
536 1318 723 1396 Papa,
754 1335 935 1378 serm.
972 1319 1008 1377 7
1048 1317 1124 1379 de
1157 1319 1359 1392 Pass.;
1400 1336 1469 1379 ac
1510 1319 1562 1380 si
1590 1317 1682 1378 di-

157 1421 319 1475 ceret:
360 1414 484 1491 Ego
529 1410 799 1472 libenter
842 1410 1055 1472 tradar
1098 1410 1353 1486 Judaeis,
1384 1417 1447 1472 et
1490 1429 1678 1491 quam

156 1507 405 1569 citissime
440 1522 554 1584 pro
581 1503 941 1564 hominibus
976 1505 1231 1578 moriar,
1274 1509 1344 1564 tu
1370 1503 1467 1564 fac
1512 1504 1679 1584 quod

156 1599 388 1661 libuerit.
432 1598 535 1659 Sic
590 1596 813 1658 Matth.
875 1597 993 1658 23:
1039 1597 1293 1676 Implete
1338 1615 1681 1660 mensuram

156 1697 360 1774 pat-rum
393 1695 729 1752 vestrorum
747 1713 773 1760 ,·
804 1689 839 1750 J
843 1707 983 1752 oan.
1018 1691 1057 1750 3
1084 1705 1101 1750 :
1134 1688 1369 1753 Solvite
1395 1691 1679 1769 templum

160 1787 272 1855 Ιιοσ,·
299 1790 355 1843 ει
394 1781 531 1843 Job.
581 1785 639 1858 1,
679 1783 769 1842 ait
807 1783 1107 1844 Dominus
1154 1782 1425 1843 daemoni
1461 1803 1475 1841 ε
1523 1782 1681 1846 Eece

160 1881 394 1940 universa
432 1895 565 1956 quoe
612 1876 809 1942 habet.
852 1878 922 1938 in
956 1895 1143 1938 manu
1186 1879 1297 1938 tua
1338 1881 1517 1947 sun&
1540 1895 1679 1956 quoe

162 1979 273 2032 sunt
296 1969 467 2031 verba
494 1969 669 2030 clara
688 1969 877 2030 solius
904 1969 1322 2050 permissionis
1334 1985 1353 2046 ;
1381 1981 1444 2030 et
1466 1975 1677 2030 tamen

162 2083 267 2144 cap.
291 2065 325 2124 Ξ
348 2065 431 2124 ait
466 2063 770 2123 Dominus
808 2061 889 2122 ad
928 2063 1273 2123 daemonem
1302 2079 1317 2122 ε
1355 2061 1455 2125 Tu
1479 2066 1677 2125 autem

162 2155 473 2220 commovisti
510 2173 629 2233 me,
661 2161 731 2218 ut
758 2157 1103 2236 affliyerem
1132 2173 1261 2217 eum
1286 2157 1555 2232 frustra.

222 2253 270 2310 6.
309 2249 550 2323 Ultimo,
574 2255 671 2309 est
693 2249 757 2308 in
785 2248 881 2310 his
910 2247 1197 2309 omnibus
1224 2247 1679 2310 observandum

162 2344 288 2426 quod
308 2340 507 2417 ‚licet
554 2341 725 2401 Deus
772 2339 959 2401 faciat
1004 2339 1273 2420 aliquid,
1318 2339 1417 2402 vel
1472 2341 1673 2404 facere

160 2440 381 2510 omittat,
409 2452 547 2494 cum
580 2441 753 2494 certa
800 2432 1161 2513 praevisione
1192 2432 1387 2493 futuri
1414 2435 1670 2513 peccati,

160 2541 326 2593 tamen
360 2546 470 2590 nec
500 2528 639 2607 ipse
669 2527 935 2588 intendit
961 2543 1072 2606 per
1097 2543 1161 2586 se
1190 2525 1423 2588 directe
1465 2545 1673 2606 pecca-

159 2631 282 2698 tum,
312 2639 497 2701 neque
534 2621 735 2681 etiam
778 2619 1077 2681 indirecte
1109 2624 1310 2698 potest
1351 2620 1413 2681 ei
1458 2638 1669 2699 pecca·

162 2725 265 2778 tum
288 2716 592 2794 imputari.
630 2715 762 2774 Non
785 2712 1036 2792 quidem
1058 2711 1207 2773 illud
1240 2729 1351 2791 per
1377 2731 1442 2774 se
1468 2712 1671 2776 inten-

161 2812 257 2887 dit3
297 2809 427 2888 quia
472 2807 714 2870 malum
744 2812 835 2868 est
872 2807 1149 2868 alienum
1171 2823 1209 2866 a
1250 2805 1464 2867 divina
1492 2806 1669 2868 boni-

160 2911 274 2978 tate,
298 2899 447 2982 quod
465 2918 597 2960 non
629 2900 827 2960 solum
846 2899 922 2960 de
946 2898 1221 2974 formali,
1250 2897 1356 2959 sed
1385 2899 1571 2960 etiam
1592 2899 1669 2960 de

160 3003 267 3056 actu
288 2997 403 3073 ipso
446 2993 691 3074 peccati
718 3009 937 3052 verum
966 2997 1079 3066 est,
1116 2996 1188 3051 ut
1236 2989 1421 3051 latius
1466 2991 1666 3052 dicam

160 3089 210 3151 in
246 3086 499 3166 sequenti
548 3085 792 3165 capite3
850 3084 995 3165 quia
1041 3083 1145 3145 ille
1202 3089 1395 3161 actua,
1426 3084 1668 3147 ratione

162 3180 363 3240 malitiae
391 3197 573 3259 quam
611 3178 801 3239 habet
844 3178 1205 3255 adjunctam
1254 3184 1319 3237 et
1356 3178 1668 3257 insepara-

160 3273 327 3347 bilem,
361 3280 445 3333 est
472 3290 737 3351 pravum
770 3278 831 3331 et
856 3271 1187 3349 indignum
1230 3269 1565 3349 objectum,
1597 3278 1669 3333 ut

164 3368 211 3426 in
232 3368 471 3427 divinam
498 3364 913 3426 intentionem
940 3371 1003 3424 ει
1025 3363 1409 3425 voluntatem
1437 3364 1667 3425 directe

168 3460 317 3519 cadat.
350 3460 547 3539 Neque
574 3460 772 3519 etiam
798 3458 1096 3518 indirecte
1132 3456 1192 3517 ei
1225 3457 1519 3537 imputari
1560 3477 1668 3539 po-

166 3558 271 3626 test,
292 3554 419 3631 quia
440 3570 565 3613 non
594 3556 841 3612 tenetur
860 3550 961 3611 vel
979 3550 1043 3609 id
1072 3548 1275 3611 facere
1302 3550 1467 3630 quod
1485 3552 1671 3612 omit-

166 3646 238 3720 tit,
248 3645 328 3706 vel
340 3645 397 3705 id
416 3646 705 3705 omittere
728 3643 892 3723 quod
914 3648 1223 3723 operatur,
1246 3661 1325 3705 ne
1346 3650 1669 3724 peccatum

168 3738 295 3817 quod
330 3739 613 3817 praevidet
658 3737 977 3811 futurum,
1030 3736 1177 3797 inde
1223 3743 1538 3817 sequatur.
1592 3740 1671 3800 Ut

168 3832 298 3892 enim
322 3850 389 3893 ex
414 3831 731 3911 principiis
754 3830 1089 3891 moralibus
1106 3836 1133 3891 1
1148 3876 1162 3892 .
1184 3832 1246 3905 2,
1265 3849 1327 3909 q.
1346 3832 1386 3889 6
1404 3837 1663 3907 constat,

168 3924 369 3986 effectus
408 3943 513 4003 per
544 3923 829 3985 accidens
874 3929 1115 3984 secutus
1166 3942 1245 3985 ex
1292 3924 1533 3985 actione
1568 3925 1667 3987 vel

168 4018 435 4078 omissione
458 4017 743 4095 alicujus,
774 4033 901 4077 non
946 4017 1291 4096 imputatur
1320 4017 1373 4076 ei
1412 4018 1533 4078 nisi
1567 4018 1667 4079 in-

168 4109 388 4171 tercedat
416 4109 709 4189 obligatio
733 4110 989 4169 cavendi
1020 4126 1243 4185 unum,
1270 4126 1349 4169 ne
1378 4108 1549 4171 aliud
1573 4130 1665 4173 se-

170 4209 362 4282 quatur.
409 4203 534 4277 Quo
584 4202 661 4264 fit
716 4206 787 4262 ut
837 4201 1196 4280 hujusmodi
1248 4208 1492 4281 peccata
1535 4222 1664 4266 non

168 4296 353 4371 possint
376 4296 487 4355 Deo
512 4312 657 4356 vere
704 4312 777 4354 ac
816 4294 1061 4374 proprie
1091 4291 1367 4354 attribui.
1400 4294 1465 4355 Si
1514 4313 1664 4374 ergo

170 4387 425 4449 interdum
474 4390 539 4448 in
592 4388 923 4449 verborum
974 4387 1178 4468 specie
1228 4388 1353 4449 Deo
1404 4388 1663 4449 attribui

171 4480 424 4556 videntur,
446 4481 543 4542 vel
568 4493 662 4543 est
687 4480 1105 4561 metaphorica
1130 4479 1383 4557 locutio,
1410 4486 1483 4541 ut
1508 4480 1659 4560 dixi,

172 4572 229 4631 ad
245 4574 575 4653 mysterium
601 4573 853 4653 aliquod
878 4572 1385 4651 significandum,
1408 4592 1657 4653 praeser-

174 4666 261 4725 tim
288 4668 355 4727 ad
401 4668 786 4729 indicandam
843 4667 1123 4728 divinam
1173 4666 1369 4743 iram,
1413 4672 1477 4728 et
1525 4669 1659 4729 ani-

176 4760 600 4823 madversionem
626 4778 663 4821 a
690 4778 817 4841 qua
840 4760 983 4820 talis
1011 4760 1335 4839 permissio
1361 4761 1662 4841 procedit3

177 4850 249 4910 vel
278 4860 417 4914 certe
446 4872 565 4915 non
596 4852 961 4931 intelligitur
987 4852 1065 4914 de
1091 4853 1225 4932 ipso
1254 4859 1521 4933 peccatu,
1552 4854 1661 4915 sed

180 4940 235 5001 (le
275 4945 453 5025 aliquo
496 4946 654 5008 bono
688 4946 930 5022 effectu,
962 4962 1149 5025 quem
1196 4946 1357 5007 Deus
1394 4946 1664 5008 intendit

181 5052 262 5111 per
280 5038 395 5099 talis
416 5042 635 5119 peccati
655 5040 1145 5119 permissionem.
1180 5040 1281 5100 Sic
1309 5038 1479 5101 enim
1504 5040 1663 5100 dixit

182 5128 493 5207 Augustinus
516 5134 583 5195 in
618 5134 892 5208 Enchir.,
916 5150 1049 5212 cap.
1086 5134 1237 5195 loo:
1265 5133 1399 5197 Neo
1444 5133 1664 5197 sineret

184 5220 321 5286 bonus
339 5228 459 5304 fieri
480 5228 657 5304 mala,
678 5230 803 5291 nisi
831 5226 1213 5307 Omnipotens
1231 5227 1415 5289 etiam
1438 5228 1507 5290 de
1536 5244 1662 5291 nea·

184 5312 245 5373 lis
263 5318 431 5391 facere
452 5328 635 5398 posset
663 5322 817 5384 bene.

244 5409 291 5465 ’1.
328 5409 631 5475 Permissio
677 5431 785 5477 cur
825 5413 1128 5475 interdum
1162 5416 1525 5493 praeceptum
1564 5430 1663 5475 vo-

188 5504 329 5563 cetur.
349 5536 421 5549 —
440 5505 525 5565 Ex
546 5506 637 5568 his
670 5506 849 5569 facile
876 5512 968 5569 est
1002 5506 1079 5567 ad
1114 5504 1359 5585 singula
1390 5506 1663 5567 testimo-

1768 482 1875 544 nia
1935 483 2266 563 Scripturas
2313 483 2702 562 respondere.
2775 487 3056 549 Secundo
3116 488 3324 570 itaque

1767 575 1919 654 Reg.
1957 577 2056 650 16,
2092 577 2284 638 David
2325 575 2796 656 permissionem
2837 579 3060 640 factam
3096 582 3322 660 Semei,

1766 672 1837 728 ιιι
1862 669 2068 747 ipsum
2114 668 2530 744 malediceret,
2564 677 2936 751 praeceptum
2969 674 3324 755 appellavit,

1764 778 1893 822 non
1919 763 2190 842 proprie,
2220 763 2326 824 sed
2349 763 2676 840 translate,
2705 771 2776 824 ut
2801 766 3182 844 Augustinus
3218 787 3327 830 no—

1766 855 1961 929 tavit,
2017 855 2092 917 de
2141 857 2310 918 Grat.
2370 864 2431 919 et
2479 858 2657 920 liber.
2713 858 2957 935 arbitr„
3009 877 3146 940 cap.
3207 863 3322 940 203

1766 947 2172 1024 cognoscebat
2195 950 2364 1010 enim
2392 950 2586 1012 David
2625 969 2702 1012 ex
2729 952 2978 1032 speciali
3015 954 3126 1014 Dei
3161 955 3324 1017 ordi-

1766 1040 2018 1101 natione
2070 1040 2132 1100 id
2183 1041 2370 1103 fuisse
2421 1045 2790 1122 permissum
2827 1045 2894 1105 in
2931 1063 3184 1125 poenam
3227 1049 3323 1109 sui

1760 1130 1992 1207 delicti,
2046 1137 2112 1194 et
2164 1135 2528 1196 exercitium
2587 1139 2904 1218 patientiae
2955 1157 3113 1215 suae3
3151 1141 3322 1202 illam

1761 1240 1932 1302 ergo,
1956 1242 2094 1303 quae
2123 1233 2402 1305 respectu
2427 1229 2630 1292 Semei
2659 1235 2790 1290 erat
2823 1231 3165 1312 permissio,
3198 1252 3324 1296 res-

1760 1324 1941 1396 pectu
1991 1319 2089 1378 sui
2135 1322 2464 1383 oestimavit
2513 1331 2912 1404 praeceptum.
2943 1326 3244 1390 Similiter
3283 1330 3322 1389 2

1761 1411 1915 1488 Reg.
1963 1413 2068 1487 24,
2099 1412 2360 1475 verbum
2391 1415 2569 1493 illud,
2603 1419 2937 1494 commorit,
2962 1421 3322 1498 permissive

1760 1504 2196 1583 exponendum
2225 1513 2341 1583 est,
2371 1507 2434 1568 id
2467 1514 2578 1584 est,
2611 1510 2678 1570 in
2709 1511 3080 1591 supplicium
3112 1515 3322 1595 populi

1760 1594 2109 1674 permisisse
2173 1599 2366 1659 Deum
2435 1605 2506 1660 ut
2564 1601 2754 1663 David
2833 1613 3323 1670 commoveretur

1760 1707 1925 1750 vano
1954 1695 2016 1752 et
2043 1691 2308 1770 superbo
2337 1691 2564 1754 affectu
2601 1695 2680 1756 ad
2721 1699 3176 1760 numerandum
3203 1718 3320 1780 po-

1760 1782 2005 1860 pulum.
2051 1782 2350 1845 Similiter
2403 1785 2762 1863 explicanda
2805 1797 2951 1850 sunt
2987 1790 3096 1852 illa
3133 1792 3323 1854 verba

1761 1874 1986 1936 Psalm.
2015 1875 2170 1936 404:
2195 1877 2532 1940 Declinasti
2555 1881 2801 1943 semitae
2827 1889 3092 1960 nostras,
3117 1885 3181 1947 id
3205 1893 3318 1962 est,

1758 1967 2094 2046 permisisti
2121 1973 2184 2030 et
2229 1969 2432 2032 sinisti
2481 1989 2594 2032 nos
2637 1971 2964 2036 declinare.
3003 1977 3170 2038 idem
3207 1980 3320 2040 de-

1759 2059 1951 2139 nique
1991 2066 2084 2122 est
2125 2080 2339 2124 sensus
2364 2071 2726 2126 caeterorum
2750 2067 3106 2144 verborum,
3137 2070 3320 2132 indu-

1760 2153 1965 2228 randi,
2007 2156 2379 2230 excaecandi,
2415 2174 2576 2235 quoe,
2608 2158 2695 2218 ita
2725 2176 2857 2220 esse
2884 2160 3315 2240 intelligenda,

1759 2244 1827 2306 in
1875 2245 2014 2308 aliis
2052 2249 2381 2328 Scripturas
2415 2250 2564 2312 locis
2613 2253 2758 2312 satis
2807 2253 3185 2334 explicatum
3217 2257 3318 2319 Je-

1758 2357 1912 2402 rem.
1947 2343 2017 2402 5:
2055 2342 2428 2406 Percussisti
2455 2362 2572 2421 eos,
2603 2351 2658 2408 et
2695 2365 2814 2408 nou
2841 2348 3154 2412 doluerunt
3171 2377 3196 2424 ;
3225 2357 3319 2415 at-

1754 2433 1992 2496 trivisti
2019 2453 2136 2510 eos,
2165 2441 2220 2498 et
2245 2444 2568 2500 renuerunt
2601 2441 2866 2518 accipere
2895 2442 3309 2520 disciplinam,

1752 2525 2188 2589 induraverunt
2225 2529 2424 2606 facies
2447 2548 2615 2607 ruas,
2646 2536 2702 2594 et
2728 2533 3042 2596 noluerunt
3069 2537 3314 2599 reverti.
3412 2533 3424 2540 ’

1754 2618 1927 2680 Unde
1955 2619 2181 2680 Psalm.
2211 2622 2285 2681 9:
2317 2621 2541 2698 Hodie,
2568 2625 2626 2686 si
2663 2641 2854 2686 vocem
2895 2625 3025 2704 ejus
3051 2627 3318 2697 audieri-

1751 2711 1857 2784 tis,
1889 2713 2074 2774 nolito
2103 2713 2397 2776 obdurare
2433 2715 2614 2776 corda
2652 2722 2894 2788 vestra,-
2919 2723 2982 2778 ct
3005 2718 3185 2780 Rom.
3231 2723 3310 2783 2:

1756 2803 1855 2866 Tu
1896 2809 2092 2866 autem
2140 2807 2457 2869 secundum
2505 2808 2802 2870 clm-itiam
2839 2815 3030 2886 tuam,
3065 2818 3180 2873 etc.
3225 2815 3315 2875 lta

1748 2893 1871 2957 late
1916 2898 2304 2975 Augustinus
2333 2943 2354 2974 ,
2401 2898 2544 2961 libr.
2595 2903 2623 2960 l
2679 2900 2904 2974 Quoest.
2951 2903 3030 2964 ad
3065 2905 3311 2986 simpl„

1749 2995 1968 3068 quaest.
1997 2991 2071 3066 23
2098 2992 2166 3051 D.
2185 2991 2476 3068 ThomaS,
2499 2991 2576 3052 ad
2599 2994 2778 3055 Rom.
2797 2997 2860 3069 9,
2887 2995 3024 3058 lec-t.
3055 3001 3112 3059 3.
3139 2999 3314 3062 Unde

1746 3091 1913 3147 recte
1950 3085 2107 3147 dixit
2137 3087 2416 3163 Faustus,
2459 3086 2570 3149 lib.
2607 3091 2668 3165 1,
2711 3107 2847 3171 cap.
2898 3093 2976 3154 18
3023 3093 3100 3155 de
3139 3094 3310 3159 Grat.

1748 3184 1811 3240 ει
1838 3178 2019 3239 liber.
2050 3179 2300 3240 arbitr.:
2346 3182 2492 3246 Non
2517 3182 2724 3263 utique
2755 3185 3043 3248 violentia
3067 3190 3314 3269 compel-

1746 3272 1952 3347 lentis,
1997 3273 2101 3335 sed
2137 3273 2446 3337 clementia
2491 3275 2852 3353 reluctantis,
2901 3278 3315 3345 obdurationis

1750 3366 1976 3427 occasio
2005 3374 2112 3427 est.

1828 3457 1889 3517 8.
1937 3458 2031 3519 Ad
2060 3457 2212 3519 alias
2239 3460 2557 3538 generales
2597 3461 2936 3525 locutiones
2983 3465 3311 3547 Scripturas

1748 3550 2190 3630 respondetur,
2221 3570 2350 3613 esse
2382 3552 2481 3613 vel
2516 3554 2697 3632 juxta
2737 3555 3078 3635 subJectam
3118 3568 3310 3623 mate-

1748 3642 1933 3719 riam,
1957 3644 2056 3705 vel
2077 3662 2216 3705 cum
2246 3645 2676 3709 distributione
2703 3649 3104 3711 accommoda
3129 3654 3312 3716 intel-

1749 3734 2021 3815 ligenda.
2052 3739 2120 3798 In
2159 3758 2296 3820 cap.
2327 3758 2474 3819 ergo
2504 3741 2864 3804 duodecimo
2895 3744 3112 3823 primae
3146 3747 3308 3825 Cor„

1750 3836 1960 3909 aperte
1984 3836 2076 3893 est
2096 3850 2299 3894 sermo
2326 3833 2406 3895 de
2437 3836 2726 3914 operibus
2754 3838 3008 3915 gratiae:
3039 3839 3310 3904 Divisio-

1748 3943 1847 3986 nes
1878 3925 2010 4003 (ait)
2039 3928 2388 4005 prociarum
2416 3934 2580 4004 sunt,
2607 3930 2761 3991 idem
2789 3936 2986 3993 autem
3017 3934 3309 4011 spiritu-5,-

1749 4016 2074 4080 divisiones
2107 4021 2515 4097 operationum
2542 4027 2706 4097 sumt,
2734 4023 2889 4085 idem
2923 4042 3058 4087 vero
3090 4027 3309 4089 Domi-

1746 4128 1863 4173 nus
1909 4113 2016 4191 qui
2063 4118 2349 4193 operatur
2393 4117 2593 4175 omnia
2637 4117 2704 4177 in
2758 4117 3051 4179 omuibus.
3083 4120 3310 4181 Exten-

1744 4202 1948 4265 dendo
1977 4222 2123 4265 vero
2151 4204 2260 4266 illa
2287 4204 2476 4267 verba
2502 4206 2582 4267 ad
2611 4208 2822 4269 omnia
2849 4227 2990 4289 quae
3015 4212 3308 4291 simplici·

1744 4302 1839 4357 ter
1878 4295 2064 4373 fiunt,
2089 4316 2305 4359 verum
2337 4304 2430 4359 est
2456 4298 2650 4359 Deum
2676 4302 2890 4363 omnia
2917 4306 3184 4383 operari,
3207 4306 3307 4367 vel

1744 4390 2096 4470 specialiter
2123 4391 2224 4454 vel
2253 4392 2626 4470 generaliter
2649 4392 2731 4455 ad
2757 4413 2830 4457 ea
2854 4400 3302 4476 concurrendo,

1743 4483 1823 4543 ad
1872 4486 2358 4565 unumquodque
2404 4490 2710 4565 quatenus
2755 4506 2866 4551 ens
2911 4496 3004 4552 est
3021 4506 3042 4569 3
3100 4498 3163 4553 et
3217 4494 3305 4554 ita

1748 4575 1935 4637 etiam
1967 4582 2257 4656 operatur
2303 4579 2625 4639 entitatem
2665 4586 2839 4641 actus
2886 4584 3119 4661 peccati
3161 4602 3306 4646 con·

1748 4669 2054 4730 currendo
2097 4670 2176 4729 ad
2223 4670 2421 4746 illam,
2473 4690 2601 4733 non
2645 4679 2855 4735 tamen
2889 4676 3304 4755 praedetermi-

1744 4761 1976 4821 nando.
2008 4762 2238 4823 Eodem
2279 4764 2462 4824 modo
2485 4772 2882 4844 exponuntur
2903 4767 3094 4829 verba
3118 4771 3298 4833 Rom.

1750 4856 1819 4915 11
1853 4875 1867 4913 :
1898 4854 2008 4916 Eo>
2036 4872 2148 4934 quo
2181 4858 2403 4918 omnia.
2434 4858 2628 4919 Locus
2667 4866 2878 4921 autem
2919 4861 3148 4923 Jerem.
3199 4866 3299 4941 10,

1742 4946 1871 5025 jam
1890 4963 2074 5026 supra
2102 4946 2264 5009 libro
2290 4948 2516 5028 primo,
2541 4952 2740 5031 capite
2769 4954 3120 5033 undecimo,
3144 4962 3306 5019 trac-

1742 5042 1909 5099 tatus
1936 5045 2026 5099 est
2041 5055 2063 5117 3
2105 5048 2316 5121 aperte
2363 5042 2532 5104 euim
2565 5044 2652 5103 ibi
2701 5054 2792 5107 est
2829 5064 3033 5110 sermo
3081 5047 3159 5113 de
3199 5051 3303 5112 via

1744 5147 2016 5207 morum,
2063 5150 2252 5211 quam
2299 5152 2427 5196 non
2463 5142 2666 5216 potest
2705 5138 2894 5201 homo
2929 5141 3132 5204 facere
3172 5162 3303 5205 rec·

1746 5228 1899 5298 tam,
1937 5224 2054 5285 nisi
2082 5244 2121 5285 a
2151 5227 2276 5287 Deo
2301 5227 2606 5307 dirigatur
2624 5245 2645 5307 3
2685 5246 2746 5292 et
2773 5232 2889 5295 hoc
2926 5235 3108 5295 modo
3151 5236 3301 5296 dici-

1743 5320 1848 5376 tur
1873 5332 2003 5377 non
2031 5334 2162 5379 esse
2189 5318 2258 5379 in
2284 5319 2560 5396 homine,
2589 5328 2661 5383 ut
2685 5322 2918 5385 ibidem
2945 5326 3154 5387 statim
3191 5327 3300 5389 de·-

1743 5409 2030 5471 claratur.
2068 5412 2297 5473 Locum
2337 5419 2547 5475 autem
2597 5414 2676 5475 ad
2726 5416 2946 5495 EpheS.
2994 5421 3022 5478 1
3065 5416 3298 5481 ibidem

1742 5504 1974 5585 optime
2003 5506 2258 5586 exponit
2285 5525 2395 5585 per
2422 5508 2918 5572 distributionem
2955 5530 3300 5575 accommo-
