3850 6225
613 404 783 457 SEGT.
820 406 905 459 ln.
952 404 1167 459 UTRUM
1198 406 1362 459 TOTA
1396 406 1629 459 GRATlA
1662 406 1781 459 PER
1814 406 2144 463 vaccum!
2174 410 2398 463 AMISSA
2427 409 2656 463 surm
2675 451 2687 473 ,
2721 412 2858 463 mc.

98 496 399 575 Sequela
428 498 803 577 declaratur,
845 520 993 563 nam
1030 502 1323 564 meritum
1363 522 1501 565 esse
1534 522 1697 564 mor-

99 590 465 665 tificatum,
509 594 661 655 nihil
691 594 860 655 aliud
891 601 985 657 est
1014 615 1206 675 quam
1236 616 1373 659 esse
1410 598 1695 659 inefficax

98 690 419 763 respectu
450 687 587 747 talis
612 704 899 765 personae
930 682 1017 749 std
1056 690 1525 769 perducendam
1554 708 1696 753 eam

100 775 176 835 in
214 780 733 842 consecutionem
774 781 869 841 sui
904 784 1167 861 praemii,
1213 788 1470 864 propter
1498 786 1697 864 impe-

102 869 481 933 dimentum
522 874 585 933 in
636 892 713 935 ea
766 874 1073 948 existens;
1119 882 1215 951 et,
1248 878 1501 957 quando
1544 878 1695 939 illud

102 964 389 1039 tollitur,
434 972 581 1027 tunc
619 968 911 1029 meritum
964 970 1260 1031 vivificari
1298 972 1557 1045 dicitur;
1600 980 1697 1034 to-

102 1064 257 1118 tum
287 1065 502 1119 autem
534 1060 651 1121 hoc
682 1062 971 1123 convenit
993 1064 1217 1126 merito
1246 1068 1421 1125 actus
1450 1068 1695 1127 remissi

96 1151 301 1229 juxta
344 1154 705 1233 proedictam
752 1158 1146 1218 sententiam.
1192 1158 1406 1221 Solum
1448 1168 1541 1221 est
1582 1162 1693 1221 dif-

102 1244 419 1323 ferentia,
456 1248 627 1325 quod
655 1248 808 1309 illud
850 1248 1371 1329 impedimentum
1411 1272 1487 1313 ex
1516 1260 1692 1333 parte

102 1356 415 1415 personae
450 1358 577 1401 non
614 1348 709 1402 est
733 1348 1058 1420 peccatum
1092 1346 1249 1424 ejus,
1288 1346 1401 1407 sed
1430 1348 1560 1408 sola
1590 1367 1695 1409 ca-

102 1434 325 1493 rentia
384 1437 757 1497 necessaria}
807 1437 1274 1515 dispositionis;
1320 1458 1460 1519 quae
1516 1442 1695 1503 diffe-

104 1528 325 1587 rentia
366 1528 569 1589 solum
610 1532 953 1592 materialis
998 1533 1279 1608 videtur,
1326 1542 1434 1597 aut
1474 1554 1695 1597 seeun-

104 1618 273 1679 dum
304 1623 511 1701 magis
552 1628 613 1684 et
659 1625 889 1685 minua.
932 1626 1088 1686 Nam
1140 1627 1309 1704 quod
1354 1630 1572 1691 attinet
1613 1630 1694 1691 ad

104 1715 635 1777 constituendum
662 1718 1203 1797 impedimentum,
1224 1726 1285 1782 et
1310 1740 1694 1803 consequen-

104 1814 211 1869 ter
258 1810 777 1873 adwfficiendum
832 1820 898 1875 ut
940 1816 1229 1876 meritum
1269 1817 1423 1879 illud
1470 1838 1695 1880 secun-

102 1901 273 1961 dum
306 1911 683 1981 praesentem
706 1906 1006 1985 justitiam
1037 1908 1323 1971 inefficax
1352 1912 1430 1973 sit
1450 1930 1526 1972 ex
1552 1930 1693 1991 par-

100 1999 171 2053 te
230 1997 559 2073 operantis
586 2042 601 2069 ,
660 2000 950 2059 eamdem
1004 2002 1311 2064 rationem
1363 2006 1693 2085 participat

102 2106 263 2148 eum
302 2090 677 2153 mortificato
731 2094 978 2156 merit0.
1034 2095 1460 2177 Quapropter,
1510 2098 1691 2178 quid-

102 2181 269 2259 quid
314 2184 416 2257 sit,
457 2202 535 2244 an
585 2186 807 2247 merita
848 2188 1109 2249 remissa
1140 2191 1348 2251 statim
1388 2210 1571 2251 suum
1602 2192 1692 2253 ef-

100 2274 356 2337 fectum
384 2277 677 2353 habeant,
718 2281 887 2360 quod
918 2281 1185 2343 liberum
1226 2290 1321 2345 est
1350 2285 1689 2365 unicuique

100 2369 388 2447 opinari,
422 2373 639 2451 negari
668 2378 880 2435 tamen
923 2394 1065 2435 cum
1096 2375 1529 2455 probabilitate
1562 2397 1689 2439 non

100 2468 369 2539 potest,
403 2464 551 2543 quin
602 2466 823 2527 saltem
850 2468 917 2527 in
958 2469 1228 2529 termino
1267 2469 1407 2531 vitae
1464 2488 1577 2531 seu
1624 2470 1689 2531 in

102 2555 411 2635 ingressu
458 2558 669 2636 gloriae
718 2560 1031 2641 integrum
1074 2562 1321 2623 illorum
1361 2564 1691 2642 praemium

104 2650 499 2724 conseratur,
532 2652 774 2715 etiamsi
822 2655 1067 2715 nullum
1116 2656 1440 2717 meliorem
1481 2664 1692 2720 actum

114 2742 321 2804 homo
352 2744 414 2803 in
461 2745 581 2806 hac
613 2746 737 2807 vita
770 2748 1033 2825 habeat3
1068 2766 1218 2809 nam
1256 2749 1463 2827 ipsum
1504 2752 1693 2813 meri-

114 2846 257 2894 tum
288 2842 385 2897 est
415 2837 496 2897 ad
525 2838 644 2900 hoc
678 2841 995 2903 sufficiens
1034 2847 1097 2903 et
1137 2841 1376 2917 efficax,
1422 2842 1471 2903 si
1501 2844 1689 2905 homo

110 2928 177 2987 in
229 2930 433 3008 gratia
475 2930 758 2993 decedat.

200 3024 307 3083 49.
356 3020 455 3085 Au
478 3025 715 3106 aliquid
729 3034 849 3107 pro⁸
882 3026 977 3090 his
1014 3029 1241 3093 sentiat
1284 3030 1363 3092 D.
1400 3030 1683 3093 monas.

108 3148 199 3161 —
227 3118 449 3195 Neque
492 3136 609 3198 ego
633 3121 885 3182 invenio
915 3123 1081 3202 apud
1110 3125 1174 3183 D.
1209 3125 1535 3198 Thomam‚
1571 3126 1688 3186 sal-

106 3213 249 3269 tem
276 3211 354 3270 in⁴
379 3211 659 3284 Summa,
683 3214 853 3293 quod
876 3215 994 3276 hoc
1018 3215 1245 3277 alicubi
1266 3235 1555 3297 expresse
1580 3237 1686 3280 ne-

50 3295 83 3326 ·
106 3303 398 3379 gaverit;
436 3323 607 3376 nam,
632 3307 697 3367 in
738 3308 939 3370 citatis
968 3308 1121 3370 locis
1166 3329 1242 3372 ex
1273 3313 1330 3370 1.
1364 3313 1403 3374 2
1446 3319 1507 3372 et
1534 3313 1592 3372 Ξ.
1620 3314 1682 3386 2,

106 3397 325 3456 solum
362 3397 510 3460 dicit
538 3399 657 3461 hoc
684 3407 1091 3481 augmentum
1130 3421 1257 3464 non
1286 3404 1491 3466 statim
1523 3405 1683 3480 dari,

106 3489 234 3550 sed
280 3508 397 3551 suo
450 3497 755 3572 tempore,
808 3495 970 3557 sicut
992 3494 1143 3570 vita,
1195 3497 1414 3576 iuquit,
1458 3503 1723 3561 oeterna·

100 3601 236 3644 non
262 3583 477 3646 statim
498 3586 701 3661 datur,
725 3589 833 3650 sed
845 3603 953 3650 suo
975 3592 1255 3669 tempore,
1278 3590 1447 3670 quod
1472 3597 1684 3651 autem

104 3677 195 3735 sit
228 3676 387 3736 illud
414 3683 683 3757 tcmpuS,
736 3680 916 3740 divus
968 3683 1243 3742 Thomas
1292 3684 1357 3744 in
1406 3684 1682 3744 secunda

102 3771 413 3831 secundae
440 3771 639 3832 solum
664 3773 845 3834 dicit:
886 3773 1131 3847 Quando
1175 3775 1401 3857 aliquis
1430 3783 1683 3840 conatur

100 3867 199 3926 ad
222 3865 571 3944 hujusmodi
593 3873 979 3948 commentum
996 3894 1023 3941 ‚·
1050 3869 1197 3929 etin
1227 3871 1429 3949 prima
1454 3887 1682 3932 secun-

100 3957 211 4017 dae
247 3959 371 4019 ait:
424 3957 573 4022 Cum
596 3959 820 4042 aliquis
853 3960 1224 4040 sufficienter
1247 3962 1443 4040 suerit
1480 3965 1680 4044 dispo-

102 4053 277 4112 situs
306 4053 389 4114 ad
406 4053 627 4133 yratioe
659 4057 1045 4134 ammentum
1058 4079 1083 4126 ;
1114 4055 1179 4114 in
1208 4061 1432 4116 neutro
1467 4063 1677 4116 autem

102 4144 253 4205 loco
302 4145 421 4206 hoc
462 4147 778 4226 restringit
842 4146 924 4206 ad
968 4153 1219 4226 tempus
1270 4149 1458 4228 hujus
1507 4147 1669 4222 vitae,

98 4238 283 4299 unde
312 4239 575 4300 fortasse
604 4239 838 4302 diceret
884 4241 948 4300 in
992 4241 1129 4319 ipso
1162 4242 1415 4302 instanti
1456 4241 1674 4302 mortis

100 4333 329 4393 conari
384 4333 702 4394 hominem
748 4334 831 4394 ad
869 4334 1021 4394 illud
1070 4343 1478 4416 augmentum
1512 4336 1671 4396 reci-

98 4425 439 4506 piendum,
490 4427 539 4485 si
578 4425 643 4486 in
672 4428 791 4488 hac
826 4427 951 4488 vita
1008 4428 1127 4489 hoc
1170 4446 1299 4490 non
1344 4428 1667 4508 praestitit3

96 4519 399 4598 quamvis
428 4519 595 4580 enim
620 4520 739 4580 hoc
770 4521 898 4580 suis
924 4520 1387 4584 difficultatibus
1410 4539 1534 4582 non
1567 4540 1671 4582 ca—

98 4619 269 4686 reat,
300 4612 507 4673 minus
534 4617 746 4674 tamen
776 4613 1119 4674 absurdum
1144 4619 1258 4688 est,
1282 4633 1471 4694 quam
1492 4615 1670 4676 abso-

97 4707 237 4766 lute
284 4705 493 4766 dicere
558 4705 787 4785 privari
838 4708 1157 4768 hominem
1214 4715 1517 4788 perpetuo
1564 4709 1669 4769 illo

99 4800 388 4878 praemio,
418 4799 849 4878 Eamdemque
890 4801 989 4861 vel
1018 4801 1283 4863 similem
1316 4803 1671 4882 responsio-

98 4909 257 4952 nem
284 4891 583 4971 applicari
613 4899 870 4972 cuperet
907 4893 989 4954 ad
1016 4895 1235 4956 merita
1274 4895 1665 4969 mortificata,

97 5003 247 5064 quae
276 5005 393 5064 per
420 4991 630 5047 actum
655 4987 988 5047 remissum
1034 4987 1415 5066 poenitentiae
1452 4989 1670 5049 revivi-

96 5086 309 5140 scunt.
366 5081 520 5140 Nam
574 5080 763 5141 etiam
802 5081 1141 5160 Capreolus
1183 5087 1243 5143 et
1279 5081 1427 5143 Soto
1478 5099 1668 5161 supra

100 5178 329 5251 putant
369 5189 509 5233 esse
534 5172 808 5234 alienum
850 5193 887 5234 a
929 5183 1139 5236 mente
1182 5175 1253 5234 D.
1296 5175 1576 5248 Thomae,
1608 5179 1671 5236 et

100 5283 365 5344 prorsus
390 5265 641 5338 falsum,
673 5267 881 5328 dicere
914 5269 1061 5329 talia
1106 5269 1329 5329 merita
1362 5273 1667 5346 perpetuo

100 5360 335 5438 privari
358 5360 530 5420 omni
555 5360 807 5439 proprio
836 5361 1091 5440 praemio
1114 5360 1448 5423 essentiali.
1476 5359 1669 5421 Video

104 5459 321 5512 tamen
370 5452 581 5530 quoad
630 5451 795 5513 hanc
834 5459 1079 5533 partem
1127 5455 1434 5534 majorem
1481 5469 1670 5532 repu-

108 5546 427 5626 gnantiam
458 5544 523 5605 in
550 5545 831 5607 doctrina
872 5547 942 5607 D.
976 5548 1257 5622 Thomae,
1290 5550 1549 5626 propter
1597 5545 1672 5604 il-

428 5664 517 5714 11.

3218 408 3338 470 49⁷

1775 504 1903 565 lam
1935 506 2308 567 solutionem
2337 508 2417 569 ad
2447 509 2508 583 3,
2537 509 2711 569 artic.
2747 512 2806 581 5,
2840 512 3056 587 quoest.
3086 509 3188 583 89,
3217 514 3342 571 ter-

1774 599 1861 659 tia
1882 606 2072 678 part.,
2097 601 2316 681 juncto
2341 602 2518 662 artic.
2549 604 2609 663 2.
2637 603 2793 663 Nam
2818 602 2882 661 in
2901 602 3004 661 illa
3027 602 3338 665 solutione

1777 693 1963 754 docet
1995 712 2162 765 eum,
2187 696 2291 773 qui
2318 695 2588 773 resurgit
2611 712 2728 774 per
2752 700 2958 755 actum
2979 696 3336 771 remissum,

1780 787 1968 849 etiam
1995 788 2060 847 in
2077 788 2278 867 patria
2307 806 2520 849 carere
2541 788 2800 867 praemio
2829 788 3142 848 essentiali
3171 789 3342 851 adae-

1778 885 1968 959 quato
1998 882 2308 959 prioribus
2339 880 2575 941 meritis
2601 880 3023 953 mortificatis3-
3049 898 3202 962 ergo
3227 900 3340 943 ne-

1777 974 2050 1034 cessario
2105 976 2294 1035 etiam
2337 975 2530 1035 sensit
2575 992 2720 1035 eum
2755 993 2883 1035 non
2926 974 3205 1055 recipere
3253 982 3341 1037 to-

1774 1070 1905 1127 tam
1936 1067 2200 1147 gratiam
2225 1084 2338 1147 per
2365 1085 2432 1129 se
2473 1067 2746 1129 debitam
2787 1068 2906 1129 illis
2937 1070 3195 1142 meritis,
3229 1068 3342 1129 sed

1774 1165 2080 1240 perpetuo
2109 1160 2211 1220 illa
2241 1178 2476 1221 carere.
2513 1162 2604 1221 Ex
2633 1160 2916 1223 doctrina
2954 1167 3165 1223 autem
3193 1162 3342 1223 arti-

1777 1252 1897 1314 culi
1929 1253 2186 1313 secundi
2218 1253 2526 1333 colligitur
2563 1272 2640 1314 ex
2701 1260 2912 1316 mente
2953 1254 3235 1335 ejusdem
3263 1256 3336 1317 D.

1776 1348 2030 1407 Thomae
2070 1366 2216 1409 eum
2251 1348 2356 1427 qui
2403 1349 2675 1428 resurgit
2725 1367 2838 1427 per
2889 1354 3096 1409 actum
3125 1350 3341 1411 remis-

1776 1458 1942 1513 sum,
1972 1440 2074 1501 vel
2103 1440 2674 1515 nonintensiorem‚
2692 1442 2928 1503 nullam
2955 1442 3222 1521 gratiam
3240 1462 3341 1505 ac-

1776 1534 1984 1611 cipere
2013 1533 2096 1593 ob
2110 1532 2528 1611 praecedentia
2551 1536 2806 1607 merita;
2835 1554 2982 1613 ergo
2999 1536 3184 1597 sentit
3211 1542 3339 1598 tota

1776 1625 1883 1685 illa
1914 1626 2114 1705 gratia
2153 1631 2457 1706 perpetuo
2491 1627 2741 1706 privari,
2783 1627 2834 1687 si
2891 1627 3160 1707 amplius
3211 1646 3340 1691 non

1775 1718 2166 1796 disponatur.
2195 1718 2372 1781 Unde
2415 1719 2680 1780 fortasse
2727 1720 2954 1781 melius
3000 1721 3336 1793 diceretur,

1773 1813 2102 1892 magisque
2134 1818 2616 1891 consequenter,
2644 1819 2793 1874 tunc
2825 1813 2930 1874 illa
2957 1815 3179 1875 merita
3209 1832 3339 1876 nou

1772 1905 2070 1966 vivificari
2099 1904 2307 1983 quoad
2333 1904 2659 1984 praemium
2687 1906 3045 1968 essentiale.
3073 1907 3196 1968 Sed
3219 1908 3340 1968 hoc

1776 1998 1968 2059 etiam
1995 2002 2056 2060 et
2081 2016 2118 2058 a
2148 1998 2404 2059 veritate
2445 1998 2716 2059 alienum
2773 2004 2888 2072 est,
2938 2005 3000 2061 et
3033 2018 3158 2061 non
3191 2017 3340 2062 con—

1776 2100 1961 2155 sonat
1991 2112 2133 2155 eum
2163 2094 2444 2155 doctrina
2473 2094 2756 2174 ejusdem
2783 2096 2846 2154 D.
2873 2096 3146 2170 Thomae,
3173 2096 3338 2159 dicto

1775 2187 1951 2248 artic.
2011 2190 2071 2260 5,
2132 2188 2195 2247 in
2223 2205 2504 2266 corpore.
2559 2188 2668 2247 Est
2705 2206 2855 2267 ergo
2897 2189 3014 2249 hac
3054 2189 3119 2249 in
3161 2194 3338 2269 parte

1774 2279 2085 2340 sententia
2123 2281 2194 2341 D.
2229 2280 2484 2341 Thomae
2526 2280 2677 2339 mihi
2719 2280 2986 2341 difficilis
3017 2284 3078 2341 et
3111 2282 3338 2343 obscu-

1772 2390 1869 2433 ra.
1903 2372 2086 2435 Unde
2121 2373 2308 2433 etiam
2337 2373 2484 2433 satis
2515 2377 2758 2433 constat
2787 2380 2980 2435 totam
3009 2374 3180 2437 illam
3217 2376 3338 2455 pri-

1768 2482 1942 2524 mam
1997 2466 2357 2544 opinionem
2389 2466 2522 2526 sine
2569 2466 2897 2527 sufficienti
2927 2467 3336 2529 fundamento

1772 2558 1986 2619 multis
2014 2559 2480 2621 difficultatibus
2509 2558 2835 2638 implicari,
2878 2562 3046 2639 quod
3089 2581 3124 2623 a
3153 2562 3336 2623 nobis

1772 2653 2164 2731 propositum
2187 2658 2342 2713 erat.

1855 2748 1956 2807 2⁰.
2001 2746 2416 2827 Impuynatwr
2478 2764 2554 2811 σω
2583 2754 2758 2829 parto
2803 2750 3062 2812 secunda
3107 2750 3328 2831 opinio.

1768 2870 1851 2885 -·-
1872 2837 2161 2901 Secunda
2191 2857 2342 2901 vero
2369 2840 2604 2921 opini0,
2627 2858 2756 2903 uno
2787 2842 3198 2904 fundamento
3228 2860 3335 2923 po-

1770 2933 1909 3005 sito,
1943 2932 2007 2992 in
2033 2932 2290 3011 reliquis
2313 2933 2556 2995 facilius
2585 2936 2903 3014 procedit;
2935 2941 3149 2997 tamen
3177 2936 3332 2999 illud

1768 3023 2244 3086 fundamentum
2274 3025 2502 3087 falsum
2537 3034 2652 3101 est,
2689 3034 2746 3089 et
2779 3029 2841 3088 in
2867 3030 3190 3109 superiore
3237 3048 3333 3091 se-

1770 3119 1974 3180 ctione
2033 3119 2184 3180 satis
2239 3119 2700 3200 impugnatum,
2758 3122 3055 3182 nimirum
3105 3123 3329 3184 merita

1768 3211 2138 3273 mortificata
2179 3230 2306 3274 non
2337 3214 2631 3276 vivificari
2655 3215 2931 3276 totaliter
2969 3233 3085 3294 per
3109 3233 3331 3294 quam-
3423 3283 3434 3292 ,

1769 3323 2038 3384 cumque
2089 3307 2330 3384 peccati
2369 3307 2648 3368 mortalis
2702 3309 3160 3381 remissionem,
3215 3309 3330 3370 sed

1760 3398 1940 3478 juxta
1979 3397 2448 3477 proportionem
2473 3400 2930 3480 dispositionis;
2982 3401 3128 3461 hinc
3159 3401 3328 3462 enim

1766 3491 2054 3552 oriuntur
2077 3492 2212 3553 aliae
2253 3491 2646 3554 difficultates
2675 3493 2754 3555 de
2791 3494 3202 3556 fundamento
3227 3493 3327 3556 vel

1765 3585 1956 3646 modo
2009 3585 2176 3646 illius
2227 3587 2670 3666 proportionis,
2737 3593 2801 3648 et
2847 3587 2927 3648 de
2977 3587 3324 3667 quantitate

1766 3679 1986 3758 gratiae
2017 3697 2156 3759 quae
2181 3679 2388 3741 statim
2415 3680 2793 3753 restituitur;
2821 3699 2962 3760 quae
2993 3680 3156 3742 dicto
3185 3681 3324 3741 loco

1762 3772 2145 3833 sufficienter
2171 3777 2336 3834 tacta
2373 3778 2536 3833 sunt.
2569 3773 2827 3851 Reliqua
2866 3791 3039 3847 vero,
3070 3791 3210 3852 quae
3247 3791 3324 3836 ex

1760 3865 1865 3924 illa
1884 3865 2176 3944 opinione
2203 3864 2576 3938 inferuntur,
2597 3882 2636 3924 a
2661 3866 2840 3925 nobis
2870 3865 3320 3940 conceduntur,

1760 3976 1884 4018 non
1930 3957 2182 4036 quidem
2209 3975 2286 4018 ex
2312 3958 2418 4018 illo
2463 3957 2894 4030 fundamento,
2925 3957 3036 4018 sed
3065 3975 3140 4018 ex
3169 3958 3317 4032 alio,

1758 4050 1993 4110 scilicet
2013 4095 2027 4124 ,
2087 4051 2234 4130 quia
2255 4096 2270 4122 ,
2321 4051 2568 4130 quoties
2623 4051 3014 4111 vivificantur
3060 4051 3316 4126 merita,

1756 4161 1884 4203 non
1902 4150 2147 4204 tantum
2175 4161 2320 4222 pars
2343 4144 2578 4223 gratias,
2621 4142 2733 4204 sed
2757 4143 2944 4204 etiam
2969 4146 3096 4204 tota
3119 4143 3318 4222 gratia

1754 4237 2147 4315 respondens
2190 4237 2500 4314 prioribus
2528 4237 2768 4297 meritis
2811 4236 3018 4296 statim
3050 4236 3318 4296 restitui-

1754 4334 1883 4402 tur;
1913 4330 2061 4408 quia
2085 4330 2164 4390 ad
2192 4331 2334 4402 hoc,
2365 4330 2467 4390 vel
2491 4329 2664 4390 nulla
2691 4329 2976 4408 specialis
2994 4328 3314 4407 dispositio

1750 4423 2090 4500 requiritur
2135 4441 2213 4483 ex
2264 4429 2442 4501 parte
2489 4423 2790 4503 subjecti,
2843 4422 2944 4483 vel
2997 4421 3310 4501 quaelibet,
3397 4453 3404 4458 ·

1753 4515 2156 4595 quantumvis
2178 4515 2463 4590 remissa,
2496 4515 2741 4590 sufficit,
2763 4517 2834 4576 ut
2859 4514 3068 4576 statim
3106 4513 3312 4576 decla-

1751 4611 2050 4671 rabirnuS.

2143 4797 2354 4862 Tertia
2377 4794 2576 4878 opinio
2605 4797 2911 4878 rejicitur.

1830 4989 1930 5048 21.
1963 4987 2169 5047 Tertia
2184 4985 2458 5065 denique
2481 4986 2690 5065 opinio
2709 4986 3040 5064 pauciores
3057 4984 3312 5064 quidem

1750 5079 2146 5141 difficultates
2193 5079 2404 5152 habet,
2450 5078 2693 5140 nullum
2741 5083 2953 5140 autem
2999 5079 3312 5140 sufficiens

1748 5173 2264 5246 fundamentum3
2323 5189 2473 5232 nam
2530 5172 2722 5232 homo
2770 5172 3144 5250 justificatus
3199 5188 3314 5251 per

1754 5272 1961 5327 actum
1981 5265 2312 5327 remissum
2337 5265 2542 5325 statim
2557 5271 2787 5325 manet
2809 5265 2894 5325 ita
2913 5267 3208 5344 acceptus
3227 5263 3308 5324 ad

1750 5362 1944 5420 totam
2001 5358 2264 5438 gloriam
2305 5355 2618 5436 prioribus
2657 5355 2894 5416 meritis
2943 5372 3308 5434 correspon-

1750 5451 2028 5522 dentem,
2059 5455 2149 5511 ‚ut
2191 5451 2251 5510 ei
2291 5467 2368 5510 ex
2403 5447 2640 5528 justitia
2667 5447 3008 5521 debeatur-3
3057 5465 3208 5523 ergo
3249 5447 3312 5509 ei

1752 5543 1942 5605 etiam
1969 5544 2211 5604 extunc
2232 5541 2499 5604 debetur
2531 5546 2662 5601 tota
2693 5541 2893 5620 gratia
2919 5540 3158 5602 eisdem
3178 5557 3308 5602 me·

2906 5645 2985 5710 32
