3850 6225
553 329 673 389 422

555 432 722 492 tione
749 432 1006 505 directa,
1047 431 1175 491 sive
1201 430 1278 492 de
1307 431 1550 491 actione
1571 449 1685 509 per
1706 431 1871 491 viam
1901 449 2123 509 excep-

551 525 768 597 tionis3
800 524 864 585 id
895 530 1108 585 tamen
1139 524 1220 585 ad
1247 542 1364 585 nos
1393 542 1520 584 non
1543 528 1799 603 spectat.
1819 524 1916 595 Et,
1946 522 2121 602 quid-

555 618 706 697 quid
735 618 814 679 de
855 618 961 678 illo
1009 618 1108 691 sit,
1155 618 1302 679 inde
1341 635 1470 677 non
1517 618 1781 677 infertur
1825 617 2117 695 obligatio

547 711 842 791 justitiae:
889 712 1036 789 quia
1061 710 1166 789 jus
1207 709 1614 783 Canonicum,
1648 728 1760 770 seu
1791 709 2109 781 PraelatuS,

555 806 620 864 in
645 804 876 865 virtute
907 803 1094 877 illius,
1124 809 1329 883 potest
1359 803 1732 882 compellere
1759 802 1840 863 ad
1865 820 2118 863 servan·-

556 896 672 957 das
705 896 1140 977 obligationes,
1183 897 1428 957 etiamsi
1473 914 1600 957 non
1638 897 1995 975 pertineant
2036 894 2119 955 ad

553 992 844 1053 virtutem
867 992 1147 1071 justitiae,
1188 992 1302 1052 sed
1351 991 1670 1071 religionis
1703 1036 1718 1063 ,
1765 991 2119 1051 miscricor-

553 1084 694 1157 diue,
726 1086 824 1146 vel
866 1085 1022 1145 alias
1060 1084 1334 1156 similes;
1383 1088 1446 1145 et
1485 1083 1771 1162 quamvis
1817 1083 2115 1145 daremus

555 1178 726 1238 illam
765 1177 1208 1257 obligationem
1238 1196 1377 1239 esse
1399 1178 1676 1257 justitiae,
1695 1196 1824 1237 non
1851 1183 2018 1238 esset
2038 1191 2115 1237 ex

553 1270 612 1331 vi
637 1270 826 1331 solius
848 1270 1008 1349 juris
1037 1271 1364 1340 naturalis,
1395 1270 1508 1331 sed
1535 1270 1801 1349 positivi,
1833 1269 2004 1347 quod
2032 1268 2115 1329 ad

553 1363 974 1424 inducendam
1013 1363 1373 1443 hujusmodi
1429 1363 1876 1443 obligationem
1925 1362 2116 1441 pluri-

551 1474 727 1516 mum
777 1463 893 1517 est.
945 1457 1098 1517 Vide
1127 1458 1346 1518 Covar.
1375 1456 1527 1517 locis
1558 1474 1748 1535 supra
1785 1456 2008 1517 citatis.

631 1550 732 1609 23.
781 1548 1074 1621 Quamvis
1091 1557 1304 1611 autem
1349 1549 1754 1611 admittamus
1783 1550 1945 1609 hanc
1967 1548 2117 1609 obli-

551 1642 872 1717 gationem
913 1642 1228 1704 fidelitatis
1255 1643 1570 1703 interdum
1605 1660 1790 1721 posse
1835 1641 2115 1721 obligare

549 1736 671 1796 suh
717 1735 900 1813 culpa
943 1736 1222 1810 mortali,
1269 1736 1540 1797 multum
1593 1742 1806 1796 tamen
1857 1736 2119 1795 interest

553 1828 726 1907 quod
755 1829 860 1889 illa
890 1846 1019 1889 non
1053 1829 1130 1890 sit
1157 1834 1371 1890 contra
1399 1828 1725 1908 justitiam,
1757 1828 1869 1889 scd
1898 1833 2117 1889 contra

553 1921 922 1983 fidelitatem
956 1927 1224 1983 tantum.
1261 1922 1464 1983 Primo
1491 1922 1769 1999 quidem,
1796 1922 1944 1999 quia
1968 1926 2116 1982 tunc

551 2034 684 2075 non
727 2015 1025 2095 obligabit
1077 2015 1158 2075 ad
1203 2013 1688 2087 restitutionem,
1715 2016 1957 2075 etiamsi
1986 2015 2117 2075 vio-

549 2108 666 2169 lari
699 2110 1054 2188 contingat;
1088 2108 1388 2181 secundo,
1421 2108 1567 2186 quia
1597 2108 1647 2167 si
1677 2126 1801 2169 non
1823 2112 1918 2169 est
1946 2108 2117 2168 debi-

553 2209 688 2261 tum
713 2202 987 2281 justitiae,
1016 2220 1142 2261 non
1173 2207 1377 2279 potest
1406 2201 1470 2261 in
1501 2200 1880 2261 conscientia
1908 2200 1983 2273 is,
2013 2201 2115 2261 cui

555 2294 720 2355 facta
752 2301 846 2355 est
874 2293 1224 2373 promissio,
1257 2312 1370 2353 sua
1399 2293 1766 2354 auctoritate
1809 2312 1942 2355 rem
1996 2294 2113 2355 sibi

550 2388 906 2449 vendicare.
957 2386 1264 2464 Denique,
1315 2386 1462 2464 quia
1489 2386 1628 2447 talis
1657 2387 1953 2467 obligatio
1985 2406 2115 2449 nou

551 2480 838 2541 transibit
879 2480 961 2539 ad
991 2478 1293 2551 haeretica,
1328 2486 1396 2540 ut
1421 2480 1482 2539 in
1507 2481 1864 2559 particulari
1888 2482 1966 2543 de
1996 2482 2113 2541 hac

553 2572 934 2651 obligatione
964 2572 1259 2651 simplicis
1288 2574 1718 2651 promissionis
1747 2576 1984 2635 notavit
2004 2576 2115 2637 Mi-

553 2665 733 2725 chael
773 2666 986 2737 Salon,
1033 2671 1182 2725 tom.
1231 2669 1256 2725 l
1303 2666 1381 2725 (10
1428 2667 1614 2738 Just„
1653 2672 1872 2746 quaest.
1927 2671 1967 2729 5
2026 2668 2105 2730 dc

551 2757 815 2841 doomin,
835 2764 950 2819 art.
983 2760 1042 2830 3,
1061 2759 1211 2819 dub.
1239 2762 1295 2820 3.
1327 2760 1442 2821 Ubi
1465 2761 1738 2839 appellat
1765 2763 1927 2823 hanc
1957 2762 2109 2823 obli-

551 2850 870 2929 gationem
891 2852 1144 2930 justitiae
1185 2851 1532 2913 secundum
1581 2854 1732 2931 quid
1762 2901 1777 2926 ,
1833 2861 1896 2915 et
1938 2856 2001 2915 in
2038 2874 2107 2917 re

548 2943 805 3007 tandem
844 2944 1110 3024 explicat
1153 2964 1290 3006 esse
1351 2946 1541 3007 solius
1585 2946 1926 3020 fidelitatis,
1970 2968 2109 3027 quoe

551 3037 718 3098 cadit
762 3038 826 3097 in
869 3056 1230 3117 personam,
1275 3044 1337 3098 et
1363 3057 1492 3097 non
1531 3039 1594 3099 in
1645 3040 1833 3114 hona,
1867 3048 1931 3102 et
1970 3040 2111 3103 ideo

549 3150 665 3211 per
703 3151 772 3193 se
818 3138 880 3192 et
921 3133 980 3192 vi
1029 3151 1142 3193 sua
1194 3151 1322 3193 non
1374 3127 1596 3194 transit
1647 3134 1728 3195 ad
1781 3135 2108 3212 haeredes,

549 3231 856 3304 quantum
897 3230 992 3286 est
1059 3245 1136 3286 ex
1195 3226 1340 3305 jure
1385 3233 1643 3288 naturae.
1695 3229 1820 3289 Sed
1861 3229 1940 3290 de
1994 3230 2113 3290 hac

547 3317 770 3378 morali
813 3318 1238 3398 suppositione
1289 3325 1352 3381 et
1405 3319 1790 3400 digressione
1823 3322 1952 3382 haec
1990 3320 2115 3384 sint

550 3411 720 3472 satis,

547 3643 852 3708 Fidelitas
895 3645 1176 3726 quomodo
1215 3647 1298 3708 ad
1332 3645 1646 3710 veritatem
1691 3653 1750 3710 et
1789 3647 2111 3728 justitiam

1129 3744 1536 3820 comparatur.

627 3970 728 4028 24.
771 3969 1002 4042 Tertio,
1023 3969 1483 4030 observandum
1523 3975 1616 4031 est
1643 3969 1933 4030 virtutem
1960 3969 2107 4032 fidei

546 4062 843 4135 ωσι-053,
904 4079 1094 4139 quam
1147 4060 1512 4124 fidelitatem
1568 4062 1994 4142 appellamus,
2040 4069 2111 4125 ut

547 4171 688 4214 eam
742 4172 780 4214 a
827 4153 951 4214 fide
995 4154 1372 4234 Theologica
1417 4155 1874 4234 distinguamus
1906 4200 1922 4229 ,
1978 4175 2106 4218 non

547 4265 686 4307 esse
729 4247 916 4307 aliam
959 4266 996 4306 a
1037 4246 1262 4308 virtute
1310 4247 1608 4319 veritatiS,
1637 4249 1686 4308 si
1741 4249 1991 4328 proprie
2046 4254 2110 4311 ct

545 4339 612 4399 in
641 4339 848 4416 specie
892 4339 970 4400 de
1000 4339 1108 4399 tali
1137 4340 1361 4400 virtute
1411 4340 1721 4401 fidelitatis
1747 4342 2103 4419 loquamur.

545 4433 716 4510 quod
765 4433 908 4494 ideo
957 4433 1144 4506 addo,
1181 4434 1326 4512 quia
1363 4435 1538 4495 multi
1593 4437 1692 4496 vel
1717 4435 2109 4497 confundunt

546 4525 662 4586 has
688 4545 894 4600 voceS,
937 4526 1036 4586 vel
1074 4527 1388 4605 aequivoce
1422 4528 1539 4588 illis
1567 4534 1842 4589 utuntur.
1871 4531 1961 4590 Ex
1980 4547 2103 4608 quo

545 4618 808 4680 fortasse
845 4626 1051 4680 ortum
1084 4625 1176 4680 est
1217 4625 1286 4681 ut
1329 4621 1686 4682 Dominicus
1723 4623 1894 4693 Sot0,
1925 4622 2032 4682 lib.
2066 4625 2103 4682 7

547 4709 624 4770 de
653 4712 842 4784 Just„
876 4730 937 4790 q.
973 4715 1034 4784 2,
1055 4718 1172 4772 art.
1207 4715 1262 4788 1,
1299 4713 1460 4772 circa
1489 4714 1671 4774 solut.
1697 4713 1778 4774 ad
1803 4714 2101 4793 primum,

544 4803 767 4865 dixerit
807 4804 1194 4878 fidelitatem,
1229 4825 1342 4867 seu
1369 4806 1586 4880 fidem,
1623 4825 1752 4868 non
1797 4809 2000 4869 solum
2022 4807 2107 4869 ad

537 4897 842 4976 ‚iustitiam
890 4899 1230 4977 pertinere,
1277 4899 1388 4960 sed
1445 4901 1632 4961 etiam
1675 4919 1814 4963 esse
1867 4901 2105 4980 ipsissi-

1028 331 1240 383 OPUSC.
1275 330 1357 381 w.
1403 330 1706 381 RELECTIO
1742 330 1821 381 DE
1855 328 2202 381 LtBEnTATE
2236 328 2624 381 VOLUNTATls
2656 330 2903 383 mvmffi.
2938 328 3179 382 mSPU'r.
3212 329 3277 379 11.

2204 448 2354 511 gare
2402 432 2483 491 ad
2530 431 2815 491 mortale.
2851 434 2927 491 At
2954 449 3103 491 vero
3148 430 3213 489 in
3246 428 3463 488 relect.
3494 426 3578 487 de
3610 428 3755 505 Reg.

2201 541 2355 597 sec.,
2384 522 2651 583 membr.
2678 524 2904 603 prim0,
2936 528 3156 601 quaest.
3189 521 3417 601 prima,
3450 519 3763 598 duplic-em

2200 614 2519 695 distinguit
2551 614 2741 676 tidem
2770 616 3073 676 moralem
3108 634 3121 674 :
3185 630 3403 685 unam,
3442 630 3589 691 quae
3634 628 3763 670 ver-

2200 714 2375 769 satur
2414 710 2579 769 circa
2618 708 2899 770 debitum
2948 709 3175 787 legale,
3209 707 3381 786 quod
3412 714 3503 767 est
3538 722 3687 764 vere
3708 714 3761 764 et

2192 804 2335 883 jure
2365 802 2667 875 debitum,
2696 802 2879 881 quale
2900 806 2995 863 est
3020 802 3086 861 in
3114 798 3509 862 commerciis
3532 803 3601 859 et
3624 816 3761 857 con-

2198 896 2521 968 tractibuS‚
2554 900 2703 970 etc.,
2738 900 2801 957 et
2836 896 3000 955 hanc
3026 896 3175 956 dicit
3200 912 3333 954 non
3376 892 3681 971 distingui
3728 912 3761 951 a

2192 989 2455 1069 justitia,
2489 994 2551 1050 et
2578 989 2657 1049 de
2688 989 2791 1048 illa
2828 988 3089 1067 intelligi
3124 986 3300 1067 quod
3330 986 3483 1047 dixit
3526 986 3759 1058 Cicero,

2198 1086 2226 1143 l
2264 1082 2345 1143 de
2378 1083 2591 1144 Offic.:
2638 1082 3123 1144 Fundameutmn
3138 1080 3443 1162 justitia»,
3476 1080 3655 1159 fides.
3694 1080 3759 1139 Et

2194 1174 2457 1237 fortasse
2486 1175 2565 1236 de
2602 1175 2722 1234 hac
2754 1175 2999 1235 locutus
3038 1179 3133 1235 est
3166 1174 3203 1235 J
3210 1172 3669 1233 urisconsultus
3704 1172 3757 1231 in

2193 1270 2237 1330 1.
2263 1273 2319 1337 1,
2340 1270 2405 1330 ff.
2432 1269 2511 1329 de
2534 1268 2755 1342 Paetis,
2775 1286 2921 1329 cum
2944 1268 3125 1329 dixit:
3154 1264 3321 1339 Quid
3335 1271 3461 1329 tam
3486 1268 3761 1346 conyruit

2186 1364 2333 1445 fidei
2360 1366 2657 1437 lamnam,
2703 1382 2883 1444 quam
2912 1378 3261 1427 conservare
3298 1378 3433 1442 quoe
3463 1359 3635 1421 inter
3676 1378 3758 1421 eos

2189 1458 2556 1539 placuerunt
2577 1458 2607 1518 ,Ρ
2644 1456 2709 1517 id
2737 1462 2851 1528 est,
2894 1462 3101 1535 pacta.
3138 1455 3343 1515 Aliam
3392 1470 3533 1513 esse
3568 1452 3653 1511 ait
3698 1452 3757 1511 fi-

2195 1550 2365 1623 dem,
2402 1568 2517 1611 seu
2539 1549 2925 1619 fidelitatem,
2956 1566 3097 1627 quae
3128 1552 3419 1607 versatur
3456 1546 3627 1607 cinca
3664 1546 3757 1604 de-

2194 1642 2394 1704 bitum
2436 1642 2699 1717 morale,
2739 1640 2907 1721 quod
2943 1658 3071 1701 non
3112 1646 3209 1701 est
3241 1638 3535 1699 absolute
3600 1637 3757 1698 dehi-

2196 1742 2353 1811 tum,
2398 1735 2513 1797 sed
2558 1735 2641 1797 ad
2694 1734 3035 1814 quamdam
3082 1732 3446 1794 naturalem
3494 1731 3755 1809 pertinet

2198 1831 2627 1903 honestatem;
2664 1837 2726 1889 et
2764 1828 2845 1888 ad
2891 1828 3055 1887 hanc
3098 1827 3387 1887 virtutem
3450 1824 3751 1903 pertinere

2196 1925 2327 1985 vult
2372 1923 2817 2003 obligationem
2858 1920 3286 2001 promissionis
3327 1918 3657 2009 simplicia,
3702 1928 3753 1979 et

2197 2017 2344 2078 dicit
2370 2036 2497 2077 non
2533 2034 2671 2076 esso
2701 2014 2951 2094 proprie
2974 2014 3304 2092 justitiam,
3336 2012 3633 2092 quamvis
3666 2030 3754 2069 ra-

2196 2111 2429 2171 tionem
2456 2110 2677 2169 afferat
2704 2109 3292 2186 miiiuscongruam,
3323 2106 3594 2166 scilicet:
3620 2106 3752 2182 quia

2194 2204 2277 2263 ibi
2305 2203 2585 2265 debitum
2614 2202 2911 2262 fundatur
2940 2200 3005 2262 in
3045 2200 3179 2261 sola
3218 2198 3519 2260 libertate
3562 2206 3621 2259 et
3657 2200 3753 2257 bo-

2195 2298 2387 2358 nitate
2418 2296 2856 2376 promittentiS,
2890 2312 3017 2354 non
3049 2300 3142 2354 est
3168 2312 3317 2353 vera
3354 2294 3518 2353 ratio
3550 2293 3749 2361 debiti,

2194 2408 2313 2450 nec
2360 2396 2454 2451 est
2482 2388 2735 2469 proprie
2762 2388 3006 2468 integra
3040 2388 3197 2447 ratio
3238 2386 3526 2465 justitiae.
3568 2386 3749 2457 Quam

2190 2481 2497 2543 rationem
2530 2481 2814 2542 absolute
2854 2500 2979 2541 non
3019 2477 3325 2559 approb0,
3352 2479 3503 2558 quia
3534 2480 3747 2557 optime

2194 2582 2397 2655 potest
2442 2575 2719 2636 debitum
2752 2592 2889 2634 csse
2920 2580 3127 2635 ortum
3166 2592 3243 2633 cx
3276 2572 3561 2633 bonitate
3596 2580 3655 2631 et
3688 2574 3747 2631 li-

2188 2668 2454 2743 bertate,
2476 2676 2537 2731 et
2565 2676 2775 2729 tamen
2791 2668 3053 2729 transire
3086 2669 3149 2727 in
3178 2666 3465 2727 debitum
3484 2666 3741 2745 justitiae,

2194 2768 2281 2836 ut,
2318 2763 2367 2821 si
2406 2761 2707 2839 usquead
2730 2760 3132 2821 donationem
3162 2760 3260 2821 vel
3282 2760 3744 2820 translationem

2194 2856 2455 2935 alicujus
2488 2856 2647 2933 juriS
2677 2873 2790 2915 seu
2846 2853 3101 2915 dominii
3131 2854 3441 2933 processit
3492 2852 3747 2912 liberali·

2190 2956 2307 3011 taS.
2340 2950 2595 3027 Oportet
2626 2967 2775 3027 ergo
2820 2948 2940 3007 vim
2982 2947 3243 3007 rationis
3272 2946 3339 3005 in
3380 2952 3457 3006 e'o
3494 2964 3741 3024 ponere.

2192 3042 2361 3124 quod
2390 3062 2581 3124 supra
2624 3042 2962 3121 tetigimuS,
3006 3040 3177 3119 quod
3224 3039 3573 3100 liberalitas
3616 3048 3778 3118 pro-⁹

2191 3137 2493 3197 mittentis
2536 3155 2613 3196 ex
2652 3135 2907 3196 definita
2940 3135 3259 3195 voluntate
3290 3133 3429 3213 ejus
3450 3151 3579 3192 non
3600 3133 3749 3192 ultra

2193 3229 2657 3309 progrediatur,
2704 3228 2817 3289 sed
2872 3229 3047 3288 sistat
3098 3229 3163 3288 in
3212 3225 3597 3304 obligatione
3632 3227 3750 3284 effi-

2196 3323 2401 3384 ciendi
2430 3341 2649 3383 verum
2680 3321 2851 3402 quod
2880 3322 3053 3394 dixit,
3084 3320 3256 3400 quod
3284 3320 3366 3380 ad
3396 3318 3589 3380 fidem
3620 3337 3748 3398 pro-

2192 3417 2327 3495 prie
2384 3417 2617 3477 dictam
2672 3416 2979 3496 pertinet,
3027 3422 3096 3477 ut
3127 3416 3228 3475 vel
3268 3433 3348 3474 ex
3402 3413 3542 3492 ipsa
3592 3415 3747 3472 vocis

2194 3510 2597 3590 etymologia,
2622 3526 2813 3588 quam
2840 3509 3245 3588 Augustinus,
3268 3507 3376 3567 lib.
3401 3507 3483 3567 de
3504 3507 3745 3567 Menda-

2193 3605 2311 3678 ci0‚
2354 3621 2493 3682 cap.
2541 3605 2643 3676 ΞΟ,
2688 3602 2897 3674 tradit,
2941 3602 3145 3681 colligi
3189 3606 3442 3680 potest;
3498 3620 3641 3660 nam
3675 3603 3745 3676 fi-

2192 3699 2293 3760 des
2318 3699 2337 3776 (
2359 3697 2599 3776 inquit)
2631 3696 2940 3777 appellata
2974 3699 3085 3771 est,
3120 3695 3269 3776 quia
3298 3697 3378 3776 fit
3414 3695 3575 3775 quod
3610 3695 3742 3755 dici-

2192 3795 2318 3854 tur.
2356 3791 2435 3853 Ut
2468 3809 2617 3868 ergo
2650 3789 2713 3849 in
2754 3806 2905 3849 voce
2933 3807 3059 3849 non
3102 3789 3481 3858 haereamus,
3510 3805 3629 3845 non
3662 3793 3744 3845 cst

2191 3883 2451 3944 dubium
2469 3883 2643 3963 quin,
2660 3881 2834 3962 large
2865 3881 3201 3960 loquendo,
3234 3881 3437 3942 soleat
3461 3899 3577 3940 vox
3605 3880 3741 3938 fide-

2188 3977 2375 4038 litatis
2404 3978 2653 4038 extendi
2684 3977 2761 4037 ad
2794 3993 3045 4036 omnem
3074 3975 3387 4034 actionem
3409 3993 3533 4053 qua
3562 3975 3735 4032 homo

2188 4071 2403 4149 implet
2438 4070 2609 4148 quod
2638 4075 2889 4131 tenetur
2918 4087 2993 4128 ex
3021 4067 3081 4128 vi
3129 4067 3583 4147 promissionis),
3618 4067 3735 4124 sire

2189 4165 2293 4224 illa
2330 4163 2407 4224 sit
2432 4163 2515 4224 ad
2537 4165 2735 4224 Deum
2768 4181 2879 4242 per
2916 4166 3151 4230 votum,
3184 4161 3367 4238 juxta
3398 4161 3552 4221 illud
3596 4165 3615 4220 ί
3662 4159 3737 4218 ad

2188 4257 2458 4317 Timoth.
2488 4259 2561 4316 5:
2606 4257 2911 4319 Habentes
2942 4255 3410 4326 damnationem,
3445 4254 3587 4335 quia
3614 4251 3738 4331 pri-
3825 4319 3826 4328 ἶ

2188 4369 2350 4413 mam
2376 4351 2557 4425 fidem
2583 4349 2829 4412 irritam
2856 4353 3125 4424 fecerunt
3152 4373 3179 4420 ,·
3219 4355 3283 4408 et
3328 4348 3483 4408 illud
3514 4348 3730 4406 Erotes
3825 4353 3826 4382 ³

2188 4443 2270 4503 5:
2322 4441 2577 4522 Siquid
2598 4441 2818 4505 vovisti
2846 4443 2988 4513 Deo,
3042 4458 3266 4502 memor
3320 4440 3443 4504 eris
3480 4441 3731 4510 reddere,
3825 4433 3826 4450 ³

2186 4535 2467 4615 displicet
2520 4537 2679 4596 euim
2740 4536 2859 4596 Deo
2900 4533 3169 4610 infidelis
3216 4535 3543 4612 promissio
3554 4557 3578 4602 ‚·
3616 4533 3732 4591 sive

2186 4627 2515 4706 promissio
2565 4627 2643 4687 sit
2692 4627 2854 4686 inter
2884 4627 3194 4703 homineS,
3227 4625 3557 4688 includens
3598 4645 3735 4704 pac—

2186 4727 2343 4794 tum,
2386 4727 2448 4781 et
2491 4725 2949 4798 consequenter
2980 4719 3428 4799 obligationem
3456 4740 3533 4782 ex
3558 4721 3735 4800 ²justi-

2187 4813 2295 4886 tia‚
2342 4831 2456 4874 seu
2500 4831 2579 4874 ex
2622 4813 2849 4884 officio,
2894 4813 2973 4874 de
3022 4833 3147 4892 qua
3186 4815 3551 4894 intelligitur
3593 4813 3735 4873 illud

2184 4906 2401 4968 Matth.
2458 4907 2577 4966 24:
2634 4905 2784 4980 Quis
2824 4913 3009 4988 putas
3048 4912 3141 4969 est
3178 4907 3381 4984 fidelis
3434 4925 3639 4970 servus
3680 4910 3733 4967 et

545 5009 720 5052 mum
745 4991 998 5071 justitiae
1041 4991 1557 5066 fundamentum3
1602 5000 1664 5056 et
1707 5001 1917 5056 tamen
1944 4997 2009 5056 in
2036 4999 2096 5071 4,
2177 5001 2491 5082 prudens?
2520 4999 2595 5061 Et
2628 4997 2689 5059 in
2724 4999 2947 5060 eadem
2978 4999 3433 5080 significatione
3459 4999 3733 5061 dicuntur

545 5085 813 5146 distinct.
845 5087 949 5158 20,
989 5091 1204 5163 quoest.
1229 5089 1290 5158 2,
1325 5093 1440 5146 art.
1461 5089 1522 5160 2,
1545 5087 1812 5166 loquens
1849 5089 1929 5150 de
1960 5089 2104 5150 sim-

543 5178 688 5257 plici
713 5179 1127 5256 promissione
1163 5177 1326 5240 t'acta
1353 5180 1614 5254 homini,
1645 5181 1732 5242 ait
1769 5199 1846 5242 ex
1867 5201 2099 5261 genere

545 5291 659 5332 suo
687 5289 816 5332 non
846 5271 1122 5350 obligare
1153 5271 1270 5332 sub
1312 5278 1490 5333 reatu
1529 5273 1797 5348 mortali,
1827 5275 2103 5335 sentiens

543 5365 746 5426 solum
795 5365 1107 5444 pertinere
1155 5365 1236 5426 ad
1275 5365 1566 5426 virtutem
1595 5366 1868 5428 veritatis
1919 5374 1982 5429 et
2029 5369 2105 5429 il·

536 5457 662 5521 lam
706 5458 998 5520 virtutem
1028 5477 1104 5520 ex
1133 5476 1365 5539 genere
1413 5475 1527 5522 suo
1573 5476 1898 5538 nunquam
1946 5461 2103 5524 obli-

2184 5091 2485 5172 conJuges
2528 5110 2777 5152 servare
2828 5091 2946 5153 sibi
2992 5095 3273 5153 mutuam
3328 5093 3546 5166 fidem,
3591 5100 3647 5154 et
3674 5092 3731 5152 in

2186 5184 2324 5244 aliis
2352 5185 2547 5264 pactis
2576 5192 2670 5246 est
2698 5185 2995 5264 frequens
3021 5186 3126 5247 illa
3152 5186 3407 5248 locutio·

2266 5279 2366 5340 25.
2411 5278 2675 5340 Mor-alis
2712 5281 2862 5359 fides
2892 5287 2985 5342 est
3026 5279 3225 5344 virtus
3263 5300 3303 5343 a
3328 5281 3596 5358 ,iustitia
3623 5281 3725 5342 dis-

2186 5370 2921 5433 tincta-Nihilominus
2952 5379 3163 5434 tamen
3190 5373 3459 5434 dubium
3488 5393 3611 5436 non
3648 5379 3725 5432 est

2184 5463 2335 5542 quin
2382 5463 2672 5540 fidelitas,
2704 5483 2817 5527 seu
2858 5465 3015 5528 fides
3060 5466 3337 5544 moraliS,
3374 5468 3626 5548 propria
3670 5471 3721 5525 ct
