3850 6225
501 404 618 463 354

497 510 575 571 lis
627 510 888 571 scientia
939 511 1209 589 pertinet
1253 510 1336 571 ad
1391 512 1717 575 scientiam
1767 512 2059 584 visionis,

499 602 810 683 quamviS,
841 608 910 663 ut
939 604 1233 682 praecedit
1271 602 1862 667 determinationem
1903 605 2065 667 libe-

495 715 634 759 ram
679 696 904 757 divinas
943 698 1276 759 voluntatis
1315 705 1377 759 ut
1417 699 1484 760 in
1523 718 1591 761 re
1624 700 1914 779 positam,
1946 699 2063 760 ali-

498 790 650 871 quid
678 790 1005 869 participet
1044 791 1124 853 de
1165 792 1426 872 simplici
1457 792 1886 873 intelligentia.
1921 792 2059 855 Alio

499 900 648 943 vero
695 882 884 945 modo
912 889 1116 962 potest
1143 884 1522 946 considerari
1555 886 1666 947 Dei
1705 886 1963 947 scientia
1990 890 2061 945 ut

499 978 741 1039 ratione
783 978 1090 1056 posterior
1139 978 1338 1039 libera
1385 978 1906 1041 determinatione
1954 996 2061 1039 vo·

499 1072 753 1133 luntatis
783 1071 940 1150 ejuS,
961 1071 1096 1151 jam
1123 1073 1324 1152 posita
1355 1074 1418 1133 in
1446 1091 1538 1146 re,
1568 1078 1627 1135 et
1655 1074 1790 1135 haec
1821 1077 1918 1136 est
1948 1092 2061 1152 pn-

499 1182 570 1225 ra
600 1169 663 1227 et
689 1164 946 1227 omnino
985 1166 1266 1245 rigorosa
1293 1166 1548 1227 visionis
1572 1167 1853 1229 scientia.

1087 1398 1336 1461 CAPUT
1379 1400 1476 1463 IV.

499 1612 582 1663 21
624 1612 852 1663 mvnm
877 1613 1294 1661 raovmnnnss
1323 1615 1724 1663 nummos!
1752 1616 1831 1663 12⁰1·
1857 1616 2063 1663 Hm·

584 1707 752 1755 ‘rmus
797 1708 956 1768 EJUS,
1001 1707 1351 1755 Rssoesstus
1394 1708 1572 1757 BUJUS
1624 1708 1912 1758 SOEENTOE
1962 1710 2087 1759 08··

585 1802 907 1851 munna.

585 2001 644 2059 ί.
691 1998 988 2075 Superest
1009 2002 1080 2056 ut
1107 1996 1479 2057 sententiam
1519 1998 1706 2071 hanc,
1736 2016 1926 2078 qnam
1972 1998 2067 2075 (ut

505 2090 764 2171 opinor)
821 2089 1148 2151 sufficienti
1207 2090 1574 2153 auctoritate
1632 2090 2067 2171 comprobavi-

503 2201 666 2257 muS,
693 2183 1040 2245 rationibus
1069 2183 1256 2243 ctiam
1287 2182 1678 2245 declaremus
1709 2202 1784 2245 ac
1811 2202 2069 2265 persua-

504 2275 790 2349 deamus;
823 2276 886 2337 in
911 2276 1028 2337 hoc
1051 2294 1201 2355 ergo
1230 2278 1431 2355 capite
1461 2277 1765 2339 rationem
1797 2296 1835 2337 a
1860 2285 2071 2357 poste-

503 2369 691 2442 riori,
741 2386 856 2430 seu
893 2369 972 2429 ab
1011 2368 1338 2429 effectibus
1369 2369 1549 2429 nobis
1583 2370 1929 2431 notioribus
1969 2372 2071 2434 vel

505 2462 796 2523 revelatis
845 2460 1242 2540 desumptam
1269 2507 1285 2533 ,
1345 2478 1800 2541 proponemns;
1854 2461 1920 2524 in
1968 2482 2073 2525 se-

505 2554 722 2633 quenti
751 2571 900 2615 vero
930 2553 1248 2632 propriam
1281 2554 1588 2615 rationem
1615 2572 1652 2615 a
1679 2556 1892 2635 priori,
1923 2575 2075 2635 qua-

507 2647 584 2707 lis
613 2646 680 2707 in
709 2646 828 2707 hac
855 2646 1120 2707 materia
1151 2664 1290 2707 esse
1319 2651 1544 2725 potest,
1577 2648 1937 2709 afferemus,

585 2742 646 2801 2.
695 2738 916 2803 Pn'ma
945 2739 1128 2802 ratio.
1153 2770 1236 2785 —-
1272 2739 1480 2800 Prima
1518 2740 1709 2820 igitur
1747 2759 1821 2803 ac
1862 2742 2079 2821 praeci-

503 2854 628 2917 pua
663 2834 822 2895 ratio
855 2834 954 2907 sit,
987 2834 1136 2911 quia
1165 2832 1527 2911 hujusmodi
1558 2834 1816 2895 scientia
1837 2841 1933 2895 est
1956 2834 2077 2895 uti-

503 2928 738 2989 lissima
769 2926 850 2987 ad
894 2924 1317 3004 prudentiam,
1349 2932 1416 2987 ut
1465 2926 1560 2986 vel
1605 2944 1683 2987 ex
1724 2927 1916 2989 rebus
1958 2928 2075 2988 hu-

503 3020 708 3083 manis
763 3020 1116 3099 conjectare
1171 3019 1318 3080 licet
1337 3034 1358 3096 ;
1415 3038 1587 3091 nam,
1619 3020 1670 3079 si
1724 3038 1842 3100 ego
1889 3021 2072 3099 cupio

506 3113 742 3192 aliquid
769 3113 949 3174 alteri
983 3110 1396 3194 persuadere,
1425 3119 1492 3174 ut
1523 3113 1864 3192 prudenter
1887 3114 1954 3175 id
1980 3114 2074 3174 fa-

507 3208 692 3280 ciam,
721 3206 990 3268 multum
1013 3205 1295 3266 conferet
1321 3223 1637 3285 praenosse
1667 3207 1730 3266 in
1759 3225 1884 3286 quo
1914 3214 2074 3268 tem-

507 3319 660 3380 pore
687 3301 785 3361 vel
815 3299 1280 3378 opportunitate
1309 3299 1510 3362 soleat
1539 3299 1643 3362 ille
1672 3301 1896 3362 melius
1932 3318 2071 3362 esse

507 3393 870 3474 dispositus,
903 3399 965 3452 et
1008 3391 1237 3471 quibus
1287 3391 1478 3454 rebus
1519 3393 1722 3474 magis
1773 3393 1935 3455 affici
1974 3411 2077 3454 so-

508 3486 658 3559 leat,
699 3491 763 3548 et
803 3485 892 3546 sic
937 3484 1018 3546 de
1069 3485 1206 3546 aliis
1251 3483 1756 3558 circumstantiis;
1809 3487 1980 3565 quod
2024 3487 2077 3548 si

512 3579 769 3641 omnino
803 3578 1158 3658 praescirem
1193 3577 1344 3656 quid
1374 3586 1543 3640 esset
1569 3580 1846 3640 facturus
1877 3581 1986 3641 tali
2014 3587 2079 3642 et

513 3673 620 3736 tali
657 3670 846 3732 modo
899 3679 1216 3746 exoratuS,
1266 3671 1373 3732 tali
1425 3673 1696 3752 cognitio
1751 3675 2077 3736 utilissima

515 3771 679 3828 esset
705 3765 786 3826 ad
822 3764 1224 3826 statuendum
1277 3765 1427 3843 quid
1473 3783 1663 3844 agere
1711 3774 1979 3847 oportet,
2016 3773 2079 3829 et

515 3859 596 3922 ad
649 3857 1094 3938 applicandum
1153 3859 1360 3920 media
1410 3861 1911 3933 accommodata;
1966 3859 2080 3922 sed

517 3957 783 4032 oportet,
839 3959 904 4013 ut
952 3951 1034 4013 ad
1062 3969 1314 4014 omnem
1364 3953 1764 4032 providentiae
1819 3955 2077 4016 modum

515 4045 682 4106 Deus
725 4045 803 4106 sit
857 4043 1304 4124 perfectissimo.
1359 4045 1718 4125 disposituS,
1771 4054 1834 4108 et
1883 4053 1951 4108 ut
2002 4049 2081 4110 sit

514 4135 1012 4218 potentissimus,
1043 4143 1106 4198 et
1133 4143 1201 4199 ut
1230 4137 1616 4218 intelligatur
1643 4139 1876 4200 habere
1915 4140 1979 4200 in
2011 4159 2079 4202 se

517 4229 820 4310 quidquid
870 4230 950 4290 ad
1003 4229 1520 4310 perfectissimam
1577 4232 1971 4310 prudentiam
2020 4241 2083 4295 et

517 4323 972 4406 providentiam
1033 4324 1386 4385 conducere
1448 4329 1686 4402 potest;
1745 4343 1894 4404 ergo
1944 4325 2082 4388 ltaec

519 4417 774 4479 scientia
807 4423 900 4478 est
932 4419 1060 4478 Deo
1085 4419 1356 4478 maxime
1382 4417 1756 4479 necessaria.

598 4511 657 4570 3.
705 4509 958 4571 Accedit
997 4508 1224 4571 deinde
1270 4509 1406 4572 sine
1449 4511 1570 4572 hac
1605 4511 1861 4573 scientia
1902 4511 2081 4573 intel·

517 4604 624 4683 ligi
655 4621 782 4664 non
825 4621 1008 4682 posse
1043 4603 1250 4664 varios
1279 4604 1500 4665 modos
1547 4605 1947 4684 providentias
1988 4605 2081 4666 di-

516 4697 674 4758 vinae
705 4695 1165 4776 perfectissima·
1193 4715 1268 4757 ac
1297 4697 1792 4776 sapientissimae,
1825 4717 1985 4778 quos
2016 4699 2081 4758 in

520 4807 776 4851 suarum
799 4795 1228 4850 creaturarum
1254 4790 1591 4850 liberarum
1622 4793 1937 4870 praecipue
1970 4809 2081 4871 gu·

457 4890 464 4898 ’
517 4883 886 4946 bernatione
915 4887 978 4944 et
1029 4883 1093 4944 in
1141 4883 1360 4946 ordine
1409 4884 1491 4946 ad
1541 4887 2081 4964 supernaturalem

516 4973 706 5036 finem
747 4975 1062 5036 observat.
1095 4975 1368 5036 Primum
1399 4975 1519 5038 hoc
1559 4983 1730 5056 patet
1755 4977 1820 5038 in
1849 4997 2081 5058 praeor-

517 5069 834 5130 dinatione
851 5069 1134 5130 absoluta
1155 5069 1506 5149 aliquorum
1522 5070 1844 5134 hominum
1865 5075 1961 5136 vel
1978 5093 2085 5136 an-

517 5162 800 5242 gelorum
825 5161 904 5222 ad
931 5161 1380 5222 beatitudinem
1406 5165 1910 5243 consequendam
1938 5173 2083 5228 ante

515 5273 768 5317 omnem
796 5256 1120 5316 scientiam
1148 5256 1498 5318 absolutam
1527 5258 1880 5320 futurorum
1927 5279 2081 5340 ope-

513 5367 686 5422 rum;
720 5367 888 5410 nam.
913 5348 1082 5427 quod
1102 5349 1168 5410 in
1197 5350 1324 5410 Deo
1355 5349 1434 5410 sit
1458 5350 1817 5430 hujusmodi
1847 5369 2079 5430 praeor-

513 5443 771 5516 dinatio,
805 5442 872 5503 in
907 5443 1065 5502 libro
1102 5442 1282 5505 tertio
1311 5443 1460 5504 satis
1501 5461 1540 5504 a
1583 5444 1766 5505 nobis
1797 5445 2079 5524 disputa-

515 5545 652 5606 tum
699 5541 810 5600 est.
841 5535 1019 5614 Quod
1045 5552 1194 5598 vero
1235 5536 1370 5598 sine
1403 5535 1518 5598 hac
1565 5536 1822 5600 scientia
1849 5538 2074 5600 intelli·

1009 409 1220 463 owse.
1259 410 1322 474 ΙΙ,
1357 409 1474 465 Lm.
1515 413 1576 465 n.
1611 410 1692 465 DE
1725 410 2012 465 scu-:nm
2043 408 2502 463 conuirlomu
2533 408 2757 463 ruma.
2796 400 3205 463 commouit,

2146 510 2207 590 gi
2246 528 2375 571 non
2406 510 2623 590 possit,
2656 511 2745 571 sic
2774 508 3145 579 declaratur,
3174 502 3323 580 quia
3360 498 3563 559 nullus
3596 515 3699 575 po-

2144 610 2265 665 test
2312 609 2587 665 statuere
2639 601 2981 683 prudenter
3025 598 3103 659 de
3150 596 3299 667 fine,
3326 592 3448 653 nisi
3482 591 3701 653 habeat

2144 698 2519 777 praecognita
2570 697 2781 759 media
2830 694 2949 755 sibi
3002 689 3321 771 possibilia
3368 684 3453 747 ad
3498 703 3701 746 conse-

2141 790 2465 869 quendum
2514 790 2705 851 finem
2746 806 2935 868 quem
2974 784 3263 855 intendit,
3298 786 3363 841 et
3414 796 3491 840 eo
3522 780 3701 839 modo

2140 902 2267 963 quo
2303 882 2593 945 intendit.
2626 882 2807 954 Quod
2838 888 3007 942 recte
3034 877 3357 939 declarant
3390 872 3495 933 illa
3522 871 3703 931 verba

2139 976 2385 1049 Christi,
2420 976 2566 1041 Luc.
2602 977 2715 1037 u:
2752 974 2903 1048 Quis
2930 992 3003 1035 ex
3026 972 3190 1035 vobis
3237 968 3445 1031 volem
3489 966 3705 1028 tim-im

2140 1071 2466 1147 (edificare,
2508 1086 2627 1131 non
2652 1067 2832 1149 prius
2875 1084 3075 1129 secum
3114 1064 3347 1144 009th
3388 1076 3473 1123 aa
3508 1059 3707 1122 habeat

2140 1167 2420 1245 sumptus
2452 1161 2555 1245 qui
2600 1161 2911 1242 sufficiant
2966 1158 3049 1221 ad
3088 1152 3567 1239 perficiendum?
3606 1158 3709 1213 aaa

2142 1258 2281 1337 quis
2322 1274 2433 1319 rex
2452 1300 2467 1328 ‚
2516 1260 2637 1316 etc.
2668 1254 2847 1317 Unde
2886 1252 2937 1313 si
2968 1250 3357 1330 propositum
3380 1245 3463 1306 de
3494 1262 3707 1305 conse-

2144 1350 2391 1411 cutione
2438 1347 2584 1411 finis
2634 1345 2889 1409 omnino
2932 1350 3171 1405 certum
3216 1346 3283 1403 et
3324 1337 3707 1401 infallibilem

2146 1442 2434 1503 effectum
2468 1444 2564 1503 est
2590 1439 2973 1507 habiturum,
3002 1452 3263 1497 necesse
3294 1438 3393 1494 est
3416 1437 3487 1493 ut
3506 1430 3707 1491 media

2142 1534 2333 1595 etiam
2378 1538 2548 1595 certa
2598 1538 2663 1595 et
2702 1528 3047 1592 infallibilia
3094 1530 3534 1606 supponantur
3562 1541 3709 1601 pras-

2144 1626 2429 1707 cognita3
2472 1644 2651 1707 ergo,
2690 1624 2809 1685 nisi
2852 1624 3019 1685 Deus
3066 1620 3541 1701 praecognoscat
3578 1616 3705 1694 qui·

2142 1720 2265 1782 bns
2298 1717 2523 1792 modis,
2554 1736 2669 1779 seu
2707 1718 2936 1797 quibus
2976 1716 3167 1778 rebus
3204 1720 3315 1775 aut
3344 1708 3707 1775 conditioni-

2148 1814 2267 1875 bus
2312 1812 2549 1893 positia,
2584 1814 2935 1875 humanum
2963 1808 3292 1870 arbitrium
3338 1806 3463 1867 hoc
3504 1810 3611 1863 aut
3642 1802 3709 1863 il-

2146 1906 2257 1967 lud
2285 1904 2667 1985 operabitur,
2698 1921 2827 1965 non
2856 1907 3060 1982 potest
3086 1919 3307 1963 secum
3334 1902 3611 1960 statuere
3634 1896 3709 1957 de

2144 2001 2253 2062 tali
2286 1999 2557 2061 hominis
2588 1997 2976 2077 operatione,
3008 2001 3117 2057 aut
3140 1994 3221 2056 de
3248 1993 3378 2055 fine
3408 2010 3525 2073 per
3546 1992 3711 2051 illam

2148 2092 2627 2173 consequendo;
2660 2092 2807 2169 quia
2834 2091 2989 2151 alias
3021 2092 3339 2169 oporteret
3374 2090 3485 2147 aut
3516 2086 3711 2145 Deum

2148 2188 2587 2249 necessitatem
2628 2185 2859 2247 inferre
2887 2183 3213 2258 voluntati,
3242 2188 3314 2243 ut
3346 2180 3607 2241 omnino
3628 2178 3715 2239 sa-

2150 2285 2321 2342 ceret
2364 2278 2535 2359 quod
2569 2278 2701 2358 ipse
2741 2277 3050 2348 decrevit;
3096 2282 3205 2335 aut
3250 2292 3319 2335 se
3366 2272 3711 2352 periculose

2152 2392 2463 2453 exponere
2494 2379 2563 2435 ut
2590 2390 2719 2433 non
2746 2371 2879 2443 fiat,
2909 2370 3081 2448 quod
3106 2370 3237 2448 ipse
3262 2367 3602 2429 efficaciter
3620 2366 3713 2424 in-

2152 2466 2375 2538 tendit,
2402 2464 2549 2545 quia
2574 2464 2871 2543 relinquit
2896 2463 3284 2524 voluntatem
3326 2461 3395 2520 in
3434 2458 3713 2520 libertate

2156 2578 2291 2633 sua,
2322 2558 2607 2619 nondum
2647 2559 2851 2619 sciens
2878 2556 3031 2635 quid
3072 2556 3149 2617 sit
3176 2540 3547 2633 opessatura,
3588 2550 3715 2611 tali·

2156 2652 2275 2713 bus
2306 2652 2525 2731 positis
2554 2649 3035 2711 conditionibus.

2234 2748 2294 2806 4.
2346 2745 2761 2825 Confirmatur
2790 2744 2990 2805 eadem
3009 2741 3281 2803 ratim-
3304 2742 3511 2818 Atque
3542 2738 3719 2817 hujus

2156 2838 2413 2898 rationis
2462 2838 2553 2897 vis
2596 2836 2867 2896 maxime
2912 2840 3193 2913 apparet,
3226 2834 3555 2912 supposita
3582 2832 3723 2893 doo-
3841 2910 3843 2917 Ι

2154 2931 2315 2992 trina
2350 2930 2641 3010 superius
2675 2928 2903 2989 tradita
2922 2928 3001 2988 de
3032 2927 3241 2989 divina
3276 2924 3717 3005 pra-finition03

2156 3030 2249 3085 est
2284 3022 2471 3097 enim,
2506 3029 2575 3083 ut
2609 3021 2876 3092 ostendi,
2906 3040 2944 3081 a
2982 3019 3303 3081 communi
3330 3018 3641 3087 doctrina,
3666 3022 3724 3077 et
3841 3060 3843 3065 -

2154 3117 2499 3199 praesertim
2540 3117 2675 3178 Divi
2718 3115 3070 3196 Augustini,
3111 3121 3173 3176 et
3222 3133 3259 3174 a
3312 3113 3529 3175 divina
3588 3131 3725 3191 per-

2154 3212 2421 3272 fectione
2474 3216 2537 3272 et
2590 3209 3040 3289 omnipotentia
3094 3207 3405 3278 alienum,
3456 3205 3723 3283 ideoque

2154 3322 2269 3383 per
2314 3321 2381 3365 se
2434 3304 2583 3364 satis
2632 3289 3024 3377 incredibile,
3078 3301 3315 3375 dicere,
3358 3317 3491 3360 non
3542 3315 3727 3378 posse

2157 3399 2358 3459 Deum
2386 3397 2655 3459 liberum
2684 3403 2893 3458 actum
2924 3395 3261 3456 honestum
3293 3394 3361 3454 in
3388 3392 3730 3473 particula-

2156 3489 2231 3565 ri,
2270 3495 2335 3551 et
2352 3507 2495 3550 cum
2520 3489 2813 3551 omnibus
2834 3487 3315 3550 circumstantiis
3334 3483 3737 3565 praedefinire

2159 3581 2445 3643 absoluta
2475 3589 2537 3643 et
2580 3581 2817 3644 efficaci
2852 3581 3173 3642 voluntate
3200 3598 3339 3652 sua,
3370 3583 3437 3640 et
3458 3579 3633 3639 salva
3658 3577 3729 3636 li-

2158 3675 2399 3736 bertate
2436 3675 2773 3737 voluntatis
2816 3681 3081 3746 creatoe;
3112 3673 3227 3734 sed
3264 3673 3402 3734 haec
3444 3670 3727 3752 praedefi-

2159 3768 2309 3830 nitio
2352 3787 2482 3830 non
2528 3768 2721 3830 habet
2760 3769 2993 3843 locum,
3042 3769 3163 3829 nisi
3206 3767 3532 3846 supposita
3574 3783 3723 3844 prae-

2160 3860 2322 3922 dicta
2350 3863 2775 3940 praescientia3
2807 3879 2959 3941 ergo
2996 3861 3357 3922 necessaria
3378 3859 3567 3920 estin
3596 3860 3717 3918 Deo

2160 3953 2241 4014 ad
2269 3955 2627 4034 hujusmodi
2656 3954 3058 4034 providentia}
3092 3953 3373 4015 modum.
3400 3951 3607 4012 Minor
3624 3969 3719 4010 sa·
3839 3955 3840 3958 ’

2160 4049 2240 4108 tis
2289 4054 2382 4108 est
2424 4047 2489 4109 in
2540 4046 2917 4126 precedenti
2952 4046 3109 4108 libro
3148 4051 3437 4117 tractata,
3474 4045 3583 4104 ubi
3632 4062 3721 4104 os-

2160 4139 2335 4202 tendi
2372 4141 2535 4200 hanc
2582 4139 3143 4219 praedefinitionem
3194 4157 3339 4200 esse
3380 4155 3513 4198 non
3542 4155 3719 4216 posse

2164 4235 2419 4314 physice
2484 4233 2873 4294 executivarn
2932 4239 2997 4294 et
3056 4231 3719 4312 praedeterminativam

2164 4327 2457 4408 potentiae
2508 4327 2745 4400 liberoe,
2784 4327 2957 4388 salvo
3002 4345 3123 4387 usu
3168 4325 3477 4388 libertatis
3520 4325 3713 4394 illius;

2162 4421 2430 4500 ideoque
2460 4420 2663 4482 solum
2694 4439 2832 4484 esse
2861 4438 3047 4499 posse
3088 4437 3203 4499 per
3240 4419 3501 4480 modum
3528 4419 3721 4478 inten-

2162 4515 2348 4576 tionis
2400 4513 2691 4586 efficacis,
2743 4532 2881 4592 quaa
2926 4513 3189 4574 intentio
3240 4511 3487 4582 efficax,
3539 4518 3607 4571 ut
3646 4511 3719 4570 sit

2163 4607 2439 4687 prudens
2462 4613 2527 4668 et
2564 4606 2853 4685 impediri
2880 4612 3176 4685 nequeat,
3208 4605 3505 4685 supponit
3538 4604 3601 4664 in
3628 4604 3719 4663 in·

2160 4700 2459 4762 tendente
2486 4700 2810 4760 scientiam
2853 4699 3205 4760 mediorum
3234 4715 3349 4779 per
3378 4716 3521 4778 quae
3544 4697 3716 4756 infal-

2160 4793 2409 4854 libiliter
2436 4793 2629 4872 possit
2662 4791 2803 4853 talis
2828 4792 3089 4852 intentio
3130 4791 3211 4852 ad
3256 4791 3549 4852 effectum
3586 4808 3716 4868 per·
3837 4857 3838 4870 χ

2160 4887 2327 4960 duci,
2356 4890 2427 4946 ut
2462 4887 2621 4948 ratio
2663 4886 2950 4964 superius
2978 4884 3139 4946 facta
3170 4883 3416 4964 probat.
3452 4885 3715 4961 Cognitis
3837 4893 3838 4904 ¹

2164 4986 2379 5042 autem
2422 4979 2519 5040 his
2566 4979 2811 5050 mediis,
2860 4977 3256 5057 cognoscitur
3291 4975 3715 5037 conditionalis

2163 5073 2413 5144 veritaS,
2469 5073 2723 5144 scilicet,
2761 5071 2931 5151 quod
2960 5072 3011 5131 si
3040 5071 3141 5132 illa
3174 5069 3610 5140 adhibeantur,
3638 5075 3717 5158 ta-

2164 5167 2240 5227 lis
2276 5166 2535 5227 effectus
2572 5165 2730 5226 liber
2766 5171 3095 5243 sequetur;
3144 5170 3209 5224 et
3248 5163 3369 5226 hoc
3416 5169 3513 5224 est
3556 5162 3713 5240 quod

2166 5259 2569 5330 intendimus,
2598 5259 2727 5320 sive
2766 5257 2871 5318 ille
2906 5257 3165 5318 effectus
3204 5263 3620 5334 cognoscatur
3655 5255 3710 5314 in

2156 5354 2267 5412 tali
2302 5353 2511 5414 medio
2550 5359 2851 5430 tanquam
2891 5350 2957 5410 in
2986 5367 3199 5422 causa,
3228 5349 3363 5410 sive
3390 5349 3515 5409 alia
3542 5349 3710 5408 ratio·

2158 5464 2263 5517 ne,
2292 5448 2409 5508 hoc
2454 5447 2624 5508 enim
2674 5463 2803 5506 non
2840 5445 3031 5505 refert
3060 5443 3139 5505 ad
3166 5444 3599 5522 quaestionem,
3634 5460 3709 5504 an

2160 5541 2238 5602 sit
2288 5540 2429 5604 talis
2482 5540 2745 5602 scientia
2804 5531 2995 5618 quam
3052 5545 3419 5616 metamus,
3472 5536 3589 5602 sed
3636 5535 3707 5600 ad
