3850 6225
1500 395 1693 452 limax
1724 394 1953 448 RERUU.

185 497 347 560 ptura,
392 504 517 546 cum
564 491 633 545 de
659 491 881 559 praemio
922 491 1187 546 bonorum
1232 503 1457 560 operum
1500 491 1678 559 loqui-

187 577 281 630 tur,
304 581 391 634 op.
416 573 465 632 5,
488 568 627 633 disp.
654 571 707 631 Β,
734 575 863 620 sect.
887 572 935 620 1.

130 644 248 696 Cum
270 642 532 696 interdum
556 655 643 696 res
664 643 891 695 minoris
908 643 1107 697 valoris
1134 643 1430 697 habeantur
1452 655 1549 710 pro
1570 656 1683 697 ma-

185 720 297 788 gnis
321 719 554 784 praemiis
584 718 724 772 inter
752 719 1018 782 homines,
1045 720 1115 771 ib.

753 849 910 886 mom
916 849 1025 887 nm
1033 874 1043 886 .

125 949 336 1011 Veritas,
375 961 494 1015 quae
527 954 610 1002 est
652 947 707 1000 in
745 948 1045 1015 prophetiis
1088 949 1529 1012 comminatoriiS,
1568 961 1677 1002 non

182 1024 517 1090 cognoscitur
544 1024 595 1075 in
621 1023 817 1084 causis.
848 1037 935 1090 op.
961 1029 1008 1087 2,
1034 1024 1069 1076 Ι.
1092 1029 1141 1087 s,
1168 1037 1215 1078 c.
1240 1029 1287 1077 1.

743 1153 1041 1192 mommo.

122 1247 413 1314 Propositio
429 1247 625 1314 quibus
640 1251 816 1304 modis
836 1257 904 1304 stt
925 1253 1243 1314 necessaria,
1264 1265 1352 1318 op.
1374 1259 1422 1319 2,
1443 1254 1477 1308 l.
1497 1261 1543 1317 1,
1562 1271 1607 1310 c.
1628 1263 1675 1312 9.

122 1323 411 1388 propositio
457 1324 525 1378 de
569 1327 834 1390 praeterito
875 1340 974 1380 cur
1022 1327 1265 1383 absolute
1311 1332 1383 1385 sit
1426 1345 1677 1387 necessa-

186 1400 280 1462 ria,
306 1399 377 1453 ib.

118 1474 413 1540 Propositio
442 1475 509 1529 de
528 1474 705 1530 futuro
736 1491 845 1543 quo
868 1491 1030 1533 sensu
1059 1481 1129 1534 sit
1158 1485 1477 1548 necessaria,
1506 1490 1565 1539 ut
1594 1499 1683 1540 res

182 1549 357 1603 sutura
385 1563 491 1602 non
515 1553 684 1618 possit
706 1566 814 1608 non
842 1569 961 1608 esse
984 1556 1175 1618 futura,
1200 1557 1269 1610 ib.

118 1624 415 1690 propositio
442 1627 509 1680 de
540 1629 805 1694 praeterito
832 1631 1157 1700 contingenti
1188 1634 1345 1688 aliter
1378 1637 1683 1690 necessaria

178 1709 261 1753 est
282 1715 444 1767 quam
474 1703 543 1756 de
566 1705 812 1769 praesenti
836 1712 887 1759 et
914 1706 1109 1771 futuro,
1137 1709 1206 1762 ib.

116 1775 515 1842 propositiones
544 1779 611 1832 de
632 1779 807 1835 futuro
840 1783 1167 1848 contingenti
1202 1798 1343 1838 verae
1368 1784 1510 1850 sunt,
1534 1796 1587 1843 et
1608 1801 1673 1842 eo

176 1853 297 1918 ipso
318 1862 445 1908 sunt.
464 1856 695 1920 scibileS,
725 1871 811 1924 op.
846 1865 893 1923 ²,
930 1861 965 1914 l.
994 1866 1041 1924 2,
1066 1876 1113 1915 c.
1138 1869 1167 1916 5

113 1928 517 1994 Propositiones
555 1933 921 2001 contingentes
960 1937 1349 1993 conditionales
1385 1941 1676 1994 enunciant

180 2005 607 2071 conjunctionem
639 2010 797 2064 unius
823 2025 947 2065 cum
982 2012 1111 2076 alio,
1130 2028 1238 2070 non
1261 2028 1390 2070 vero
1424 2029 1675 2071 necessa-

180 2078 315 2132 riam
341 2083 721 2137 connexionem
748 2086 887 2140 inter
911 2087 1021 2150 illa,
1044 2088 1115 2141 ib

113 2152 301 2207 flodus
330 2155 663 2222 significandi
693 2161 885 2214 harum
921 2163 1349 2228 propositionum
1380 2179 1487 2220 non
1519 2180 1680 2234 repu-

180 2237 309 2296 gnat
336 2232 663 2299 significatis,
688 2236 744 2288 ib

120 2302 519 2444 Ριοροείιιὲιιιεε
564 2309 681 2364 istae
722 2311 1077 2378 hypotheticae
1118 2321 1247 2370 sunt
1287 2331 1351 2371 ex
1392 2318 1445 2373 vi
1486 2319 1681 2374 verbo-

183 2393 303 2432 rum
356 2397 373 2433 ι

114 2455 303 2510 Merito
323 2465 501 2513 tamen
532 2462 917 2520 conditionales
938 2466 1205 2533 dicuntur,
1227 2470 1298 2522 ib.

115 2530 522 2598 propositiones
541 2539 654 2592 istae
676 2553 785 2594 non
811 2549 936 2594 sunt
958 2543 1335 2611 impossibiles,
1359 2547 1431 2601 ib.

112 2605 223 2660 Nec
249 2621 529 2675 suspensae
554 2619 605 2667 et
634 2615 1072 2680 indeterminatae,
1100 2621 1172 2675 ib.

114 2681 302 2743 Qualis
323 2689 623 2752 requiratur
649 2693 925 2747 existentia
946 2695 1001 2748 in
1030 2695 1097 2749 iis
1140 2709 1261 2763 quae
1302 2699 1593 2753 enunciant
1626 2706 1685 2753 ut

180 2772 317 2812 vera
338 2774 662 2829 supponant,
687 2767 758 2820 ib.

109 2833 421 2900 propositio
450 2837 725 2896 indefinita
745 2845 1031 2898 universali
1075 2849 1354 2914 aequivalet
1394 2850 1449 2903 in
1491 2851 1684 2904 defini-

173 2913 425 3054 gombgs
452 2917 699 3047 Ecclesiae
728 2926 781 2974 et
806 2921 1086 2976 doctrinali
1122 2926 1482 2992 proportione,
1514 2941 1598 2993 op.
1634 2935 1681 2991 5,

217 3002 307 3055 tsp
447 3004 536 3048 sec
608 3001 633 3046 1

734 3126 1072 3166 novibtttru.

109 3219 477 3349 Prlovidentiae
498 3224 751 3289 perfectio
776 3226 896 3281 sine
918 3226 1271 3324 praefinitione
1314 3233 1485 3294 potest
1526 3228 1680 3283 intel-

104 3370 209 3433 Qu
197 3310 275 3424 :gl
284 3300 835 3440 εἰῗριιτξνέιίἒιιῗιεῖιῦ.

104 3447 379 3501 Voluntas
401 3462 563 3513 quam
596 3452 753 3505 babet
777 3455 1026 3519 adjuncta
1044 3456 1381 3522 providentia
1398 3470 1463 3511 ex
1488 3468 1685 3524 suppo·

176 3521 587 3658 {itionebsolum
616 3536 697 3580 est
720 3532 1045 3594 necessaria,
1074 3533 1213 3587 sicut
1248 3534 1351 3587 alia
1378 3534 1591 3587 decreta
1621 3534 1688 3585 li·

222 3608 316 3647 era
363 3610 377 3646 ι

102 3672 399 3727 certitudo
425 3677 773 3741 providentiae
796 3682 939 3734 circa
966 3686 1115 3735 actus
1142 3682 1341 3737 liberos
1362 3696 1425 3737 ex
1454 3683 1690 3750 praedett-

180 3748 395 3802 nitione
426 3762 533 3803 non
564 3753 777 3818 pendet,
802 3755 875 3806 ib.

104 3822 359 3877 Effectus
381 3837 412 3876 a
435 3827 541 3880 Deo
576 3828 775 3891 provisi
818 3842 915 3896 per
936 3842 1127 3884 causas
1155 3829 1372 3896 liberas,
1414 3832 1691 3888 evitabiles

177 3906 315 4027 ἓιιὲιιι
341 3909 587 4027 ἰιιιξιψειιιιι
614 3916 790 3959 causae
832 3906 1103 3973 proximae,
1134 3908 1342 3961 etiamsi
1387 3908 1691 3963 infallibilae

106 4016 315 4104 Divina
341 4018 675 4118 providentia
698 4056 911 4110 ordinat
940 4059 1117 4111 media
1146 4058 1201 4111 in
1224 4058 1381 4113 tinem
1408 4061 1565 4114 etiam
1588 4060 1690 4113 sub

181 4125 499 4183 conditione
529 4129 809 4195 intentum,
840 4132 913 4186 ib.

104 4202 241 4255 Non
273 4208 355 4255 est
382 4208 559 4257 tamen
583 4209 945 4261 necessarium
982 4214 1041 4263 ut
1078 4210 1201 4263 talis
1229 4212 1563 4276 providentia
1604 4211 1689 4263 in-

182 4278 369 4331 cludat
406 4280 737 4335 infallibilem
774 4285 1209 4339 consecutionem
1243 4286 1383 4347 finis,
1420 4286 1523 4339 nisi
1560 4300 1689 4353 sup-

182 4352 367 4420 posita
390 4358 735 4445 ptoescientia,
760 4358 830 4411 ib.

102 4427 467 4555 Providersstia
504 4430 557 4484 in
600 4432 909 4488 universum
940 4440 1177 4501 spectata
1211 4434 1397 4489 evitari
1436 4448 1546 4490 non
1592 4448 1693 4504 po-

182 4510 315 4567 test,
348 4519 362 4556 t
407 4545 419 4557 .

102 4579 333 4645 Quibus
358 4581 533 4634 modis
560 4582 696 4637 liber
722 4592 872 4641 actus
902 4586 1073 4654 possit
1100 4586 1293 4641 cadere
1322 4586 1423 4641 sub
1454 4586 1693 4641 divinam

186 4654 607 4723 providentiam,
639 4659 711 4712 ib.

102 4736 291 4786 Actus
312 4732 437 4785 mali
462 4735 565 4787 sub
586 4748 650 4789 ea
674 4737 833 4790 etiam
856 4738 1405 4805 comprehenduntur,
1429 4739 1503 4793 ib.

104 4807 471 4861 Providentia
498 4811 585 4863 Dei
612 4812 994 4877 perfectissima
1016 4820 1117 4877 est,
1142 4814 1213 4869 ib.

103 4881 471 4937 Providentia
504 4892 713 4940 constat
740 4886 945 4941 actibus
970 4888 1271 4945 intellectus
1297 4896 1351 4945 et
1382 4888 1690 4953 voluntatis,

188 4964 247 5011 et
264 4958 357 5025 qui
380 4960 488 5013 sint
512 4961 605 5023 illi,
629 4973 717 5029 op.
749 4965 795 5026 1,
822 4962 857 5013 l.
882 4966 929 5025 1,
952 4976 999 5017 c.
1025 4968 1103 5016 15.

102 5034 471 5089 Providentia
496 5036 585 5091 bei
608 5037 677 5091 ab
696 5038 811 5104 ejus
826 5039 1212 5105 gubernatione
1224 5040 1419 5105 differt,
1436 5040 1493 5094 ib
1519 5052 1590 5102 ,c.
1610 5044 1689 5092 16.

106 5112 300 5172 Quam
328 5112 399 5162 sit
422 5112 492 5165 ad
512 5112 601 5165 Dei
634 5112 1022 5179 providentiam
1052 5114 1339 5181 expediens
1367 5121 1423 5169 ct
1442 5126 1689 5169 necessa-

196 5182 280 5233 ria
303 5184 503 5247 justitia
533 5189 949 5254 providentiatis,
980 5202 1067 5256 op.
1090 5196 1143 5254 6,
1164 5196 1293 5243 sect.
1316 5194 1361 5242 t.

108 5261 260 5323 Quae
282 5270 447 5324 opera
468 5260 559 5312 Dei
580 5262 685 5317 sint
707 5278 739 5318 a
755 5266 959 5333 justitia
982 5264 1373 5332 providentiali,
1400 5266 1473 5318 ib.

740 5396 799 5435 PU
805 5398 1081 5437 nonnam!
1089 5423 1099 5434 .

110 5490 299 5543 Poena
343 5490 633 5557 purgatorii
667 5497 939 5558 quomodo
972 5500 1227 5561 sequatur
1252 5492 1460 5559 culpam
1496 5504 1559 5545 ex
1594 5506 1695 5545 na-

198 5568 319 5618 tura
340 5566 437 5628 rei,
460 5578 548 5632 op.
573 5571 621 5631 6,
643 5574 771 5622 sect.
796 5574 843 5623 2.

2503 537 2565 612 R

2377 743 2624 782 turnebu·
2643 743 2693 782 0.

1759 845 2079 912 Reprobatio
2112 843 2338 912 positiva
2371 857 2480 898 non
2515 851 2598 898 est
2627 845 2830 911 absque
2857 857 3035 910 causa,
3066 846 3184 900 sine
3211 859 3318 914 qua

1820 928 2000 974 tamen
2025 928 2105 974 est
2131 920 2390 986 negativa,
2427 932 2514 985 op.
2538 925 2584 980 1,
2610 919 2645 972 l.
2669 924 2715 982 a,
2741 933 2787 972 c.
2815 925 2860 972 5.

1758 998 1849 1050 Est
1870 997 2016 1050 enim
2038 996 2153 1049 sola
2174 997 2421 1048 voluntas
2453 994 2538 1048 bei
2563 994 2706 1047 illius
2725 1008 2904 1057 causa,
2934 995 3003 1047 ib.

1759 1073 1891 1136 Quid
1916 1072 2240 1140 Augustinus
2269 1070 2462 1123 sentiat
2483 1070 2550 1122 de
2573 1070 2950 1135 reprobatione
2974 1068 3214 1135 positiva,
3243 1068 3312 1120 ib.

1762 1151 1817 1201 ln
1849 1148 2024 1215 primo
2046 1149 2200 1212 signo
2229 1153 2350 1199 ante
2376 1145 2599 1211 praevisa
2626 1145 2817 1198 merita
2835 1158 2944 1198 non
2975 1144 3162 1197 babuit
3181 1147 3318 1198 Deus

1822 1223 2146 1277 voluntatem
2169 1220 2478 1274 excludendi
2504 1233 2538 1273 a
2556 1232 2739 1287 regno,
2771 1219 2864 1274 sed
2891 1219 3025 1273 alios
3045 1225 3194 1272 actus
3219 1231 3310 1286 po·

1820 1299 2008 1352 sitivos
2027 1311 2139 1353 suoe
2158 1297 2523 1363 providentiae,
2555 1296 2624 1348 ib.

1758 1375 1873 1428 Non
1896 1375 2084 1428 electio
2109 1387 2206 1427 cur
2233 1373 2440 1426 dicatur
2465 1372 2772 1439 reprobatio
2799 1372 2868 1424 ab
2895 1371 3179 1437 aliquibus,
3211 1371 3283 1425 ib.

1760 1451 2020 1503 Permittit
2043 1452 2180 1502 Deus
2205 1449 2435 1502 delicere
2461 1449 2710 1501 homines
2737 1449 3058 1501 sufficienter
3081 1455 3315 1508 vocatos,

1825 1539 1936 1578 non
1961 1539 2088 1578 vero
2111 1539 2174 1578 ex
2195 1537 2254 1576 se
2285 1524 2512 1578 intendit
2541 1537 2638 1590 pro
2663 1523 2728 1578 eo
2755 1529 2998 1590 tempore
3025 1536 3235 1584 vocare,
3264 1525 3318 1578 in

1823 1613 1931 1666 quo
1947 1601 2047 1653 scit
2067 1605 2454 1667 repugnaturos
2471 1611 2582 1650 suae
2593 1599 2882 1662 vocationi,
2897 1611 2986 1666 op.
3001 1604 3049 1663 1,
3064 1600 3098 1652 l.
3113 1605 3316 1664 6,ε.14.

1760 1675 2082 1742 Reprobatio
2115 1675 2418 1728 nullatenus
2450 1681 2528 1728 est
2569 1688 2632 1728 ex
2671 1675 2967 1729 intentione
3001 1677 3110 1740 Dei,
3143 1689 3322 1743 quan-

1825 1751 2022 1803 tumvis
2047 1751 2355 1816 praesciatur
2375 1751 2444 1803 ab
2462 1761 2546 1814 eo,
2573 1761 2660 1816 op.
2683 1754 2730 1812 1,
2753 1750 2788 1802 l.
2814 1755 2862 1812 2,
2886 1763 2932 1804 c.
2959 1756 3005 1803 5.

1758 1827 1859 1880 Cur
1890 1826 2121 1880 noluerit
2156 1828 2293 1880 Dens
2321 1827 2450 1880 dare
2475 1827 2678 1892 majora
2707 1827 2900 1880 auxilia
2926 1827 2993 1880 iis
3024 1829 3320 1893 quosscie-

1821 1901 1912 1954 bat
1944 1915 2051 1955 non
2077 1914 2458 1964 consensuros,
2493 1915 2584 1967 op.
2621 1907 2667 1965 1,
2706 1902 2740 1954 l.
2769 1907 2815 1963 3,
2839 1915 2885 1955 c.
2918 1907 2992 1954 17.

1760 1977 1872 2040 Quo
1900 1976 2008 2030 fine
2031 1979 2168 2031 Deus
2193 1978 2386 2030 auxilia
2411 1977 2644 2031 efficacia
2665 1983 2822 2045 neget
2843 1978 3104 2044 reprobis,
3137 1978 3209 2030 ib.

2517 2161 2568 2236 S

2375 2365 2716 2405 asennaeum.

1763 2465 2108 2532 sacrilegium
2143 2466 2338 2530 injuria
2377 2473 2459 2520 εει
2498 2472 2684 2521 contra
2719 2466 2976 2534 justitiam
3017 2467 3124 2522 Deo
3168 2466 3324 2521 debi—

1825 2549 1954 2606 tam,
1975 2555 2065 2609 op.
2089 2547 2137 2606 6,
2159 2549 2289 2596 sect.
2315 2547 2362 2593 a.

2377 2672 2700 2712 nanneno,

1765 2766 2064 2821 satisfactio
2091 2765 2330 2818 hominis
2352 2765 2422 2820 ad
2449 2767 2633 2829 Deum,
2664 2767 2875 2822 seclusa
2901 2765 3084 2820 divina
3105 2767 3294 2822 ordina

1829 2844 1991 2906 tione,
2013 2854 2123 2896 non
2147 2847 2462 2909 potestesse
2485 2843 2708 2896 omnino
2722 2844 2862 2909 iusta
2882 2849 2934 2895 et
2952 2843 3136 2896 efficax
3141 2855 3256 2908 ,.op
3275 2849 3323 2906 6,

1828 2925 1958 2972 sect.
1986 2923 2034 2969 Ξ.

1766 2996 2019 3048 Peccator
2039 3005 2148 3046 non
2169 2991 2424 3045 satisfacit
2444 2992 2514 3046 ad
2542 2993 2895 3058 aequalitatem
2927 2995 3033 3048 Deo
3057 3006 3153 3060 pro
3183 2992 3326 3060 inju-

1828 3071 1907 3123 ria
1931 3069 1980 3123 ei
2005 3067 2149 3121 illata
2170 3081 2267 3135 per
2287 3075 2580 3134 peccatum,
2606 3081 2693 3135 op.
2727 3073 2773 3130 5,
2797 3068 2934 3136 disp.
2969 3074 3015 3132 1,
3041 3076 3169 3123 sect.
3194 3075 3241 3121 a.

1766 3147 2018 3201 Peccator
2058 3157 2152 3210 per
2187 3144 2408 3211 gratiam
2446 3157 2553 3198 non
2585 3145 2839 3197 sat's‘acit
2877 3144 2945 3198 ad
2973 3144 3326 3211 aequalitatem

1830 3235 1927 3289 pro
1951 3234 2111 3290 poena
2131 3219 2310 3274 debita
2332 3234 2430 3287 pro
2453 3228 2688 3287 peccato,
2725 3221 2795 3272 ib.

1764 3298 2062 3350 satisfactio
2090 3297 2302 3359 Christi,
2327 3303 2383 3349 ut
2405 3295 2625 3349 fundata
2645 3297 2702 3347 in
2731 3296 3106 3363 promissione,
3143 3298 3330 3352 habuit

1828 3373 2182 3438 aequalitatem
2216 3371 2432 3438 justitiae
2471 3372 2702 3438 propriae
2738 3376 2792 3425 et
2833 3372 3103 3438 perfectae,
3147 3387 3234 3440 op.
3276 3379 3327 3437 6,

1828 3456 1960 3501 sect.
1993 3452 2040 3500 2.

1766 3524 2004 3578 Persona
2027 3524 2156 3577 laesa
2177 3534 2287 3577 non
2309 3533 2524 3589 semper
2544 3526 2754 3575 tenetur
2781 3528 3058 3590 acceptare
3085 3531 3161 3577 sat
3171 3524 3328 3577 isfac—

1832 3600 2034 3653 tionem
2053 3597 2312 3665 aequalem
2335 3597 2437 3651 sibi
2461 3597 2714 3662 oblatam,
2739 3598 2812 3651 ib.

1770 3676 1874 3729 Cur
1891 3674 2180 3741 aliquando
2203 3674 2506 3728 necessaria
2526 3675 2594 3726 sit
2615 3686 2714 3741 pro
2745 3674 2833 3728 tali
2858 3688 3020 3742 poena
3038 3675 3158 3729 talis
3179 3676 3334 3730 satise

1834 3751 2008 3815 facti0,
2039 3764 2160 3817 quae
2186 3751 2318 3804 alias
2347 3758 2537 3805 natura
2557 3764 2656 3805 sua
2687 3764 2796 3805 non
2824 3752 3137 3811 sufficiebat.
3165 3752 3235 3805 ib.

2447 3878 2644 3919 atavae.

1772 3979 1831 4030 ln
1852 3977 2048 4044 quibus
2073 3976 2234 4031 rebus
2254 3989 2440 4031 servus
2461 3990 2570 4031 non
2604 3976 2772 4043 possit
2797 3976 2996 4031 habere
3011 3978 3228 4045 justitiae
3245 3980 3332 4045 jus

1831 4066 1962 4120 erga
1981 4052 2278 4117 dominum,
2307 4065 2396 4119 op.
2417 4060 2467 4117 6,
2495 4059 2624 4107 sect.
2647 4057 2695 4105 6.

2441 4181 2660 4220 ocimu
2668 4207 2680 4220 .

1769 4281 1903 4346 Quid
1917 4281 1988 4335 sit
2005 4280 2254 4335 effectum
2270 4282 2524 4350 cognosci
2547 4282 2601 4335 in
2617 4295 2714 4337 sua
2729 4294 2907 4344 causa,
2929 4294 3014 4349 op.
3032 4288 3080 4347 2,
3097 4284 3131 4338 l.
3146 4286 3192 4348 1,
3211 4297 3259 4338 e.
3283 4290 3329 4339 6.

1772 4360 1833 4411 In
1854 4358 2097 4421 decreto,
2129 4357 2274 4424 quod
2307 4358 2444 4411 Deus
2476 4357 2636 4412 habet
2663 4356 2732 4411 ad
2753 4358 3180 4412 concurrendum
3209 4373 3332 4414 cum

1833 4440 2080 4560 ειεειιιὶιι
2102 4446 2269 4561 ‚cnon
2312 4440 2537 4501 possunt
2584 4442 2731 4489 certo
2788 4434 3039 4502 cognosci
3079 4435 3195 4489 haec
3248 4436 3332 4490 fu·

1772 4518 2228 4651 Qutiudrtequiratnr
2243 4546 2307 4637 οιιι
2329 4589 2474 4638 certa
2501 4584 2574 4637 sit
2593 4583 2772 4651 aliqua
2803 4584 3044 4650 scientia,
3074 4584 3170 4651 ib„
3198 4598 3250 4639 c.
3283 4590 3328 4639 8.

2236 4710 2456 4750 Sclmu
2486 4710 2866 4751 commortua,

1773 4810 1938 4873 Quam
1977 4810 2048 4863 sit
2077 4809 2147 4863 ad
2177 4808 2527 4876 providentiae
2555 4809 2778 4865 effectus
2803 4813 3127 4879 necessaria,
3161 4825 3249 4881 op.
3282 4817 3330 4879 1,

1772 4885 2280 5015 ὓίἓὶοιιιῐῑίιεέδείιεα
2299 4958 2576 5014 scientiam
2591 4961 3028 5027 conditionatam,
3047 4975 3136 5031 op.
3155 4967 3204 5031 2,
3221 4963 3258 5017 l.
3281 4969 3330 5029 2,

1772 5041 1994 5176 Qucidzx
2011 5114 2160 5179 parte
2181 5110 2270 5165 Dei
2296 5110 2596 5197 requiratur
2614 5112 2683 5166 ad
2707 5112 2846 5168 hanc
2864 5113 3160 5179 scientiam,
3180 5116 3334 5183 quid·

1836 5201 1942 5254 que
1960 5200 2025 5242 ex
2047 5192 2194 5254 parte
2215 5174 2566 5253 objector-tim,
2597 5187 2669 5240 ib.

1774 5265 1855 5317 An
1888 5266 2029 5318 Deus
2062 5267 2350 5331 cognoscat
2388 5261 2738 5317 determinate
2774 5264 3167 5333 propositiones
3199 5279 3334 5321 con·

1836 5340 2153 5429 ditionatas,
2194 5337 2404 5392 etiamsi
2445 5338 2717 5406 disparata
2755 5340 2863 5393 sint
2895 5353 2963 5393 ea
2997 5353 3119 5406 quae
3157 5355 3332 5396 enun-

1774 5414 2171 5619 &ffztiitggaec
2224 5487 2430 5544 ratione
2479 5489 2744 5543 antecedit
2784 5488 3056 5545 decretum
3103 5491 3330 5546 liberum

1880 5578 1950 5631 et,
2047 5606 2057 5618 .

3199 389 3318 450 599
3389 423 3406 432 ,
