3850 6225
636 394 770 447 cAP.
806 394 937 449 xlx.
970 392 1249 447 snlsm·
1280 394 1635 459 omnusmm
1666 393 1850 449 Novis
1882 396 2352 451 OBJECTIONIBUS
2383 396 2646 461 CONTRA,
2683 398 2818 451 ETC.

128 497 481 561 concedere
521 494 807 557 videntur
844 496 1123 576 praedicti
1164 504 1485 560 auctores:
1537 514 1685 559 nam

126 594 403 674 priorem
450 592 857 653 intentionem
896 608 1189 671 expresse
1235 600 1500 672 ponunt,
1541 610 1690 673 pos-

126 686 419 750 teriorem
458 691 669 746 autem
706 685 1093 745 voluntatem
1121 704 1357 765 negare
1386 705 1516 748 non
1544 704 1689 765 pos-

126 787 300 851 sunt;
350 785 497 840 tum
543 778 689 857 quia
740 778 913 839 illam
964 779 1298 840 admittunt
1340 780 1403 839 in
1447 780 1686 841 actibus

124 873 321 945 malis,
352 878 419 932 et
446 888 623 950 aeque
652 872 750 935 vel
769 872 971 951 magis
1000 873 1355 935 necessaria
1377 873 1553 935 estin
1572 874 1687 934 bo-

124 968 248 1037 nis;
278 972 417 1027 tum
468 966 655 1027 etiam
682 964 828 1045 quia
860 966 963 1026 illa
992 966 1163 1045 prior
1188 967 1449 1028 intentio
1478 968 1683 1027 solum

124 1060 373 1140 ponitur
412 1060 497 1119 ab
525 1059 676 1137 ipsis
715 1076 829 1138 per
866 1059 1125 1121 modum
1173 1059 1467 1140 simplicis
1496 1061 1684 1122 affec-

124 1160 239 1224 tus,
270 1158 335 1213 et
366 1151 513 1213 ideo
561 1154 917 1214 necessaria
958 1156 1053 1213 est
1082 1153 1203 1215 alia
1231 1154 1520 1215 voluntas
1548 1154 1684 1214 effi-

124 1264 231 1307 cax
280 1251 342 1306 et
370 1246 721 1325 operativa.
765 1246 941 1317 Quod
992 1246 1054 1307 in
1094 1248 1345 1328 negotio
1369 1248 1685 1326 praedesti-

123 1340 385 1401 nationis
423 1340 685 1401 evidens
712 1342 901 1402 etiam
940 1348 1071 1413 est;
1119 1359 1269 1401 nam
1304 1343 1419 1422 ipsi
1460 1360 1685 1403 conce-

124 1435 303 1505 dunt,
376 1439 529 1495 ante
590 1434 979 1495 voluntatem
1041 1434 1231 1497 dandi
1292 1436 1684 1498 vocationem

124 1546 485 1607 congruam,
524 1527 876 1607 pru-cedere
916 1546 995 1587 ex
1034 1534 1211 1605 parte
1256 1530 1369 1590 Dei
1410 1530 1685 1609 aliquam

124 1622 532 1683 intentionem
580 1620 771 1683 dandi
813 1626 1115 1681 aeternam
1168 1621 1472 1697 salutem3
1536 1623 1683 1702 quia

124 1715 265 1775 alias
290 1732 423 1775 non
478 1718 695 1793 posset
738 1714 1023 1793 intelligi,
1068 1715 1261 1775 Deum
1300 1716 1451 1777 dare
1492 1717 1683 1777 talem

121 1808 509 1869 vocationem
536 1814 792 1887 propter
817 1806 1009 1867 talem
1036 1806 1250 1868 finem.
1282 1808 1462 1871 Unde
1493 1809 1683 1871 etiam

124 1902 469 1963 necessario
506 1900 862 1963 concedunt
888 1900 1059 1962 illam
1088 1902 1503 1965 intentionem
1524 1922 1681 1984 pree-

124 1995 333 2055 ccdere
376 1998 533 2055 ante
584 1994 1037 2073 praescientiam
1078 1995 1442 2056 meritorum
1462 2042 1483 2071 ,
1532 1999 1681 2076 quia

122 2096 253 2150 ante
288 2088 571 2168 primam
602 2089 997 2149 vocationem
1024 2089 1196 2150 nulla
1234 2096 1381 2151 sunt
1416 2092 1674 2165 merita;

124 2188 409 2243 ettamen
438 2188 591 2259 post
612 2181 876 2261 praevisa
906 2182 1123 2243 merita
1152 2189 1397 2262 ponunt
1430 2185 1681 2247 electio-

124 2294 255 2336 nem
285 2276 553 2353 justitiae
592 2275 673 2335 ad
705 2276 995 2337 eamdem
1036 2282 1338 2339 aeternam
1386 2280 1676 2355 salutem,

123 2386 245 2447 quae
276 2375 369 2429 est
392 2388 473 2429 ex
496 2374 676 2447 parte
696 2370 811 2430 Dei
839 2370 1122 2431 executio
1152 2371 1353 2431 activa
1374 2372 1680 2452 glorifica-

124 2464 291 2523 tionis
318 2463 941 2543 praedestinatorum,
986 2481 1125 2541 quae
1160 2464 1228 2525 in
1272 2471 1551 2545 tempore
1584 2466 1679 2539 fit,

126 2562 179 2617 ct
216 2557 373 2617 illius
422 2557 811 2618 transeuntis
858 2575 969 2617 seu
1019 2564 1291 2619 externa}
1336 2559 1678 2633 electioniS‚

128 2668 237 2727 qua
254 2649 401 2710 boni
423 2667 461 2710 a
488 2650 675 2710 malis
704 2655 1095 2729 separantur.
1121 2650 1514 2712 constituunt
1530 2670 1679 2731 ergo

128 2742 401 2803 eumdem
442 2742 739 2803 ordinem
787 2748 849 2805 et
882 2742 1343 2813 distinctionem
1384 2751 1673 2817 actuum3

128 2834 433 2915 solumque
461 2854 507 2897 a
534 2836 717 2897 nobis
741 2835 1060 2907 differunt,
1090 2835 1260 2915 quod
1282 2835 1451 2897 illam
1482 2838 1682 2897 inten-

126 2928 339 2988 tionem
374 2933 634 3007 ponunt
660 2928 1073 3001 inefficacem,
1105 2934 1167 2989 et
1195 2947 1312 3008 per
1332 2930 1680 3009 simplicem

128 3020 429 3094 affectum3
458 3040 586 3081 nos
616 3026 827 3083 autem
866 3028 1159 3101 putamus
1202 3022 1363 3083 circa
1404 3023 1682 3102 praedes-

130 3116 331 3176 tinatos
352 3133 501 3177 esse
532 3116 854 3178 efficacem
877 3121 939 3177 et
964 3116 1337 3177 absolutam.
1368 3118 1511 3178 Haec
1528 3135 1676 3179 vero

128 3207 426 3270 diversitas
457 3228 544 3270 ex
588 3209 725 3270 aliis
748 3209 1067 3288 principiis
1096 3211 1509 3272 examinanda
1543 3218 1670 3286 est;

131 3301 197 3360 ad
226 3319 499 3380 praesens
545 3321 701 3364 vero
728 3308 1031 3381 punctum
1060 3303 1217 3363 nihil
1244 3301 1457 3377 refert,
1501 3305 1669 3384 quia,

132 3411 503 3476 quocumque
526 3395 721 3457 modo
764 3401 1106 3475 ponantur,
1160 3395 1565 3474 intelligimus
1605 3398 1677 3457 il·

132 3487 209 3546 los
264 3489 513 3550 ordines
544 3534 562 3563 ,
605 3495 667 3550 et
710 3495 887 3550 actus
946 3489 1029 3550 ad
1074 3488 1211 3549 illos
1264 3490 1671 3569 pertinentes„

53 3579 68 3596 “
135 3597 251 3641 6556
278 3582 622 3644 distinctos,
656 3583 841 3644 Aliud
869 3587 1315 3662 argumentum
1355 3589 1475 3658 est,
1528 3585 1674 3663 quia

134 3675 359 3751 quando
408 3675 557 3736 finis
624 3679 687 3736 ct
734 3675 1013 3736 medium
1063 3675 1147 3736 ita
1194 3681 1669 3755 comparantur,

134 3771 193 3826 ut
228 3768 495 3829 medium
546 3769 613 3828 in
662 3769 1029 3830 executione
1068 3769 1147 3830 sit
1186 3787 1377 3830 causa
1413 3770 1674 3849 physica

136 3859 381 3920 efficiens
428 3861 631 3922 finem
675 3861 809 3923 sine
852 3862 1207 3923 interventu
1263 3879 1468 3923 causae
1520 3863 1673 3924 libc-

136 3969 222 4024 116,
248 3956 386 4014 tunc
402 3954 685 4016 fatentur
713 3953 907 4016 finem
938 3974 1078 4016 esse
1106 3955 1281 4035 prius
1301 3955 1367 4016 in
1386 3956 1673 4017 intentio-

134 4062 201 4104 ne
224 4047 443 4108 efficaci
474 4047 616 4120 Dei,
642 4063 835 4126 quam
861 4046 1164 4120 medium,
1196 4047 1345 4108 licet
1370 4047 1448 4108 sit
1468 4053 1673 4127 poste-

135 4135 243 4197 rius
266 4140 329 4198 in
354 4140 745 4213 executione,
777 4145 847 4201 ut
888 4139 1139 4218 quando
1188 4141 1356 4202 Deus
1405 4139 1673 4202 intendit

138 4229 438 4294 efficaciter
460 4233 915 4294 abundantiam
942 4231 1262 4305 frumenti,
1306 4238 1371 4294 et
1398 4233 1539 4295 ideo
1570 4252 1673 4294 or-

139 4320 287 4384 dinat
308 4325 605 4404 pluviam,
648 4344 839 4405 quam
860 4327 1033 4406 prius
1054 4327 1277 4406 exequi
1320 4325 1455 4387 vult
1478 4345 1493 4399 ;
1520 4333 1671 4388 tunc

138 4421 319 4477 autem
358 4419 717 4481 necessario
772 4424 868 4480 est
895 4419 1189 4499 ponenda
1222 4419 1343 4480 alia
1382 4420 1671 4481 voluntas

140 4512 451 4587 executiva,
494 4531 611 4592 per
660 4531 851 4592 quam
881 4515 1049 4574 Deus
1088 4519 1233 4592 post
1259 4513 1486 4574 factam
1529 4514 1671 4593 plu-

140 4600 279 4661 viam
305 4603 485 4666 efficit
526 4605 977 4666 abundantiam
1016 4606 1315 4667 frumenti
1342 4624 1357 4678 ς
1390 4625 1539 4667 nam
1568 4607 1668 4668 hic

152 4693 313 4755 etiam
344 4698 597 4760 effectus
625 4699 689 4758 in
718 4717 787 4759 56
821 4718 895 4760 ac
918 4718 1033 4779 per
1059 4718 1125 4760 56
1153 4700 1434 4779 procedit
1459 4719 1535 4760 ex
1564 4701 1672 4760 ali-

150 4801 253 4861 qua
300 4791 607 4854 voluntate
634 4793 766 4852 Dei.
802 4793 1017 4871 Neque
1067 4811 1238 4854 nunc
1274 4793 1462 4854 refert
1502 4793 1672 4872 quod

154 4878 270 4938 talis
296 4881 545 4945 intentio
574 4884 795 4946 efficax
822 4885 1185 4947 admittatur
1208 4886 1287 4947 ab
1318 4887 1433 4946 illis
1462 4893 1671 4948 aucto-

150 4969 295 5032 ribus
320 4975 381 5035 in
428 4977 649 5038 mediis
676 4978 977 5058 physiciS‚
1018 4979 1241 5040 nonin
1284 4980 1665 5053 moralibus;

146 5078 271 5124 nam
300 5067 405 5129 hoc
434 5076 649 5148 postea
672 5071 1058 5145 videbimus;
1106 5091 1257 5132 nam
1280 5073 1363 5134 ad
1390 5091 1669 5152 praesens

148 5155 487 5222 sufficienter
524 5163 915 5225 concluditur
952 5165 1059 5225 illo
1101 5172 1494 5244 argumento,
1529 5167 1668 5228 illos

148 5247 367 5312 ordines
396 5273 467 5317 ac
492 5259 842 5320 voluntates
868 5259 1212 5320 secundum
1259 5279 1327 5321 se
1368 5261 1663 5342 distingui

146 5355 241 5414 per
264 5346 578 5424 rationem,
612 5351 992 5430 ubicumque
1042 5351 1293 5414 aliunde
1322 5371 1449 5415 non
1476 5373 1665 5434 repu-

3213 396 3334 458 265

1850 498 1909 559 8.
1945 497 2076 573 Qua
2086 500 2322 563 ratione
2330 500 2612 579 procedat
2628 500 2854 579 artiseoe
2877 500 2948 565 ab
2963 500 3236 566 electione
3255 506 3338 565 ad

1767 592 2186 655 executionem.
2215 625 2290 639 -
2316 593 2466 654 Aliae
2496 593 2792 668 rationeS,
2825 613 2950 655 non
2981 596 3130 656 satis
3159 612 3336 675 pros-

1768 686 1930 765 picio
1985 686 2298 763 quomodo
2348 690 2624 747 mentem
2675 694 2954 748 nostram
2999 689 3326 768 attingant,

1767 778 1867 839 vel
1897 778 1977 839 ad
2007 797 2262 839 causam
2291 781 2668 859 pertineant.
2719 782 2844 841 Nos
2880 781 3043 862 effu
3075 800 3194 841 nec
3225 798 3332 843 co-

1765 871 2102 949 gitavimus
2131 891 2445 953 unquam,
2487 880 2626 953 post
2650 872 2890 935 finitam
2929 875 3334 937 consultatio-

1764 983 1911 1026 nem
1932 972 1994 1027 et
2007 965 2400 1042 electionem,
2419 968 2836 1028 necessariam
2855 985 2992 1029 6556
3010 986 3330 1028 morosam

1762 1059 2198 1137 repetitionem
2245 1065 2356 1121 aut
2399 1078 2626 1122 novam
2671 1061 3192 1123 consultationem
3250 1060 3332 1121 ad

1766 1152 2200 1213 executionem
2227 1154 2644 1214 inchoandam
2671 1173 2686 1225 ;
2733 1171 2941 1231 neque
2969 1154 3091 1216 hoc
3121 1156 3332 1233 sequi-

1764 1252 1867 1307 tur
1891 1266 1969 1307 ex
1992 1246 2284 1326 praedicta
2313 1248 2746 1322 distinctione;
2779 1268 2926 1309 nam
2956 1250 3215 1328 quilibet
3235 1268 3331 1310 ar-

1766 1338 1915 1399 tifex
1963 1340 2288 1418 expeditus
2337 1342 2418 1401 ad
2467 1341 2784 1429 agendum
2817 1388 2834 1415 ‚
2888 1348 2951 1402 et
3003 1360 3039 1402 a
3090 1341 3329 1403 fortiori

1764 1434 1954 1507 DeuS,
1991 1433 2154 1494 facta
2181 1435 2486 1497 electione
2516 1436 2866 1498 mediorum
2885 1482 2902 1509 ‚
2944 1436 3148 1497 statim
3172 1436 3331 1497 inci-

1764 1526 1854 1604 pit
1878 1527 2333 1602 executionem,
2365 1529 2740 1591 adveniente
2759 1536 3042 1609 tempore
3064 1547 3178 1609 pro
3203 1546 3328 1607 quo

1763 1619 1927 1679 facta
1973 1626 2066 1680 est
2107 1620 2348 1683 electio,
2397 1622 2613 1685 Solum
2657 1641 2808 1700 ergo
2852 1622 3116 1683 dicimus
3161 1622 3328 1681 hanc

1765 1712 2198 1775 executionem
2227 1714 2362 1775 fieri
2385 1734 2500 1795 per
2525 1716 2910 1777 voluntatem
2935 1714 3176 1775 ratione
3203 1714 3330 1775 dis-

1762 1806 2022 1867 tinctam
2045 1825 2082 1867 a
2100 1807 2294 1887 priori
2315 1809 2681 1871 intentione.
2709 1809 3013 1871 Addimus
3033 1805 3323 1876 subinde,

1764 1898 1845 1958 ad
1880 1900 2324 1979 exequendum
2352 1903 2624 1980 primum
2652 1901 2931 1963 medium
2955 1948 2970 1975 ,
3016 1900 3187 1979 quod
3211 1900 3330 1961 fuit

1760 1992 2054 2053 ultimum
2099 1992 2162 2053 in
2213 1994 2557 2069 electione,
2603 1997 2806 2057 solum
2849 2014 2986 2057 6556
3038 2012 3331 2055 necessa·

1760 2086 1926 2146 rium
1955 2087 2189 2147 habere
2221 2088 2660 2169 cogitationem
2685 2090 2826 2149 talis
2853 2088 3066 2159 medii,
3105 2093 3167 2148 et
3193 2104 3330 2147 me·-

1759 2178 2026 2239 moriam
2075 2179 2396 2241 electionis
2438 2181 2650 2255 factas,
2698 2186 2760 2243 et
2806 2180 3220 2242 constantiam
3260 2178 3327 2239 in

1759 2269 1887 2342 illa,
1920 2288 2062 2350 quas
2090 2273 2300 2333 omnia
2330 2272 2670 2335 clarissima
2695 2274 2923 2336 suntin
2945 2276 3098 2346 Dec,
3124 2290 3328 2333 remo-

1762 2362 1841 2423 tis
1895 2362 2474 2442 imperfectionibus
2539 2368 2877 2447 (loquimur
2928 2367 3092 2428 enim
3147 2382 3325 2425 more

1760 2460 2022 2536 nostro).
2066 2458 2161 2519 Ad
2185 2459 2568 2522 voluntatem
2597 2467 2804 2522 autem
2833 2460 3156 2521 efficacem
3184 2476 3330 2519 exe-

1763 2550 2036 2611 cutivam
2079 2554 2338 2614 secundi
2379 2559 2441 2615 et
2481 2555 2673 2628 tertii,
2723 2555 2824 2615 vel
2863 2554 3062 2614 ultimi
3106 2551 3323 2625 medii,

1762 2660 2024 2705 necesse
2053 2652 2146 2707 cst
2166 2664 2678 2726 praecognoscere
2702 2648 2875 2727 prius
2897 2647 3172 2707 medium
3188 2646 3325 2725 jam

1761 2754 1897 2797 6556
1920 2740 2268 2800 executioni
2293 2742 2660 2803 mandatum
2685 2760 2701 2814 ;
2733 2742 2899 2820 quia,
2944 2758 3086 2801 cum
3115 2739 3326 2799 media

1760 2829 1846 2889 ita
1874 2830 1998 2891 sint
2025 2833 2452 2911 subordinata,
2483 2835 2584 2896 vel
2608 2853 2726 2913 per
2744 2853 2831 2909 se,
2860 2835 2960 2895 vel
2986 2851 3062 2894 ex
3081 2835 3139 2893 vi
3162 2834 3325 2912 prio-

1760 2920 1845 2982 ris
1890 2925 2362 2987 consultationis
2417 2932 2480 2989 et
2533 2928 2850 2989 electionis
2875 2972 2891 3001 ‚
2949 2946 3078 2987 non
3120 2931 3326 3006 potest

1761 3016 1901 3093 quis
1929 3019 2226 3095 progredi
2248 3020 2328 3080 ad
2353 3021 2787 3082 executionem
2811 3020 3174 3101 posterioris
3195 3036 3328 3079 me-

1760 3108 1865 3181 dii,
1898 3110 2014 3170 nisi
2041 3114 2176 3191 jam
2206 3114 2512 3194 intelligat
2537 3116 2816 3176 medium
2836 3160 2851 3188 ,
2893 3115 3064 3194 quod
3089 3131 3326 3193 suppo-

1757 3204 1948 3277 nitur,
1994 3222 2131 3266 6556
2168 3209 2514 3268 executioni
2543 3209 2910 3270 mandatum
2947 3214 3178 3288 3atque
3203 3209 3324 3268 hoc

1756 3297 1946 3358 modo
1975 3300 2366 3378 praescientia
2395 3301 2680 3364 absoluta
2712 3303 3081 3364 meritorum
3117 3307 3324 3382 potest

1758 3407 1895 3450 6556
1921 3394 2280 3454 necessaria
2307 3395 2389 3454 ad
2417 3395 2824 3456 donationem
2853 3395 3066 3475 gloriae
3087 3441 3103 3468 ‚
3151 3393 3322 3456 etad

1753 3483 2144 3546 voluntatem
2195 3493 2533 3562 aeternam,
2575 3507 2765 3568 quam
2817 3491 2986 3550 Deus
3021 3487 3212 3549 habet
3241 3489 3319 3549 de

1756 3578 2124 3639 executione
2153 3579 2316 3641 illius
2350 3626 2366 3654 ,
2408 3581 2555 3643 licet
2581 3601 2712 3643 non
2740 3582 2818 3642 sit
2849 3581 3206 3642 necessaria
3237 3581 3320 3641 ad

1754 3669 2166 3732 intentionem
2189 3672 2380 3734 dandi
2411 3675 2694 3754 gloriam,
2725 3677 2895 3756 quod
2927 3675 3035 3736 alii
3065 3675 3321 3754 quidem

1756 3761 2091 3825 admittunt
2133 3765 2212 3826 de
2259 3767 2603 3829 intentione
2636 3769 2978 3842 inefficaci3
3015 3775 3322 3848 quantum

1752 3875 1901 3918 vero
1939 3857 2020 3918 ad
2047 3877 2324 3938 praesens
2351 3865 2623 3940 spectat,
2668 3867 2764 3922 est
2798 3862 3018 3922 eadem
3043 3863 3200 3922 ratio
3241 3861 3319 3922 de

1755 3949 2018 4012 efficaci.
2071 3953 2264 4014 Secus
2294 3973 2443 4014 vero
2487 3961 2580 4015 cst
2611 3956 2690 4015 de
2727 3955 2985 4016 scientia
3017 3954 3321 4015 conditio-

1752 4051 1901 4106 nata
1953 4045 2306 4106 futurorum
2351 4047 2718 4108 meritorum
2744 4093 2759 4120 ,
2803 4047 2854 4107 si
2899 4049 3029 4108 haec
3071 4048 3170 4107 vel
3215 4048 3320 4106 illa

1754 4137 1985 4197 auxilia
2011 4137 2440 4212 conferantur;
2469 4158 2618 4200 nam
2637 4141 2768 4202 haec
2788 4141 3142 4200 necessario
3165 4159 3320 4219 proe·

1754 4231 2166 4309 supponenda
2195 4237 2304 4304 est,
2332 4239 2400 4293 ut
2425 4233 2620 4312 possit
2645 4233 2907 4294 intentio
2930 4231 3151 4293 efficax
3177 4233 3318 4293 talis

1750 4321 1895 4384 finis
1933 4323 1996 4382 in
2032 4325 2162 4384 Deo
2197 4324 2481 4405 intelligi.
2525 4327 2651 4387 Nec
2683 4344 2834 4386 vero
2864 4331 3196 4405 propterea
3225 4325 3320 4388 di-

1751 4415 1971 4488 cimus,
1997 4417 2152 4477 utin
2174 4417 2296 4478 alia
2319 4418 2669 4498 objectione
2697 4421 3090 4499 supponitur,
3118 4420 3318 4480 Deum

1752 4507 1984 4589 eligere
2013 4511 2334 4573 hominem
2361 4513 2442 4572 ad
2477 4513 2738 4592 gloriam
2777 4513 2996 4575 ordine
3027 4513 3318 4575 intentio-

1756 4601 1874 4677 nis,
1907 4603 2056 4681 quia
2086 4603 2175 4664 sic
2207 4605 2512 4683 praescivit
2542 4606 2646 4666 illa
2679 4606 2904 4668 merita
2932 4626 2948 4680 3
3000 4607 3122 4669 hoc
3149 4609 3317 4669 enim

1752 4694 1939 4773 plane
1974 4703 2316 4776 repugnat;
2353 4699 2498 4775 quia
2528 4717 2670 4759 cum
2699 4699 3135 4762 conditionalis
3163 4699 3319 4761 nihil

1752 4793 1947 4866 ponat
1973 4788 2038 4849 in
2069 4783 2231 4863 6556,
2277 4791 2380 4852 illa
2409 4793 2632 4854 merita
2662 4793 2749 4853 sic
2777 4793 3160 4874 praecognita
3187 4811 3315 4854 non

1750 4887 1898 4941 sunt
1935 4882 2124 4962 digna
2161 4885 2370 4963 aliqua
2410 4887 2957 4960 remuneratione3
3006 4905 3138 4947 nou
3173 4893 3318 4948 sunt

1752 4991 1903 5054 ergo
1951 4975 2056 5036 illa
2105 4977 2326 5038 merita
2372 4997 2562 5040 causa
2615 4980 2954 5053 electionis,
3008 4987 3070 5042 et
3103 4997 3318 5044 conse-

1751 5075 2018 5145 quenter
2044 5069 2148 5130 illa
2178 5072 2445 5132 causalis
2483 5073 2546 5132 in
2576 5073 2780 5152 rigore
2811 5073 2968 5134 falsa
3008 5079 3101 5134 est
3135 5119 3150 5146 ,
3197 5091 3316 5133 nec

1748 5165 2034 5242 sequitur
2055 5183 2130 5226 ex
2159 5172 2370 5226 nostra
2397 5166 2675 5228 doctrina
2705 5187 2718 5227 :
2750 5168 2861 5229 sed
2889 5168 2971 5229 ad
2999 5187 3315 5230 summum

1750 5257 2054 5336 sequitur,
2095 5277 2174 5318 ex
2205 5265 2380 5338 parte
2406 5261 2540 5332 Dei,
2571 5267 2642 5321 ut
2669 5262 2863 5340 possit
2891 5262 3080 5322 talem
3103 5262 3306 5323 inten-

1747 5349 1979 5410 tionem
2013 5352 2271 5424 habere,
2303 5353 2724 5414 necessariam
2761 5371 2898 5414 esse
2939 5354 3106 5416 illam
3155 5372 3316 5432 prae-

147 5439 393 5506 gnaverit
422 5448 747 5525 utramque
788 5445 1172 5508 voluntatem
1211 5447 1439 5508 dictam
1470 5447 1665 5508 inter-
1744 5443 2092 5515 scientiam,
2126 5444 2274 5524 quia
2309 5465 2436 5507 non
2475 5453 2681 5526 potest
2712 5448 2928 5510 haberi
2973 5449 3315 5528 prudenter

146 5525 347 5590 venire.

1747 5537 1972 5600 electio
2025 5538 2266 5613 efficax,
2311 5540 2429 5600 nisi
2475 5541 2717 5603 subsint
2771 5543 2978 5606 media
3015 5565 3128 5625 per
3174 5563 3312 5625 quae
