3850 6225
535 390 657 450 ⁴54

535 494 743 559 taliter
792 493 1089 575 peccavit,
1125 500 1187 555 et
1214 501 1431 574 postea
1472 494 1907 575 poenitentiam
1955 494 2104 575 agit.

539 588 635 653 Illi
674 588 841 649 enim
904 606 1031 649 non
1082 588 1352 651 debetur
1404 588 1691 649 remissio
1748 588 1988 669 peccati
2033 606 2109 649 ex

530 682 777 761 justitia
838 688 1095 763 propter
1160 682 1575 761 praecedentia
1638 683 1860 745 merita
1882 728 1902 757 ‚
1961 682 2108 760 quia

532 778 741 857 ipsum
770 782 1095 855 peccatum
1122 777 1457 837 intrinsece
1484 782 1793 856 repugnat
1830 774 1940 840 tali
1971 794 2100 837 me·-

534 871 678 943 rito,
723 876 785 932 et
816 876 1279 949 consequenter
1308 870 1499 931 etiam
1536 875 1633 931 est
1678 874 1893 931 contra
1922 866 2100 945 leges

528 964 809 1043 justitias,
846 964 973 1023 imo
998 963 1187 1025 etiam
1220 968 1435 1025 contra
1454 962 1629 1043 leges
1650 961 2098 1049 misericordiae

535 1057 910 1138 propositas.
960 1056 1286 1130 Probatur,
1340 1056 1485 1135 quia
1526 1059 1851 1134 peccatum
1902 1054 2098 1117 semel

538 1150 967 1223 commissum,
1020 1156 1364 1231 antequam
1412 1148 1759 1212 remittatur
1787 1194 1803 1221 ,
1850 1166 2104 1227 semper

536 1244 801 1305 inhoeret
846 1262 1153 1322 personae,
1186 1248 1243 1303 et
1288 1242 1494 1305 reddit
1523 1242 1695 1305 illam
1738 1242 2106 1323 incapacem

540 1338 753 1408 debiti,
802 1357 917 1401 seu
976 1338 1131 1418 juris
1172 1338 1427 1417 justitiae
1456 1337 1541 1399 ad
1588 1339 1813 1409 Deum,
1866 1343 1929 1398 et
1962 1336 2104 1399 ideo

538 1432 801 1510 impedit
815 1431 1235 1511 praeeedentia
1264 1432 1509 1507 merita,
1538 1449 1619 1493 ne
1644 1431 1779 1509 ipso
1810 1430 2102 1503 durante,

538 1531 624 1599 et,
656 1532 725 1587 ut
752 1526 835 1587 ita
866 1524 1093 1598 dicam,
1116 1525 1179 1585 in
1210 1543 1399 1587 sensu
1428 1524 1797 1605 composito,
1820 1523 1927 1587 tali
1959 1523 2109 1585 sub-

534 1620 705 1699 jecto
734 1618 1041 1681 debeatur
1068 1619 1147 1682 de
1164 1619 1473 1699 condigno
1500 1619 1829 1699 praemium
1852 1616 2108 1697 aliquod

540 1711 1027 1791 praecedentium
1084 1713 1489 1783 meritorum:
1524 1730 1675 1791 ergo
1722 1710 2105 1791 impossibile

542 1810 639 1867 est
666 1805 837 1885 quod
865 1806 1147 1868 remissio
1194 1806 1333 1886 ipsa
1362 1806 1601 1884 peccati
1636 1805 1942 1872 debeatur
1965 1822 2106 1883 pro·

542 1904 679 1977 pter
711 1898 817 1959 illa
846 1900 1094 1971 merita,
1126 1918 1269 1961 cum
1304 1906 1451 1961 ante
1496 1900 1929 1964 remissionem
1957 1916 2108 1961 con-

543 2008 783 2053 cessam
840 2010 1091 2070 semper
1132 1998 1523 2071 supponatur
1558 1998 1907 2072 peccatum.
1959 1992 2106 2065 Quae

541 2083 699 2145 ratio
724 2084 944 2163 probat
962 2103 1081 2145 nec
1102 2084 1537 2147 remissionem
1564 2086 1786 2167 ipsam,
1812 2105 1930 2149 nec
1957 2105 2108 2147 con-

546 2178 885 2249 tritionem,
918 2179 1017 2241 vel
1060 2180 1361 2242 auxilium
1396 2180 1609 2257 gratioe
1660 2180 1741 2241 ad
1772 2180 1943 2243 illam
1975 2180 2108 2241 effi·

544 2269 855 2343 ciendam,
904 2270 1043 2333 dari
1090 2272 1169 2333 de
1226 2272 1537 2352 condigno
1576 2278 1833 2353 propter
1870 2291 2109 2352 proecc-

545 2362 755 2423 dentis
784 2364 1039 2437 merita3
1091 2365 1363 2445 ideoque
1407 2366 1598 2427 etiam
1644 2365 1707 2426 in
1744 2367 1862 2427 hoc
1890 2384 2108 2429 neces·

545 2456 709 2518 sario
762 2456 1137 2519 intervenire
1180 2458 1693 2531 misericordiam,
1742 2465 1807 2521 nt
1848 2457 2109 2521 mortifi-

544 2556 683 2612 cata
715 2551 935 2613 merita
976 2551 1217 2630 possint
1266 2552 1567 2631 reparari.
1610 2552 1789 2615 Unde
1829 2552 2016 2613 etiam
2039 2551 2108 2613 fit

544 2642 645 2705 hic
680 2644 870 2705 etiam
908 2645 1173 2723 supponi
1212 2644 1399 2705 aliam
1430 2644 1637 2725 legem
1664 2644 2106 2705 misericordiae

547 2754 697 2817 erga
728 2744 1113 2815 peccatores.
1150 2737 1406 2809 scilicet,
1450 2756 1577 2799 non
1624 2738 1924 2816 puniendi
1975 2738 2112 2799 illos

544 2828 850 2908 rigorose,
885 2830 997 2891 sed
1024 2831 1177 2891 citra
1209 2830 1593 2911 condignum
1625 2830 1687 2892 in
1716 2832 1859 2903 hoe,
1888 2836 1956 2892 ut
1983 2850 2112 2893 non

534 2924 757 2984 statim
790 2924 1111 3003 priventur
1130 2925 1373 2988 auxiliis
1399 2926 1612 3003 gratia».
1636 2924 2110 2999 sufficientibuS,

548 3016 649 3077 vel
672 3016 861 3079 etiam
890 3017 1245 3079 efficacibus
1264 3024 1519 3097 propter
1548 3018 1952 3079 commissum
1973 3036 2114 3097 pec·

548 3114 781 3180 catum.
826 3110 1117 3190 quamvis
1162 3111 1369 3191 ipsum
1416 3110 1495 3172 dc
1542 3131 1607 3173 se
1639 3110 1897 3190 dignum
1947 3117 2112 3174 esset

548 3209 679 3264 tota
714 3204 817 3264 illa
854 3223 1065 3284 poena,
1098 3205 1149 3266 si
1177 3205 1381 3284 rigore
1405 3204 1660 3283 justitioe
1690 3206 1859 3266 Deus
1886 3204 1978 3266 uti
2009 3223 2113 3266 vo-

550 3297 791 3358 luisset.
846 3297 1022 3360 Addo
1054 3304 1379 3376 prietes-ea,
1424 3298 1613 3360 etiam
1642 3299 1962 3380 supposita
1993 3299 2112 3362 hac

550 3389 749 3470 gratia
766 3389 977 3450 auxilii
1004 3397 1065 3452 et
1087 3391 1497 3464 contritionis,
1516 3391 1948 3454 remissionem
1969 3411 2112 3472 pec·

550 3484 674 3544 cati
702 3501 831 3544 non
860 3481 1075 3546 deberi
1112 3502 1187 3545 ex
1208 3483 1471 3564 justitia,
1522 3503 1665 3546 eum
1714 3491 1843 3546 tota
1886 3485 2112 3566 justifi-

550 3576 712 3638 catio
752 3577 944 3656 gratis
988 3575 1121 3650 fiat,
1168 3584 1231 3638 et
1266 3577 1625 3655 justificatio
1674 3579 2110 3642 remissionem

534 3669 787 3750 -peccati
838 3667 1149 3740 includat;
1206 3675 1541 3750 utrumque
1594 3669 1760 3732 enim
1814 3689 2110 3751 expresse

549 3761 829 3824 definivit
866 3762 1209 3827 Concilium
1258 3763 1707 3827 Tridentinum.
1756 3765 1911 3826 Cum
1957 3783 2109 3848 ergo

546 3855 977 3918 reviviscentis
994 3855 1359 3918 meritorum
1379 3875 1455 3918 ex
1480 3857 1845 3920 remissione
1868 3859 2110 3938 peccati

548 3955 862 4022 nascatur,
904 3965 1163 4010 necesse
1200 3955 1390 4012 estut
1426 3953 1502 4012 ex
1534 3951 1653 4012 hoc
1678 3951 1867 4017 etiam
1906 3952 2110 4032 capite

546 4059 663 4120 per
689 4041 1180 4107 misericordiam
1211 4041 1345 4110 fiat.

550 4289 844 4366 Quomodo
892 4289 959 4354 ia
1013 4293 1378 4374 reparandis
1431 4293 1817 4374 mortificatis
1868 4293 2105 4360 meo-itis

988 4385 1252 4466 justitia
1278 4387 1630 4451 intercedat.

624 4596 718 4659 ⁴2.
768 4595 908 4660 Jam
948 4613 1116 4668 vero,
1154 4593 1323 4674 quod
1360 4595 1681 4676 supposita
1714 4597 1833 4658 hac
1864 4596 2108 4659 miseri-

540 4685 776 4760 cordia,
810 4687 873 4749 id
901 4687 1073 4768 quod
1098 4687 1411 4768 reliquum
1454 4695 1547 4750 est
1588 4709 1665 4750 ex
1700 4690 1942 4768 justitia
1971 4691 2101 4765 fiat,

540 4781 775 4860 optime
846 4781 1147 4860 probatur
1202 4781 1593 4860 argumentis
1656 4780 1833 4843 factis
1886 4791 2104 4846 contra

536 4874 819 4953 priorem
852 4873 1247 4934 sententiam.
1272 4875 1346 4935 Et
1366 4873 1625 4936 ulterius
1652 4875 2008 4940 declaratur
2026 4897 2105 4940 ex

536 4967 821 5047 proxime
870 4965 1049 5026 dictis
1102 4965 1181 5028 de
1235 4965 1441 5028 divina
1488 4968 1925 5048 promissione,
1959 4971 2106 5050 quia

536 5081 729 5124 omne
761 5061 1039 5122 debitum
1080 5060 1191 5122 Dei
1227 5061 1309 5122 ad
1341 5063 1682 5137 hominem,
1736 5065 1855 5126 suh
1888 5065 2107 5129 condi-

538 5155 708 5216 tione
742 5153 1225 5233 proportionalis
1265 5155 1492 5234 operiS‚
1534 5161 1625 5216 est
1663 5156 1948 5218 debitum
1972 5159 2104 5238 jus-

532 5250 711 5323 titiae;
746 5248 869 5315 imo
897 5267 1025 5310 non
1056 5253 1261 5329 potest
1288 5249 1410 5313 alio
1440 5251 1629 5311 modo
1662 5251 1724 5310 in
1760 5254 1889 5314 Deo
1918 5272 2104 5334 repe-

530 5343 675 5414 riri;
708 5341 843 5415 sed,
894 5341 1103 5407 ablato
1147 5347 1405 5421 peccato
1450 5362 1567 5422 per
1600 5343 1711 5404 Dei
1748 5344 2100 5408 misericor-

532 5437 726 5510 diam,
758 5437 925 5498 statit
962 5434 1177 5514 incipit
1205 5435 1423 5498 deberi
1453 5437 1777 5518 praemium
1813 5439 2098 5518 priorum

530 5547 793 5614 operum
840 5528 929 5592 eis
986 5529 1553 5608 proportionatum,
1598 5535 1660 5590 et
1704 5547 1780 5592 ex
1830 5533 2096 5612 promis·

1134 390 1345 443 OPUSC.
1382 392 1441 443 V.
1478 392 1783 445 RELECTIO
1820 390 1897 443 m:
1933 389 2408 443 nssthsCENTtA
2441 392 2825 449 ussnlronffl.
2863 394 3100 447 mswr.
3137 396 3178 447 1.

2191 494 2364 557 sione
2405 496 2614 557 divina
2653 496 2771 557 sub
2806 498 3158 559 conditione
3191 497 3414 559 talium
3455 516 3728 577 operum:

2191 604 2344 669 ergo
2389 594 2482 651 est
2525 590 2808 651 debitum
2837 592 3114 669 justitiae.
3147 594 3356 671 Atque
3403 610 3485 651 ex
3525 592 3734 655 eisdem

2187 682 2508 763 principiis
2527 683 2878 762 procedunt
2903 686 3136 763 optime
3155 685 3294 747 aliae
3313 685 3594 745 rationes
3617 704 3736 764 quse

2187 775 2322 837 fieri
2349 776 2573 839 solent.
2607 778 2746 839 Una
2775 784 2870 839 cst
2895 796 3086 857 supra
3119 784 3308 852 tacta,
3339 778 3518 857 quod
3539 778 3734 839 divina:

2173 869 2430 949 justitias
2455 877 2768 951 repugnat
2795 871 2858 931 in
2889 876 3194 933 aeternum
3223 873 3452 951 punire
3475 873 3740 952 spiritua·

2181 962 2224 1023 li
2261 980 2472 1043 poena,
2507 954 2622 1025 seu
2661 965 2938 1025 carentia
2967 964 3235 1045 alicujus
3271 964 3520 1044 gradus
3555 968 3740 1045 gratia

2183 1062 2246 1117 et
2281 1056 2536 1117 visionis
2577 1056 2714 1129 Dei,
2769 1062 3114 1139 peccatum.
3152 1058 3424 1121 mortale
3485 1058 3652 1136 quod
3693 1060 3742 1121 in

2187 1148 2306 1211 hac
2326 1149 2448 1210 vita
2475 1150 2744 1225 remisit3
2775 1150 2890 1213 sed
2915 1151 3034 1211 nisi
3061 1152 3422 1230 proemiaret
3442 1152 3738 1225 meritum,

2185 1240 2630 1305 mortificatum
2657 1261 2772 1325 per
2798 1250 3132 1323 peccatum
3173 1245 3350 1323 quod
3395 1250 3620 1325 postea
3663 1266 3746 1308 re-

2187 1335 2448 1395 missum
2477 1341 2592 1407 est,
2623 1336 2874 1415 puniret
2911 1337 3268 1415 hujusmodi
3299 1340 3742 1417 peccat-mian

2187 1446 2380 1507 poena
2409 1434 2742 1507 perpetum
2789 1448 2940 1509 ergo
2987 1436 3084 1491 est
3113 1431 3232 1491 hoc
3261 1431 3554 1496 alienum
3595 1450 3634 1491 a
3671 1432 3746 1491 di·

2187 1520 2332 1579 vina
2355 1520 2628 1598 justitia;
2671 1539 2822 1601 ergo
2849 1539 2884 1583 e
2913 1525 3228 1586 contrario
3255 1524 3604 1604 praemium
3627 1526 3746 1587 red·

2187 1614 2338 1675 dere
2381 1614 2610 1677 talibus
2659 1616 2896 1677 meritis
2943 1622 3040 1678 est
3085 1636 3248 1699 opus
3287 1617 3582 1697 justitiae.
3623 1620 3746 1681 Haec

2189 1706 2358 1769 enim
2395 1708 2552 1769 ratio
2593 1709 2950 1772 necessario
2999 1710 3296 1789 supponit
3333 1711 3514 1773 illam
3561 1710 3746 1791 legem

2187 1800 2626 1863 misericordie.
2653 1820 2798 1863 cum
2829 1804 3286 1883 peccatoribus,
3321 1810 3393 1868 ut
3429 1805 3576 1883 ipso
3605 1803 3748 1867 facte

2187 1910 2318 1953 non
2357 1894 2563 1957 statim
2588 1894 2912 1959 incurrant
2949 1914 3066 1975 pec
3103 1904 3442 1976 peccatum
3487 1898 3752 1959 amissio-

2185 1994 2336 2048 nem
2382 1980 2752 2069 perpetuam
2797 1991 3080 2052 omnium
3119 1992 3522 2059 meritorum.
3563 1994 3751 2070 Atque

2187 2079 2306 2140 hoc
2338 2080 2526 2141 modo
2558 2082 2790 2161 optime
2821 2083 3010 2145 etiam
3037 2084 3295 2162 juvatur
3327 2084 3472 2145 hoec
3503 2085 3660 2147 ratio
3690 2104 3754 2147 ex

2187 2172 2395 2235 verbis
2429 2174 2780 2246 Ezechiel.
2829 2176 3072 2239 decimo
3101 2184 3360 2237 octavo:
3417 2176 3506 2240 Sa·
3539 2176 3610 2237 ia
3591 2180 3752 2257 pius

2187 2267 2378 2347 operit
2401 2267 2820 2347 pce-nitentium
2863 2270 2932 2331 da
2982 2287 3070 2330 om
3061 2270 3254 2333 nibus
3291 2271 3570 2351 peccatis
3607 2273 3748 2343 suis,

2187 2358 2452 2421 omnium
2509 2360 2910 2441 iniquitatum
2953 2362 3108 2442 ejus,
3139 2381 3292 2443 quas
3327 2368 3616 2445 operatu
3645 2370 3742 2439 cst,

2187 2468 2306 2513 non
2341 2454 2711 2517 recordabor.
2741 2455 2904 2518 Satis
2931 2457 3098 2519 enim
3125 2456 3576 2519 recordaretur
3597 2458 3744 2519 Deus

2187 2543 2406 2605 talium
2435 2545 2856 2625 iniquitatum,
2889 2548 2940 2609 si
2969 2554 3226 2629 propter
3271 2568 3388 2613 eas
3429 2553 3738 2629 pra-mium

2187 2644 2564 2717 perpetuum
2613 2640 3104 2717 praecedentium
3153 2644 3530 2705 meritorum
3575 2645 3740 2705 deue-

2193 2736 2388 2809 garet.
2415 2732 2488 2791 Et
2531 2732 2670 2793 ideo
2700 2739 2830 2795 tam
2859 2734 3079 2797 Glossa
3117 2735 3224 2805 ihi,
3269 2754 3468 2815 quam
3517 2756 3734 2803 omnes.

2193 2822 2546 2901 intelligunt
2587 2825 2796 2886 locum
2836 2828 3010 2887 illum
3039 2828 3116 2889 de
3147 2829 3588 2891 recordatione
3613 2850 3744 2908 pec-

2193 2920 2476 2977 catorum
2517 2918 2726 2995 quoad
2773 2919 3050 2998 aliquam
3094 2922 3506 3000 punitionem·
3539 2942 3742 3001 perpe-

2191 3014 2394 3079 tuam
2435 3028 2582 3071 nam
2631 3012 2841 3090 quoad
2885 3015 3296 3092 temporalem
3343 3016 3738 3093 punitionem,
3820 3044 3821 3093 ;

2193 3107 2555 3170 recordatur
2598 3125 2764 3186 soepe
2807 3108 2976 3169 Deus
3017 3114 3423 3188 peecatorum
3469 3110 3746 3170 remisso-

2191 3217 2329 3260 rum
2355 3245 2372 3272 ,
2415 3199 2562 3278 quia
2613 3199 2720 3260 illa
2761 3206 2856 3264 est
2895 3219 3080 3280 poena
3127 3202 3504 3274 anticorum,
3539 3223 3744 3281 purga-

2191 3293 2428 3354 tionem
2449 3293 2707 3366 faciens‚
2741 3300 2802 3355 et
2829 3313 2960 3356 non
3001 3301 3384 3375 perpetuum
3425 3315 3744 3356 noeumen·
3818 3357 3819 3384 ᾗ

3818 3387 3819 3414 l

2195 3392 2374 3544 tm11⁸3.
2421 3483 2762 3564 Explicata
2819 3483 2884 3548 vi
2937 3501 3115 3568 quam
3169 3483 3342 3548 babet
3391 3483 3564 3548 ratio
3617 3483 3744 3546 Diri

2195 3575 2462 3652 stoma,
2493 3575 2722 3641 veritas
2751 3579 3252 3657 confirmatur.—
3269 3575 3587 3654 Quotam
3601 3595 3743 3658 pra·-

2193 3671 2398 3734 cedeas
2447 3671 2728 3734 mov-itam
2777 3671 2844 3734 ia
2891 3671 3126 3735 homine
3169 3673 3438 3734 maneat.
3477 3701 3563 3716 —
3607 3670 3740 3730 Hinc
3816 3693 3817 3733 l

2193 3763 2382 3823 etiam
2411 3763 2607 3824 robur
2635 3762 2828 3824 habet
2857 3762 3038 3831 rati0,
3071 3779 3196 3840 qua
3240 3763 3314 3822 D.
3347 3762 3645 3834 ThomaS,
3689 3762 3742 3820 in

2193 3855 2312 3916 hac
2357 3856 2620 3917 materia
2675 3855 2886 3928 utitur,
2935 3853 3118 3916 tertia
3165 3859 3380 3936 parte,
3417 3855 3742 3934 quaestione

2191 3949 2576 4028 octogesima
2603 3965 2795 4022 nona,
2827 3948 3086 4010 articulo
3116 3949 3356 4027 quinto.
3377 3949 3542 4010 Nam
3570 3967 3746 4028 opera

2191 4042 2508 4106 meritoria
2557 4042 2755 4104 semel
2795 4041 2958 4104 facta
2987 4059 3239 4121 semper
3265 4049 3534 4104 manent
3569 4043 3630 4102 in
3659 4062 3744 4102 ac-

2191 4137 2544 4216 ceptatione
2581 4135 2826 4208 divina3
2859 4135 3028 4216 quod
3066 4143 3276 4197 autem
3315 4136 3493 4208 huie,
3533 4137 3640 4215 qui
3677 4155 3740 4196 ea

2187 4228 2356 4302 fecit,
2389 4247 2520 4296 non
2553 4229 2678 4291 sint
2717 4229 2994 4294 efficacia
3023 4228 3106 4292 ad
3135 4229 3500 4308 praemium,
3541 4249 3742 4308 prore·

2188 4321 2278 4384 nit
2322 4341 2400 4384 ex
2443 4321 2892 4402 impedimento
2931 4323 3169 4402 peccati
3215 4321 3738 4404 supervenientis3
3807 4351 3813 4390 ,¹

2187 4433 2364 4494 ergo,
2396 4414 2604 4478 ablato
2633 4419 2890 4496 peccato
2925 4433 3040 4494 per
3077 4415 3524 4494 poenitentiam
3567 4421 3629 4474 et
3663 4434 3742 4474 re-

2187 4507 2552 4570 missionem
2589 4509 2756 4586 ejuS‚
2791 4513 3170 4586 recuperant
3207 4506 3316 4570 illa
3355 4509 3590 4569 merita
3629 4508 3741 4568 effi-

2187 4603 2426 4663 caciam
2469 4601 2859 4684 perducendi
2889 4601 3214 4664 hominem
3239 4601 3326 4662 ad
3349 4603 3552 4667 vitam
3583 4609 3740 4662 aetvr-
3810 4674 3811 4691 ἵ

2187 4713 2356 4756 nam.
2395 4695 2710 4756 Hactenus
2751 4694 2882 4756 fere
2913 4694 3092 4754 divus
3119 4694 3416 4762 Thomas.
3455 4697 3585 4758 Nos
3613 4713 3739 4756 vcro

2193 4787 2450 4850 ulterius
2469 4787 2926 4850 subsumimus:
2953 4787 3066 4850 scd
3085 4787 3362 4850 efficacia
3387 4789 3740 4852 meritorum

2184 4881 2570 4960 perducendi
2603 4881 2922 4944 hominem
2959 4880 3040 4942 ad
3089 4887 3320 4942 statum
3367 4883 3620 4960 praemii
3661 4887 3738 4942 est

2191 4975 2466 5036 efficacia
2513 4974 2766 5054 justitiae
2819 4974 3102 5054 (agimus
3151 4974 3320 5036 enim
3365 4973 3476 5036 de.
3503 4974 3738 5054 proprio

2186 5069 2410 5130 merito
2439 5068 2518 5130 de
2559 5068 2926 5147 condigno);
2963 5086 3114 5148 ergo
3151 5067 3418 5130 remisso
3461 5075 3728 5148 peccato,

2187 5161 2490 5242 quidquid
2536 5167 2748 5240 postea
2793 5161 2864 5222 fit
2895 5181 2974 5222 ex
3003 5161 3310 5222 vitalium
3353 5163 3729 5230 meritorum,

2183 5253 2254 5316 fit
2299 5273 2376 5316 ex
2417 5255 2678 5334 justitia.
2711 5256 2868 5327 imo,
2907 5255 3088 5332 juxta
3121 5260 3406 5316 mentem
3433 5254 3560 5316 divi
3593 5255 3730 5318 Tho-

2181 5364 2323 5416 mae,
2373 5347 2666 5410 eamdem
2727 5347 3160 5410 efficacitatem
3227 5346 3470 5410 hahent
3530 5347 3728 5410 merita

2179 5445 2322 5520 post
2347 5440 2626 5502 ablatum
2652 5446 3002 5520 peceatum,
3033 5457 3224 5520 quam
3251 5439 3574 5502 habebant
3601 5445 3724 5502 ante

2177 5538 2504 5612 peccatum
2541 5532 2966 5596 commissum.
3009 5531 3184 5597 Unde
3235 5531 3398 5597 sicut
3443 5535 3578 5599 haec
3615 5539 3725 5600 erat
3803 5535 3805 5560 '
