3850 6225
437 380 556 449 364

431 498 587 553 tum.
625 494 793 553 Deus
821 510 976 571 ergo
1019 512 1136 555 nec
1163 495 1272 557 dat
1299 495 1526 555 auxilia
1567 496 1794 575 quibus
1835 496 2007 559 videt

430 587 752 647 hominem
793 586 1164 661 abusurum,
1192 606 1311 650 nec
1343 596 1530 669 negat
1575 589 1837 670 majora,
1871 591 2007 670 qui-

428 680 548 739 bus
595 678 766 739 videt
806 680 1127 741 hominem
1170 682 1334 743 bene
1377 700 1663 758 usurum,
1695 690 1764 744 ut
1813 684 2003 745 homo

429 788 560 832 non
605 778 1004 833 convertatur
1045 774 1146 834 vel
1190 781 1429 853 pereat,
1471 776 1584 837 sed
1631 777 2001 837 sufficientia

435 865 664 925 auxilia
691 865 821 937 dat,
848 867 1098 945 quibus,
1127 875 1432 946 quantum
1456 876 1549 931 est
1575 889 1650 931 ex
1669 878 1848 950 parte
1863 872 1999 945 Dei,

435 962 832 1020 convertatur
861 960 1086 1033 homo;
1135 964 1376 1041 majora
1421 962 1712 1043 denegat,
1757 964 1858 1034 vel
1891 965 2003 1025 ali-

433 1050 688 1131 quando
717 1051 782 1111 in
817 1070 1070 1130 poenam
1101 1055 1324 1133 prioris
1364 1056 1536 1129 mali,
1576 1056 1676 1117 vel
1718 1058 1866 1135 quia
1897 1057 2005 1118 illa

433 1144 672 1205 nemini
695 1144 905 1217 debet,
933 1152 996 1207 et
1019 1148 1350 1209 ostendere
1371 1148 1504 1210 vult
1531 1168 1598 1211 se
1627 1150 1822 1229 gratis
1847 1149 2000 1213 dare

435 1236 534 1296 cui
555 1235 684 1309 dat,
707 1237 896 1299 velut
923 1240 1239 1317 permittat
1257 1241 1606 1303 libertatem
1629 1250 1692 1303 et
1709 1250 2002 1305 naturam

435 1346 551 1389 suo
581 1330 768 1391 modo
798 1333 1068 1409 operari,
1099 1333 1198 1394 vel
1236 1340 1493 1413 propter
1531 1336 1688 1397 alias
1725 1337 2003 1398 rationes

433 1422 840 1500 providentia}
869 1442 1018 1496 suoe,
1038 1426 1216 1504 juxta
1243 1444 1424 1504 quaa,
1445 1446 1520 1488 ex
1545 1428 1804 1490 infinitis
1818 1430 2001 1491 ratio-

433 1515 640 1589 nibu3‚
681 1516 908 1595 quibus
937 1519 1104 1580 Deus
1133 1521 1412 1599 previdit
1447 1540 1634 1600 posse
1667 1540 1733 1583 se
1772 1524 2003 1603 guber-

431 1626 586 1669 nare
635 1610 943 1687 homines,
990 1616 1052 1673 et
1093 1612 1171 1673 ad
1219 1612 1408 1675 finem
1457 1616 2002 1695 supernaturalem

434 1700 727 1779 dirigere,
764 1704 828 1763 in
857 1704 1086 1783 quibus
1119 1706 1250 1767 fere
1287 1708 1577 1769 omnibus
1611 1710 1912 1788 praevidit,
1946 1710 1997 1770 si

435 1793 603 1854 hunc
649 1796 908 1874 eligeret
951 1797 1048 1859 vel
1079 1798 1276 1872 illum,
1309 1801 1446 1861 illos
1475 1802 1664 1863 fuisse
1697 1802 2000 1863 damnan-

435 1886 572 1959 doS‚
600 1887 738 1949 illos
763 1907 912 1951 vero
935 1891 1288 1965 salvandoS,
1313 1912 1392 1954 ex
1415 1894 1546 1955 sola
1571 1914 1686 1957 sua
1713 1896 1999 1958 libertate

435 1980 604 2040 hunc
647 1982 820 2061 eligit
865 1984 1122 2045 modurn
1147 2030 1162 2056 ,
1210 1988 1402 2064 gratis
1449 1989 1738 2069 eligendo
1779 2008 2001 2051 omnes

437 2074 546 2151 qui
567 2074 744 2153 juxta
773 2077 934 2137 hanc
961 2079 1266 2141 rationem
1289 2081 1688 2159 providentiae
1715 2084 1999 2145 salvandi

437 2174 613 2239 sunt,
667 2169 939 2247 reliquos
991 2188 1140 2233 vero
1202 2174 1619 2252 permittendo
1673 2174 1994 2249 damnari,

434 2260 718 2339 quamvis
761 2263 880 2323 hoc
909 2264 1042 2343 ipse
1073 2284 1200 2327 non
1230 2266 1528 2335 intendat.
1566 2270 1692 2329 Nec
1727 2269 1857 2330 fere
1891 2288 1999 2347 po—

432 2354 550 2415 tuit
573 2355 752 2417 aliter
770 2357 902 2417 fieri
925 2359 1040 2419 nisi
1067 2360 1226 2421 Deus
1243 2361 1452 2435 vellet,
1473 2361 1572 2423 vel
1593 2380 1995 2423 communem

433 2466 617 2509 usum
646 2448 946 2511 libertatis
971 2451 1150 2514 valde
1185 2453 1538 2526 immutare,
1573 2454 1669 2517 vel
1703 2455 1997 2515 omnibus

431 2540 792 2601 hominibus
838 2544 1328 2606 extraordinaria
1377 2545 1542 2605 dona
1589 2546 1801 2626 gratiss
1845 2566 1997 2607 con-

431 2632 617 2705 ferre,
647 2635 816 2713 quod
843 2655 971 2697 non
1001 2639 1346 2717 oportebat.

511 2730 572 2790 9.
611 2730 686 2790 Et
702 2731 880 2809 juxta
927 2734 1058 2794 haic
1087 2734 1284 2794 facilis
1309 2740 1404 2796 est
1429 2735 1619 2796 etiam
1665 2736 1991 2813 responsio

431 2822 512 2883 ad
538 2824 800 2885 alteram
833 2832 1096 2905 partem,
1139 2828 1310 2907 quod
1335 2830 1386 2889 si
1415 2830 1581 2889 Deus
1611 2828 1993 2907 praevidisset

431 2916 748 2977 hominem
833 2936 1158 2999 nunquam
1223 2927 1706 2999 cooperaturum
1776 2923 1991 3003 gratiae

433 3010 592 3089 ejus,
639 3029 766 3071 non
793 3019 1003 3090 posset
1029 3012 1204 3074 illum
1231 3015 1486 3093 eligere,
1521 3016 1618 3075 vel
1647 3022 1822 3077 actus
1855 3017 1993 3094 ejus

431 3102 782 3182 proeflnire;
840 3106 976 3167 haec
1015 3108 1180 3168 enim
1235 3108 1672 3170 conditionalis
1717 3109 1782 3170 in
1819 3108 1992 3170 omni

431 3199 740 3258 sententia
766 3217 913 3259 vera
943 3206 1068 3273 est;
1103 3205 1317 3262 tamen
1349 3203 1751 3275 antecedens,
1782 3204 1993 3282 quoad

433 3307 621 3350 omne
643 3297 892 3371 tempus
915 3293 1080 3365 vitae,
1115 3301 1177 3355 et
1209 3295 1419 3374 quoad
1439 3297 1652 3356 omnia
1676 3296 1902 3356 auxilia
1932 3303 1989 3357 et

433 3401 654 3445 omnes
687 3385 908 3446 modos
955 3388 1180 3466 quibus
1223 3389 1384 3450 Deus
1430 3395 1634 3469 potest
1675 3389 1993 3451 hominem

433 3478 510 3538 ad
543 3497 610 3538 se
647 3481 920 3554 trahere,
971 3486 1064 3542 est
1109 3481 1296 3560 plane
1344 3483 1748 3562 impossibile,
1797 3485 1993 3544 multo

431 3571 632 3652 magis
659 3589 850 3651 quam
881 3574 1260 3654 impossibile
1297 3576 1374 3637 sit
1398 3577 1716 3637 hominem
1745 3577 1993 3656 lapsum

433 3668 495 3725 ct
525 3664 731 3726 divina
766 3667 966 3743 gratia
993 3668 1379 3742 destitutum,
1407 3675 1469 3738 et
1497 3669 1685 3749 longo
1711 3676 1993 3749 tempore

431 3775 470 3818 a
521 3757 804 3819 doemone
849 3767 1162 3834 vexatum,
1195 3779 1322 3822 non
1359 3761 1584 3823 cadere
1614 3763 1990 3840 aliquando;

431 3851 578 3930 quia
608 3851 919 3930 potentior
941 3859 1037 3914 est
1061 3853 1269 3914 divina
1291 3856 1511 3934 gratia,
1539 3861 1600 3916 et
1627 3856 1838 3935 plures
1859 3873 1997 3916 mo-

431 3944 546 4006 dos
579 3964 654 4007 ac
687 3945 1068 4008 efficaciores
1105 3948 1276 4009 novit
1305 3950 1474 4009 Deus
1499 3949 1901 4028 permovendi
1932 3957 1995 4012 et

429 4038 718 4099 trahendi
745 4039 1130 4100 voluntatem
1157 4041 1446 4114 hominis,
1467 4043 1620 4103 utin
1649 4043 1830 4103 bonis
1849 4061 1997 4103 con-

431 4133 678 4202 sentiat,
731 4149 920 4211 quam
965 4133 1045 4194 sit
1087 4139 1218 4194 tota
1255 4135 1559 4216 fragilitas
1599 4143 1859 4207 naturae,
1894 4136 1993 4196 vel

429 4225 706 4304 potentia
750 4227 1051 4286 daemonis
1081 4227 1160 4288 ad
1208 4229 1600 4307 perdendum
1647 4229 1987 4288 hominem.

511 4323 608 4380 10.
642 4321 946 4398 Denique,
996 4321 1164 4399 quod
1205 4323 1282 4382 de
1311 4322 1805 4401 praedefinitione
1847 4341 1995 4401 pec-

430 4411 548 4471 cati
599 4410 956 4486 dicebatur,
1013 4415 1235 4474 eodem
1289 4415 1478 4474 modo
1530 4415 1993 4494 expediendum

431 4509 548 4576 est,
589 4522 716 4583 quo
757 4505 956 4566 simile
993 4506 1073 4568 de
1115 4507 1554 4585 reprobatione
1595 4515 1690 4568 est
1725 4508 1995 4568 dissolu-

429 4603 604 4668 tum;
649 4615 724 4658 ex
769 4598 826 4657 vi
871 4599 1041 4660 enim
1085 4600 1389 4660 libertatis
1433 4619 1560 4660 non
1603 4607 1993 4678 repugnaret

429 4697 754 4769 peccatum
783 4691 1100 4768 praefiniri,
1127 4693 1294 4772 quia,
1314 4694 1634 4773 supposita
1659 4695 1777 4754 hac
1797 4695 1991 4756 seien-

426 4784 534 4854 tia,
569 4801 694 4842 non
733 4789 1068 4862 propterea
1107 4785 1428 4846 tolleretur
1463 4785 1748 4862 libertas;
1777 4793 1993 4848 tamen

430 4876 680 4937 aliunde
709 4883 1020 4956 repugnat
1057 4877 1280 4938 divinae
1309 4879 1570 4940 bonitati
1597 4887 1850 4960 propter
1882 4881 1995 4941 ob-

419 4971 567 5050 J'ecti
600 4970 1068 5049 turpitudinem,
1099 4977 1167 5032 ut
1205 4973 1268 5033 iu
1299 4973 1723 5052 superioribus
1762 4978 1993 5036 tracta-

429 5071 559 5126 tum
590 5069 705 5126 est.

1083 5267 1348 5292 ...qn-—

945 390 1620 454 opusc.n‚1.m.u.nn
1653 394 1937 449 sen-:mm
1970 394 2425 451 commonuit
2458 398 2682 453 rum.
2718 394 3123 450 commem.

2656 643 2905 707 CAPUT
2950 644 3081 704 vn.

2202 859 2587 907 unul-aurun
2618 859 2813 909 UODUS
2834 859 2944 911 QUO
2972 859 3123 905 DBUS
3148 858 3283 905 m
3306 858 3517 905 rutum

2696 950 3031 999 coc-nosen.

2164 1150 2222 1209 1.
2254 1148 2325 1209 In
2366 1148 2485 1208 hac
2508 1164 2577 1209 re
2620 1146 3021 1222 declaranda,
3066 1149 3291 1210 eadem
3331 1150 3501 1211 nohis
3522 1170 3635 1213 oc·-

2082 1240 2273 1301 currit
2312 1239 2645 1302 difficultas
2692 1258 2835 1318 quae
2888 1258 3024 1303 sese
3074 1242 3255 1303 offert
3310 1243 3633 1323 'theologis

2082 1334 2395 1405 omnibus,
2438 1335 2503 1394 in
2546 1332 2913 1413 explicando
2958 1334 3147 1395 modo
3186 1353 3313 1414 quo
3348 1336 3497 1397 Deus
3530 1356 3634 1397 co-

2085 1432 2344 1507 gnoscat
2394 1428 2816 1506 contingentia
2840 1474 2856 1499 ,
2912 1444 3054 1505 quae
3086 1446 3305 1489 revera
3324 1428 3387 1489 in
3432 1430 3635 1509 aliqua

2082 1521 2383 1599 temporis
2410 1520 2761 1581 differentia
2788 1521 2997 1582 futura
3026 1526 3206 1593 sunt3
3234 1528 3301 1581 et
3324 1526 3449 1581 tota
3476 1523 3633 1600 posi-

2082 1617 2147 1675 ta
2176 1619 2271 1673 est
2298 1612 2358 1673 in
2388 1612 2759 1692 explicando
2800 1632 3075 1691 quonam
3106 1613 3319 1675 medio
3346 1632 3423 1675 ex
3464 1622 3633 1692 parte

2084 1706 2309 1785 objecti
2352 1706 2542 1766 veluti
2572 1712 2783 1767 utatur
2810 1707 2977 1767 Deus
3014 1706 3099 1767 ad
3130 1707 3267 1766 haec
3302 1706 3505 1767 futura
3530 1726 3637 1767 co-

2082 1798 2463 1880 gnoscenda,
2510 1816 2659 1859 nam
2708 1817 2787 1859 ex
2840 1806 3015 1879 parte
3056 1799 3344 1878 principii
3390 1816 3497 1860 seu
3536 1820 3637 1861 co·

2082 1893 2437 1972 gnoscentis
2484 1892 2657 1953 nulla
2706 1898 2799 1953 est
2844 1892 3197 1965 difficultas,
3251 1898 3491 1953 certum
3542 1900 3639 1954 est

2082 1985 2249 2047 enim
2278 1986 2477 2045 Deum
2516 1986 2745 2064 seipso,
2778 2004 3019 2064 suaque
3048 1986 3323 2046 essentia
3352 1986 3479 2047 hoec
3504 2004 3639 2047 om-

2078 2079 2183 2139 nia
2206 2096 2607 2159 cognoscere,
2640 2080 2769 2141 sive
2798 2078 2901 2140 illa
2932 2097 3047 2158 per
3078 2079 3339 2139 modum
3366 2078 3641 2139 intellec-

2078 2173 2265 2235 tualis
2290 2174 2565 2246 luminis,
2595 2174 2725 2234 sive
2755 2192 2869 2253 per
2900 2174 3159 2233 modum
3203 2174 3439 2251 speciei
3466 2174 3639 2233 intel-

2078 2266 2349 2345 ligibilis.
2382 2268 2511 2327 sive
2539 2284 2657 2346 per
2683 2267 2943 2327 modum
2972 2272 3149 2327 actus
3176 2266 3559 2346 intelligendi
3598 2286 3638 2327 a

2079 2361 2259 2420 nobis
2288 2360 2737 2421 consideretur.
3197 2435 3206 2443 ·

2154 2456 2215 2515 2.
2262 2452 2447 2517 Ratio
2472 2452 2857 2531 &matehatis
2883 2452 3263 2533 proponitur.
3281 2482 3367 2497 --
3392 2454 3473 2512 At
3496 2470 3637 2512 vero

2076 2564 2153 2607 ex
2194 2551 2371 2626 parte
2418 2546 2645 2624 objecti
2688 2562 2791 2606 res
2838 2551 2933 2607 est
2976 2544 3449 2614 obscurissima,
3498 2546 3633 2623 quia

2076 2657 2262 2699 omne
2288 2638 2606 2718 objectum
2636 2644 2743 2699 aut
2770 2644 2865 2699 est
2892 2655 3007 2716 per
3030 2656 3099 2697 se
3118 2644 3361 2707 notum,
3394 2638 3551 2697 utin
3568 2656 3633 2698 se

2076 2738 2489 2807 cognoscatur
2530 2731 2889 2791 immediate
2926 2736 2989 2790 et
3028 2748 3143 2809 per
3190 2730 3495 2809 seipsum,
3534 2734 3635 2791 aut

2074 2824 2285 2884 medio
2312 2824 2523 2901 aliquo
2562 2823 2801 2903 indiget
2826 2841 2951 2902 quo
2998 2828 3439 2902 cognoscatur.
3466 2822 3633 2900 juxta

2074 2916 2451 2995 analyticam
2482 2916 2864 2987 doctrinam;
2896 2917 2993 2977 hae
3016 2922 3231 2977 autem
3256 2915 3639 2976 conditiona-

2074 3010 2167 3070 les
2194 3010 2629 3088 contingentes
2648 3028 2857 3088 neque
2884 3028 2961 3069 ex
2986 3009 3273 3069 terminis
3302 3026 3420 3085 per
3442 3026 3515 3069 se
3536 3028 3641 3068 no-

2075 3108 2151 3164 toe
2178 3108 2346 3174 sunt,
2378 3109 2449 3163 ut
2476 3102 2805 3164 manifeste
2850 3109 3113 3176 constat,
3150 3103 3301 3181 quia
3338 3121 3463 3176 nec
3500 3108 3641 3163 sunt

2072 3199 2365 3258 veritates
2398 3197 2791 3272 necessariae,
2816 3215 2933 3258 nec
2964 3197 3211 3276 termini
3234 3215 3457 3258 earum
3484 3197 3641 3275 seip-

2074 3291 2159 3350 sis
2184 3289 2419 3352 habent
2446 3290 2871 3351 immediatam
2898 3299 2961 3352 et
2988 3291 3393 3351 intrinsecam
3418 3307 3645 3350 conne-

2072 3383 2363 3456 xionem3
2396 3401 2603 3463 neque
2654 3391 2749 3445 est
2796 3385 2995 3446 ullum
3037 3383 3315 3444 medium
3364 3401 3493 3462 quo
3540 3401 3645 3442 co-

2075 3483 2475 3554 gnoscantur.
2504 3479 2627 3540 Aut
2658 3478 2825 3538 enim
2858 3479 2979 3538 boc
3022 3476 3301 3538 medium
3338 3483 3505 3537 esset
3534 3495 3645 3536 ex-

2074 3570 2437 3642 trinsecum,
2470 3575 2539 3630 ut
2566 3571 2905 3632 auctoritas
2934 3571 3229 3641 dicentis;
3260 3575 3326 3630 et
3352 3571 3471 3630 hoc
3514 3587 3645 3628 non

2076 3663 2267 3724 habet
2294 3663 2501 3724 locum
2536 3662 2599 3722 in
2649 3663 3003 3742 cognitione
3050 3663 3293 3734 divina:
3330 3668 3467 3723 tum
3494 3662 3647 3738 quia

2076 3755 2347 3834 pertinet
2394 3756 2477 3817 ad
2524 3756 2951 3834 imperfectam
2998 3755 3453 3835 cognitionem3
3508 3763 3649 3816 tum

2077 3852 2224 3930 quia
2244 3869 2371 3912 non
2398 3853 2587 3914 habet
2617 3853 2781 3912 Deus
2806 3851 3193 3930 superiorem
3212 3870 3249 3910 a
3274 3869 3401 3929 quo
3422 3851 3646 3920 discat,

2074 3945 2175 4006 vel
2202 3946 2301 4006 cui
2328 3947 2515 4006 fldem
2538 3947 2855 4007 adhibeat.
2884 3949 3009 4008 Aut
3030 3945 3157 4006 tale
3172 3946 3451 4038 medium
3478 3952 3653 4006 esset

2076 4039 2337 4100 effectus
2376 4039 2623 4116 aliquis,
2652 4045 2715 4099 et
2742 4041 2861 4100 hoc
2890 4039 3081 4100 etiam
3130 4039 3375 4100 confert
3412 4039 3653 4118 imper-

2072 4130 2302 4192 sectam
2346 4132 2765 4211 cognitionem
2794 4137 2859 4193 et
2904 4151 3035 4192 non
3084 4131 3281 4192 habet
3328 4131 3535 4192 locum
3582 4132 3649 4190 in

2073 4225 2398 4304 praesentiz
2426 4224 2569 4303 quia
2598 4243 2701 4286 res
2740 4225 2975 4298 futura,
3010 4229 3351 4304 antequam
3378 4225 3477 4294 sit,
3506 4241 3650 4284 non

2075 4318 2267 4379 babet
2294 4319 2608 4390 effectum,
2636 4319 2755 4380 nisi
2782 4319 2941 4379 forte
2970 4319 3249 4379 futurum
3280 4319 3551 4398 abipsa,
3586 4326 3652 4379 et

2076 4417 2533 4490 consequenter
2550 4412 2755 4491 magis
2784 4411 3095 4473 occultum
3118 4429 3311 4489 quam
3334 4412 3487 4490 ipsa.
3514 4415 3653 4470 Aut

2076 4504 2349 4583 demque
2398 4505 2678 4566 medium
2726 4509 2823 4565 est
2868 4521 3059 4565 causa
3102 4503 3339 4582 aliqua,
3390 4511 3451 4564 et
3504 4505 3653 4564 ha‘c

2074 4598 2247 4658 nulla
2290 4599 2625 4676 excogitari
2652 4615 2839 4677 posse
2864 4596 3135 4669 videtur,
3174 4615 3251 4658 ex
3294 4615 3421 4675 qua
3466 4601 3653 4657 certo

2076 4696 2139 4750 et
2162 4682 2567 4758 infallibiliter
2588 4697 3048 4769 cognoscantur
3072 4691 3203 4752 haec
3224 4691 3457 4762 futura,
3488 4690 3654 4766 quia

2074 4783 2245 4844 nulla
2305 4789 2401 4844 est
2468 4801 2613 4844 cum
2680 4799 2805 4862 qua
2882 4783 3157 4844 babeant
3220 4781 3655 4844 necessariam

2076 4877 2551 4938 connexionem.
2584 4877 2659 4938 Et
2680 4877 2815 4938 lunc
2838 4876 3092 4955 quidem
3111 4876 3471 4936 communia
3494 4882 3655 4935 sunt

2075 4969 2171 5030 bis
2213 4969 2437 5030 futuris
2478 4967 2915 5030 conditionatis
2940 4987 3083 5030 cum
3127 4969 3452 5030 absolutis.
3482 4969 3657 5030 Illud

2073 5067 2281 5122 autem
2318 5068 2413 5123 est
2438 5063 2664 5123 horum
2690 5063 3035 5142 proprium,
3066 5062 3129 5123 in
3160 5081 3287 5140 quo
3316 5063 3519 5140 posita
3542 5071 3655 5124 nst

2073 5157 2363 5236 specialis
2392 5156 2743 5230 difficultaS,
2775 5157 2945 5236 quod
2974 5157 3103 5232 illa,
3132 5173 3273 5234 quoe
3302 5157 3654 5234 aliquando

2070 5251 2281 5312 futura
2318 5257 2487 5320 sunt,
2522 5250 2809 5311 habitura
2852 5257 2999 5311 sunt
3026 5269 3247 5310 verum
3294 5267 3439 5311 esse
3472 5251 3655 5312 reale

2071 5361 2189 5423 pro
2218 5343 2428 5422 aliqua
2458 5341 2810 5404 differentia
2840 5343 3161 5423 temporis,
3190 5341 3437 5403 ratione
3464 5343 3655 5420 cujus

2070 5442 2335 5515 possunt
2362 5437 2700 5497 terminare
2742 5441 3051 5496 oeternum
3078 5435 3371 5496 intuitum
3416 5435 3653 5496 divinae

2071 5529 2381 5606 scientim
2412 5533 2475 5594 et
2500 5529 2585 5592 ita
2610 5530 2713 5594 illa
2738 5523 3021 5594 sciutitur
3046 5547 3085 5590 a
3112 5529 3241 5592 Deo
3272 5546 3405 5592 non
3434 5528 3652 5610 aliquo
