3850 6225
482 382 603 445 478

482 490 673 551 claro.
726 489 1025 566 (Bannez,
1066 491 1129 553 in
1180 492 1393 555 relect.
1450 491 1705 573 special.
1753 492 1832 553 de
1882 492 2050 569 Aug-

482 590 695 645 mento
726 583 1065 659 charitatis,
1098 593 1319 667 quaest.
1370 588 1431 661 3,
1470 587 1661 667 paulo
1704 591 1851 647 ante
1886 586 2052 645 soln-

480 677 687 737 tiones
720 678 907 757 arg.).

562 774 663 835 52.
694 770 839 835 Non
887 779 979 836 est
1021 775 1092 836 de
1130 776 1369 839 ratione
1410 774 1665 837 visionis
1700 774 1859 855 qnod
1888 790 2044 855 prce-

484 868 673 929 mium
700 869 805 928 sit.
824 898 906 913 —
933 867 1096 933 Vasio
1122 884 1243 929 mn
1268 873 1461 949 potest
1494 884 1756 930 crescere
1780 872 1855 929 ut
1885 884 2054 947 prce-

479 957 690 1032 miwm,
720 960 869 1041 quin
892 964 1125 1023 crescat
1143 966 1215 1025 ut
1238 962 1415 1023 visio.
1431 962 1677 1021 -Nam
1704 960 1857 1028 illud
1885 960 2053 1038 prin-

484 1054 715 1133 cipium
778 1058 1017 1113 certum
1074 1059 1135 1113 et
1186 1059 1480 1114 constans
1522 1060 1617 1115 est
1654 1098 1667 1123 ,
1726 1041 1856 1113 non'
1910 1068 2050 1113 esse

485 1147 563 1209 de
604 1147 845 1207 ratione
874 1146 1133 1205 visionis
1171 1146 1325 1219 Dei,
1360 1165 1471 1208 seu
1512 1145 1919 1207 beatitudinis
1955 1162 2052 1206 es-

484 1240 783 1313 sentialis,
826 1240 997 1318 quod
1025 1238 1105 1301 sit
1146 1240 1473 1320 praemium
1520 1240 1884 1301 meritorum
1910 1284 1925 1311 ,
1981 1244 2050 1298 ut

482 1336 549 1395 in
608 1336 739 1397 sola
792 1334 1013 1395 Christi
1060 1334 1271 1394 anima
1324 1334 1537 1395 videre
1584 1334 1764 1403 licet;
1808 1332 2050 1393 namin

484 1429 777 1489 omnibus
823 1427 983 1501 aliis,
1032 1426 1379 1489 secundum
1414 1428 1623 1507 legem
1666 1446 1705 1486 a
1748 1428 1879 1487 Deo
1926 1431 2053 1487 sta-

484 1528 705 1594 tutam,
739 1538 989 1600 semper
1020 1520 1175 1582 visio
1217 1520 1319 1580 illa
1360 1526 1453 1581 est
1490 1521 1856 1581 meritorum
1898 1536 2057 1599 proe-

466 1608 681 1677 !ninm
722 1660 737 1687 ,
794 1616 891 1675 vel
944 1614 1339 1693 propriorum
1404 1613 1599 1691 ipsius
1650 1613 2006 1691 recipientis
2033 1656 2052 1685 ‚

484 1709 585 1769 vel
608 1708 830 1767 saltem
860 1707 1055 1786 ipsius
1084 1706 1329 1767 Christi.
1364 1705 1705 1785 Loquendo
1734 1712 1946 1767 autem
1971 1706 2054 1767 de

484 1790 723 1863 meritis
746 1800 1011 1880 propriis
1038 1801 1233 1879 ipsius
1260 1818 1566 1879 personae,
1595 1801 1783 1861 etiam
1814 1805 2056 1862 certum

486 1902 583 1957 est
616 1914 743 1956 non
769 1896 831 1955 in
860 1895 1152 1956 omnibus
1184 1894 1383 1955 beatis
1412 1894 1721 1955 visionem
1744 1896 1915 1954 illam
1945 1893 2059 1953 ha·-

486 1988 635 2049 bere
668 1988 973 2047 rationem
1002 1987 1267 2066 praemii‚
1314 1992 1383 2047 nt
1409 1991 1583 2064 patet
1622 1988 1687 2048 in
1716 1986 2058 2047 infantibus

486 2081 831 2161 baptizatis.
860 2080 951 2139 Ex
978 2096 1105 2157 quo
1132 2078 1201 2140 fit
1236 2086 1305 2140 ut
1329 2080 1557 2159 aliquis
1591 2084 1799 2161 posset
1819 2096 2059 2139 cresce-

486 2192 557 2235 re
588 2174 651 2233 in
682 2173 898 2233 ordine
928 2172 1011 2232 ad
1040 2172 1345 2232 visionem
1368 2190 1481 2233 seu
1510 2172 1960 2235 beatitudiuem
1981 2170 2059 2230 si-

486 2266 549 2328 bi
572 2266 868 2337 debitam,
902 2267 1046 2327 licet
1064 2284 1192 2327 non
1220 2269 1461 2327 crescat
1482 2266 1547 2326 in
1574 2265 1861 2345 praemio;
1908 2265 2057 2343 quia

488 2360 783 2421 nimirum
820 2359 973 2419 illud
1002 2357 1173 2437 quod
1202 2360 1500 2419 accrescit
1536 2376 1665 2419 non
1693 2359 1877 2419 datur
1912 2376 2060 2437 pro-

486 2461 625 2533 pter
644 2452 889 2524 merita,
918 2454 1083 2513 etita
1104 2470 1231 2511 non
1255 2452 1443 2512 habet
1472 2452 1779 2513 rationem
1794 2452 2052 2531 praemii.

486 2548 561 2607 Et
588 2547 815 2607 eodem
834 2546 1021 2606 modo
1044 2545 1265 2607 eadem
1290 2546 1443 2605 visio
1468 2554 1835 2624 potestesse
1854 2546 2059 2625 major

490 2640 839 2707 beatitudo.
864 2645 925 2699 et
950 2658 1075 2700 non
1092 2640 1297 2717 majus
1320 2640 1681 2719 pra‘mium;
1704 2640 1851 2718 quia
1880 2638 2058 2699 nimi-

486 2752 627 2793 rum
657 2750 783 2793 non
816 2737 910 2793 est
954 2732 1281 2811 praemium
1318 2732 1667 2792 secundum
1714 2750 1781 2793 se
1832 2738 2053 2805 totam,

487 2826 599 2887 sed
646 2824 992 2886 secundum
1034 2824 1268 2902 aliquid
1324 2824 1442 2884 sui.
1489 2827 1563 2886 Et
1608 2825 1789 2885 simili
1840 2824 2055 2900 modo,

486 2922 909 3002 comparando
938 2920 1097 2981 duos
1124 2919 1361 2993 beatoS,
1402 2926 1607 2999 potest
1634 2939 1799 2981 unus
1821 2921 2056 2981 habere

486 3016 793 3095 majorem
830 3014 1157 3084 visionem,
1210 3018 1273 3073 et
1318 3013 1527 3074 minus
1556 3014 1885 3094 praemium
1917 3032 2058 3092 pro-

486 3109 762 3188 priorum
784 3108 1173 3178 meritorum;
1198 3111 1259 3167 et
1282 3105 1441 3168 alius
1464 3127 1497 3168 e
1520 3108 1831 3170 contrario
1859 3108 2060 3168 mino-

488 3219 624 3262 rem
666 3201 971 3262 visionem
988 3205 1071 3260 net
1102 3198 1309 3276 majus
1356 3202 1717 3280 praemium3
1760 3201 1909 3281 quia
1947 3199 2058 3261 fie-

486 3294 539 3354 ri
563 3299 772 3373 potest
808 3299 877 3354 ut
900 3311 1067 3354 unus
1107 3291 1337 3352 habeat
1378 3295 1621 3354 minora
1660 3296 1884 3356 merita
1916 3311 2057 3372 pro·

485 3387 624 3466 pria
674 3392 739 3449 et
786 3387 1091 3465 majorem
1154 3383 1633 3463 applicationem
1688 3387 2057 3448 meritorum

486 3480 731 3553 Christi,
760 3485 823 3540 et
850 3479 1010 3539 alius
1038 3499 1073 3541 e
1113 3482 1423 3546 contrario
1454 3481 1633 3560 plura
1658 3481 1883 3540 merita
1912 3496 2060 3558 pro-

488 3573 623 3652 pria
676 3579 738 3634 et
792 3574 1099 3634 minorem
1154 3579 1417 3656 gratiam
1476 3575 1686 3635 datam
1734 3593 1811 3634 ex
1864 3589 2057 3652 opere

486 3673 747 3746 operato
788 3673 1046 3747 propter
1090 3671 1223 3734 sola
1264 3671 1485 3732 merita
1526 3669 1771 3730 Christi.
1831 3668 1892 3730 Si
1948 3686 2061 3728 au-

488 3768 617 3822 tem
670 3765 906 3821 attente
966 3764 1441 3826 considerentur
1496 3781 1567 3823 ea
1626 3763 1789 3823 inter
1810 3779 1950 3841 qnae
1991 3761 2060 3823 fit

488 3854 895 3932 comparatio,
938 3855 1193 3933 quando
1242 3857 1397 3918 visio
1446 3855 1653 3916 minor
1692 3855 1919 3916 dicitur
1957 3873 2060 3914 es-

488 3965 557 4008 se
598 3948 805 4027 majus
856 3949 1206 4027 praemium,
1274 3967 1403 4010 non
1454 3927 1857 4027 comparatur
1911 3964 2058 4008 cum

490 4045 619 4100 tota
680 4040 803 4100 alia
858 4041 1095 4102 visione
1154 4042 1501 4103 secundum
1552 4059 1621 4100 se
1668 4047 1897 4112 totam,
1947 4039 2061 4100 sed

490 4134 831 4196 secundum
869 4135 1007 4195 illos
1060 4136 1315 4215 gradus,
1355 4135 1705 4196 secundum
1756 4152 1915 4212 quos
1951 4133 2062 4194 da·-

488 4234 591 4287 tur
642 4233 899 4307 propter
942 4229 1165 4289 merita
1208 4230 1509 4308 propria3
1566 4233 1629 4288 et
1672 4227 1731 4286 in
1764 4229 1855 4288 eis
1902 4243 2062 4306 prte-

488 4319 615 4382 cise
680 4321 933 4394 stando,
1004 4322 1201 4382 altera
1248 4322 1403 4382 visio
1442 4367 1457 4390 ,
1502 4321 1663 4382 sicut
1716 4326 1813 4381 est
1852 4321 2060 4398 majus

488 4414 949 4492 proemium,ita
1002 4421 1065 4476 et
1096 4415 1301 4494 major
1344 4415 1541 4488 visi03
1598 4432 1725 4475 non
1766 4413 1938 4475 enim
1969 4420 2064 4476 est

490 4509 695 4586 majus
744 4509 1073 4586 praemium
1116 4510 1321 4568 solum
1372 4509 1520 4587 quia
1578 4507 1763 4568 datur
1808 4515 2066 4587 propter

489 4599 665 4680 plura
698 4600 945 4674 merita,
988 4601 1103 4662 sed
1126 4601 1273 4680 quia
1310 4602 1377 4662 in
1402 4619 1471 4663 se
1496 4607 1591 4664 est
1616 4619 1839 4662 revera
1865 4601 2066 4663 excel-

492 4693 717 4754 lentior
768 4693 1117 4756 secundnm
1174 4713 1241 4756 se
1292 4699 1512 4765 totam,
1570 4711 1757 4774 quam
1802 4695 2064 4774 praecise

490 4785 883 4847 considerata
914 4787 1264 4848 secundnm
1292 4806 1399 4849 eos
1432 4788 1665 4868 gradus
1692 4787 1799 4866 qui
1832 4788 2064 4850 dantur

488 4886 744 4958 propter
772 4879 993 4940 merita
1022 4881 1293 4959 propria.
1338 4881 1413 4942 Et
1452 4883 1771 4955 similiter,
1804 4881 2060 4961 quando

490 4974 553 5032 in
580 4989 709 5032 uno
728 4977 791 5032 et
820 4972 1043 5034 eodem
1068 4973 1295 5034 dicitur
1326 4974 1549 5036 eadem
1586 4975 1737 5036 visio
1763 4993 1901 5036 esse
1931 4993 2061 5036 ma-

482 5067 585 5144 jor
608 5066 672 5124 in
703 5065 945 5125 ratione
988 5065 1243 5128 visionis
1289 5083 1481 5144 quam
1518 5067 1585 5127 in
1630 5069 1871 5130 ratione
1901 5087 2076 5148 proe-

490 5157 617 5230 mii,
642 5175 771 5218 non
802 5161 897 5218 est
927 5157 1075 5236 quia
1103 5164 1231 5220 tota
1256 5159 1362 5220 illa
1400 5159 1587 5221 datur
1626 5168 1879 5240 propter
1906 5181 2064 5242 pau-

488 5248 657 5311 ciora
682 5250 927 5323 merita,
951 5249 1065 5312 sed
1094 5252 1241 5330 qnia
1262 5251 1371 5312 illa
1396 5257 1492 5313 est
1516 5253 1751 5332 aliquid
1770 5255 1940 5333 quod
1971 5261 2065 5316 est

486 5343 837 5422 praemium,
888 5349 949 5404 et
978 5343 1211 5423 aliquid
1240 5343 1409 5424 quod
1454 5363 1581 5406 non
1612 5352 1709 5406 est
1734 5347 2062 5425 proemium

488 5437 885 5516 propriorum
935 5439 1327 5512 meritorum,
1379 5445 1443 5500 et
1488 5446 1825 5518 utrumque
1874 5442 2061 5502 simul

490 5531 693 5609 majus
722 5537 820 5592 est
846 5549 1037 5611 quam
1056 5532 1325 5596 alterum
1347 5537 1613 5596 tantum.
1648 5535 1881 5597 Omnes
1904 5553 2057 5616 ergo

1054 388 1265 442 OPUSC.
1300 388 1361 442 V.
1398 389 1703 443 ameno
1736 388 1817 441 ΒΕ
1848 385 2334 440 Rssvmscmss'm
2365 384 2746 439 nannetum.
2783 384 3022 437 msrur.
3059 384 3121 437 11.

2129 489 2250 551 illae
2291 490 2791 570 comparationes
2839 488 2994 549 nihil
3039 488 3120 549 ad
3169 505 3308 549 rem
3331 488 3710 567 praesentem
3824 494 3825 571 ξ

2130 584 2390 653 faciunt,
2412 582 2524 644 sed
2547 582 3006 645 ostendendum
3035 588 3222 653 esset,
3251 587 3434 641 extra
3463 597 3606 639 rem
3629 576 3706 637 de
3824 572 3825 611 fl

2133 696 2256 756 qua
2307 677 2579 755 agimus,
2619 676 2788 755 quod
2817 675 3038 735 eadem
3069 674 3224 735 visio
3251 671 3610 733 secundum
3641 687 3704 730 se

2133 778 2326 833 totam
2362 771 2558 851 possit
2587 788 2726 831 esse
2751 770 2954 847 major
2979 769 3042 828 in
3071 768 3316 829 ratione
3339 765 3588 845 praemii
3619 782 3706 824 θα·
3824 784 3825 797 ¹

2133 864 2434 936 sentialiS,
2475 862 2716 924 etiamsi
2748 879 2874 922 non
2903 862 2982 921 sit
3019 862 3223 939 major
3247 860 3313 919 in
3343 860 3594 919 ratione
3619 856 3706 916 vi-

2135 958 2348 1031 sioniS,
2393 956 2565 1036 quod
2607 955 2788 1017 nobis
2811 954 3056 1015 videtur
3087 952 3518 1032 impossibile;
3565 950 3706 1028 quia

2133 1052 2198 1112 in
2229 1052 2344 1111 hac
2375 1049 2840 1128 comparatione
2857 1065 2984 1108 non
3003 1046 3323 1108 adduntur
3351 1044 3550 1123 aliqui
3577 1060 3710 1122 gra·

2131 1145 2252 1207 dus
2281 1143 2534 1205 visionis
2581 1148 2836 1221 propter
2855 1140 2978 1200 alia
3005 1140 3252 1215 merita,
3281 1140 3384 1200 vel
3416 1138 3554 1198 sine
3581 1154 3708 1196 me-

2131 1238 2265 1299 ritis
2309 1235 2600 1315 propriiS,
2639 1235 2798 1295 sicut
2835 1234 2901 1294 in
2951 1234 3088 1293 aliis
3129 1230 3706 1310 comparationibus

2131 1331 2223 1404 fit,
2256 1346 2463 1409 neque
2493 1329 2638 1389 addi
2675 1336 2976 1407 possunt;
3015 1327 3169 1387 alias
3191 1328 3330 1406 jam
3371 1331 3708 1403 augeretur

2135 1425 2288 1485 visio
2313 1424 2379 1485 in
2407 1423 2648 1483 ratione
2677 1422 2954 1497 visionis,
2979 1421 3160 1500 cujus
3187 1420 3548 1499 oppositum
3571 1435 3706 1495 snp-
3824 1458 3825 1461 ,

2135 1518 2407 1597 ponitur.
2477 1517 2540 1577 Si
2606 1534 2756 1595 ergo
2815 1521 2946 1575 tota
3007 1514 3166 1575 visio
3235 1520 3336 1575 θεῖ
3379 1511 3704 1591 praemimn

2136 1611 2400 1689 alicujus
2442 1608 2680 1682 meriti,
2729 1626 2858 1669 non
2898 1614 3104 1687 potest
3157 1606 3384 1669 eadem
3443 1620 3704 1664 manens

2137 1722 2274 1765 esse
2301 1705 2504 1781 majus
2531 1702 2876 1781 praemium,
2897 1702 3242 1780 praesertim
3271 1698 3636 1761 essentiale.

2217 1800 2317 1858 53.
2363 1798 2610 1879 Duplex
2643 1802 2738 1859 est
2777 1795 3032 1859 virtutis
3067 1796 3416 1875 premium.
3463 1793 3706 1851 -Prae-

2135 1898 2333 1965 terea,
2379 1897 2448 1950 ut
2477 1890 2904 1968 intelligantur
2945 1888 3234 1967 exempla
3265 1904 3412 1967 quae
3439 1886 3528 1946 ibi
3565 1886 3708 1945 affe-

2138 1992 2364 2049 runtur
2391 2030 2408 2056 ,
2455 1984 2712 2045 adverto
2755 1982 2988 2061 duplex
3033 1998 3222 2061 posse
3263 1998 3408 2041 esse
3457 1980 3704 2039 virtutis

2139 2078 2470 2160 praemium
2506 2095 2520 2135 :
2551 2093 2754 2135 unum
2779 2082 2872 2137 est
2910 2075 3342 2146 intrinsecum,
3371 2073 3704 2153 perficiens

2139 2174 2346 2253 ipsum
2377 2170 2484 2249 qui
2515 2166 2738 2249 recipit
2763 2170 3112 2247 praemium,
3144 2167 3316 2246 qnod
3350 2173 3558 2245 potest
3587 2164 3702 2225 dici
3824 2252 3825 2271 ἦ

2141 2267 2374 2327 bonum
2411 2262 2646 2343 proprii
2677 2261 3028 2333 commodi;
3061 2262 3234 2322 aliud
3263 2265 3362 2321 est
3381 2260 3700 2351 praemium

2141 2360 2580 2433 extrinsecum,
2611 2356 2958 2417 consistens
2985 2356 3052 2415 in
3077 2355 3264 2415 laude
3301 2354 3402 2415 vel
3429 2353 3656 2413 honore
3674 2372 3694 2411 ε

2137 2452 2276 2513 laus
2313 2452 2482 2511 enim
2525 2454 2622 2511 est
2657 2449 2722 2508 in
2757 2448 3076 2523 laudante,
3103 2454 3168 2509 et
3195 2448 3398 2508 honor
3421 2447 3488 2505 in
3513 2448 3696 2505 hono-

2137 2552 2340 2617 rante,
2381 2542 2670 2621 quamvis
2701 2560 2847 2602 vera
2889 2560 3075 2602 causa
3112 2540 3371 2601 honoris
3405 2544 3470 2599 et
3501 2537 3692 2598 laudis

2139 2656 2276 2699 esse
2303 2637 2530 2697 debeat
2555 2636 2620 2695 in
2651 2652 2726 2695 eo
2757 2635 2862 2713 qui
2885 2634 3177 2695 laudatur
3205 2635 3308 2695 vel
3337 2634 3680 2693 honoratur.

2139 2732 2284 2792 Haec
2323 2730 2450 2791 duo
2491 2728 2694 2808 attigit
2723 2728 2796 2789 D.
2843 2730 3116 2790 Thomas
3157 2732 3214 2789 1.
3247 2731 3310 2799 2,
3345 2732 3562 2805 quaest.
3593 2728 3682 2797 21,

2139 2831 2256 2886 art.
2300 2826 2340 2886 2
2371 2830 2432 2885 et
2467 2824 2528 2895 3,
2563 2827 2932 2901 tantumque
2967 2823 3130 2883 inter
3155 2838 3232 2881 ea
3255 2820 3595 2899 distinguit,
3627 2823 3690 2877 ut

2139 2919 2222 2979 ad
2259 2914 2562 2995 principia
2603 2914 2850 2975 diversa
2884 2915 2988 2974 illa
3031 2922 3300 2975 revocet.
3345 2914 3504 2974 Dicit
3519 2912 3690 2972 enim

2141 3018 2350 3073 actum
2365 3010 2602 3070 bonum
2625 3026 2764 3069 esse
2793 3008 3174 3069 laudabilem
3197 3014 3260 3068 et
3279 3006 3682 3067 meritorium:

2137 3104 2518 3166 laudabilem
2551 3102 2809 3182 quidem
2837 3109 3149 3183 quatenus
3179 3101 3340 3162 liber
3379 3107 3498 3173 est,
3535 3105 3600 3161 et
3628 3099 3686 3158 in

2137 3203 2445 3279 potestate
2491 3197 2828 3274 operantis,
2861 3197 3252 3258 meritorium
3287 3213 3440 3255 vero
3479 3211 3690 3254 seeun-

2137 3293 2286 3354 dum
2325 3291 2496 3370 quod
2519 3289 2786 3352 refertur
2819 3290 2902 3350 ad
2933 3291 3198 3350 alterum
3231 3289 3294 3350 in
3323 3289 3506 3368 cnjus
3531 3303 3690 3346 com-

2137 3385 2396 3447 modum
2439 3384 2539 3445 vel
2583 3383 2887 3444 honorem
2923 3384 3123 3456 cedit;
3155 3390 3220 3444 et
3247 3386 3692 3459 consequenter

2139 3479 2394 3540 omnino
2421 3477 2744 3558 distinguit
2785 3477 3212 3538 laudationem
3251 3483 3430 3536 actus
3457 3493 3498 3534 a
3525 3473 3692 3535 retri-

2138 3573 2418 3635 butione.
2459 3574 2612 3633 Nam
2645 3571 2922 3632 laudatio
2959 3589 3088 3633 non
3119 3571 3375 3650 respicit
3401 3576 3610 3630 actum
3630 3573 3690 3626 nt

2139 3665 2549 3740 meritorium,
2583 3664 2698 3726 sed
2723 3665 2978 3744 proecise
3005 3670 3078 3724 ut
3097 3663 3505 3735 laudabilem,
3537 3660 3692 3721 unde

2139 3779 2266 3822 non
2309 3760 2500 3819 habet
2543 3757 2856 3820 rationem
2891 3759 3022 3819 veri
3055 3757 3316 3836 praemii,
3363 3756 3514 3835 quia
3549 3753 3688 3814 nihil

2137 3871 2254 3932 per
2305 3869 2450 3914 eam
2477 3851 2797 3918 confertur
2843 3869 3130 3932 personae
3155 3850 3452 3922 laudatis,
3498 3864 3688 3926 neque

2137 3963 2254 4026 per
2295 3963 2362 4007 se
2415 3945 2682 4006 debetur
2727 3961 2804 4006 ex
2839 3944 3102 4024 justitia,
3163 3943 3278 4006 sed
3315 3961 3392 4004 ex
3429 3942 3686 4020 quadam

2140 4037 2532 4099 connaturali
2586 4037 2966 4116 proprietate
3011 4036 3230 4098 talium
3281 4041 3555 4097 actuum.
3613 4037 3688 4094 Ac

2141 4138 2473 4213 propterea
2511 4132 2700 4192 etiarn
2735 4149 2862 4192 non
2893 4135 3138 4192 tantum
3171 4131 3494 4193 confertur
3525 4149 3564 4189 a
3587 4147 3688 4208 gu-

2140 4227 2497 4298 bernatore,
2531 4231 2594 4286 et
2622 4225 3023 4286 distributore
3063 4225 3488 4303 praemiorum,
3526 4223 3632 4284 sed
3657 4239 3688 4282 a

2143 4319 2423 4398 quolibet
2447 4337 2595 4380 vero
2623 4319 3002 4380 oestimatorc
3045 4319 3309 4380 virtutis,
3341 4319 3574 4380 Deinde
3619 4317 3690 4377 ob

2143 4415 2306 4474 hanc
2343 4429 2624 4485 causam,
2653 4430 2798 4473 cum
2819 4413 2988 4474 Deus
3011 4431 3138 4474 non
3171 4413 3250 4474 sit
3273 4431 3474 4491 capax
3501 4409 3688 4472 meriti

2145 4511 2254 4568 aut
2295 4506 2530 4586 praemii
2548 4551 2567 4581 ,
2605 4505 2836 4584 dignus
2875 4512 3090 4568 tamen
3119 4511 3214 4568 est
3239 4505 3428 4566 laude
3453 4509 3687 4583 propter

2147 4621 2262 4662 sua
2289 4619 2504 4680 opera.
2553 4599 2884 4660 Proemium
2918 4607 3132 4661 autem
3183 4599 3434 4680 respicit
3471 4605 3680 4668 actum,

2143 4701 2237 4767 ut,
2259 4694 2429 4772 apud
2455 4693 2745 4767 alterum,
2771 4694 3160 4754 meritorium
3175 4691 3594 4754 retributionis
3619 4707 3682 4750 ex

2135 4786 2399 4866 justitia,
2422 4794 2734 4865 qnatenus
2761 4787 2844 4848 ad
2870 4787 3047 4848 illum
3077 4787 3290 4865 aliquo
3313 4785 3500 4846 modo
3527 4799 3682 4862 spee-

2140 4888 2253 4953 tat,
2313 4887 2376 4943 et
2419 4882 2764 4960 pree-sertim
2791 4880 3046 4960 quando
3087 4881 3412 4960 proprium
3453 4881 3676 4958 pactum

2143 4976 2309 5037 inter
2331 4976 2760 5054 proemiantem
2793 4981 2856 5036 et
2882 4981 3232 5035 merentem
3250 4973 3588 5034 intercedit.

2227 5072 2326 5131 54.
2375 5070 2678 5134 Laudatio
2705 5073 3070 5149 nuncuper
3093 5065 3490 5146 sepi-amiam
3519 5066 3677 5129 aDw

2145 5165 2406 5228 debitum
2451 5161 2674 5227 virtuti
2711 5180 2786 5225 σω
2817 5163 2898 5224 D.
2957 5162 3208 5224 Thomu.
3235 5193 3320 5208 —
3337 5161 3675 5242 Ass-ionem

2149 5258 2486 5338 disparitas
2523 5257 2932 5339 exemplorum
2959 5273 3076 5337 pro
3099 5255 3268 5334 falsa
3285 5255 3586 5317 tutantia.
3607 5281 3672 5296 --

2227 5351 2316 5410 Ex
2339 5351 2456 5410 hac
2477 5367 2630 5430 ergo
2657 5350 2962 5422 doctrina,
2989 5349 3337 5428 generatim
3359 5345 3545 5407 infero
3561 5361 3672 5424 pre·

2145 5443 2350 5522 prium
2387 5443 2629 5504 virtutis
2679 5443 3006 5522 praemium
3049 5441 3220 5520 apud
3271 5441 3488 5511 Deum,
3531 5435 3670 5516 quod

2141 5537 2229 5598 illi
2269 5555 2346 5598 ex
2381 5537 2622 5617 justitia
2673 5534 3064 5598 distributiva
3115 5535 3217 5596 vel
3265 5529 3668 5595 commutativa
