3850 6225
720 412 853 466 GAP.
887 415 1039 468 xvn.
1074 415 1419 472 Restitutio
1448 418 1671 471 'ro'rms
1703 415 2031 470 nocmnffl
2061 419 2124 472 IN
2157 411 2785 484 summor-mustra

122 506 511 592 simpliciter
554 514 965 576 asserendum
1008 534 1232 580 censeo
1256 564 1273 591 ,
1320 519 1707 580 voluntatem

118 605 491 668 humanam
528 607 595 667 in
624 607 753 669 suis
789 609 1029 670 actibus
1055 610 1269 672 liberis
1301 613 1571 692 seipsam
1596 611 1709 674 de-

124 701 483 761 terminare
500 718 645 761 cum
664 701 872 763 divino
892 721 1199 766 concursu
1212 707 1705 786 proportionem,

123 789 221 850 ita
254 797 349 862 ut,
388 792 759 871 priusquam
783 795 952 868 velit,
984 802 1354 876 potestatem
1382 798 1613 860 habeat
1638 817 1707 860 se

124 881 638 958 determinandi,
680 888 730 948 si
764 892 995 951 caetera
1028 890 1325 969 requisita
1356 892 1599 964 adsint;
1645 898 1709 954 et

126 994 343 1054 quum
363 979 577 1058 incipit
598 980 789 1054 velle,
820 983 1093 1062 seipsam
1112 985 1485 1047 determinet
1502 985 1585 1048 ad
1600 1005 1709 1046 vo-

123 1070 405 1132 lendum
424 1073 489 1133 in
510 1073 753 1136 actibus
774 1075 1005 1138 liberis.
1037 1079 1183 1140 Haec
1203 1078 1542 1155 conclusiO,
1564 1080 1708 1140 licet

126 1165 257 1226 sub
277 1166 381 1227 his
394 1168 675 1230 terminis
692 1187 765 1230 ac
784 1170 1011 1244 verbiS,
1028 1173 1463 1236 decemimndi
1483 1165 1569 1246 aa,
1586 1172 1709 1233 for·

124 1265 308 1320 tasse
340 1279 469 1321 non
490 1263 841 1342 reperiatur
865 1264 929 1324 in
960 1266 1295 1344 Scriptura,
1326 1266 1429 1327 vel
1452 1266 1711 1328 definita

124 1353 201 1413 in
228 1355 540 1432 Conciliis,
572 1361 789 1418 tamen
823 1376 903 1418 ex
924 1360 1445 1438 aequivalentibus
1475 1380 1549 1422 ae
1578 1379 1707 1422 non

126 1447 544 1509 dissimilibus
587 1450 871 1512 existimo
913 1453 1117 1532 colligi
1158 1472 1367 1533 posse.
1410 1453 1708 1517 Ubicum-

125 1558 261 1618 que
292 1541 463 1601 enim
489 1542 557 1603 in
592 1544 909 1623 Scriptura
941 1547 1107 1625 optio
1136 1547 1375 1608 homini
1404 1547 1611 1622 datur,
1644 1553 1707 1608 et

126 1633 365 1694 electio
390 1635 457 1694 iu
484 1653 683 1697 manu
715 1637 851 1716 ejus
890 1639 1141 1718 ponitur
1162 1683 1177 1712 ,
1220 1646 1285 1700 et
1310 1645 1588 1720 potestas
1615 1640 1705 1700 fa-

127 1726 347 1788 ciendi
386 1732 449 1788 et
478 1747 609 1790 non
642 1730 913 1792 faciendi
940 1733 1025 1793 illi
1054 1733 1344 1795 tribuitur
1368 1778 1385 1806 ,
1419 1734 1569 1795 satis
1598 1733 1705 1794 do-

128 1825 319 1881 cetur
344 1821 665 1901 integrum
698 1843 835 1887 esse
863 1827 1101 1888 homini
1126 1871 1143 1901 ,
1184 1827 1440 1907 quando
1468 1845 1581 1907 per
1607 1847 1705 1888 ra·

126 1914 379 1976 tionem
426 1916 483 1978 ei
531 1917 770 1997 aliquid
808 1919 1169 2000 eligendum
1218 1920 1319 1981 vel
1362 1921 1705 1982 amandum

124 2010 510 2087 proponitur
530 2057 547 2084 ,
580 2031 723 2074 sese
759 2014 839 2074 ad
870 2014 991 2075 hoc
1017 2015 1116 2074 vel
1153 2013 1310 2076 illud
1342 2015 1703 2094 eligendum

126 2102 599 2178 determinare3
630 2105 777 2184 quia
824 2107 1140 2187 integrum
1192 2108 1251 2168 ei
1297 2126 1437 2170 esse
1482 2109 1707 2170 dicitur

127 2196 373 2276 eligere
390 2202 453 2259 et
469 2216 599 2258 non
620 2199 849 2280 eligere
868 2219 885 2274 ;
913 2219 1062 2279 ergo
1084 2208 1147 2263 et
1168 2219 1235 2263 se
1255 2201 1699 2263 determinare:

124 2291 283 2370 quia
313 2309 435 2352 nec
462 2309 532 2352 se
562 2291 969 2368 determinat,
1009 2294 1129 2356 nisi
1158 2293 1447 2374 eligendo
1476 2296 1578 2356 vel
1602 2313 1705 2356 re-

124 2382 461 2464 pudiando
489 2385 607 2444 hoc
635 2385 737 2446 vel
763 2384 951 2458 illud;
984 2405 1104 2448 nec
1131 2387 1325 2467 eligit,
1356 2389 1475 2449 nisi
1500 2406 1566 2449 se
1596 2387 1701 2448 de-

124 2477 537 2540 terminando
560 2497 577 2546 ;
620 2497 771 2540 nam
798 2479 1017 2542 electio
1044 2481 1181 2560 ipsa
1207 2488 1301 2542 est
1328 2481 1410 2541 ad
1440 2481 1702 2542 alteram

124 2575 405 2650 partem.
434 2571 759 2648 (Auctores
778 2574 947 2635 citati
968 2592 1022 2636 c.
1056 2576 1135 2635 14
1164 2575 1285 2634 hoc
1314 2579 1695 2653 supponunt.

126 2663 295 2724 vide
344 2664 535 2726 etiam
583 2667 1037 2746 Augustinum,
1080 2668 1123 2728 1.
1158 2670 1185 2728 1
1224 2686 1395 2729 suor.
1422 2668 1621 2741 Mor.;
1664 2669 1703 2728 2

132 2759 323 2835 Reg„
350 2759 471 2830 243
506 2760 722 2832 Josue,
758 2763 871 2833 243
903 2761 1165 2834 Eccles.,
1206 2761 1313 2834 31;
1351 2763 1586 2834 Actor„
1614 2761 1701 2840 5.)

218 2855 279 2913 3.
312 2852 615 2935 Eliqendo
632 2853 913 2918 voluntas
937 2873 1000 2918 se
1022 2856 1403 2929 determinat,
1430 2873 1503 2919 ac
1524 2872 1587 2917 se
1610 2856 1705 2918 de-

134 2946 519 3010 terminando
529 2947 1225 3028 eliyt‘t.—Confirmatur
1238 2967 1311 3010 ac
1326 2948 1699 3022 declaratur,

132 3058 287 3100 nam
328 3039 431 3100 vel
476 3040 909 3102 determinatio
950 3042 1263 3104 antecedit
1306 3042 1699 3117 electionem,

132 3133 233 3195 vel
262 3138 361 3195 est
386 3134 644 3195 omnino
673 3134 842 3196 idem
871 3154 1017 3197 cum
1044 3136 1150 3197 illa
1178 3181 1195 3209 ,
1242 3136 1347 3197 vel
1375 3135 1705 3215 subsequi-

134 3234 239 3289 tur
260 3227 459 3295 illam.
487 3228 619 3289 Hoc
638 3229 889 3291 tertium
912 3235 1007 3291 est
1024 3248 1141 3309 per
1162 3249 1231 3291 se
1252 3230 1697 3309 improbabile;

138 3321 309 3381 unde
336 3320 549 3383 nullus
569 3321 875 3383 hactenus
896 3321 962 3384 id
984 3322 1159 3399 dixit,
1204 3323 1374 3402 quia,
1418 3324 1539 3385 hoc
1566 3324 1701 3403 ipso

138 3413 311 3493 quod
336 3414 629 3475 voluntas
659 3414 849 3494 eligit,
882 3415 1139 3479 evidens
1165 3416 1409 3495 estjam
1430 3434 1568 3477 esse
1594 3416 1703 3477 de-

140 3508 541 3569 terminatam
568 3506 651 3568 ad
674 3507 742 3569 id
768 3508 939 3587 quod
971 3509 1145 3591 eligit
1170 3555 1188 3583 ,
1232 3510 1333 3572 vel
1358 3509 1704 3571 formaliter

136 3620 255 3680 per
273 3600 477 3679 ipsam
506 3600 898 3676 electionem,
926 3601 1196 3665 velante
1225 3603 1450 3682 ipsam.
1496 3602 1561 3665 Si
1587 3621 1703 3663 au·-

135 3700 269 3754 tem
294 3693 539 3756 dicatur
564 3694 934 3769 secundum,
962 3696 1132 3775 quod
1159 3696 1556 3757 verissimum
1580 3700 1696 3770 est,

136 3794 207 3848 ut
234 3787 519 3849 existimo
544 3793 607 3849 et
632 3806 825 3867 supra
844 3790 1103 3868 probavi
1118 3834 1133 3864 ,
1178 3790 1365 3869 plane
1394 3790 1703 3851 convinci-

134 3886 261 3953 tur,
290 3881 453 3943 sicut
472 3880 760 3943 voluntas
784 3881 975 3962 eligit,
1006 3882 1093 3943 ita
1116 3883 1307 3943 etiam
1328 3900 1469 3945 sese
1496 3882 1701 3945 deter-

136 3974 383 4035 minare
418 3992 437 4045 ;
486 3973 585 4044 hae
610 3991 883 4053 namque
918 3992 1107 4039 voces
1138 3976 1341 4037 solum
1368 3976 1611 4037 ratione
1640 3980 1703 4038 et

137 4066 505 4128 habitudine
534 4066 867 4140 differunt;
911 4087 1061 4129 nam
1088 4069 1309 4131 electio
1338 4068 1563 4131 dicitur
1588 4086 1704 4148 per

140 4158 679 4240 comparationem
712 4161 900 4223 unius
940 4161 1025 4225 ad
1062 4161 1234 4224 aliud
1252 4208 1274 4237 ,
1317 4162 1465 4241 quia
1502 4180 1703 4223 unum

141 4272 267 4333 prae
290 4252 413 4315 alio
445 4259 712 4328 amatur,
730 4253 830 4315 vel
857 4260 1025 4317 certe
1049 4256 1195 4334 quia
1218 4273 1419 4317 unum
1446 4261 1703 4335 propter

141 4348 309 4409 aliud
334 4354 695 4427 acceptatur
722 4368 739 4422 ;
775 4349 1212 4412 determinatio
1238 4354 1449 4412 autem
1477 4351 1701 4412 dicitur

140 4447 431 4521 respectu
458 4442 652 4522 ipsius
676 4443 1034 4517 voluntatiS,
1057 4463 1217 4524 quae,
1245 4462 1389 4505 cum
1418 4450 1584 4506 esset
1605 4444 1700 4505 in-

140 4536 458 4609 differens,
501 4555 617 4616 per
642 4537 841 4615 ipsam
872 4538 1241 4600 electionem
1264 4539 1331 4598 in
1354 4538 1475 4599 hoc
1502 4536 1703 4598 tendit

142 4630 347 4709 potius
376 4646 569 4713 quam
594 4629 662 4689 in
688 4629 845 4691 illud
864 4676 879 4703 ,
914 4636 977 4692 et
1004 4630 1088 4692 ita
1115 4629 1517 4693 determinari
1546 4628 1701 4690 dici-

142 4728 277 4795 tur;
310 4727 549 4797 tamen,
590 4723 737 4802 quia
766 4722 1057 4785 voluntas
1094 4742 1223 4785 non
1252 4722 1425 4801 eligit
1457 4722 1575 4783 nisi
1611 4722 1706 4782 fa-

144 4815 365 4877 ciendo
387 4816 455 4877 in
480 4834 547 4877 se
574 4816 967 4889 electionem,
1001 4834 1147 4878 cum
1175 4816 1409 4879 habeat
1429 4819 1705 4921 potesta-

142 4916 267 4971 tem
292 4927 427 4970 non
443 4908 736 4983 faciendi,
757 4909 899 4971 ideo
920 4928 1050 4971 non
1073 4916 1279 4990 potest
1298 4910 1530 4991 eligere
1550 4909 1705 4987 quin

146 5022 209 5064 se
248 5002 653 5107 determinet,
702 5003 851 5082 quia
886 5003 1023 5083 ipsa
1066 5003 1370 5066 electione
1410 5002 1701 5065 determi-

144 5102 351 5159 natur.

220 5192 301 5253 At
332 5191 387 5252 si
414 5191 623 5271 prima
654 5208 801 5272 pars
830 5196 1148 5253 asseratur
1165 5236 1183 5265 ,
1223 5189 1460 5252 seilicet
1494 5188 1705 5251 deter-

142 5282 551 5347 minationem
586 5285 961 5348 antecedere
991 5283 1071 5347 ad
1101 5284 1475 5345 electionem
1492 5326 1509 5355 ,
1548 5282 1703 5345 ulte-

140 5378 269 5439 rius
294 5376 615 5456 inquiram
647 5395 733 5439 an
767 5378 1057 5440 voluntas
1088 5376 1411 5439 moraliter
1441 5394 1517 5437 ac
1550 5376 1708 5455 phy-

142 5472 267 5533 sice
318 5470 601 5533 effecerit
650 5470 719 5533 in
764 5488 835 5532 se
880 5470 1051 5531 illam
1094 5468 1703 5543 determinationem,

142 5564 445 5644 quidquid
465 5562 579 5625 illa
606 5563 708 5637 sit,
732 5563 833 5626 vel
860 5580 989 5626 non
1018 5562 1312 5625 effecerit.
1344 5562 1409 5625 Si
1433 5560 1708 5641 primum

3273 423 3352 482 87

1788 517 2052 590 dicatur,
2083 518 2147 580 id
2176 527 2272 582 est
2297 521 2468 599 quod
2493 521 2914 596 intendimus;
2949 542 3100 584 nam
3133 527 3356 587 volun-

1786 616 1980 674 tatem
2011 611 2430 674 determinare
2461 633 2560 691 se,
2606 614 2762 674 nihil
2791 614 2959 678 aliud
2992 624 3086 678 est
3117 619 3236 680 nisi
3271 620 3356 680 ef-

1788 706 1976 767 ficere
2003 707 2072 766 iu
2100 725 2166 768 se
2197 707 2784 770 determinationem
2813 710 3082 772 adhunc
3111 721 3356 791 partem

1789 800 1997 879 potius
2026 817 2216 879 quam
2243 801 2326 860 ad
2359 801 2551 862 illam.
2600 802 2662 863 Si
2693 819 2843 863 vero
2879 805 3224 865 secundum
3255 826 3356 868 as-

1790 896 2068 967 seratur,
2102 912 2251 972 ergo
2282 911 2460 956 mera
2485 894 2652 956 fictio
2683 901 2778 956 est
2805 941 2822 969 ,
2865 889 3074 958 acres
3109 897 3188 959 de
3219 900 3353 960 solo

1786 987 1988 1060 titulo,
2019 987 2270 1066 quando
2300 988 2618 1066 Scriptura
2647 987 2828 1050 dicit:
2872 990 3043 1055 Vobis
3068 991 3226 1074 optio
3251 995 3356 1056 da-

1788 1085 1938 1153 tam-,-
1967 1100 2116 1142 nam
2143 1081 2197 1141 si
2225 1082 2512 1144 voluntas
2538 1082 2602 1143 in
2629 1101 2696 1144 se
2722 1102 2852 1144 nou
2875 1089 3082 1163 potest
3111 1086 3356 1148 efficere

1790 1173 2377 1236 determinationem
2429 1175 2562 1250 sui,
2602 1194 2731 1237 non
2777 1176 2894 1256 ipsi
2933 1179 3102 1256 optio
3147 1179 3352 1252 datur,

1790 1267 1903 1328 sed
1947 1268 2003 1328 ei
2040 1269 2146 1346 qui
2197 1268 2366 1330 illam
2415 1268 2812 1330 determinat.
2859 1270 3096 1332 Deinde
3137 1271 3357 1334 fictum

1790 1362 1905 1423 erit
1949 1362 2121 1440 quod
2165 1361 2400 1423 homini
2442 1363 2509 1422 in
2554 1362 2871 1442 Scriptura
2919 1365 3186 1440 (Matth.,
3225 1370 3302 1428 19
3333 1386 3382 1439 ;=

1788 1457 1964 1530 Luc„
1987 1457 2027 1517 9
2051 1473 2066 1528 ;
2099 1459 2130 1516 1
2163 1455 2330 1531 Cor„
2358 1457 2431 1527 ‘13
2476 1458 2512 1517 3
2535 1458 2715 1535 Reg„
2739 1458 2800 1536 3)
2831 1457 3055 1520 dicitur
3084 1477 3098 1517 :
3137 1459 3217 1522 Si
3235 1461 3352 1534 vis,

1784 1548 2018 1628 poteris
2047 1549 2164 1608 hoc
2190 1548 2398 1610 facere
2423 1548 2522 1609 vel
2554 1548 2742 1622 illud;
2780 1549 2914 1612 sine
2943 1569 3135 1612 causa
3165 1553 3354 1612 etiam

1784 1640 2172 1714 laudabitur,
2217 1641 2387 1720 quod
2435 1642 2555 1702 hoc
2601 1641 2855 1716 fecerit,
2909 1643 3117 1720 potius
3160 1663 3353 1723 quam

1785 1735 1979 1807 illud3
2036 1740 2236 1796 totum
2283 1734 2452 1795 enim
2508 1735 2912 1796 tribuendum
2968 1736 3086 1798 erit
3134 1737 3192 1798 ei
3244 1738 3352 1816 qui

1784 1831 1992 1908 ipsum
2023 1827 2569 1903 determinaverit3
2605 1845 2757 1908 ergo
2791 1834 2885 1890 est
2911 1827 3350 1892 determinatio

1782 1921 2120 1982 voluntatis
2145 1920 2226 1980 ab
2254 1920 2392 1999 ipsa
2421 1921 2739 1982 moraliter
2773 1927 2835 1982 et
2862 1921 3144 2002 physice,
3170 1923 3350 2001 juxta

1784 2014 2062 2094 phrasim
2119 2019 2182 2076 et
2229 2013 2642 2075 intentionem
2693 2013 3026 2093 Scripturae
3081 2033 3274 2075 sacrae
3328 2036 3343 2077 :

1784 2107 1904 2168 hoc
1961 2106 2130 2168 enim
2183 2125 2404 2168 revera
2447 2113 2564 2180 est,
2633 2107 2897 2190 relinqui
2941 2108 3234 2172 hommem
3283 2110 3352 2171 in

1780 2217 1970 2264 manu
1996 2199 2237 2263 consilii
2265 2201 2388 2275 sui,
2420 2200 2657 2262 Eccles.
2693 2203 2793 2262 15.

1862 2294 1923 2353 4.
1971 2292 2243 2374 Leqatwr
2283 2291 2584 2356 Bellarm.
2613 2341 2632 2368 ‚
2665 2294 2712 2356 l.
2745 2297 2787 2355 4
2825 2295 2894 2357 de
2925 2294 3104 2360 Grai.
3144 2300 3202 2360 et
3233 2296 3340 2358 lib.

1782 2387 2001 2451 arbitr.
2015 2431 2029 2458 ,
2053 2405 2104 2450 c.
2129 2387 2362 2448 9.-Εω
2381 2387 2986 2468 Patribusprobatm
3008 2386 3208 2469 prima
3231 2390 3348 2452 illa

1774 2481 2110 2562 propositio
2121 2505 2148 2554 ;
2175 2481 2398 2543 Euseb.
2437 2479 2955 2560 Coesare-Atque
2995 2483 3114 2543 hoc
3142 2484 3348 2563 ipsum

1782 2579 2226 2653 argumentum
2267 2575 2644 2636 sumendum
2690 2581 2786 2636 est
2817 2593 2896 2636 ex
2931 2575 3347 2638 locutionibus

1784 2669 2039 2729 Patrum
2067 2713 2084 2740 ,
2133 2667 2240 2746 qui
2301 2667 2536 2728 eisdem
2599 2669 2802 2730 modis
2858 2669 3086 2748 quibus
3134 2670 3344 2732 divina

1785 2759 2128 2837 Scriptura,
2163 2759 2244 2820 de
2273 2777 2392 2820 usu
2419 2759 2616 2822 libero
2647 2767 2874 2823 nostrae
2898 2762 3234 2822 voluntatis
3257 2763 3346 2823 lo-

1786 2857 2097 2932 quantum
2131 2854 2320 2932 quod,
2355 2854 2674 2929 nimirum,
2705 2854 2900 2934 possit
2921 2855 3194 2934 seipsam
3222 2856 3347 2918 huc

1786 2952 1849 3008 et
1873 2947 2018 3008 illuc
2043 2946 2298 3010 flectere
2319 2965 2393 3008 ac
2429 2965 2706 3021 movere,
2749 2947 2918 3028 quod
2949 2954 3044 3010 est
3072 2949 3346 3028 seipsam

1784 3039 2222 3103 determinare.
2256 3039 2436 3102 Unde
2463 3040 2722 3115 Euseb„
2750 3041 2792 3101 l.
2822 3043 2860 3100 6
2889 3039 2968 3103 de
2993 3042 3342 3117 Demonst„

1782 3152 1839 3193 c.
1878 3136 1964 3195 5:
1971 3132 2151 3198 Cum
2177 3134 2512 3197 senciamus
2551 3134 2682 3213 (ait)
2727 3140 2942 3199 nostra
2976 3153 3086 3199 nos
3115 3137 3343 3217 appeti-

1782 3226 1940 3291 tione
1979 3225 2220 3301 moveri,
2265 3244 2387 3291 non
2429 3228 2666 3291 omnino
2707 3230 3186 3293 amentissimwm
3225 3232 3344 3293 erit

1782 3323 1855 3386 ab
1879 3322 2168 3385 exteriori
2199 3323 2458 3402 quadam
2493 3322 2580 3399 vi,
2611 3323 2792 3403 quasi
2825 3322 3018 3387 aniani
3049 3329 3340 3405 exportes,

1782 3414 2006 3479 moveri
2031 3431 2141 3477 nos
2173 3415 2408 3479 erodere
2429 3416 2460 3477 ‚2
2507 3421 2570 3477 et
2597 3414 2756 3477 intra
2803 3434 2818 3475 z
2863 3416 2920 3479 A
2950 3422 3156 3481 nostro
3187 3416 3344 3497 ipso-

1780 3527 1923 3572 rum
1947 3506 2216 3583 oonsilio,
2249 3514 2358 3573 aut
2376 3509 2842 3593 adfuqiondum
2873 3511 3090 3575 autad
3106 3526 3345 3589 sequen-

1782 3603 1927 3667 dum
1956 3600 2180 3665 moveri
2205 3618 2334 3675 noa,
2363 3606 2630 3683 profecto
2651 3600 2964 3665 sentimus.
2999 3602 3156 3663 Hinc
3184 3602 3344 3681 opti-

1782 3712 1885 3755 me
1914 3695 2416 3773 chrysostomus,
2451 3712 2639 3757 serm.
2672 3697 2712 3756 2
2745 3694 2824 3757 de
2858 3694 3034 3771 Fato,
3070 3700 3344 3759 tractans

1780 3787 1976 3849 verba
2003 3787 2108 3847 illa
2138 3805 2152 3847 ε
2187 3788 2380 3851 Posui
2406 3793 2546 3854 ante
2571 3794 2628 3853 to
2653 3788 2843 3852 vitam
2865 3792 2924 3851 et
2951 3794 3234 3863 mor-tenu
3263 3791 3350 3853 ad

1781 3881 1942 3961 quod
1955 3879 2215 3943 vomeris
2239 3883 2482 3945 extende
2507 3898 2778 3954 manum,
2811 3880 2900 3941 ait
2931 3899 2944 3943 :
2979 3882 3231 3944 Doemon
3255 3882 3345 3945 di-

1782 3974 1869 4036 cit
1893 3997 1917 4033 .·
1943 3972 2092 4039 Non
2109 3978 2200 4037 ost
2222 3974 2292 4036 in
2317 3980 2372 4037 te
2398 3975 2558 4056 quod
2574 3976 2862 4039 ostendas
2882 3992 3129 4038 mamm
3151 3981 3340 4049 tuam,

1782 4066 1890 4129 sed
1912 4066 2264 4131 necessitato
2303 4068 2562 4148 quadam
2591 4071 2650 4131 et
2676 4069 2740 4131 vi
2774 4070 2846 4131 id
2871 4065 3026 4150 agis.
3077 4067 3342 4128 Perinde

1785 4160 1954 4221 enim
1976 4164 2070 4221 est
2093 4160 2264 4239 quod
2288 4160 2536 4235 dicitur,
2559 4162 2867 4226 extendere
2884 4177 3152 4235 mamm,
3183 4178 3256 4221 ac
3276 4178 3344 4221 se

1782 4251 2238 4325 determinare;
2273 4258 2366 4313 est
2387 4270 2536 4333 ergo
2561 4253 2768 4314 hocin
2797 4252 3016 4327 nobis;
3049 4272 3168 4314 nos
3190 4272 3340 4333 ergo

1782 4346 2202 4425 nosmetipsos
2237 4345 2751 4407 determinamus.
2793 4348 2870 4408 Et
2908 4346 3010 4408 hic
3044 4346 3214 4408 idem
3251 4351 3347 4408 est

1782 4458 2007 4501 sensus
2054 4440 2424 4501 Sanctorum
2443 4485 2460 4513 ,
2507 4441 2752 4519 quoties
2801 4442 3016 4503 dicunt
3055 4440 3120 4501 in
3163 4442 3342 4503 nobis

1784 4551 1923 4594 esse
1972 4532 2178 4595 facere
2221 4533 2320 4595 vel
2373 4552 2502 4595 non
2537 4534 2777 4608 facere,
2829 4534 3112 4595 Damaso.
3133 4578 3155 4610 ‚
3203 4533 3245 4594 l.
3277 4536 3339 4609 Ξ,

1787 4644 1841 4687 c.
1873 4628 1996 4699 293
2027 4626 2286 4705 Gregor.
2317 4626 2504 4701 Nise„
2552 4626 2594 4687 l.
2625 4630 2661 4687 7
2691 4627 3076 4707 philosoph„
3105 4645 3162 4687 c.
3195 4628 3250 4703 3,
3283 4634 3346 4688 et

1787 4720 2020 4799 optime
2061 4719 2270 4799 Cyrill.
2299 4764 2315 4793 ,
2361 4719 2470 4781 lib.
2502 4721 2542 4781 9
2583 4720 2648 4779 in
2674 4720 2857 4782 Joan.
2879 4765 2896 4796 ,
2939 4738 2994 4781 c.
3029 4722 3107 4783 10
3141 4736 3156 4779 :
3192 4718 3345 4783 Suoe

1784 4812 2119 4877 voluntatis
2163 4811 2500 4891 (inquiens)
2551 4812 2807 4876 habenas
2839 4813 3156 4893 unicuique
3195 4830 3348 4875 oom-

1784 4903 1958 4969 mt‘stt
1975 4950 1990 4977 ,
2025 4908 2098 4967 ut
2123 4905 2192 4968 iu
2215 4922 2278 4969 eo
2307 4906 2396 4969 sit
2420 4906 2718 4986 quidquid
2727 4906 3078 4986 probaverit
3103 4905 3340 4987 eliyere.

1783 4998 1895 5059 His
1911 4998 2172 5079 adjungi
2190 5003 2396 5077 potest
2417 4999 2715 5059 AbulenS.
2738 4999 2958 5060 Matth.
2988 5000 3090 5069 22,
3125 5005 3340 5078 quaest.

1783 5092 1925 5166 229,
1961 5091 2067 5169 qui
2097 5092 2159 5152 in
2187 5092 2308 5153 hoc
2337 5082 2590 5179 differre
2626 5090 2774 5152 dicit
2796 5108 2992 5171 agens
3019 5092 3286 5153 liberum
3309 5112 3348 5153 a

1782 5184 2076 5259 naturali,
2106 5185 2265 5266 quod
2285 5184 2540 5249 liberwm
2573 5185 3108 5251 indat-ominatum
3137 5190 3250 5260 est,
3289 5190 3348 5249 et

1784 5280 1989 5361 ipsum
2014 5296 2080 5343 se
2108 5276 2488 5344 (luminat.

1866 5372 1978 5435 Em
2009 5370 2352 5446 Schola-'t.,
2395 5372 2466 5433 in
2495 5375 2555 5449 ⁴,
2597 5374 2740 5437 dist.
2775 5374 2854 5435 38
2875 5378 2935 5437 et
2961 5376 3062 5443 39,
3093 5372 3162 5433 in
3193 5372 3346 5445 2,(1.

1786 5468 2057 5529 24..—D
2091 5467 2332 5542 Tkom„
2361 5470 2513 5549 lp„
2537 5486 2615 5620 q2
2631 5470 2892 5543 83,a.‚l
2923 5468 3094 5540 ad3;
3115 5484 3174 5546 q.
3205 5469 3344 5541 105,

1788 5564 1911 5625 art.
1945 5562 2008 5633 4,
2040 5561 2358 5635 adeete,
2397 5565 2543 5624 etl.
2577 5562 2736 5642 9.
2773 5562 2912 5635 109,
2943 5561 3160 5636 art.,2
3187 5561 3344 5625 adl.
