3850 6225
507 412 630 473 410

507 515 660 577 dum
707 514 808 577 vel
839 530 970 577 non
1009 514 1430 578 exercendum
1476 522 1688 579 aetum
1711 562 1728 590 ,
1777 514 2075 579 determi-

506 616 658 671 nata
699 628 852 672 vero
902 608 1114 691 quoad
1159 611 1434 689 speciem
1480 616 1657 673 actus
1680 657 1697 685 ,
1751 610 2073 691 quomodo

507 710 799 765 censetur
845 704 866 781 (
891 704 1070 783 juxta
1115 704 1603 783 probabiliorem
1651 703 2071 783 sententiam)

507 798 797 859 voluntas
827 798 1104 859 humana
1133 814 1202 859 se
1240 798 1474 859 habere
1499 800 1662 860 circa
1689 798 1929 859 bonum
1958 814 2071 858 seu

507 888 964 953 beatitudinem
1013 890 1079 951 in
1121 891 1479 965 eommuni;
1513 910 1642 951 non
1684 891 1854 952 enim
1905 908 2073 952 sem-

509 1002 626 1063 per
662 990 808 1046 actu
849 984 1016 1045 illam
1053 984 1272 1064 diligit,
1313 985 1460 1063 quia
1493 1002 1622 1045 non
1663 1002 1916 1063 semper
1956 984 2071 1045 ho-

494 1082 614 1137 mo
647 1076 727 1139 de
754 1077 858 1137 illa
893 1076 1160 1156 cogitat3
1195 1077 1293 1138 vel
1307 1078 1554 1139 etiamsi
1585 1077 1834 1156 cogitet,
1861 1080 2067 1155 potest

509 1170 766 1231 omnino
801 1171 1179 1250 speculatiw‘e
1209 1170 1378 1233 illam
1399 1169 1828 1249 contemplari,
1854 1170 2073 1232 volun-

508 1266 635 1325 tate
675 1262 828 1325 nihil
857 1269 1183 1343 operante3
1217 1264 1266 1324 si
1305 1269 1518 1325 tamen
1557 1263 1846 1325 voluntas
1891 1263 2071 1343 quip-

508 1357 679 1435 piam
721 1358 884 1419 circa
927 1356 1099 1417 illam
1132 1363 1451 1437 operetur,
1483 1376 1612 1418 non
1649 1362 1856 1437 potest
1897 1356 2067 1417 illam

510 1450 654 1511 odio
681 1450 940 1522 habere,
973 1454 1084 1511 aut
1109 1451 1299 1524 nolle,
1336 1450 1448 1512 sed
1497 1450 1656 1512 velle
1689 1456 1752 1511 et
1801 1468 2019 1513 amare
2046 1469 2063 1522 ;

509 1547 572 1605 et
613 1542 699 1605 ita
743 1544 934 1605 habet
967 1545 1550 1607 determinationem
1598 1545 1937 1625 quamdam
1987 1544 2071 1607 ad

509 1636 784 1715 speciem
831 1644 1028 1711 actus,
1075 1626 1428 1699 libertate-Tm
1454 1656 1604 1699 vero
1636 1638 1846 1717 quoad
1889 1656 2070 1699 exer-

509 1732 723 1792 citium
751 1737 1014 1792 tantum.
1049 1732 1309 1805 Quando
1343 1750 1492 1793 vero
1521 1738 1744 1793 neutra
1793 1731 2070 1794 necessi-

506 1829 602 1883 tas
649 1826 956 1903 reperitur
984 1825 1047 1885 in
1078 1832 1243 1898 acm,
1275 1830 1423 1885 tunc
1449 1825 1674 1886 dicitur
1711 1843 1849 1887 esse
1881 1826 2071 1885 liher-

509 1922 627 1990 tas,
669 1923 730 1979 et
773 1919 985 1997 quoad
1035 1918 1397 1980 exercitium
1423 1964 1438 1991 ‚
1474 1925 1536 1980 et
1583 1918 1792 1998 quoad
1831 1918 2071 1998 specifi-

507 2011 839 2073 cationem.
896 2013 1050 2074 Cum
1095 2031 1245 2093 ergo
1305 2021 1624 2074 ostensum
1676 2013 1753 2075 sit
1793 2013 2067 2073 divinam

507 2104 889 2168 voluntatem
928 2126 1066 2169 esse
1099 2126 1246 2169 vere
1279 2112 1340 2169 et
1367 2108 1617 2187 proprie
1664 2107 1952 2182 liberam,
2002 2113 2070 2168 ut

506 2199 836 2263 minimum
862 2206 1106 2279 oportet
1134 2200 1369 2261 habere
1398 2200 1884 2261 indifferentiam
1913 2217 2073 2280 quo-

507 2292 590 2355 ad
635 2292 998 2355 exercitium
1028 2312 1142 2355 seu
1169 2294 1754 2355 determinationem
1787 2312 1968 2354 suam
2006 2294 2071 2353 in

509 2386 795 2447 amandis
828 2386 1089 2466 objectis
1119 2393 1293 2449 extra
1327 2404 1433 2460 se;
1477 2392 1542 2447 et
1577 2386 1662 2448 ita
1689 2386 1812 2448 hoc
1856 2386 2071 2448 certis·

509 2481 735 2542 simum
785 2486 904 2553 est,
952 2480 1099 2561 quia
1153 2482 1270 2542 hoc
1315 2486 1427 2557 est,
1459 2486 1530 2542 ut
1573 2482 1657 2542 ita
1689 2480 1916 2555 dicam,
1946 2481 2075 2561 pri-

507 2590 682 2633 mum
707 2573 1186 2636 fundamentum
1225 2593 1390 2636 verae
1420 2574 1745 2635 libertatis.

587 2670 649 2727 4.
692 2666 875 2729 Aliud
918 2686 1066 2729 vero
1106 2667 1299 2730 habet
1341 2668 1708 2729 nonnullam
1739 2666 2075 2727 dubitatio·

507 2778 677 2833 nem,
704 2778 810 2834 an,
836 2760 1092 2835 scilicet,
1115 2765 1286 2821 tanta
1311 2760 1390 2821 sit
1409 2760 1542 2821 haec
1563 2760 1820 2822 libertas
1847 2758 2071 2819 divinae

466 2878 478 2889 ’
505 2853 840 2915 voluntatis
863 2854 1026 2916 circa
1056 2854 1300 2934 objecta
1324 2854 1718 2927 secundaria,
1749 2859 1817 2914 ut
1837 2852 2075 2913 nullam

506 2943 1091 3007 determinationem
1131 2948 1318 3007 etiam
1363 2946 1712 3008 secundum
1753 2946 2075 3026 specifica-

503 3037 738 3099 tionem
767 3038 1072 3099 admittat.
1103 3038 1310 3099 Videri
1351 3039 1522 3100 enim
1550 3045 1753 3119 potest
1781 3040 1899 3100 hoc
1927 3056 2074 3118 pos-

503 3131 717 3205 terius,
743 3139 876 3194 tum
904 3125 1050 3212 quia
1079 3135 1288 3194 creata
1313 3134 1601 3194 voluntas
1625 3151 1752 3194 non
1783 3133 2073 3194 determi-

499 3231 688 3286 natur
707 3225 917 3306 quoad
941 3224 1468 3304 specificationem
1489 3233 1666 3287 actus
1687 3271 1701 3300 ,
1727 3225 1844 3286 nisi
1865 3224 1966 3286 vel
1991 3225 2071 3286 ad

501 3319 738 3382 bonum
794 3319 896 3380 vel
956 3319 1405 3381 beatitudinem
1453 3319 1518 3378 in
1571 3317 1889 3380 communi
1909 3363 1925 3392 ‚
1972 3317 2072 3378 vel

503 3412 692 3476 etiam
720 3413 802 3474 ad
827 3411 1084 3492 aliquod
1123 3413 1362 3474 bonum
1391 3411 1755 3492 simpliciter
1781 3428 2075 3472 neeessa-

500 3507 689 3581 rium,
731 3524 845 3566 seu
872 3506 1226 3566 necessario
1256 3523 1610 3566 connexum
1637 3523 1782 3566 eum
1811 3505 2075 3566 beatitu-

500 3601 720 3664 tudine
767 3600 832 3660 in
875 3599 1228 3672 communi;
1263 3605 1326 3660 at
1367 3601 1535 3660 Deus
1565 3617 1632 3660 se
1675 3599 1808 3660 solo
1849 3601 2074 3660 beatus

501 3697 618 3768 est,
651 3700 713 3755 et
759 3693 1001 3754 nullum
1042 3693 1279 3754 bonum
1320 3697 1496 3754 extra
1544 3711 1610 3752 se
1662 3698 1910 3771 reputat
1956 3691 2070 3752 sibi

497 3787 960 3860 necessarium3
997 3804 1148 3865 ergo
1173 3803 1298 3846 non
1333 3791 1428 3847 est
1470 3804 1670 3865 capax
1700 3785 2075 3846 determina-

499 3881 684 3942 tionis
714 3880 877 3942 circa
903 3880 1035 3940 haee
1065 3878 1334 3958 objecta,
1371 3879 1558 3940 etiam
1585 3877 1795 3958 quoad
1835 3877 2075 3957 specifi-

501 3974 849 4047 cationem;
883 3979 1016 4034 tum
1057 3971 1244 4032 etiam
1275 3971 1422 4050 quia
1465 3971 1690 4034 divinae
1737 3971 2073 4034 voluntatis

499 4066 754 4128 libertas
783 4071 846 4127 et
877 4065 1225 4126 dominium
1257 4063 1446 4126 debet
1472 4083 1611 4126 esse
1643 4081 1959 4126 summum
2000 4083 2073 4126 ac

499 4160 1018 4240 perfectissimum
1079 4157 1249 4219 omni
1304 4158 1536 4235 mod03
1591 4159 1798 4237 majus
1859 4164 2073 4220 autem

501 4251 850 4314 dominium
887 4253 1001 4324 est,
1035 4251 1090 4312 si
1123 4251 1200 4312 sit
1227 4251 1290 4312 iu
1321 4251 1614 4312 exercitio
1645 4257 1707 4312 et
1737 4252 1945 4330 specie
1976 4271 2075 4314 ac-

501 4353 626 4420 tus,
654 4362 844 4424 quam
869 4345 918 4405 si
945 4343 1009 4404 in
1039 4343 1238 4404 altero
1271 4349 1556 4417 tantum;
1585 4345 1758 4406 unde
1795 4345 1950 4405 nihil
1980 4350 2076 4406 est

501 4438 673 4519 quod
695 4437 938 4517 privare
969 4437 1163 4516 possit
1189 4440 1392 4499 Deum
1415 4439 1534 4498 hac
1563 4437 1983 4499 indifferentia
2013 4444 2075 4499 et

501 4532 778 4612 perfecto
821 4529 1120 4592 dominio.
1153 4531 1421 4593 Maxime
1461 4549 1605 4591 cum
1635 4531 1792 4592 velle
1833 4531 1971 4610 ejus
2012 4538 2074 4592 et

499 4625 668 4686 nolle
697 4623 774 4685 sit
800 4623 1023 4704 regula
1052 4625 1255 4686 omnis
1281 4623 1536 4703 justitias
1575 4629 1636 4683 et
1657 4623 2068 4697 rectitudiniS‚

501 4736 673 4790 nam,
711 4725 778 4777 ut
805 4715 960 4778 dixit
998 4717 1355 4789 AnselmuS‚
1388 4717 1452 4776 in
1482 4716 1744 4792 Prosol.,
1777 4735 1914 4794 cap.
1950 4719 2011 4776 ΙΙ
2054 4735 2067 4775 :

501 4809 679 4874 Illud
721 4814 812 4873 est
840 4809 1086 4889 justum
1131 4809 1290 4891 qaod
1323 4809 1442 4883 vis,
1479 4825 1598 4871 non
1633 4807 1882 4887 justum
1922 4807 2081 4888 quod

502 4920 624 4965 non
649 4903 764 4966 vis.
797 4903 872 4964 Et
901 4903 1066 4963 hanc
1103 4901 1476 4962 sententiam
1523 4901 1813 4962 videntur
1851 4899 2070 4973 secuti,

505 4996 612 5077 qui
641 4995 935 5056 dixerunt
969 4995 1352 5056 voluntatem
1395 4993 1670 5054 divinam
1699 5011 1885 5072 posse
1917 4994 2074 5056 velle

503 5089 946 5168 quodcumque
973 5087 1316 5168 objectum,
1335 5087 1434 5148 vel
1465 5105 1644 5166 opus,
1673 5087 2075 5166 quantumvis

503 5189 684 5263 turpe
721 5182 904 5244 nobis
928 5181 1236 5256 videatur,
1259 5181 1406 5261 quia
1430 5181 1618 5242 nullis
1641 5181 1887 5261 legibus
1929 5181 2077 5242 sub·

501 5278 668 5364 jecta
705 5281 822 5342 est.

1256 5479 1336 5502 4⁴.

991 412 1204 469 OPUSC.
1237 414 1322 467 IV.
1353 414 1660 471 numano
1693 414 1774 469 m:
1805 414 2159 471 ussurus
2190 416 2581 473 vomituris
2612 418 2863 473 mvfflAE.
2898 418 3136 474 mSPUT.
3172 420 3234 475 11.

2152 655 2315 720 Esse
2350 657 2419 719 in
2450 656 2658 721 divina
2684 658 2989 723 voluntate
3014 658 3285 741 aliquam
3312 662 3695 723 macritatem
3797 692 3798 699 κ

2573 753 2773 833 quoad
2792 753 3312 835 specificationem,

2228 977 2291 1036 ὃ.
2314 975 2557 1039 Bonum
2580 975 2647 1039 iu
2670 976 2967 1041 commum·
2990 994 3109 1039 non
3122 982 3326 1058 potest
3347 978 3506 1040 Deus
3530 979 3691 1040 noue.
3797 990 3798 1045 ξ

2144 1069 2469 1131 —Malum
2497 1070 2565 1131 in
2592 1070 2891 1133 communi
2906 1088 3025 1132 non
3040 1076 3243 1150 potest
3270 1088 3479 1133 amare
3494 1072 3689 1133 Deum
3797 1060 3798 1119 ἶ

2152 1192 2233 1207 -
2272 1161 2398 1223 Sed
2435 1162 2839 1225 nihilominus
2865 1164 3199 1225 dicendum
3241 1170 3336 1225 est
3360 1164 3615 1225 inveniri
3638 1164 3693 1222 in
3797 1182 3798 1223 3

2150 1254 2359 1317 divina
2422 1258 2741 1319 voluntate
2800 1259 3385 1321 determinationem
3440 1258 3694 1337 aliquam
3797 1272 3798 1285 ³

2150 1350 2363 1428 quoad
2390 1352 2915 1431 specificationem
2934 1400 2949 1427 ,
2976 1359 3113 1414 tum
3142 1354 3305 1413 circa
3334 1352 3575 1432 objecta
3598 1352 3695 1411 ali-

2154 1462 2280 1523 qua
2312 1446 2671 1505 communia
2692 1492 2706 1519 ‚
2734 1452 2867 1507 tum
2898 1446 3085 1508 etiam
3110 1447 3277 1507 circa
3298 1446 3509 1524 aliqua
3534 1446 3697 1523 parti-
3797 1470 3798 1519 j

2153 1539 2410 1613 cularia,
2430 1547 2618 1618 prout
2646 1540 2763 1601 sub
2791 1540 2909 1602 illis
2938 1540 3377 1601 communibus
3402 1539 3697 1601 continen·

2150 1639 2273 1706 tur,
2310 1638 2371 1694 et
2410 1632 2815 1694 nihilominus
2854 1633 3130 1695 divinam
3159 1634 3547 1695 voluntatem
3576 1650 3693 1693 esse

2150 1727 2415 1789 liberam
2466 1746 2595 1789 non
2648 1729 2851 1789 solum
2902 1728 3113 1807 quoad
3156 1726 3557 1801 exercitium,
3600 1728 3695 1787 sed

2152 1820 2339 1881 etiam
2370 1822 2581 1901 quoad
2606 1822 3131 1901 specificationem
3160 1829 3337 1883 actus
3372 1820 3696 1881 secundum

2152 1915 2305 1975 alias
2350 1916 2625 1976 rationes
2676 1934 2791 1975 seu
2841 1918 3081 1995 species
3132 1922 3407 1977 actuum.
3444 1914 3697 1975 Priorem

2150 2014 2395 2089 partem
2440 2009 2629 2088 hujus
2670 2010 3030 2070 assertionis
3069 2009 3279 2070 docuit
3306 2010 3379 2069 D.
3419 2009 3695 2080 Thomas,

2156 2106 2183 2163 1
2220 2107 2409 2180 part.‚
2438 2107 2662 2181 quaest.
2692 2103 2795 2174 21,
2824 2103 3001 2163 artic.
3031 2107 3090 2176 1,
3122 2102 3202 2163 ad
3230 2105 3287 2176 2,
3320 2102 3501 2180 cujus
3528 2102 3697 2160 verba

2154 2196 2443 2275 superius
2492 2196 2703 2271 citavi,
2748 2204 2809 2257 et
2844 2203 2940 2257 est
2980 2196 3346 2257 certissima.
3398 2197 3475 2255 Et
3518 2195 3697 2273 primo

2152 2290 2509 2352 declaratur
2560 2290 2624 2351 in
2676 2290 2939 2370 objectis
2988 2290 3457 2364 communibuS,
3508 2289 3701 2351 distin-

2152 2384 2404 2465 guendo
2442 2384 2509 2445 in
2542 2384 2671 2445 Deo
2700 2384 3013 2463 duplicem
3052 2384 3227 2445 illum
3276 2386 3563 2445 affectum
3600 2401 3698 2443 seu
3797 2426 3798 2429 η

2154 2480 2363 2537 aetum
2412 2476 2747 2538 voluntatis
2766 2522 2782 2551 ,
2834 2476 3068 2539 scilicet
3116 2476 3417 2555 simplicis
3454 2478 3696 2555 compla—
3797 2496 3798 2569 ὲ

2154 2571 2395 2643 centias,
2418 2571 2518 2631 eui
2547 2570 2937 2649 displicentia
2968 2570 3327 2649 opponitur,
3352 2576 3417 2633 et
3438 2570 3695 2631 volunta-

2154 2665 2233 2725 tis
2262 2664 2533 2725 efficacis
2560 2680 2671 2723 seu
2696 2663 3055 2743 operativae,
3086 2664 3183 2723 cui
3214 2662 3431 2723 nolitio
3462 2666 3691 2742 opponi·
3797 2708 3798 2733 ς

2154 2764 2275 2819 tur.
2326 2757 2639 2836 Imprimis
2688 2757 2857 2817 enim
2893 2757 3055 2818 circa
3102 2756 3438 2817 honestum
3478 2758 3689 2817 bonum

2154 2852 2220 2913 in
2258 2850 2597 2923 communi,
2628 2852 2757 2911 sive
2804 2856 2875 2911 ut
2921 2851 3001 2911 ah
3046 2850 3182 2929 ipso
3222 2851 3376 2921 Deo,
3410 2851 3535 2911 sive
3576 2858 3692 2910 uta

2153 2945 2335 3006 nobis
2365 2944 2463 3004 vel
2491 2944 2732 3023 angelis
2758 2944 2896 3006 fieri
2928 2950 3152 3023 potest,
3186 2944 3239 3002 si
3266 2944 3439 3005 Deus
3464 2945 3696 3005 ‘habitu-

2152 3056 2261 3101 rus
2296 3044 2389 3099 est
2434 3036 2709 3117 aliquem
2738 3037 3085 3117 simplicem
3116 3039 3437 3113 affectum,
3458 3057 3695 3099 necesse

2155 3141 2249 3196 est
2276 3141 2346 3195 ut
2378 3133 2479 3194 ille
2514 3133 2590 3194 sit
2624 3133 3091 3212 complacentiae
3128 3141 3191 3196 et
3224 3153 3353 3195 non
3388 3133 3695 3212 displicen-
3797 3135 3798 3216 ἐ

2150 3227 2279 3300 tiae,
2326 3226 2473 3306 quia
2512 3232 2575 3287 et
2618 3225 2845 3287 divina».
2890 3226 3149 3286 bonitati
3196 3231 3513 3306 repugnat
3548 3226 3697 3304 quod
3797 3233 3798 3264 ³

2157 3321 2243 3381 illi
2263 3319 2583 3399 displiceat
2600 3319 2935 3394 honestum
2962 3317 3224 3393 bonum,
3250 3339 3291 3380 a
3322 3337 3695 3399 quocumque
3797 3299 3798 3352 ἕ

2152 3413 2297 3486 fiat;
2334 3416 2395 3474 et
2420 3413 2527 3473 tali
2560 3412 2807 3493 objecto
2846 3418 3157 3490 repugnat
3200 3413 3467 3474 affectus
3510 3413 3697 3492 displi-
3797 3439 3798 3444 κ

2156 3507 2396 3581 centias,
2415 3507 2561 3584 quia
2584 3523 2711 3566 non
2733 3510 2939 3584 potest
2962 3503 3295 3584 displicere
3314 3507 3572 3579 bonum,
3592 3525 3697 3584 qua

2154 3600 2394 3661 bonum
2428 3604 2554 3670 est3
2600 3598 2663 3660 in
2702 3598 2869 3658 bono
2900 3604 3114 3659 autem
3142 3599 3413 3661 honesto
3432 3599 3595 3660 nulla
3614 3617 3697 3658 ve-

2152 3711 2227 3754 ra
2260 3692 2419 3754 ratio
2448 3691 2597 3752 mali
2628 3691 2893 3752 inveniri
2920 3697 3147 3770 potest,
3170 3694 3518 3770 praesertim
3544 3693 3599 3751 in
3618 3711 3695 3752 or-

2155 3786 2303 3848 dine
2352 3784 2435 3847 ad
2478 3785 2751 3846 divinam
2790 3785 3198 3860 voluntatem,
3232 3803 3375 3864 quae
3410 3805 3489 3846 ex
3530 3803 3693 3864 appa-
3797 3777 3798 3780 ’

2154 3884 2335 3941 rente
2374 3878 2581 3958 specie
2608 3877 2755 3938 mali
2796 3879 3039 3939 moveri
3078 3896 3205 3938 non
3244 3885 3477 3958 potest.
3498 3879 3571 3938 Et
3616 3897 3697 3938 ea·
3797 3937 3798 3964 ἓ

2156 3971 2303 4034 dem
2330 3972 2595 4044 ratione,
2628 3971 2793 4032 circa
2838 3970 3075 4031 malum
3115 3971 3315 4049 culpae
3350 3989 3464 4033 seu
3504 3989 3695 4049 pecca-

2154 4071 2311 4140 tum,
2342 4064 2393 4126 si
2432 4065 2598 4124 Deus
2641 4064 2969 4124 habiturus
3010 4069 3107 4124 est
3146 4063 3445 4124 affectum
3490 4063 3696 4142 simpli·
3797 4065 3798 4082 ³

2154 4177 2316 4232 cem,
2352 4156 2711 4219 necessario
2758 4157 3005 4216 futurus
3052 4163 3149 4218 est
3194 4157 3621 4236 displicentiae,
3649 4163 3697 4217 et
3797 4207 3798 4210 ,

2154 4271 2282 4313 non
2336 4249 2837 4330 complacemus,
2890 4255 3147 4328 propter
3191 4251 3543 4329 oppositam
3580 4269 3697 4330 pro-

2154 4345 2572 4426 portionalem
2618 4343 2971 4416 rationem;
3032 4344 3179 4422 quia
3248 4343 3575 4406 dissonum
3624 4349 3701 4404 est
3797 4377 3798 4430 j

2154 4439 2385 4502 divinae
2428 4438 2689 4500 bonitati
2730 4437 3122 4516 complacere
3170 4438 3237 4498 in
3276 4439 3449 4499 malo
3498 4439 3695 4517 culpa.
3797 4431 3798 4470 ff

2156 4534 2607 4612 cujuscumque
2652 4529 2807 4590 illud
2854 4531 2973 4602 sit;
3030 4536 3093 4591 et
3142 4531 3289 4609 quia
3338 4531 3469 4592 tale
3516 4531 3699 4610 objec-

2156 4630 2289 4686 tum
2339 4624 2687 4684 secundum
2742 4641 2955 4683 veram
3012 4629 3075 4683 et
3122 4629 3363 4684 rectam
3417 4623 3701 4684 rationem
3797 4663 3798 4682 t

2156 4724 2253 4780 est
2288 4719 2557 4796 incapax
2600 4715 2741 4778 talis
2786 4716 3069 4778 affectus,
3100 4716 3277 4778 Unde
3310 4723 3403 4778 est
3432 4718 3585 4778 illud
3614 4719 3702 4778 Sa·
3797 4799 3798 4802 Ἴ

2156 4811 2386 4893 pientis
2420 4811 2693 4872 dictum:
2728 4808 2877 4872 odio
2912 4813 3005 4872 est
3050 4810 3173 4871 Deo
3218 4811 3469 4888 impius,
3510 4815 3565 4872 et
3604 4811 3701 4870 in:-
3797 4841 3798 4850 κ

2150 4907 2353 4984 pietas
2400 4904 2559 4984 ejus,
2604 4901 2881 4980 Sapient.
2932 4903 3039 4974 14;
3081 4907 3145 4962 et
3182 4903 3559 4964 Eccles.12:
3606 4901 3699 4964 Α]-

2158 4998 2436 5060 tissimus
2480 4994 2611 5060 odio
2664 4995 2835 5058 habet
2876 4999 3239 5076 peccatores,
3290 4995 3543 5068 scilicet,
3590 5013 3693 5073 qua

2156 5099 2525 5173 peccatores
2552 5095 2737 5164 sunt;
2770 5095 2832 5150 et
2872 5089 3099 5150 similia
3124 5096 3270 5150 sunt
3298 5091 3363 5152 in
3392 5090 3691 5169 Scripturis
3797 5097 3798 5130 ³

2156 5185 2531 5265 frequentia.
2563 5185 2720 5246 Item
2748 5184 3161 5246 certissimum
3186 5185 3373 5246 estin
3392 5185 3600 5247 ordine
3622 5182 3689 5243 ad
3797 5181 3798 5230 ἰ

2156 5281 2547 5341 voluntatem
2614 5277 2967 5350 efficacem,
3024 5283 3315 5356 respectu
3378 5277 3688 5358 praesertim
3797 5357 3798 5366 ἵ

2158 5389 2421 5452 operum
2468 5387 2609 5448 quae
2656 5371 2824 5431 Deus
2872 5371 3009 5450 ipse
3048 5371 3327 5432 factunm
3364 5377 3485 5443 est;
3512 5369 3689 5432 omnia

2158 5465 2327 5527 enim
2350 5463 2701 5526 secundum
2714 5465 2991 5543 aliquam
3011 5471 3247 5526 rectam
3268 5465 3686 5542 honestamque

2156 5557 2466 5626 rationem
2514 5563 2845 5642 operatum
2896 5557 3051 5619 nihil
3096 5557 3267 5622 euim
3310 5559 3473 5622 velle
3518 5561 3685 5638 potest
3797 5633 3798 5636 Ἴ
