3850 6225
837 420 1007 475 smr.
1043 421 1104 475 11.
1140 420 1286 485 QUAE
1316 422 1481 477 FIDE!
1513 423 1878 485 VERITATES,
1915 424 2042 477 AUT
2075 424 2498 487 THEOLOGICAE,
2534 426 2669 478 mc.

3241 422 3358 483 607

101 516 234 577 ter
257 534 331 579 se
357 517 600 581 babent
622 519 904 583 ordinem
931 520 1074 582 finis
1101 526 1164 583 et
1187 522 1564 595 mediorum,
1593 523 1712 585 sub
1793 526 2045 605 egregie
2068 525 2277 587 docuit
2294 526 2362 585 D.
2385 526 2683 598 Thom.,1
2713 544 2803 605 p.‚
2824 542 2884 604 q.
2909 527 3011 597 23,
3032 545 3089 586 a.
3111 529 3171 601 5,
3192 527 3273 588 ad
3290 528 3352 601 3,

109 625 266 687 qua
301 612 494 675 etiam
521 614 762 675 ratione
791 632 829 675 a
857 616 984 675 Deo
1010 622 1330 689 amantur;
1365 624 1427 679 et
1459 618 1600 679 ideo
1629 617 1710 677 si-

103 705 276 764 mul
311 705 420 767 illa
453 708 725 786 respicit,
757 715 942 787 prout
975 714 1120 768 sunt
1148 726 1262 788 per
1289 728 1360 771 se
1389 710 1705 785 amabilia,

105 794 285 858 licet
303 798 514 859 omnia
528 800 700 875 velit,
715 805 785 861 ut
801 801 1012 863 media
1031 802 1110 863 ad
1136 804 1413 883 seipsum
1433 802 1453 881 (
1465 803 1704 877 AlenS.,

107 894 146 949 1
221 909 324 969 p.‚
371 899 594 971 quaest.
635 894 736 967 28,
759 895 1026 956 membr.
1079 899 1139 970 3,
1184 914 1244 957 a.
1276 899 1334 971 3,
1377 902 1439 958 et
1482 902 1702 977 quaest.

105 984 238 1057 25,
279 986 551 1047 membr.
583 989 609 1046 1
637 1005 653 1057 ;
687 988 966 1061 Henric.,
1001 989 1212 1067 quodl.
1245 992 1306 1063 4,
1344 996 1560 1069 quaest.
1591 992 1700 1063 193

113 1074 318 1139 Ferr.
331 1123 350 1151 ‚
370 1082 396 1139 1
419 1084 582 1140 cont.
603 1086 801 1158 gent„
821 1098 875 1139 c.
895 1081 1002 1155 86;
1025 1082 1261 1159 Dried.,
1278 1082 1358 1145 de
1371 1082 1676 1145 Concord.
1689 1128 1704 1158 ,

117 1174 160 1231 1
201 1191 304 1251 p.‚
353 1190 410 1232 c.
437 1176 502 1249 4,
535 1173 617 1235 ad
641 1176 708 1247 43
743 1174 958 1252 Gabr.,
991 1176 1056 1236 in
1082 1180 1140 1252 1,
1167 1176 1308 1239 dist.
1341 1180 1442 1252 41,
1481 1184 1704 1257 quaest.

109 1264 336 1339 unic„
373 1271 493 1327 art.
529 1268 590 1338 2,
623 1266 688 1327 in
721 1266 904 1346 fine).

211 1359 322 1419 21.
371 1358 724 1422 Proemissoe
755 1362 1068 1425 seutentioe
1108 1362 1176 1423 in
1212 1363 1588 1427 concordiam
1616 1381 1706 1425 re-

111 1450 670 1529 diqunmr.-Sed
691 1451 950 1515 fortasse
971 1461 1234 1533 possunt
1260 1456 1356 1515 hae
1377 1456 1704 1517 sentent-iaz

113 1544 194 1603 in
223 1546 632 1606 concordiam
657 1547 895 1608 reduci.
922 1549 1078 1609 Nam
1106 1551 1178 1609 D.
1203 1550 1476 1611 Thomas
1499 1550 1564 1609 in
1589 1550 1708 1610 hoc

113 1654 394 1715 semper
417 1637 588 1698 idem
628 1639 858 1713 docuit,
900 1660 1106 1719 neque
1147 1642 1264 1703 fuit
1294 1643 1411 1702 sibi
1465 1647 1707 1703 contra-

111 1732 289 1791 rius.
323 1731 513 1793 Aliud
543 1739 637 1794 est
656 1735 824 1795 enim
845 1735 1016 1813 loqui
1047 1735 1126 1796 de
1155 1728 1354 1815 prima
1385 1744 1445 1798 et
1472 1737 1708 1798 forma-

113 1824 378 1885 lissima
432 1827 675 1887 ratione
722 1828 997 1901 volendi,
1045 1827 1216 1889 aliud
1265 1828 1344 1890 de
1398 1830 1704 1909 proxima,

113 1935 274 1995 quae
301 1920 773 1997 comparatione
805 1921 1062 1981 alterius
1101 1940 1169 1983 se
1198 1923 1389 1984 habet
1419 1930 1485 1984 ut
1513 1930 1708 1983 mate-

109 2010 286 2071 riale
319 2012 405 2071 ad
437 2012 722 2073 formale.
768 2014 962 2075 Priori
989 2014 1200 2089 mod0,
1238 2017 1369 2076 sola
1397 2016 1506 2077 Dei
1533 2017 1708 2077 boni-

112 2109 226 2165 tas
262 2110 362 2165 est
390 2106 521 2165 Deo
551 2107 708 2167 ratio
746 2108 992 2167 volendi
1032 2109 1242 2169 omnia
1273 2127 1412 2188 quae
1443 2110 1596 2183 vult,
1646 2116 1709 2171 et

114 2200 254 2261 hoc
285 2200 517 2278 probat
553 2199 880 2261 difficultas
913 2206 1099 2275 tacta,
1141 2201 1288 2281 quia
1325 2221 1544 2263 revera
1575 2203 1705 2263 sola

112 2293 390 2353 bonitas
415 2294 528 2354 Dei
559 2300 962 2373 comparatur
1000 2296 1082 2356 ad
1117 2297 1320 2357 Deum
1339 2341 1354 2369 ,
1403 2303 1472 2357 ut
1501 2314 1614 2375 per
1639 2316 1704 2359 se

115 2386 462 2459 amabilis;
508 2386 926 2466 perfectiones
979 2394 1193 2449 autem
1242 2395 1702 2464 creaturarum,

115 2481 542 2561 quantumvis
584 2481 648 2541 in
697 2500 766 2543 se
807 2499 1056 2561 magnae
1101 2482 1454 2557 videantur,
1504 2484 1708 2544 solum

117 2580 277 2635 sunt
323 2574 632 2635 amabiles
672 2574 804 2634 Deo
852 2594 968 2653 per
1005 2581 1361 2657 respectum
1407 2577 1708 2638 decentiae

119 2673 241 2728 aut
288 2668 742 2729 convenientia».
784 2667 864 2728 ad
906 2668 1044 2747 ejus
1087 2670 1452 2729 bonitatem.
1499 2670 1706 2732 Poste-

119 2762 286 2821 riori
329 2766 544 2823 autem
585 2761 798 2834 mod0,
845 2762 1260 2841 perfectiones
1300 2764 1704 2825 consideratae

121 2873 208 2916 ex
237 2860 422 2933 parte
455 2874 671 2915 rerum
703 2861 1058 2916 creatarum
1088 2855 1417 2917 conferunt
1446 2856 1526 2917 ad
1555 2876 1705 2917 con-

121 2947 344 3007 silium
369 2954 432 3008 et
457 2946 1040 3009 determinationem
1071 2948 1296 3009 divinae
1317 2950 1654 3011 voluntatis
1685 2996 1698 3024 ,

121 3042 284 3120 quia
329 3058 444 3119 pro
489 3042 767 3120 ipsarum
808 3058 1020 3101 rerum
1067 3042 1422 3103 diversitate
1469 3044 1704 3105 habent

121 3135 446 3212 majorem
467 3134 566 3196 vel
590 3135 898 3195 minorem
927 3135 1428 3198 convenientiam
1465 3137 1566 3198 vel
1595 3137 1702 3198 de·

121 3228 410 3288 centiam
435 3234 724 3306 respectu
745 3227 969 3288 divinae
990 3228 1354 3302 voluntatis3
1383 3235 1452 3290 ut
1474 3237 1705 3308 myste-

119 3322 298 3382 rium
341 3320 812 3394 IncamationiS‚
859 3321 1006 3399 quia
1045 3322 1108 3382 in
1151 3341 1219 3382 se
1259 3327 1351 3384 est
1391 3323 1595 3396 altiuS‚
1641 3328 1706 3384 et

119 3418 194 3476 in
229 3435 306 3477 eo
347 3417 550 3496 magis
589 3417 1096 3478 communicatur
1121 3419 1308 3490 Deus,
1353 3418 1496 3478 ideo
1532 3419 1596 3478 in
1639 3437 1706 3480 se

121 3519 230 3574 est
263 3513 470 3591 magis
513 3517 1006 3574 consentaneum
1051 3513 1274 3574 divinae
1303 3514 1586 3575 bonitati.
1631 3517 1708 3576 Et

123 3607 368 3668 eodem
395 3606 584 3668 modo
622 3607 818 3668 voluit
849 3607 1056 3686 potius
1088 3605 1236 3668 dare
1273 3607 1538 3686 gloriam
1561 3626 1704 3686 pro-

119 3706 278 3779 pter
305 3699 533 3760 merita
561 3717 754 3778 quam
781 3699 916 3760 sine
947 3699 1102 3774 illis,
1149 3700 1294 3779 quia
1323 3701 1387 3760 in
1417 3701 1536 3761 hoc
1561 3719 1703 3761 ma-

119 3794 228 3869 gis
275 3793 416 3870 ejus
447 3792 687 3870 justitia
734 3792 1106 3865 ostenditur,
1155 3799 1218 3854 et
1263 3793 1456 3854 voluit
1495 3794 1703 3873 potius

115 3885 482 3964 perfectum
521 3885 792 3946 condere
838 3885 1203 3946 universum
1240 3903 1432 3964 quam
1471 3886 1702 3964 imper-

115 3978 364 4039 fectum
383 4023 400 4051 ,
433 3978 580 4056 quia
597 3979 660 4038 in
675 3979 794 4039 hoc
810 3978 1013 4056 magis
1031 3979 1084 4057 ej
1095 3997 1166 4039 us
1183 3979 1487 4059 sapientia
1505 3979 1700 4040 mani-

115 4070 414 4132 festatur.
451 4071 582 4131 Hoc
610 4071 796 4149 igitur
817 4071 1006 4132 modo
1030 4072 1307 4133 rationes
1335 4078 1596 4150 sumptae
1623 4091 1702 4134 ex

118 4164 436 4224 creaturis
481 4163 812 4224 conferunt
857 4163 938 4223 ad
981 4165 1423 4242 complendum
1481 4166 1572 4243 (ut
1613 4167 1701 4227 sic

119 4257 366 4336 dicam)
393 4257 702 4318 rationem
740 4256 931 4316 divini
965 4255 1204 4318 consilii
1248 4261 1310 4318 et
1338 4257 1698 4332 voluntatiS,

123 4368 389 4429 semper
425 4355 638 4412 tamen
681 4349 798 4410 sub
839 4355 1132 4428 respectu
1167 4350 1247 4410 ad
1276 4351 1551 4413 divinam
1589 4352 1703 4413 bo-

119 4445 418 4516 nitatem,
465 4443 546 4504 ad
575 4460 766 4520 quam
792 4445 984 4505 veluti
1020 4444 1428 4506 materialiter
1454 4463 1701 4524 compa-

121 4544 386 4608 rantur;
419 4538 590 4616 quod
619 4538 768 4599 satis
795 4548 893 4600 est
920 4545 991 4598 ut
1011 4538 1322 4599 rationem
1349 4539 1702 4600 mediorum

123 4649 388 4709 semper
413 4630 759 4705 obtineant,
798 4632 946 4709 quia
977 4649 1104 4691 non
1135 4636 1428 4692 amantur
1461 4631 1579 4692 nisi
1624 4649 1701 4692 ex

123 4742 348 4785 amore
377 4723 602 4784 divinae
625 4725 946 4796 bonitatis,
977 4742 1052 4784 ac
1079 4729 1333 4803 propter
1358 4725 1578 4804 ipsam.

209 4819 318 4880 22.
363 4817 544 4881 Unde
563 4817 766 4880 obiter
785 4818 1172 4896 intelligitur,
1199 4819 1446 4897 quoties
1465 4818 1530 4879 in
1549 4818 1701 4879 duo-

123 4910 250 4972 bus
281 4909 580 4988 operibus
597 4911 708 4972 Dei
731 4910 1108 4989 comparatis
1131 4910 1212 4970 ad
1233 4912 1510 4973 divinam
1527 4911 1702 4972 honi-

125 5011 328 5066 tatem
371 5021 500 5064 non
545 5003 864 5066 invenitur
903 5022 977 5065 ex
1019 5009 1196 5083 parte
1241 5022 1462 5064 eorum
1501 5005 1706 5084 major

127 5098 572 5160 convenientia
597 5098 699 5159 vel
723 5097 1012 5160 decentia
1037 5098 1120 5159 ad
1148 5099 1350 5178 ipsam
1379 5099 1496 5159 Dei
1521 5099 1704 5159 honi-

127 5195 348 5263 tatem,
382 5190 448 5250 in
473 5207 602 5250 uno
623 5207 813 5268 quam
843 5189 909 5250 in
933 5189 1081 5266 alio,
1115 5193 1176 5252 et
1205 5190 1458 5251 aliunde
1487 5190 1704 5251 volun-

129 5289 226 5346 tas
255 5283 368 5344 Dei
399 5284 790 5362 inaequaliter
821 5283 904 5344 ad
927 5284 1030 5345 illa
1061 5302 1129 5344 se
1155 5283 1368 5358 habet,
1410 5290 1560 5344 tunc
1589 5301 1704 5344 ne·-

129 5395 256 5456 que
283 5395 364 5438 ex
389 5376 584 5438 rebus
611 5377 761 5455 ipsis
789 5422 810 5450 ,
851 5394 972 5439 nec
999 5396 1078 5440 ex
1111 5379 1246 5439 sola
1279 5378 1492 5438 divina
1519 5377 1702 5439 boni-

131 5475 280 5544 tate,
321 5469 438 5532 sed
479 5488 562 5530 ex
595 5469 730 5530 sola
768 5469 1060 5532 libertate
1101 5470 1326 5532 divinae
1364 5471 1702 5533 voluntatis

133 5579 318 5645 posse
360 5561 542 5626 reddi
584 5563 894 5626 rationem
917 5563 1096 5628 illius
1133 5564 1598 5648 inaequalitatis,
1633 5569 1702 5628 ut

1791 620 2081 699 exempla
2094 636 2336 699 ponens
2362 618 2425 678 in
2446 618 2748 680 electione
2772 620 2959 699 hujus
2980 620 3249 681 hominis
3270 622 3351 681 ad

1790 712 2079 793 gloriam,
2098 714 2305 793 potius
2322 730 2513 791 quam
2544 712 2707 773 illius
2728 732 2743 784 ;
2765 714 2827 773 in
2846 713 3147 777 electione
3170 716 3355 793 hujus

1787 807 1981 885 partis
2007 808 2309 881 materiae,
2342 812 2411 867 ut
2441 806 2519 867 sit
2548 806 2665 867 sub
2695 806 2897 867 forma
2928 808 3111 885 ignis,
3145 809 3351 887 potius

1789 917 1982 977 quam
2012 900 2129 960 sub
2155 900 2357 961 forma
2386 906 2566 961 terrae
2592 919 2605 959 z
2640 906 2703 961 et
2731 900 2953 961 similia
2984 906 3148 975 sunt,
3182 900 3353 979 quod

1788 992 2057 1054 voluerit
2107 1012 2322 1055 creare
2379 993 2495 1055 hos
2544 994 2803 1074 angelos
2829 1039 2844 1068 ,
2903 994 3109 1073 potius
3160 1013 3352 1074 quam

1789 1085 1945 1147 alios
1975 1105 1989 1159 3
2036 1087 2137 1147 vel
2166 1088 2441 1148 animam
2468 1086 2689 1147 Christi
2716 1087 2794 1149 ad
2824 1088 3125 1148 unionem
3153 1090 3355 1167 hypo-

1790 1180 2096 1253 staticam,
2119 1179 2327 1259 potius
2346 1198 2535 1259 quam
2558 1180 2743 1241 aliam
2762 1180 3143 1260 possibilem.
3168 1182 3349 1255 Nam,

1789 1293 1932 1336 cum
1970 1275 2103 1335 haec
2148 1281 2211 1336 et
2250 1275 2373 1335 alia
2406 1275 2765 1354 hujusmodi
2804 1294 2881 1335 ex
2922 1293 2988 1336 se
3028 1276 3353 1354 aequaliter

1789 1367 1870 1427 ad
1904 1367 2181 1429 divinam
2212 1368 2556 1429 bonitatem
2590 1373 3053 1447 comparentur,
3093 1390 3222 1431 non
3261 1376 3356 1431 est

1787 1462 1956 1522 unde
1988 1461 2225 1521 oriatur
2255 1461 2358 1521 illa
2388 1454 2711 1523 diversitas
2744 1508 2758 1535 ,
2806 1463 2924 1523 nisi
2955 1482 3031 1523 ex
3064 1463 3349 1525 libertate

1787 1556 2123 1615 voluntatis
2152 1555 2284 1615 Dei.
2335 1555 2411 1615 Et
2452 1556 2571 1616 hoc
2608 1562 2702 1616 est
2739 1557 2927 1616 etiam
2968 1557 3347 1635 profundum

1787 1648 2115 1711 consilium
2144 1648 2475 1709 voluntatis
2507 1648 2751 1721 divinae,
2775 1649 2853 1709 de
2880 1669 3003 1729 quo
3028 1652 3348 1728 potissime

1787 1742 2063 1821 loquitur
2090 1726 2319 1802 Paulus
2342 1742 2405 1801 in
2432 1742 2637 1803 verbis
2660 1743 2855 1803 nostri
2879 1744 3193 1816 thematis,
3220 1762 3351 1805 non

1789 1835 1959 1915 quod
1984 1836 2049 1895 in
2080 1836 2369 1896 omnibus
2400 1837 2528 1895 suis
2557 1837 2851 1915 operibus
2880 1840 3047 1897 Deus
3066 1839 3187 1899 hoc
3207 1856 3352 1897 con-

1789 1930 1926 1989 silio
1956 1934 2185 2000 utatur,
2220 1928 2333 1989 sed
2362 1930 2531 2007 quod
2555 1948 2695 1989 cum
2722 1930 2932 1991 omnia
2960 1937 3253 2009 operetur
3274 1949 3351 1991 ex

1789 2024 2047 2083 consilio
2070 2023 2428 2097 voluntatis,
2458 2023 2796 2102 aliquando
2822 2026 3014 2085 utitur
3036 2024 3140 2085 illo
3165 2044 3351 2104 pecu·

1787 2118 1924 2177 liari
1951 2123 2013 2178 et
2038 2118 2345 2197 profundo
2367 2118 2648 2193 consilio,
2666 2118 2855 2179 veluti
2876 2124 3041 2179 sorte
3066 2119 3348 2181 vocando

1787 2231 1949 2292 quos
1978 2232 2055 2274 ex
2081 2231 2256 2273 mera
2284 2213 2653 2275 liberalitate
2682 2232 2813 2293 pree
2841 2213 2975 2275 aliis
3004 2214 3239 2277 dilexit.

2008 2451 2199 2513 Deum
2227 2454 2405 2515 extra
2430 2468 2493 2515 se
2518 2452 2699 2515 libere
2726 2444 2926 2518 omnia
2952 2454 3122 2518 velle.

1867 2672 1967 2731 23.
2038 2670 2454 2737 Voluntas-ium
2488 2690 2527 2735 a
2555 2672 2739 2735 libero
2774 2672 3094 2755 diliqenter
3122 2676 3348 2737 distin-

1785 2765 2106 2845 quendum.
2146 2799 2224 2810 -·-
2258 2764 2550 2837 Quomodo
2574 2766 2866 2846 differant
2888 2769 3135 2831 liberum
3166 2773 3225 2831 et
3246 2787 3347 2831 vo-

1785 2854 2144 2919 luntarium.
2174 2888 2255 2901 —
2282 2858 2373 2917 Ex
2400 2876 2523 2936 quo
2553 2858 2809 2919 tandem
2838 2850 3235 2939 pervenimus
3268 2862 3349 2923 ad

1785 2950 2067 3028 quintam
2090 2953 2152 3010 et
2176 2951 2547 3011 catholicam
2566 2952 2915 3028 veritatem,
2942 2974 3079 3033 quae
3104 2956 3165 3015 in
3191 2974 3347 3034 prae-

1785 3043 1965 3103 dictis
2001 3044 2208 3105 verbis
2244 3044 2415 3105 Pauli
2445 3044 2705 3107 fundata
2735 3053 2849 3122 est,
2890 3048 3120 3109 scilicet
3147 3052 3345 3109 Deum

1785 3138 2029 3216 operari
2060 3138 2281 3198 'omnia
2323 3147 2495 3200 extra
2538 3159 2631 3214 se,
2674 3160 2801 3201 non
2842 3143 3039 3203 solum
3072 3145 3345 3221 perfecte

1783 3231 2157 3304 voluntarie,
2203 3231 2313 3291 sed
2343 3232 2531 3293 etiam
2563 3233 2780 3294 libere.
2826 3236 2979 3298 Sunt
3017 3237 3186 3296 enim
3216 3239 3347 3298 haec

1784 3324 1910 3385 duo
1961 3324 2140 3386 valde
2188 3325 2433 3386 diversa
2455 3373 2477 3403 ,
2534 3346 2897 3406 quanquam
2944 3329 3257 3390 interdum
3310 3351 3346 3391 a

1786 3417 2177 3494 DoctoribUS,
2222 3418 2409 3480 etiam
2444 3421 2795 3495 Catholicis,
2844 3422 3346 3496 confundantur;

1788 3518 2033 3589 oportet
2074 3517 2279 3572 tamen
2336 3531 2413 3574 ea
2461 3512 2791 3592 diligenter
2843 3515 3226 3595 distinguere
3266 3518 3350 3579 ad

1784 3603 2071 3665 vitandos
2110 3623 2354 3666 errores
2398 3605 2744 3669 infidelium
2787 3615 2849 3669 et
2888 3610 3342 3672 haereticorum.

1784 3698 2001 3758 Nullus
2028 3697 2195 3758 enim
2224 3717 2443 3760 eorum
2470 3707 2661 3778 negat
2684 3701 2881 3761 Deum
2910 3708 2971 3763 et
2999 3722 3114 3766 nos
3133 3704 3350 3764 volun-

1783 3791 1938 3852 tarie
1968 3792 2237 3870 operari,
2282 3797 2343 3852 et
2371 3797 2585 3853 tamen
2622 3795 2851 3856 ethnici
2882 3771 3119 3875 negant
3146 3799 3349 3858 Deum

1783 3886 2031 3963 operari
2055 3883 2287 3956 libere;
2323 3885 2493 3964 quod
2519 3887 2708 3947 etiam
2737 3887 2815 3948 de
2840 3888 3199 3951 hominibus
3228 3891 3350 3951 hae·

1781 3977 1957 4038 retici
1998 3977 2119 4038 hoc
2161 3981 2444 4057 tempore
2488 3978 2785 4053 sentiunt,
2830 3981 2974 4042 licet
3012 3983 3349 4062 aliquando

1783 4069 1865 4130 ad
1904 4071 2343 4130 occultandum
2380 4089 2659 4133 errorem
2700 4073 2911 4134 dicant
2948 4093 3064 4135 nos
3104 4078 3353 4154 operari

1781 4163 2003 4236 libere,
2034 4163 2099 4224 id
2127 4166 2242 4236 est,
2272 4181 2401 4224 non
2431 4172 2666 4226 coacte.
2700 4166 2832 4238 Quo
2854 4186 3040 4228 sensu
3066 4169 3349 4230 nonnulli

1785 4257 1975 4317 etiam
2022 4256 2484 4318 Catholicorum
2524 4259 2814 4320 dixerunt
2861 4261 3057 4320 Deum
3101 4263 3349 4327 Patrem

1785 4353 1847 4410 et
1865 4349 2091 4410 Filium
2115 4349 2311 4411 libere
2336 4352 2683 4429 producere
2706 4353 3001 4432 Spiritum
3026 4355 3344 4429 Sanctum,

1783 4443 2071 4504 libertate
2118 4444 2351 4504 scilicet
2398 4463 2539 4524 quae
2596 4446 2869 4506 excludit
2917 4447 3347 4520 coactionem,

1784 4555 1910 4596 non
1957 4537 2417 4598 necessitatem.
2464 4540 2910 4601 Verumtamen
2950 4540 3057 4600 illa
3099 4540 3355 4603 libertas

1783 4629 2123 4708 impropria
2150 4636 2265 4704 est,
2299 4631 2464 4691 etad
2489 4632 2821 4692 voluntarii
2844 4633 3154 4694 rationem
3179 4653 3358 4713 spec-

1783 4728 1893 4795 tat,
1918 4723 2127 4801 potius
2152 4741 2343 4801 quam
2362 4723 2563 4784 liberi.
2592 4727 2810 4804 Itaque
2833 4726 2913 4785 ad
2934 4726 3357 4788 voluntarium

1785 4814 1988 4875 solum
2018 4816 2357 4894 requiritur
2383 4815 2553 4894 quod
2588 4818 2667 4878 sit
2696 4837 2773 4878 ex
2800 4819 3047 4879 interno
3076 4821 3355 4899 appetitu

1781 4908 1922 4969 vitae
1950 4926 2093 4970 cum
2120 4909 2474 4987 cognitione
2498 4929 2511 4983 3
2547 4911 2667 4971 hoc
2694 4915 2905 4971 autem
2931 4913 3355 4974 voluntarium

1785 5006 1937 5062 tunc
1979 5007 2073 5062 est
2117 5002 2467 5080 perfectum
2494 5049 2508 5076 ‚
2556 5004 2811 5082 quando
2848 5010 2943 5065 est
2975 5023 3052 5066 ex
3078 5006 3355 5084 perfecta

1787 5100 1849 5156 et
1865 5094 2267 5156 intellectuali
2287 5097 2668 5175 cognitione,
2690 5104 2752 5157 et
2780 5104 3351 5159 commensuratum

1786 5206 1901 5249 seu
1950 5189 2495 5266 proportionatum
2546 5191 2813 5268 objecto·
2866 5191 3255 5269 Quapropter
3306 5191 3355 5249 si

1787 5282 2104 5361 objectum
2124 5283 2203 5343 sit
2218 5301 2535 5343 summum
2555 5301 2627 5344 ac
2644 5285 3069 5345 necessarium
3090 5285 3352 5354 bonum,

1783 5375 2085 5454 perfectio
2116 5375 2443 5436 voluntarii
2476 5377 2541 5436 in
2571 5395 2645 5437 eo
2682 5376 2953 5438 amando
2982 5377 3264 5438 consistit
3291 5377 3355 5436 in

1783 5469 2029 5530 interno
2060 5487 2137 5530 ac
2165 5471 2523 5531 necessario
2549 5471 2801 5546 affectu,
2834 5488 2947 5530 seu
2980 5470 3362 5530 benevolen-

1785 5558 1872 5626 tia
1904 5561 2116 5636 illius;
2168 5567 2230 5624 et
2272 5563 2395 5624 hac
2432 5563 2710 5638 ratione,
2758 5563 3041 5643 quamvis
3082 5564 3249 5624 Deus
3292 5579 3357 5626 se
