3850 6225
924 340 1093 393 SECT.
1128 342 1191 394 n.
1226 341 1400 403 QUAM
1434 341 1679 393 CERTUM
1715 340 1812 390 81⁹1·
1844 338 2080 392 MEmTA
2112 316 2548 403 MORTIFICATA,
2585 339 2724 391 ETC.
3259 339 3382 400 449

122 432 274 507 ibi,
310 439 607 500 eumdem
633 454 889 500 sensum
917 458 1215 526 sequenS,
1248 439 1594 500 concludit:
1628 440 1739 503 Ea·
1818 456 2010 517 quam
2041 438 2266 499 eodem
2286 458 2422 518 cap.
2453 440 2549 513 16,
2583 446 2646 499 et
2673 458 2896 500 canon.
2920 440 3021 514 26,
3045 450 3374 519 posuerat:

110 526 265 591 hoo
310 538 513 595 autem
542 533 788 596 liabetur
806 578 823 605 ‚
857 534 1013 613 quod
1046 550 1224 611 opera
1250 534 1620 613 mortificata
1646 552 1737 595 re·
1822 531 1905 595 Si
1939 550 2125 612 usque
2158 533 2225 593 in
2251 534 2430 613 finem
2467 533 3004 612 perseveraverint,
3041 552 3154 593 seu
3183 534 3380 613 (quod

110 622 489 689 citiscunt.
538 626 1017 704 Chrysostomus
1058 632 1269 687 autem
1312 626 1487 685 illum
1526 628 1733 686 locum
1816 626 2079 704 perinde
2113 628 2228 704 est)
2259 628 2394 689 bene
2433 626 2814 709 operantibus
2842 624 3117 707 usquein
3148 630 3380 706 finem,-

116 715 245 777 sic
290 720 449 799 legit
482 740 494 779 :
532 722 683 783 Tam
718 721 917 783 multa
956 723 1134 801 passi
1164 722 1317 783 estis
1356 722 1631 795 frustra,
1678 720 1735 782 si
1817 738 1946 779 uon
1993 719 2163 779 enim
2211 719 2496 799 intelligit
2538 738 2675 779 esse
2726 719 3142 779 necessariam
3187 720 3382 781 talem

120 812 367 874 tamen
388 819 635 891 frustra
655 840 681 886 ;
727 820 787 875 et
827 815 1050 875 eodem
1091 814 1278 874 modo
1324 814 1579 893 exponit
1619 814 1737 873 hoc
1818 812 2350 891 perseverantiam
2401 812 2501 871 vel
2539 812 3066 872 continuationem
3113 812 3177 873 in
3214 813 3379 875 hene

114 903 457 966 ultimum
492 908 753 967 verbum
784 906 999 967 dicens
1036 926 1048 965 :
1089 907 1505 988 Siynificans,
1530 906 1737 969 videli—
1820 904 2140 984 operando
2163 952 2177 978 ‚
2210 911 2279 965 ut
2317 906 2642 984 nunquam
2685 923 2798 984 per
2834 910 3158 984 peccatum
3191 905 3383 967 inter-

122 1004 247 1059 cet
268 1044 293 1073 ,
340 1001 397 1063 si
440 1000 751 1063 colueritis
798 1000 1132 1082 experyisci
1189 1019 1259 1063 ac
1314 1017 1591 1063 revocare
1636 1017 1736 1062 ros

118 1091 352 1172 ipsos,
384 1113 505 1156 non
525 1100 770 1168 frustra
788 1094 967 1177 passi
991 1095 1239 1174 fueritis
1259 1145 1278 1167 ,
1328 1099 1389 1155 et
1416 1095 1737 1155 continuat

126 1185 381 1249 dicens
419 1207 433 1248 ε
490 1187 605 1252 Ubi
646 1194 791 1252 sunt
834 1206 994 1251 nunc
1036 1188 1141 1269 qui
1186 1188 1408 1251 tollunt
1444 1188 1735 1269 poeniten-

124 1280 361 1342 tiam?
396 1300 523 1345 ecce
549 1280 612 1344 hs·
640 1282 927 1362 spiritum
964 1286 1351 1363 acceperant,
1384 1282 1565 1363 siyna
1590 1285 1737 1361 sece-

123 1381 311 1436 rant
328 1420 345 1449 ,
382 1381 742 1455 consessores
768 1378 1049 1455 fuerant,
1082 1374 1551 1437 innumerabilia
1570 1376 1735 1456 peri-

128 1466 323 1531 cula,
372 1468 581 1531 carias
622 1469 1065 1550 persecutiones
1114 1467 1345 1531 Christi
1378 1484 1564 1529 causa
1597 1485 1737 1548 per·

118 1561 323 1638 pessi
349 1564 633 1639 fuerant,
678 1567 736 1624 et
756 1567 898 1643 post
928 1566 1053 1625 tam
1080 1562 1277 1623 multa
1304 1566 1462 1624 recte
1490 1564 1659 1635 faeta
1697 1579 1737 1623 a

126 1655 371 1733 qratia
390 1656 759 1731 exciderant,
778 1662 835 1719 et
860 1659 1057 1719 tamen
1077 1656 1226 1717 dicit
1244 1682 1264 1715 .-
1290 1654 1373 1719 Si
1395 1654 1727 1729 volueritis,

121 1748 415 1825 potestis
440 1766 544 1809 vos
574 1749 739 1828 ipsos
767 1767 1065 1813 revocare.
1098 1749 1223 1809 Nec
1254 1752 1459 1826 potest
1488 1748 1607 1807 hoc
1634 1766 1734 1807 ex-

130 1839 304 1914 poni
352 1840 433 1899 de
483 1840 613 1901 sola
666 1842 1061 1902 revocatione
1104 1840 1185 1901 ad
1226 1845 1455 1901 statum
1495 1840 1729 1919 gratiae,

132 1932 305 2008 quia
340 1950 459 2010 per
482 1933 603 1993 hoc
630 1952 759 1993 non
788 1934 1111 1995 tolleretur
1140 1934 1473 2012 quominus
1494 1933 1733 2011 priores

125 2025 487 2101 passiones
513 2026 776 2088 fuissent
798 2028 1047 2100 frustra,
1079 2027 1140 2087 id
1164 2034 1279 2099 est,
1308 2026 1459 2105 ipsis
1480 2026 1732 2087 inutiles

128 2123 207 2176 et
258 2118 405 2179 sine
444 2119 686 2193 fructu;
738 2120 1025 2199 intelligit
1070 2138 1220 2199 ergo
1270 2119 1545 2199 potuisse
1592 2120 1731 2180 illos

126 2212 439 2271 revocari
479 2231 593 2291 per
634 2214 1067 2292 poenitentiam
1108 2212 1187 2273 ad
1228 2231 1374 2273 eum
1408 2218 1636 2273 statum
1663 2212 1727 2272 in

1818 1005 2183 1077 rumpatur;
2217 998 2328 1059 sed
2357 1018 2494 1059 eam
2531 998 3060 1077 perseverantiam
3095 998 3377 1075 requirit,

1818 1110 1959 1171 quse
1991 1092 2070 1151 ad
2091 1093 2356 1153 salutem
2383 1092 2890 1171 consequendam
2921 1091 3205 1153 sufficiat.
3228 1092 3380 1153 Cum

1825 1187 1994 1246 euim
2033 1186 2350 1263 Scriptura
2389 1185 2535 1247 dicit
2580 1204 2592 1244 :
2642 1183 2758 1258 Qui
2778 1186 3252 1266 perseveraverit
3275 1204 3384 1247 us-

1817 1296 1927 1359 que
1953 1280 2020 1341 in
2047 1281 2252 1355 finem,
2280 1278 2486 1341 salvus
2512 1276 2650 1349 erit,
2689 1296 2816 1337 non
2848 1276 3133 1357 intelligit
3177 1278 3380 1338 solum

1818 1370 1897 1431 de
1936 1372 2032 1431 his
2073 1372 2176 1451 qui
2213 1377 2340 1431 toto
2385 1376 2664 1448 tempore
2697 1371 2833 1429 vitae
2867 1370 2999 1429 sinc
3025 1370 3204 1450 lapsu
3236 1388 3381 1450 per-

1818 1470 2130 1534 severant,
2151 1464 2260 1525 scd
2283 1464 2359 1523 de
2385 1464 2672 1524 omuibus
2689 1464 2791 1543 qui
2816 1463 3069 1523 finalem
3093 1482 3382 1542 perseve-

1818 1559 2082 1617 rantiam
2105 1564 2544 1636 assequuntur.
2579 1557 2676 1619 Sic
2701 1575 2849 1635 ergo
2865 1556 3205 1617 Concilium
3237 1576 3379 1617 cam

1818 1650 2240 1709 conditionem
2294 1648 2736 1728 perseverandi
2784 1647 3124 1719 intellexit;
3188 1655 3249 1710 et
3297 1648 3381 1710 ad

1816 1742 1936 1803 hoc
1984 1742 2458 1815 declarandum,
2495 1747 2558 1801 et
2585 1742 2926 1802 tollendam
2968 1760 3222 1803 omnem
3263 1742 3381 1803 du-

1814 1835 2183 1896 bitationem
2209 1882 2224 1907 ,
2280 1836 2432 1896 dixit
2483 1836 2544 1894 in
2588 1835 2786 1895 citatis
2827 1840 2888 1895 et
2933 1835 3380 1913 posterioribus

1812 1928 1967 1989 locis
2001 1947 2014 1987 ε
2059 1928 2138 1991 Si
2168 1928 2232 1989 in
2262 1932 2470 2009 qratia
2503 1929 2880 1992 decesserint.
2919 1926 3066 1998 Quae
3107 1928 3376 1989 conditio

1816 2022 2122 2101 expletur,
2156 2020 2396 2083 etiamsi
2428 2026 2564 2099 post
2596 2019 2790 2080 multa
2824 2020 2988 2081 bona
3029 2022 3252 2081 merita
3280 2022 3372 2081 vi·-

1811 2121 1889 2177 1ae
1921 2121 2172 2175 oeternae
2201 2114 2426 2192 aliquis
2455 2113 2800 2173 mortaliter
2827 2116 3067 2192 peccet,
3092 2113 3378 2175 dummo—

126 2322 273 2380 quo
298 2306 513 2382 priora
540 2324 733 2385 opera
756 2307 845 2365 eis
868 2311 1077 2367 essent
1099 2304 1418 2366 fructuosa
1442 2309 1504 2366 et
1527 2306 1721 2366 utilia.

128 2399 357 2475 Atque
390 2398 477 2459 ita
505 2399 809 2460 intellexit
835 2405 963 2460 tam
990 2400 1275 2469 Paulum,
1312 2416 1500 2477 quam
1532 2400 1725 2478 Chry-

128 2498 525 2565 sostomum,
558 2494 1061 2573 Theophylactus
1094 2494 1197 2554 ibi.
1233 2494 1599 2571 Expressius
1623 2512 1724 2553 ve-

128 2602 211 2642 ro
246 2602 447 2663 quam
476 2588 677 2646 caeteri
707 2588 1137 2647 Theodoretus
1182 2606 1195 2647 ε
1246 2586 1393 2649 Non
1420 2604 1535 2666 pro
1574 2586 1721 2666 leffe,

128 2679 253 2739 scd
281 2696 407 2759 pro
436 2676 675 2742 Christo
707 2681 883 2761 passi
910 2680 1057 2744 estis
1082 2706 1107 2753 ;
1143 2679 1247 2761 qui
1288 2685 1486 2743 autem
1518 2678 1723 2742 Claris-

130 2775 279 2832 tum
310 2770 678 2853 reliquistis,
704 2772 861 2835 nihil
887 2791 961 2835 ece
977 2774 1365 2853 passionibus
1394 2771 1598 2835 deinde
1630 2774 1723 2835 lu-

130 2864 475 2941 crifacitis.
522 2864 651 2927 Sed
676 2866 885 2928 bonam
908 2869 1080 2946 'spem
1118 2866 1203 2928 eis
1239 2866 1549 2928 ostendens
1583 2867 1723 2927 sul)-

114 2957 359 3037 junqit
396 2976 408 3016 :
448 2956 527 3019 Si
566 2963 763 3021 tamen
802 2960 931 3021 sine
978 2976 1164 3021 causa
1182 2984 1207 3031 ;
1244 2959 1303 3020 si
1346 2959 1503 3021 enim
1531 2956 1719 3021 cultis

125 3068 389 3113 manere
424 3050 491 3111 in
526 3050 734 3133 pratia
774 3096 789 3122 ,
827 3069 945 3134 pro
981 3050 1200 3115 cestris
1235 3049 1720 3134 perpessionibus

126 3145 470 3206 mercedem
492 3143 819 3225 accipietis.
852 3144 1247 3223 Quapropter
1276 3148 1717 3224 argumentum

126 3235 262 3295 hoc
298 3255 431 3296 non
462 3242 703 3297 tantum
734 3239 1102 3298 auctoritate
1148 3238 1373 3300 horum
1418 3238 1671 3299 Patrum
1694 3281 1711 3310 ,

1810 2208 1891 2269 do
1932 2214 2152 2286 postea
2195 2226 2306 2286 per
2353 2207 2782 2287 poenitentiam
2833 2211 3144 2287 resurgat,
3187 2215 3247 2270 et
3287 2208 3376 2269 sic

1808 2302 2118 2381 poenitens
2147 2300 2468 2359 moriatur.
2765 2320 2774 2329 ·

1886 2397 1947 2455 9.
1995 2396 2083 2453 Ex
2116 2412 2238 2472 quo
2283 2392 2609 2453 manifeste
2650 2393 2929 2453 convinci
2959 2393 3206 2455 videtur
3241 2412 3376 2455 me-

1804 2487 1946 2561 rita,
1995 2506 2108 2565 per
2137 2492 2462 2565 peccatum
2490 2485 2882 2560 mortificata,
2920 2506 3034 2567 per
3063 2486 3374 2567 poenitcn-

1806 2581 1960 2641 tiam
2007 2580 2413 2650 reviviscere,
2460 2579 2608 2657 quia
2654 2579 2946 2639 meritum
2999 2580 3370 2641 reviviscere

1806 2674 1958 2735 nihil
1994 2672 2163 2733 aliud
2199 2678 2312 2743 est,
2353 2688 2544 2749 quam
2597 2670 2661 2730 iu
2693 2672 2796 2731 tali
2843 2678 3008 2733 statu
3055 2674 3366 2747 constitui,

1806 2772 1897 2841 ut,
1938 2766 1986 2826 si
2035 2766 2098 2825 in
2135 2765 2239 2825 illo
2271 2765 2572 2824 moriatur
2601 2765 2812 2837 homo,
2851 2765 3013 2825 illius
3044 2766 3368 2844 praemium

1804 2865 2266 2937 consequatur;
2303 2855 2414 2916 scd
2464 2858 2581 2917 hoc
2632 2856 2702 2916 fit
2748 2876 2862 2935 per
2904 2858 3364 2937 poenitentiam,

1796 2956 1977 3034 juxta
2007 2953 2354 3014 doctrinam
2388 2950 2678 3023 Concilii;
2709 2969 2883 3029 ergo,
2920 2952 3225 3014 Probatur
3251 2954 3369 3014 mi-

1802 3069 1942 3125 nor,
1987 3048 2155 3129 quia,
2199 3046 2414 3126 positis
2457 3045 2748 3106 omnibus
2779 3046 3236 3109 conditionibus
3264 3067 3366 3109 re-

1801 3143 2042 3222 quisitis
2099 3147 2168 3201 ut
2219 3139 2512 3201 meritum
2560 3145 2981 3216 consequatur
3037 3142 3362 3220 praemium

1798 3255 2010 3310 suum,
2043 3253 2172 3295 non
2199 3239 2404 3313 potest
2430 3232 2534 3293 illo
2571 3233 2838 3313 privari3
2875 3233 2986 3294 scd
3017 3254 3129 3314 per
3159 3237 3362 3315 poeni-

1796 3330 2055 3390 tentiam
2101 3326 2494 3388 constituitur
2543 3326 2904 3404 praecedens
2953 3329 3246 3390 meritum
3294 3331 3360 3389 in

1796 3423 1901 3483 tali
1931 3428 2116 3494 statu,
2160 3427 2230 3480 ut
2271 3420 2404 3498 jam
2439 3418 2668 3480 habeat
2710 3436 2930 3480 omnes
2974 3419 3358 3482 conditiones

128 3328 255 3388 sed
285 3329 485 3407 ipsius
512 3329 701 3390 etiam
728 3330 901 3390 Pauli
932 3330 1091 3390 hanc
1132 3330 1456 3390 veritatem
1488 3329 1715 3390 confir-

124 3427 293 3482 mat.
339 3424 497 3483 Nam
522 3422 668 3484 licet
706 3423 900 3484 verba
937 3423 1107 3484 Pauli
1154 3422 1309 3483 alios
1351 3423 1541 3483 etiam
1570 3441 1715 3482 sen-

127 3533 247 3574 sus
280 3516 630 3594 patiantur,
660 3521 876 3578 tamen
901 3517 1002 3577 hic
1034 3523 1126 3578 est
1153 3517 1302 3578 satis
1334 3515 1623 3596 proprius
1652 3521 1712 3576 et
1793 3516 2126 3593 requisitas
2156 3512 2236 3572 ad
2268 3530 2452 3572 suum
2485 3512 2850 3590 p1·atmium;
2883 3530 3030 3572 nam
3077 3513 3172 3573 hae
3208 3532 3358 3574 con-

126 3609 691 3670 ac-commodatus:
726 3615 951 3671 etcum
974 3628 1012 3670 a
1041 3616 1131 3670 tot
1156 3609 1440 3670 Patribus
1468 3627 1708 3670 assera·
1793 3608 2062 3670 ditiones
2085 3612 2330 3668 tantum
2359 3609 2502 3665 sunt
2518 3650 2539 3680 ,
2584 3604 2754 3682 quod
2802 3623 2960 3684 opus
3009 3605 3195 3667 fuerit
3244 3607 3357 3668 bo-

126 3705 259 3772 tur‚
294 3719 427 3762 non
456 3702 588 3764 sine
618 3703 967 3765 temeritate
998 3703 1383 3783 rejiceretur.
1786 3719 1964 3774 num,
1994 3708 2057 3762 et
2091 3699 2172 3759 ab
2203 3698 2456 3759 homine
2478 3696 2840 3777 justificatO,
2879 3701 2940 3758 et
2969 3698 3032 3758 in
3075 3701 3202 3760 Deo
3239 3717 3352 3760 scu

1786 3814 1865 3855 ex
1905 3795 2020 3855 Dei
2050 3793 2246 3874 gratia
2289 3797 2351 3852 et
2392 3790 2620 3851 auxilio
2667 3789 2926 3864 factum,
2963 3809 3101 3870 quae
3141 3793 3349 3854 omnia

1786 3887 2198 3967 supponimus
2225 3883 2521 3944 habuisse
2551 3882 2654 3942 illa
2699 3900 2914 3962 opera,
2952 3901 3090 3963 quae
3132 3887 3348 3969 guorti-

1780 3982 1965 4041 ficata
1991 3980 2261 4039 fuerunt.
2291 3975 2516 4038 Ultima
2542 3993 2690 4036 vero
2718 3976 2989 4037 conditio
3017 3984 3110 4038 est
3135 3982 3203 4039 ut
3231 3979 3347 4040 ho-

1780 4092 1883 4134 mo
1913 4073 1977 4134 in
2013 4071 2210 4152 gratia
2245 4068 2547 4140 decedat3
2581 4073 2644 4130 et
2687 4069 2817 4129 haec
2859 4069 3205 4149 completur
3230 4090 3346 4151 per

215 4170 277 4230 8.
328 4171 535 4230 Tertio
584 4172 899 4250 praecipue
942 4171 1245 4251 probatur
1283 4172 1417 4231 haec
1471 4169 1699 4230 veritas
1777 4165 2246 4246 poenitentiam,
2283 4163 2383 4224 vel
2432 4165 2608 4238 actu,
2644 4160 2693 4222 si
2725 4161 3090 4240 poenitentia
3135 4162 3341 4225 finalis

126 4280 211 4321 ex
245 4263 522 4323 Concilio
556 4263 939 4337 Tridentino,
994 4283 1147 4326 sess.
1192 4265 1255 4338 6,
1294 4282 1431 4343 cap.
1464 4265 1562 4336 16,
1590 4262 1699 4322 ubi
1780 4261 1879 4332 sit,
1919 4258 2018 4319 vel
2061 4256 2442 4336 aptitudine,
2495 4273 2611 4315 seu
2649 4272 2725 4316 ex
2757 4255 2814 4314 vi
2844 4254 2986 4314 talis
3019 4261 3214 4317 status
3237 4303 3252 4330 ,
3287 4256 3338 4318 si

129 4356 251 4431 ait,
296 4355 651 4435 justificatis
678 4357 741 4418 in
770 4359 1034 4433 Christo,
1070 4359 1135 4418 in
1164 4375 1322 4437 quos
1354 4357 1487 4436 ipse
1518 4374 1697 4416 suam
1780 4352 2065 4412 absolute
2103 4350 2180 4411 de
2227 4367 2378 4410 vera
2421 4347 2791 4427 poenitentia
2840 4347 3203 4426 loquamur;
3241 4371 3338 4412 er-

122 4450 429 4509 virtutem
458 4448 679 4522 influit,
729 4454 1032 4530 tanquam
1060 4456 1249 4530 caput
1281 4451 1345 4510 in
1386 4449 1693 4522 membra,
1780 4464 1882 4525 go,
1936 4444 2137 4524 posita
2184 4444 2304 4502 hac
2358 4439 2734 4512 conditione,
2785 4438 2932 4500 talia
2983 4459 3171 4519 opera
3201 4444 3334 4522 jam

124 4543 291 4602 nihil
324 4542 565 4616 deesse,
590 4561 755 4624 quom
708 4567 755 4604 m
761 4544 903 4607 inus
936 4546 1109 4626 plene
1135 4543 1267 4606 illis
1295 4543 1529 4624 quidem
1566 4558 1697 4622 ope·
1779 4542 1927 4598 sunt
1953 4537 2113 4610 viva,
2146 4541 2207 4596 et
2237 4533 2509 4595 efficacia
2533 4531 2614 4592 ad
2643 4533 3153 4638 consequendum
3181 4555 3336 4614 prae-

124 4635 325 4709 ribus,
360 4653 493 4716 quoe
526 4637 595 4698 in
622 4639 745 4700 Deo
788 4644 933 4702 sunt
958 4642 1147 4717 faeta,
1177 4637 1398 4700 dicinoe
1440 4635 1561 4716 leat
1574 4653 1693 4714 pro
1776 4631 1992 4691 mium.
2027 4631 2203 4692 Patet
2232 4625 2716 4704 consequentia,
2752 4625 2896 4704 quia
2935 4633 3158 4704 praetcr
3197 4629 3332 4692 haec

128 4729 321 4808 hujus
344 4731 489 4792 vita·
508 4734 677 4792 statu
700 4732 1087 4808 satisfecisse,
1110 4735 1168 4796 et
1189 4731 1379 4794 vitam
1405 4734 1694 4792 aternam
1776 4725 1796 4803 (
1811 4729 1877 4785 ut
1908 4725 2073 4784 idem
2105 4723 2190 4783 ait
2218 4719 2599 4796 Concilium)
2631 4717 2784 4778 nihil
2815 4718 3083 4797 amplius
3110 4719 3330 4784 deesse

124 4839 235 4882 suo
266 4823 449 4884 etiam
490 4826 768 4904 tempore,
797 4824 855 4886 si
882 4829 1081 4887 tamen
1104 4823 1171 4885 in
1198 4823 1407 4906 qratia
1438 4823 1693 4884 decesse-
1772 4817 2159 4880 credendum
2215 4819 2308 4875 est
2353 4814 2665 4892 justorum
2709 4811 3006 4890 operibus
3015 4859 3038 4890 ,
3078 4820 3147 4875 ut
3175 4835 3332 4894 prae-

122 4914 285 4986 rint,
325 4917 787 4996 consequendam
833 4934 967 4980 vere
993 4914 1398 4997 promeruisse
1421 4933 1693 4978 censean-
1770 4911 1968 4972 mium
2005 4910 2142 4970 vitm
2179 4913 2428 4967 aeternae
2458 4910 2940 4982 consequantur.
2979 4907 3180 4986 Atque
3211 4910 3330 4971 hoc

126 5011 255 5068 tur.
287 5007 362 5067 Et
387 5025 627 5070 canone
658 5011 757 5084 3⁹2,
782 5011 1026 5089 repetit,
1056 5014 1120 5072 et
1147 5009 1263 5069 sub
1294 5009 1689 5069 anathemate
1770 5003 2025 5064 Concilii
2053 4999 2478 5062 testimonium
2510 4997 3005 5058 efficacissimum
3028 5018 3165 5062 esse
3189 5021 3329 5064 cen-

124 5099 373 5173 definit,
419 5101 667 5181 justum
709 5121 819 5182 per
862 5105 1012 5166 bona
1059 5119 1237 5184 opera
1280 5102 1498 5164 mereri
1542 5119 1686 5181 auq—
1770 5116 1902 5171 seo,
1933 5103 1996 5158 et
2023 5115 2100 5156 ex
2126 5094 2233 5154 illo
2264 5091 2634 5154 sumendam
2675 5111 2812 5154 esse
2858 5113 3074 5155 veram
3102 5097 3326 5158 intelli-

125 5199 391 5255 ‘mealum
418 5196 662 5276 qratia,
690 5195 879 5258 citam
906 5200 1215 5270 oeternam,
1246 5201 1303 5258 et
1324 5195 1526 5277 ipsius
1548 5197 1689 5260 vitoe
1772 5191 2050 5272 gentiam
2080 5189 2267 5267 hujus
2295 5185 2589 5246 veritatis.
2625 5185 2800 5246 Prius
2852 5205 3000 5247 vero
3033 5206 3222 5266 quam
3259 5191 3326 5251 il-

128 5292 394 5363 oeternoe,
424 5288 484 5349 si
510 5291 709 5351 tannen
736 5289 805 5351 in
828 5289 1037 5369 qratia
1059 5291 1399 5361 decesserit,
1418 5305 1688 5350 consecu-
1768 5286 1895 5346 lam
1938 5283 2351 5354 declnmmm,
2401 5280 2478 5341 de
2529 5280 2650 5340 alio
2703 5283 2934 5358 puncto
2987 5280 3319 5344 dicendum

127 5379 371 5441 tionem.
410 5381 481 5440 In
512 5379 740 5460 quibus
770 5382 973 5443 verbis
998 5382 1270 5462 primum
1300 5380 1554 5441 adverto
1576 5398 1687 5458 per
1770 5385 1885 5450 est,
1922 5397 1996 5439 ex
2029 5395 2152 5457 quo
2179 5375 2428 5455 propria
2454 5373 2611 5433 ratio
2641 5373 2830 5452 hujus
2855 5375 3130 5436 veritatis
3166 5395 3323 5456 pen-

128 5471 287 5534 hanc
302 5473 791 5536 conditionalem
808 5475 1117 5556 explicare
1144 5474 1485 5537 Concilium
1500 5472 1685 5534 aliam
1768 5472 1893 5534 det.

446 5595 540 5642 11.
2935 5572 3014 5636 29

254 3955 775 4021 Probatur-,etiam
801 3975 874 4020 ecc
901 3954 1161 4020 Concilio
1197 3954 1575 4019 Tridentino.
