3850 6225
515 476 678 540 velle
731 478 902 559 quod
937 485 1046 541 ‘est
1097 478 1401 557 optimum
1449 485 1516 541 et
1571 482 2079 542 convenientissi-

516 583 710 647 mum,
761 570 1122 654 intelligitur
1161 587 1293 634 nou
1339 588 1418 633 ex
1447 580 1626 652 parte
1667 590 1878 635 rerum
1917 584 2077 655 quas

515 666 668 740 wit,
716 664 828 727 sed
869 684 947 727 ex
989 668 1172 747 parte
1214 666 1412 745 ipsius
1458 667 1605 740 Dei,
1641 668 1786 747 quia
1825 686 2079 749 semper

513 758 996 839 prudentissime
1025 774 1099 821 ac
1125 758 1562 822 decentissime
1594 768 1908 841 operatur.
1948 764 2079 841 (vi-

515 852 595 913 de
623 852 974 924 Waldens„
1009 850 1119 913 lib.
1145 854 1188 914 2
1209 852 1406 925 Dect„
1442 870 1496 913 c.
1529 854 1599 914 21
1628 873 1644 927 ;
1679 855 1859 933 Hugo
1889 854 2072 930 vict„

513 944 654 1007 libr.
690 949 716 1006 1
754 946 834 1008 de
863 947 1368 1024 Sacrament.,-p.
1390 948 1451 1018 2,
1473 964 1610 1025 cap.
1641 948 1757 1020 22;
1793 946 1986 1027 Mag„
2010 946 2075 1009 in

517 1039 576 1112 1,
609 1038 671 1099 d.
713 1042 815 1114 44,
863 1044 928 1101 et
971 1039 1055 1100 ihi
1101 1040 1435 1113 Doctores;
1483 1040 1552 1099 D.
1603 1040 1854 1113 Tuom„
1887 1043 1916 1101 1
1978 1058 2069 1119 p.,

515 1138 737 1209 quaest.
770 1132 900 1211 23.)

1045 1306 1198 1372 Vera
1221 1306 1536 1390 capaneia.

589 1506 650 1566 9.
685 1505 984 1584 Superest
1003 1510 1076 1565 ut
1098 1504 1547 1565 concludamus
1565 1520 1820 1566 sensum
1847 1506 2071 1567 verbo-

511 1616 652 1659 rum
687 1595 860 1657 Pauli
885 1610 1055 1671 esse,
1091 1596 1284 1658 Deum
1315 1600 1563 1677 operari
1597 1600 1808 1660 omnia
1843 1616 2073 1660 secun-

511 1690 662 1751 dutn
691 1690 1016 1750 consilium
1075 1691 1434 1762 voluntatis,
1475 1690 1540 1753 id
1591 1698 1686 1752 est
1721 1692 2070 1753 secundum

511 1782 838 1845 consilium
885 1781 1002 1843 sibi
1045 1782 1526 1863 beneplacitum,
1587 1799 1700 1845 seu
1747 1784 2068 1848 voluntate

508 1891 620 1936 sua
658 1882 1070 1955 acceptatum.
1123 1876 1230 1937 Est
1278 1878 1444 1938 enim
1490 1877 1789 1956 frequens
1841 1879 2069 1940 modus

506 1968 803 2048 loquendi
858 1968 1214 2047 Scripturas,
1259 1970 1440 2049 juxta
1489 1972 1770 2049 phrasim
1819 1972 2071 2034 hebrai-

509 2076 669 2135 cam,
700 2067 768 2122 ut
793 2062 930 2122 loco
961 2062 1247 2141 adjectivi
1277 2062 1543 2125 addatur
1570 2065 1738 2125 aliud
1779 2067 2069 2127 substan-

505 2156 699 2215 tivum
729 2156 790 2214 in
830 2156 1103 2234 genitivo
1152 2174 1323 2229 casu,
1355 2165 1424 2218 ut
1472 2158 1554 2218 ad
1593 2159 1824 2221 coloss
1861 2162 1888 2221 1
1927 2180 1944 2218 :
1976 2160 2073 2223 Et

507 2246 829 2311 transtulit
871 2248 941 2310 in
971 2250 1221 2332 reputem
1258 2250 1421 2313 Filii
1459 2252 1796 2315 dilectionis
1824 2270 1972 2328 suoe,
2006 2253 2071 2315 id

507 2346 623 2405 est.
657 2341 772 2401 sibi
801 2340 1203 2403 dilectissimi.
1237 2344 1336 2405 Sic
1379 2362 1530 2423 ergo
1569 2345 1793 2424 opinor
1824 2347 1886 2405 in
1917 2364 2069 2424 prae-

507 2435 664 2495 senti
689 2434 917 2495 dixisse
949 2450 966 2495 :
1000 2434 1341 2499 Secundum
1367 2438 1684 2501 consilium
1709 2441 2064 2516 voluntatis,

503 2526 569 2588 id
594 2532 707 2601 est,
739 2528 1084 2589 secundum
1115 2530 1442 2591 consilium
1473 2530 1587 2591 sibi
1621 2532 2063 2612 voluntarium,

505 2635 616 2683 seu
643 2623 962 2684 voluntate
1013 2640 1126 2683 sua
1154 2624 1236 2685 ad
1281 2625 1744 2705 beneplacitum
1785 2636 2069 2709 accepta-

505 2721 658 2777 tum.
687 2716 764 2777 Et
797 2716 970 2796 juxta
1015 2717 1178 2778 hanc
1218 2718 1792 2799 interpretationem
1830 2724 2065 2801 optime

504 2808 782 2870 declarat
809 2806 1058 2883 Paulae,
1087 2810 1152 2869 in
1191 2828 1265 2871 eo
1292 2811 1461 2889 quod
1485 2812 1726 2875 dixerat
1758 2819 1924 2876 sorte
1949 2834 2066 2877 nos

504 2918 643 2963 esse
697 2908 972 2975 vocatos,
1025 2921 1155 2963 non
1209 2904 1468 2965 indicari
1527 2906 2064 2985 imperfectionem

501 3012 684 3057 casus
725 3002 786 3057 et
828 2996 1290 3076 contingentiae,
1335 2999 1484 3077 quia
1524 3016 1768 3061 summo
1805 3002 2062 3064 consilio

499 3088 732 3152 factum
761 3096 888 3163 est;
935 3090 1048 3151 sed
1079 3090 1323 3152 excludi
1365 3094 1674 3156 rationem
1704 3102 1766 3158 et
1805 3115 2065 3159 causam

502 3197 579 3244 ex
606 3187 783 3262 parte
819 3185 1058 3256 nostra,
1110 3183 1191 3244 ob
1228 3201 1420 3263 quam
1463 3185 1551 3247 sic
1594 3187 1795 3249 vocati
1841 3189 2057 3264 simus,

499 3276 647 3355 quia
669 3275 1172 3337 consiliumillud
1201 3279 1334 3338 solo
1357 3281 1464 3340 Dei
1496 3281 1748 3343 arbitrio
1775 3300 2063 3344 consum-

499 3373 739 3429 matum
769 3374 897 3442 est;
943 3387 1016 3430 ac
1041 3376 1374 3449 propterea
1411 3389 1683 3452 semper,
1729 3375 1795 3435 in
1837 3393 1915 3436 eo
1958 3393 2064 3437 ca-

499 3461 625 3541 pite
655 3467 716 3522 et
746 3461 880 3522 aliis
919 3461 1246 3539 similibus,
1293 3465 1615 3546 conjungit
1659 3467 1887 3529 Paulus
1917 3487 2059 3530 cum

499 3553 707 3618 divina
735 3553 990 3615 scientia
1021 3560 1084 3615 et
1111 3555 1650 3634 praedestinatione
1671 3561 2060 3640 propositum

497 3647 856 3723 voluntatis,
879 3649 1027 3728 quia
1047 3665 1125 3711 ex
1143 3649 1266 3710 hoc
1283 3650 1518 3729 pendet
1539 3654 1743 3714 omnis
1769 3655 2062 3716 determi-

499 3741 669 3802 natio
703 3741 1057 3803 divinorum
1094 3759 1376 3823 operum.
1409 3745 1708 3826 idemque
1745 3749 2063 3812 constituit

497 3833 962 3912 quodammodo
1011 3835 1286 3897 divinam
1333 3837 1661 3900 scientiam
1701 3840 1766 3900 in
1817 3843 2059 3904 ratione

499 3927 769 3988 scientiae
789 3929 1098 4007 practicae,
1125 3945 1239 3991 seu
1261 3932 1746 4010 approbationis,
1773 3940 1843 3995 ut
1861 3935 2061 3996 Theo-

497 4021 623 4103 logi
646 4022 1006 4102 loquuntur.
1039 4023 1242 4104 Atque
1273 4026 1393 4087 hoc
1424 4027 1610 4088 modo
1641 4047 1677 4088 a
1711 4029 1971 4090 consilio
1998 4033 2060 4092 et

499 4116 817 4176 voluntate
846 4115 1054 4177 divina
1094 4119 1491 4196 operationes
1515 4120 1624 4181 Dei
1653 4120 2060 4200 proficiscun-

497 4213 620 4269 tur.
659 4207 860 4290 'Atque
890 4209 1022 4270 haec
1048 4211 1370 4290 expositio,
1415 4211 1561 4274 licet
1591 4212 1711 4274 sub
1755 4215 1876 4276 hae
1915 4233 2061 4278 ver-

497 4300 722 4361 borum
747 4303 946 4362 forma
976 4303 1057 4364 ab
1105 4303 1560 4384 expositoribus
1587 4323 1717 4367 non
1749 4307 2054 4384 tradatur,

499 4399 592 4456 est
636 4401 1057 4458 consentanea
1107 4395 1488 4478 Hieronymo
1531 4407 1594 4461 et
1645 4401 1718 4461 D.
1777 4401 2055 4478 Thomae,

499 4492 656 4566 quos
696 4496 890 4568 supra
925 4489 1106 4550 citavi
1125 4538 1140 4562 ,
1186 4496 1248 4552 et
1275 4490 1736 4570 ChrysostomO,
1771 4494 1984 4556 homil.
2018 4499 2058 4557 2

499 4579 580 4640 ad
621 4577 876 4659 Ephes.,
929 4587 989 4644 et
1027 4581 1168 4643 aliis
1209 4585 1684 4662 expositoribus,
1744 4594 2057 4666 quatenus

497 4671 595 4732 his
618 4672 825 4734 verbis
853 4673 1187 4752 significari
1215 4675 1392 4738 aiunt
1427 4679 1861 4743 rationabilem
1891 4701 1964 4742 ac
1990 4683 2057 4742 li-

497 4765 714 4826 beram
744 4775 882 4828 esse
915 4767 983 4827 in
1026 4767 1154 4829 suis
1195 4769 1487 4849 operibus
1523 4771 1795 4835 divinam
1835 4775 2059 4837 volun-

497 4863 713 4920 tatem.

1117 5007 1334 5061 sssc‘rlo
1367 5009 1430 5062 11.

496 5157 608 5203 Qun
627 5152 770 5198 ‘nm
812 5152 1074 5200 mum·
1114 5151 1210 5202 mr
1253 5156 1570 5203 reserentes
1607 5163 1966 5209 concussiones
1998 5169 2061 5210 tx

837 5234 1082 5276 nnmcn
1113 5237 1378 5278 samum
1409 5238 1715 5280 ιιιοωπυι.

579 5409 638 5466 1.
687 5405 1081 5486 Quanquam,
1109 5413 1180 5468 ut
1213 5407 1360 5484 dixi,
1393 5410 1456 5470 in
1499 5411 1808 5490 praedictis
1847 5415 2059 5476 verbis

501 5499 694 5573 Pauli,
723 5499 812 5560 sie
835 5499 1180 5575 intellectis,
1207 5503 1404 5564 multa
1428 5505 1730 5586 principia
1751 5505 1900 5570 fidei
1921 5508 2061 5570 fun-

1025 374 1234 431 OPUSC.
1273 376 1354 430 IV.
1391 373 1694 431 nunerio
1727 375 1808 431 m:
1844 372 2190 433 Lmssnm'rfi
2222 375 2613 432 votnm-Am
2642 376 2894 434 BWINAE.
2929 376 3167 434 ntsm'r.
3202 382 3240 434 l.

2158 481 2291 543 dari
2328 480 2593 560 possint,
2628 483 2691 540 et
2730 480 2922 541 ‘variae
2970 482 3341 560 questiones
3376 486 3437 541 et
3464 486 3659 546 conclu-

2158 573 2367 635 siones
2410 572 2807 651 'theologicae
2854 590 2932 633 ex
2982 573 3221 635 eisdem
3259 574 3490 653 possint
3530 580 3662 641 suffi-

2158 668 2359 728 ciente
2404 664 2777 727 certitudine
2812 665 3079 740 definiri,
3128 684 3269 746 quoe
3320 666 3401 727 ad
3442 668 3661 733 divinam

2158 759 2517 830 scientiam,
2570 758 2956 819 voluntatem
3010 778 3086 820 ac
3138 759 3475 839 potentiam
3518 767 3663 841 peni.

2154 858 2339 925 nent,
2394 852 2543 931 quia
2589 868 2739 911 vero
2784 852 2995 912 omnia
3038 868 3207 912 nunc
3254 855 3530 931 persequi
3566 874 3662 918 non

2154 960 2514 1023 possumne,
2542 949 2607 1005 ‘et
2633 944 2950 1023 praecipua
2980 943 3247 1005 intentio
3272 950 3479 1005 nostra
3502 954 3579 1008 est
3596 950 3661 1009 di·

2156 1050 2299 1099 cere
2342 1036 2423 1098 de
2448 1036 2737 1097 libertate
2760 1036 2987 1097 divinae
3023 1037 3387 1111 voluntatis,
3416 1037 3539 1099 ideo
3572 1058 3661 1102 ca-

2154 1136 2289 1193 tera
2322 1130 2534 1192 omnia
2557 1130 2624 1190 in
2656 1130 2935 1192 sectione
2964 1131 3084 1192 hac
3121 1130 3393 1193 breviter
3424 1130 3661 1197 iudicahi-
3755 1172 3756 1177 κ

2152 1241 2315 1378 ΜΞ
2342 1318 2533 1381 Deum
2555 1332 2667 1397 per
2692 1317 3064 1381 intellectum
3088 1318 3349 1398 operm-i.
3380 1348 3459 1365 -
3494 1322 3659 1400 ltaque

2156 1424 2234 1471 ex
2262 1410 2361 1470 his
2382 1410 2591 1471 verbis
2618 1410 2928 1472 habemus
2962 1411 3191 1491 prinmo,
3212 1412 3516 1492 quidquid
3538 1416 3660 1475 Deus

2154 1506 2327 1563 extra
2358 1517 2425 1563 se
2448 1512 2769 1581 operatur,
2792 1518 2909 1582 per
2926 1504 3313 1567 intellectum
3336 1512 3397 1567 et
3414 1507 3660 1568 rationem
3755 1518 3756 1521 ’

2154 1596 2421 1673 operari.
2448 1596 2539 1655 Itu
2568 1596 2873 1676 colligunt
2898 1614 2977 1657 ex
3000 1596 3100 1659 his
3123 1599 3335 1659 verbis
3355 1600 3662 1678 Chrysosto-
3755 1614 3756 1617 ’

2152 1706 2315 1762 muS,
2348 1690 2790 1769 Hieronymus,
2819 1691 2889 1750 D.
2930 1692 3227 1765 Thomas,
3264 1696 3333 1753 et
3358 1695 3545 1754 aeteri
3566 1712 3661 1755 om-

2149 1798 2265 1842 nes
2300 1783 2706 1861 expositores,
2738 1782 2885 1861 quia
2910 1784 3172 1844 verbum
3196 1785 3378 1857 illud,
3395 1790 3659 1849 secundun

2148 1876 2493 1950 consutum,
2524 1876 2689 1935 hanc
2716 1876 2841 1935 vim
2884 1876 3097 1951 habet,
3126 1876 3387 1950 scilicet,
3428 1880 3575 1957 quod
3594 1880 3661 1940 di-

2148 1966 2293 2027 vina
2336 1984 2528 2046 opera
2572 1968 2759 2046 plena
2804 1974 2951 2029 sunt
2994 1971 3239 2031 ratione
3278 1978 3345 2031 et
3387 1974 3656 2050 sapientia,

2148 2074 2361 2137 quam,
2402 2066 2473 2119 ut
2522 2059 2785 2138 Sapiens
2824 2060 2999 2135 dixit,
3052 2062 3277 2142 effudit
3323 2064 3479 2125 Dan
3524 2081 3661 2145 supa·

2148 2152 2353 2214 omnia
2400 2168 2581 2232 opera
2628 2170 2766 2226 m,
2806 2153 3161 2215 Ecclesiast.
3218 2160 3247 2215 1
3264 2200 3279 2215 .
3324 2158 3459 2217 Hoec
3494 2164 3659 2217 tamen

2146 2246 2397 2319 veritae,
2426 2246 2741 2321 nimirum,
2768 2248 2939 2326 quod
2964 2248 3133 2309 Deus
3160 2251 3377 2310 omnia
3402 2268 3507 2329 per
3526 2252 3659 2312 intel-

2148 2338 2381 2399 lectum
2408 2345 2725 2417 operetur,
2766 2356 2893 2400 non
2922 2342 3125 2402 solum
3156 2342 3291 2403 fide
3318 2348 3553 2415 constat,
3574 2344 3658 2404 sed

2150 2433 2341 2492 etiam
2378 2432 2623 2493 ratione
2660 2435 2929 2495 naturali
2956 2436 3258 2515 cognosci
3298 2442 3509 2516 potest,
3532 2454 3655 2496 eam·

2148 2542 2273 2603 que
2312 2527 2445 2588 fere
2492 2542 2713 2589 omnes
2743 2528 3097 2608 Philosophi
3126 2538 3554 2610 cognoverunt.
3578 2532 3655 2591 Est

2147 2626 2361 2681 tamen
2386 2620 2676 2698 quasdam
2716 2622 2991 2683 notanda
3018 2622 3395 2697 differentia,
3420 2623 3563 2701 quod
3592 2623 3651 2683 illi

2146 2712 2229 2774 ad
2274 2730 2589 2774 summum
2634 2720 3063 2795 coguoverunt
3102 2716 3307 2777 Deum
3352 2720 3653 2795 operantem

2144 2824 2261 2887 per
2284 2809 2689 2882 intellectum,
2714 2813 2783 2870 ut
2802 2808 3102 2870 artificem
3124 2810 3653 2889 proeconcipientem

2144 2900 2211 2960 in
2234 2916 2301 2961 se
2326 2901 2601 2962 rationes
2620 2902 2926 2977 omnium,
2956 2919 3097 2983 quoe
3124 2922 3243 2983 per
3264 2903 3655 2965 suam-faculta-

2144 2999 2273 3054 tem
2315 3002 2632 3073 operatur.
2669 2997 2760 3057 De
2818 2995 3077 3057 consilio
3117 3002 3339 3057 autem
3366 2996 3551 3056 divino
3580 2996 3656 3054 vix

2144 3086 2465 3166 quidpiam
2484 3088 2674 3150 locuti
2695 3094 2857 3161 sunt,
2878 3090 3027 3169 quia
3042 3090 3373 3152 consilium
3390 3088 3655 3170 proprium

2144 3184 2239 3242 est
2266 3183 2404 3260 ejus
2430 3183 2535 3262 qui
2570 3200 2684 3243 sua
2725 3189 3031 3264 potestate
3068 3191 3177 3246 aut
3204 3192 3345 3248 arte
3372 3185 3544 3246 libere
3570 3183 3656 3244 ufi-

2142 3281 2265 3334 tur.
2291 3275 2467 3336 Hunc
2498 3281 2709 3337 autem
2735 3295 2921 3338 usum
2946 3277 3215 3339 liberum
3244 3279 3351 3339 vix
3374 3281 3655 3358 potuerunt

2145 3368 2500 3449 Philosophi
2530 3369 2913 3449 conjungere
2942 3389 3087 3432 cum
3116 3371 3333 3432 divina
3358 3369 3655 3432 immutabi-

2142 3461 2335 3523 litate.
2376 3463 2451 3523 Et
2490 3462 2633 3524 ideo
2670 3465 2877 3542 potius
2904 3464 2985 3525 de
3022 3465 3131 3526 illa
3164 3466 3497 3544 loquuntur
3518 3469 3575 3524 ut
3598 3480 3653 3523 ex
3755 3499 3756 3502 =

2140 3553 2517 3616 necessitate
2541 3601 2562 3632 ‚
2612 3563 2723 3618 aut
2770 3562 3013 3618 naturae
3068 3558 3312 3638 impetu
3360 3563 3651 3638 operante,

2142 3663 2331 3728 quam
2364 3667 2443 3709 ex
2472 3649 2753 3723 consilio,
2783 3651 3105 3714 voluntate
3134 3659 3197 3714 et
3230 3651 3649 3713 deliberatione.

2140 3743 2208 3803 In
2253 3759 2378 3822 quo
2424 3761 2637 3804 errore
2681 3745 2857 3806 multi
2892 3751 3114 3824 putant
3152 3753 3465 3807 versatum
3502 3743 3652 3803 fuisse

2141 3836 2559 3897 Aristotelem.
2594 3837 2722 3898 Sed
2748 3837 2829 3898 de
2858 3839 2984 3900 hoc
3004 3838 3176 3899 alibi.
3212 3839 3439 3900 Paulus
3464 3843 3647 3908 autem,

2140 3945 2503 4008 supponens
2542 3929 2607 3991 id
2652 3929 2823 4009 quod
2854 3931 3255 3992 notissimum
3300 3941 3471 4007 erat,
3508 3928 3651 3990 nimi-

2136 4033 2302 4096 rum,
2328 4021 2602 4084 divinam
2623 4024 2998 4101 sapientiam
3022 4026 3310 4086 omnium
3332 4041 3527 4088 rerum
3546 4037 3649 4083 esse
3755 4059 3756 4114 3

2138 4114 2467 4190 artificem,
2494 4122 2565 4177 ut
2588 4116 2777 4177 etiam
2802 4116 3029 4178 dieitur
3050 4119 3332 4197 Sapient.
3358 4123 3417 4192 7,
3442 4117 3502 4178 id
3520 4111 3648 4193 quod
3755 4135 3756 4174 ;

2138 4208 2443 4269 occultius
2468 4215 2622 4284 erat,
2650 4215 2713 4270 et
2736 4209 2819 4270 ad
2848 4225 3105 4271 eausam
3130 4212 3405 4273 maxime
3432 4209 3648 4290 pertine-
3755 4211 3756 4214 ’

2136 4299 2271 4375 but,
2300 4301 2377 4362 de
2406 4316 2533 4380 qua
2556 4302 2890 4379 tractabat,
2924 4303 3159 4378 docuit,
3200 4305 3452 4377 scilieet,
3490 4303 3647 4363 Deum

2138 4393 2201 4455 in
2232 4395 2361 4456 suis
2394 4396 2693 4474 operibus
2714 4413 2845 4458 non
2874 4399 3141 4460 naturali
3168 4399 3542 4468 necessitate,
3564 4391 3649 4454 aad
3755 4393 3756 4450 J

2134 4493 2309 4548 certo
2348 4489 2609 4550 consilio
2646 4490 2711 4550 et
2738 4489 2981 4552 ratione
3012 4491 3182 4566 duci,
3228 4511 3353 4554 non
3388 4495 3647 4572 quatenus

2138 4581 2465 4642 consilium
2510 4582 2923 4645 mutationem
2966 4586 3067 4646 vel
3118 4585 3560 4664 inquisitionem
3597 4581 3647 4640 in

2126 4674 2321 4735 mobis
2362 4675 2655 4750 includit,
2698 4678 2811 4739 sed
2852 4683 3164 4758 quatenus
3208 4680 3376 4740 claro
3418 4685 3477 4740 et
3512 4679 3647 4737 certo

2130 4766 2264 4845 judi
2272 4769 2367 4829 cio
2408 4771 2703 4848 proponit
2740 4771 2804 4832 id
2840 4772 3013 4852 quod
3052 4773 3367 4853 agendum
3406 4777 3522 4844 est,
3564 4772 3647 4828 aut

2138 4872 2327 4940 agere
2361 4869 2665 4941 oporteat.

2222 4955 2255 5015 3
2265 4998 2282 5013 .
2322 4953 2517 5018 Deum
2530 4973 2657 5020 esse
2670 4959 3143 5040 omnipotentem.
3162 4991 3246 5006 -
3262 4957 3531 5022 Secundo
3554 4955 3649 5016 col-

2140 5045 2355 5126 ligitur
2408 5065 2487 5108 ex
2528 5049 2707 5113 dietis
2739 5053 2948 5114 verbis
2991 5055 3185 5128 Pauli,
3226 5055 3421 5116 Deum
3453 5054 3511 5113 in
3542 5050 3647 5110 suis

2138 5139 2434 5219 operibus
2458 5158 2703 5205 summa
2728 5147 2817 5207 uti
2836 5153 3164 5226 potestate,
3198 5164 3385 5228 quam
3404 5145 3647 5222 omnipo-

2136 5233 2397 5294 tentiam
2432 5237 2842 5316 appellamus.
2878 5241 2982 5302 Sic
3022 5241 3257 5321 eollifflt
3282 5244 3351 5304 D.
3386 5241 3645 5314 Hierony·

2138 5341 2283 5386 mus
2320 5327 2385 5388 in
2418 5330 2713 5392 eumdem
2740 5332 2943 5393 locum
2976 5333 3230 5396 dicens:
3266 5333 3381 5409 Qui
3404 5334 3646 5415 operam

2138 5419 2341 5484 mnia
2390 5423 2712 5486 reundum
2770 5427 3088 5488 censuim
3139 5427 3459 5492 tolum&
3506 5435 3637 5494 Μ,

2138 5515 2299 5593 quod
2328 5515 2559 5578 seilicet
2594 5520 2653 5578 et
2671 5520 2907 5583 ratione
2923 5521 3105 5602 piena
3130 5522 3277 5597 sint,
3308 5527 3363 5585 et
3392 5519 3639 5602 potestate
3755 5521 3756 5524 ’
