3850 6225
518 343 636 406 222

518 445 830 529 Quidquid
855 452 1070 508 tamen
1097 445 1178 508 de
1202 444 1322 506 hoc
1351 446 1568 508 ultimo
1598 447 1699 518 sit,
1731 445 1902 525 quod
1934 463 2082 506 mox

515 543 864 605 videbimus
883 585 900 614 ,
933 547 1156 602 caetera
1192 540 1400 600 omnia
1439 557 1580 620 quae
1611 539 1916 615 diximus,
1950 556 2081 599 non

519 643 664 699 sunt
695 634 1186 715 reprehensione
1209 633 1400 714 digna
1419 677 1436 707 ,
1485 633 1598 694 sed
1625 652 1794 708 vera,
1825 639 1890 693 et
1914 633 1983 694 in
2012 650 2079 696 re

517 731 654 810 ipsa
695 727 1054 794 necessario
1093 727 1176 788 ab
1223 727 1516 788 omnibus
1555 726 1982 799 concedenda,
2026 725 2077 786 si

515 823 686 886 vocis
713 821 1090 902 ambiguitas
1117 839 1230 882 seu
1261 819 1671 902 aequivocatio
1695 820 1950 882 tollatur
1969 864 1984 891 ,
2018 824 2079 880 et

517 935 648 978 non
681 916 923 988 efficax,
965 915 1078 977 sed
1119 914 1396 976 efficiens
1421 915 1620 994 gratia
1647 913 1908 974 dicatur.
1944 912 2082 974 Cla-

518 1028 658 1070 rum
689 1014 783 1070 est
813 1007 979 1070 enim
1006 1025 1188 1088 posse
1214 1007 1298 1068 ita
1326 1006 1742 1082 denominari,
1769 1012 1832 1068 et
1854 1024 2080 1068 secuu-

517 1103 669 1164 dum
719 1120 862 1164 eam
927 1100 1500 1163 denominationem
1564 1099 1882 1162 verissima
1948 1117 2085 1162 esse

519 1196 729 1258 omnia
763 1211 904 1274 quae
945 1194 1109 1255 dicta
1157 1199 1322 1254 sunt.
1371 1194 1448 1254 At
1485 1211 1656 1268 vero,
1693 1192 1900 1272 quoad
1932 1211 2089 1271 prae-

519 1291 747 1351 dictam
818 1287 1392 1350 denominationem
1457 1286 1727 1348 efficacis
1805 1285 2023 1364 gratiae
2066 1329 2085 1356 ,

519 1382 802 1444 existimo
855 1382 988 1443 sine
1036 1380 1229 1446 dubio
1280 1397 1409 1442 non
1458 1397 1596 1442 esse
1641 1379 1786 1440 inde
1835 1379 2085 1441 desum-

517 1483 714 1556 ptam,
745 1479 931 1555 prout
955 1481 1050 1536 est
1077 1475 1142 1535 in
1171 1493 1288 1534 usu
1310 1473 1794 1554 Theologorum,
1827 1479 2085 1552 propter

517 1589 592 1632 ea
621 1588 758 1650 quae
787 1568 1095 1647 superine,
1127 1585 1266 1647 cap.
1301 1569 1364 1642 6,
1401 1567 1601 1648 tetigi,
1643 1567 1898 1639 scilicet,
1932 1565 2082 1645 quia

516 1683 635 1725 nec
659 1663 1010 1744 proprietas
1035 1661 1204 1722 vocis
1231 1661 1423 1722 habet
1451 1667 1520 1722 ut
1545 1660 1852 1738 significet
1879 1660 2083 1722 solam

515 1757 828 1819 actualem
877 1755 1210 1827 actionem,
1261 1754 1373 1816 sed
1422 1754 1760 1834 specialem
1803 1754 2083 1834 aliquam

517 1853 644 1912 vim
683 1848 876 1929 ipsius
925 1849 1234 1928 principii,
1277 1854 1346 1909 ut
1387 1854 1628 1910 constat
1672 1867 1750 1909 ex
1791 1847 2083 1926 omnibus

519 1945 748 2007 Latinis
781 1943 1160 2006 auctoribus.
1191 1945 1348 2004 Item
1375 1943 1522 2021 quia
1552 1944 1684 2004 haec
1712 1942 2084 2004 denomina-

517 2040 606 2100 tio
635 2038 848 2118 gratiae
883 2037 1152 2098 efficacis
1175 2036 1294 2096 sub
1317 2037 1414 2097 his
1441 2035 1798 2098 nominibus
1825 2054 1955 2098 non
1982 2054 2080 2096 re-

518 2133 757 2213 peritur
781 2132 848 2192 in
887 2149 1064 2192 sacra
1099 2131 1442 2209 Scriptura,
1485 2129 1595 2190 sed
1635 2147 1714 2190 ex
1751 2129 2081 2208 Augustini

515 2225 798 2287 doctrina
839 2223 1110 2303 primum
1153 2223 1486 2302 desumpta
1531 2229 1647 2284 est.
1695 2223 2083 2302 Augustinus

517 2325 752 2391 autem,
787 2335 980 2397 quum
1009 2318 1086 2380 de
1111 2317 1322 2396 gratiae
1347 2316 1622 2378 efficacia
1649 2314 1945 2394 loquitur,
1976 2314 2083 2376 ali-

517 2412 670 2492 quid
699 2412 966 2491 amplius
994 2411 1128 2472 sine
1158 2409 1348 2472 dubio
1382 2409 1682 2480 intendit,
1712 2413 1782 2468 ut
1814 2427 1892 2470 ex
1919 2408 2086 2470 testi-

517 2506 746 2566 moniis
775 2506 932 2583 ejuS,
980 2522 1118 2582 quae
1145 2504 1332 2564 citato
1363 2502 1499 2564 loco
1528 2501 1820 2574 indicavi,
1867 2507 1931 2564 et
1958 2513 2084 2562 sta-

515 2600 630 2662 tim
656 2599 842 2660 latius
879 2597 1157 2670 efferam,
1185 2601 1448 2658 constat.
1481 2597 1602 2656 Res
1627 2599 1862 2668 autem,
1889 2614 2081 2676 quam

517 2709 634 2774 per
659 2693 862 2772 ipsam
891 2707 1112 2752 vocem
1141 2688 1492 2769 significare
1523 2689 1656 2767 ipse
1693 2689 1922 2764 voluit,
1956 2707 2085 2749 ma-

519 2803 714 2865 gnum
735 2783 924 2846 habet
949 2783 1012 2842 in
1033 2782 1364 2862 Scripturis
1387 2781 1890 2855 fundamentum,
1915 2781 2085 2861 quod

516 2879 584 2941 in
613 2876 898 2956 sequenti
927 2877 1128 2955 capite
1157 2875 1468 2954 copiosius
1490 2876 1918 2937 tractabimus.

597 2973 658 3032 4.
704 2970 951 3034 Partim
993 2976 1048 3032 ec
1070 2967 1362 3051 proprius
1391 2969 1603 3032 modus
1637 2968 1864 3032 ausilii
1891 2969 2087 3048 effica-

517 3065 628 3131 cis.
673 3095 757 3113 -—
795 3064 1002 3126 Tertio
1045 3063 1234 3145 igitur
1271 3062 1458 3133 modo
1499 3067 1703 3142 potest
1742 3061 1943 3144 gratia
1980 3079 2087 3141 ap-

517 3159 736 3239 pellari
776 3158 1016 3231 efficax,
1063 3176 1188 3219 non
1221 3158 1424 3219 solum
1459 3157 1605 3237 quia
1651 3156 1931 3217 effectiva
1966 3162 2081 3230 est,

517 3270 728 3332 neque
759 3252 962 3315 solum
985 3251 1133 3331 quia
1164 3255 1308 3317 actu
1329 3250 1549 3322 efficit:
1585 3249 1695 3313 sed
1715 3250 1862 3329 quia
1883 3250 1969 3311 ita
1992 3255 2085 3311 est

519 3346 826 3419 effectiva,
864 3351 936 3406 ut
964 3362 1214 3423 semper
1250 3344 1481 3405 habeat
1506 3342 1911 3405 infallibiliter
1942 3362 2087 3403 con-

511 3443 798 3522 junctam
839 3439 1152 3501 actualem
1198 3438 1612 3499 effectionem.
1653 3439 1746 3501 Ita
1763 3444 1852 3499 -ut
1885 3438 2087 3518 gratia

521 3536 740 3597 efficax
764 3534 864 3608 sit,
898 3550 1038 3612 quse
1067 3531 1470 3594 infallibiliter
1497 3538 1796 3612 operatur
1823 3550 2087 3593 consen-

521 3646 663 3687 sum
715 3632 778 3688 et
823 3632 1034 3686 actum
1079 3624 1622 3704 supernaturalem
1667 3625 1938 3686 hominis
1958 3670 1974 3697 ,
2026 3629 2088 3685 et

519 3723 981 3798 consequenter
1021 3718 1210 3797 etiam
1252 3716 1401 3779 facit
1438 3722 1506 3777 ut
1541 3718 1674 3799 ipse
1712 3718 1902 3779 homo
1945 3735 2091 3781 con-

521 3813 751 3875 sentiat
777 3816 842 3875 ει
882 3817 1196 3890 operetur.
1241 3810 1374 3883 Quo
1409 3810 1480 3873 fit
1517 3816 1588 3873 ut
1623 3810 1687 3873 in
1725 3810 1844 3872 hac
1883 3809 2087 3890 gratia

517 3906 754 3969 efficaci
773 3924 902 3967 non
924 3904 1154 3967 debeat
1169 3904 1512 3967 formaliter
1532 3904 1762 3969 includi
1785 3905 2085 3967 auxilium

518 3999 695 4075 illud,
751 3998 923 4079 quod
975 4002 1070 4059 est
1119 4016 1231 4077 per
1279 3997 1542 4059 modum
1593 4016 1960 4073 concursus,
2016 4004 2087 4059 ut

519 4094 710 4157 etiam
755 4110 894 4171 cap.
962 4094 1002 4155 6
1044 4091 1170 4153 dixi
1210 4110 1226 4164 ;
1287 4092 1375 4153 sic
1424 4092 1592 4153 enim
1640 4091 1821 4153 fieret
1861 4110 2083 4155 seusus

521 4188 926 4267 compositus,
973 4186 1251 4265 nihilque
1291 4185 1465 4247 aliud
1505 4185 1838 4259 diceretur,
1889 4204 2083 4266 quam

521 4282 813 4362 gratiam,
845 4296 988 4360 quse
1013 4286 1158 4341 actu
1189 4285 1504 4358 operatur,
1543 4278 1943 4343 infallibiliter
1970 4280 2083 4341 ha—

517 4374 670 4435 bere
701 4374 1098 4453 conjunctam
1127 4372 1458 4447 actionem,
1509 4390 1620 4435 seu
1649 4352 2083 4453 oper-'ationem

520 4468 824 4539 hominis;
869 4472 1057 4545 atque
1087 4464 1171 4527 ita
1205 4466 1362 4527 nihil
1389 4466 1562 4527 aliud
1586 4473 1752 4529 esset
1791 4466 1922 4529 haec
1956 4466 2083 4527 effi-

519 4559 716 4633 cacia,
739 4576 934 4639 quam
959 4558 1220 4621 actualis
1246 4558 1600 4633 efficientia,
1625 4560 1788 4620 utin
1805 4558 2083 4621 secundo

517 4652 806 4713 membro
845 4648 1080 4712 dictum
1115 4658 1230 4713 est.
1267 4651 1464 4731 Igitur
1487 4652 1686 4733 gratia
1715 4650 1937 4713 efficax
1962 4650 2083 4714 for-

518 4744 766 4807 maliter
819 4744 1254 4807 constituenda
1309 4751 1406 4808 est
1457 4744 1520 4805 in
1573 4744 1782 4823 aliquo
1823 4743 2078 4814 auxilio,

519 4838 689 4918 quod
719 4838 796 4901 sit
829 4856 944 4918 per
969 4838 1231 4899 modum
1255 4838 1568 4918 principii,
1612 4837 1784 4917 quod
1821 4838 1963 4899 ideo
1994 4837 2082 4897 di-

519 4932 678 4993 citur
710 4932 930 4995 efficax
949 4977 965 5005 ,
999 4932 1149 5010 quia
1192 4930 1597 4993 infallibiliter
1643 4949 1858 4993 secum
1899 4931 2083 4993 affert

518 5026 830 5091 actionem
850 5070 866 5099 ,
915 5030 975 5086 et
1004 5030 1464 5103 consequenter
1491 5025 1680 5085 etiam
1709 5024 1900 5085 habet
1932 5043 2082 5086 con-

510 5120 802 5198 junctum
837 5118 1084 5181 actuale
1113 5118 1449 5192 auxilium,
1483 5117 1653 5195 quod
1685 5123 1782 5179 est
1809 5136 1923 5196 per
1948 5136 2081 5179 mo-

516 5211 669 5273 dum
711 5229 1052 5273 concursus
1072 5256 1088 5284 ‚
1121 5216 1184 5272 et
1212 5210 1720 5290 cooperationem
1747 5211 1935 5271 etiam
1973 5230 2082 5271 vo-

515 5304 793 5367 luntatis.
833 5304 990 5366 Hinc
1030 5305 1416 5386 Augustinus
1451 5304 1611 5366 hanc
1645 5303 1912 5383 gratiam
1950 5304 2083 5365 effi-

517 5414 732 5472 cacem
771 5396 834 5457 in
878 5396 1154 5476 quadam
1197 5396 1520 5457 vocatione
1551 5396 1868 5457 constituit
1887 5440 1905 5468 ,
1944 5414 2082 5475 quae

515 5488 600 5553 ad
627 5490 894 5569 gratiam
919 5494 1288 5571 operantem
1315 5490 1608 5569 pertinet,
1653 5506 1778 5568 qua
1807 5488 1972 5551 Deus
1994 5489 2079 5551 ita

1361 343 1571 398 OPUSG.
1607 343 1646 406 1,
1681 343 1797 398 Lm.
1831 345 1920 399 111.
1954 345 2035 400 DE
2066 345 2342 400 Auxtuts
2374 347 2611 402 ntvmAE
2638 345 2906 403 anum.

2162 446 2485 510 hominem
2510 453 2713 522 vocat,
2742 453 2807 510 et
2839 449 2905 508 in
2933 446 3037 510 illo
3064 447 3153 510 ita
3180 455 3487 527 operatur,
3526 459 3583 516 ut
3602 457 3653 518 il·
3771 463 3773 488 ἓ

2160 538 2293 600 lum
2332 541 2578 620 operari
2618 547 2681 602 et
2720 540 3073 602 consentire
3114 541 3320 604 faciat.
3367 543 3505 604 Cum
3532 550 3653 610 enim
3771 531 3773 604 ῗ

2160 633 2331 696 Deus
2366 678 2383 708 ,
2436 653 2550 714 per
2590 635 2982 698 vocationem
3022 653 3133 698 seu
3180 643 3525 715 operantem
3559 661 3654 721 gm-

2162 727 2348 801 tiam‚
2381 733 2679 808 operetur
2714 729 2777 790 in
2824 729 3006 790 nobis
3034 735 3105 789 ut
3128 728 3422 804 velimus,
3462 736 3655 809 quando
3771 801 3773 804 ,

2161 822 2267 883 tali
2299 823 2486 885 modo
2514 823 2581 886 id
2610 830 2907 904 operatur
2932 824 3200 898 vocatio,
3232 829 3301 886 ut
3328 824 3659 892 infallibiliter

2162 915 2225 976 id
2254 923 2661 996 assequatur,
2708 918 2931 979 merito
2966 917 3107 978 talis
3136 918 3335 998 gratia
3366 919 3559 980 efficax
3580 942 3660 1002 ap-
3771 959 3773 962 >

2161 1007 2464 1086 pellatur-3
2514 1027 2663 1070 nam
2690 1011 2759 1072 in
2796 1029 2911 1072 suo
2938 1028 3175 1090 genere
3196 1057 3213 1083 ‚
3262 1028 3375 1072 seu
3404 1009 3497 1072 illo
3522 1016 3659 1077 modo

2169 1118 2292 1179 quo
2323 1101 2490 1162 Deus
2518 1119 2631 1182 per
2659 1103 2823 1165 hanc
2850 1104 3117 1182 gratiam
3142 1103 3291 1164 facit
3331 1109 3401 1164 ut
3420 1105 3659 1180 velimus,

2168 1194 2552 1274 singularem
2580 1196 2773 1258 hahet
2800 1197 3142 1258 efficaciam
3173 1242 3189 1271 ,
3234 1202 3297 1258 et
3324 1195 3465 1258 ideo
3497 1203 3663 1262 merito

2168 1287 2391 1354 efficax
2432 1291 2789 1370 appellatur
2828 1291 3007 1369 (Vide
3052 1291 3395 1370 Stapleton.
3420 1337 3435 1362 ‚
3475 1292 3513 1352 1.
3555 1296 3583 1354 3
3610 1296 3663 1356 de

2166 1381 2335 1448 Grst.
2372 1390 2435 1445 et
2460 1383 2569 1446 lib.
2602 1383 2766 1458 arb„
2796 1401 2855 1446 c.
2884 1385 2947 1458 6,
2976 1384 3110 1446 etl.
3138 1386 3203 1458 4,
3234 1402 3376 1464 cap.
3404 1385 3485 1464 8).

2354 1537 2533 1598 Mens
2562 1533 2897 1618 Aumtini
2926 1536 2995 1599 de
3022 1535 3256 1600 amilio
3285 1535 3528 1617 efficaci.

2244 1665 2303 1726 5.
2352 1662 2531 1738 Quod
2568 1669 2776 1726 autem
2816 1662 3029 1742 aliqua
3064 1663 3269 1742 gratia
3308 1681 3559 1742 operans
3588 1684 3669 1726 seu

2164 1758 2405 1820 vocatio
2432 1755 2795 1836 hujusmodi
2822 1755 2922 1828 sit,
2962 1755 3173 1818 multis
3209 1754 3367 1816 locis
3390 1755 3554 1816 docet
3584 1759 3670 1818 Au·

2164 1851 2485 1930 gustinus;
2516 1848 2697 1928 epist.
2733 1851 2847 1912 107
2878 1867 2893 1908 ε
2943 1848 3183 1915 vocatio
3212 1848 3457 1926 (inquit)
3494 1849 3591 1910 illa
3606 1853 3671 1912 al-

2164 1951 2253 2019 ta,
2283 1951 2461 2025 atque
2480 1947 2734 2014 sacrm,
2763 1942 2854 2006 cic
2878 1939 3009 2023 wit
3032 1958 3299 2013 semum,
3326 1945 3395 2004 ut
3412 1958 3673 2004 accommo-

2163 2038 2261 2101 det
2304 2053 2666 2108 memum;
2710 2041 2773 2096 et
2804 2035 3107 2098 Praedest.
3156 2035 3399 2106 Senot„
3432 2053 3553 2113 cap.
3580 2037 3668 2096 16:

2166 2129 2405 2206 Omnes,
2436 2128 2541 2210 φη·
2570 2129 2727 2192 naxo
2744 2129 3109 2194 vocationem
3132 2129 3461 2208 recipiunt,
3480 2145 3585 2190 em
3604 2130 3673 2190 do·

2164 2225 2371 2288 cimas
2398 2224 2535 2297 Dei,
2582 2240 2893 2304 omnesque
2918 2221 3024 2304 qui
3050 2222 3142 2284 ita
3168 2221 3430 2284 anaim
3452 2238 3490 2282 a
3508 2221 3671 2294 Patre,

2166 2316 2368 2380 venire
2388 2316 2473 2382 ad
2498 2313 2807 2380 omnm
2821 2339 2848 2388 ,·
2880 2321 2945 2376 et
2970 2313 3155 2394 capit.
3184 2317 3225 2374 8
3250 2313 3487 2376 dixerat
3512 2313 3677 2390 hujus-

2166 2409 2339 2472 modi
2387 2411 2650 2490 gratiam
2708 2428 2746 2468 a
2797 2409 2971 2470 nullo
3027 2408 3186 2469 duro
3242 2406 3432 2469 corde
3469 2405 3673 2484 respui;

2164 2504 2331 2566 idem
2362 2521 2529 2583 saepe
2558 2503 2743 2564 docet
2778 2501 2947 2564 idem
2986 2501 3399 2582 Augustiana,
3440 2498 3577 2560 libro
3602 2515 3677 2558 eo-

2164 2598 2333 2672 dem,
2373 2597 2719 2678 praesertim
2763 2615 2903 2676 cap.
2954 2597 3018 2670 6,
3061 2602 3125 2658 et
3150 2595 3295 2655 libr.
3335 2592 3413 2655 de
3451 2594 3675 2670 corrept.

2166 2698 2229 2754 et
2258 2697 2447 2770 grat„
2468 2692 2653 2770 capit.
2685 2693 2785 2762 11,
2818 2696 2883 2752 et
2908 2689 3049 2752 libr.
3076 2689 3157 2750 de
3187 2689 3365 2749 Dono
3388 2703 3675 2766 persever„

2166 2786 2350 2864 capit.
2386 2787 2449 2858 6,
2487 2785 2595 2847 ubi
2642 2783 2985 2863 respondet
3034 2780 3541 2851 Massiliensibus,
3582 2779 3675 2858 qui,

2166 2879 2331 2940 male
2389 2878 2809 2958 intelligentes
2870 2877 3031 2938 hanc
3078 2875 3297 2956 gratiae
3356 2873 3675 2938 efficaciam,
3771 2941 3773 2946 ‚

2168 2974 2502 3056 Augustini
2530 2972 2905 3044 sententiam
2932 2970 3105 3032 illam
3138 2967 3596 3050 impugnabant,
3634 2973 3679 3026 ut

2168 3067 2253 3130 ad
2280 3065 2571 3129 eumdem
2602 3066 3023 3147 Augustinum
3054 3063 3393 3143 scripserat
3420 3061 3677 3128 Hilarius,

2168 3162 2232 3223 in
2260 3160 2523 3240 epistola
2552 3177 2694 3239 quae
2723 3159 2992 3221 habetur
3021 3164 3169 3219 ante
3194 3157 3304 3219 lib.
3352 3155 3429 3223 de
3458 3153 3679 3217 Praedes-

2166 3254 2277 3315 tin.
2335 3254 2615 3315 Sanctor.
2672 3252 2909 3315 Eadem
2956 3250 3235 3330 denique
3289 3248 3559 3311 doctrina
3594 3246 3679 3307 ire-

2166 3346 2573 3426 quentissima
2598 3352 2693 3408 est
2716 3344 2889 3424 apud
2922 3343 3363 3423 Augustinum,
3390 3358 3563 3421 quem
3582 3339 3679 3399 imi-

2170 3446 2377 3503 tantur
2416 3440 2605 3501 etiam
2646 3437 3003 3517 Gregorius,
3050 3435 3268 3498 homil.
3314 3437 3395 3496 30
3436 3434 3495 3493 in
3524 3434 3679 3493 Evan-

2168 3533 2289 3613 gel.
2334 3550 2349 3609 ;
2398 3537 2462 3595 ει
2509 3532 2797 3611 Prosper,
2850 3529 3011 3591 libro
3062 3528 3345 3591 secundo
3388 3526 3465 3587 de
3506 3526 3677 3587 Vocat.

2170 3626 2378 3700 Gent„
2412 3643 2551 3704 cap.
2580 3626 2642 3700 8,
2674 3624 2829 3685 alias
2854 3622 2935 3685 23
2959 3667 2975 3696 ,
3020 3626 3083 3683 et
3110 3621 3192 3683 ad
3219 3620 3499 3699 Capitula
3520 3616 3682 3679 Galle—

2170 3738 2333 3793 rum,
2364 3737 2505 3798 cap.
2536 3720 2597 3792 5,
2640 3724 2703 3781 et
2730 3716 2869 3779 aliis
2897 3715 3048 3777 locis
3076 3732 3245 3795 saepe
3274 3714 3402 3775 hoc
3426 3710 3595 3773 modo
3614 3710 3682 3769 lo-

2168 3812 2417 3892 quitur;
2454 3817 2517 3873 et
2543 3811 2607 3871 in
2636 3811 2802 3871 hunc
2828 3810 3087 3872 modum
3113 3808 3589 3887 interpretantur
3608 3820 3683 3861 va-

2166 3906 2263 3967 ria
2304 3904 2636 3984 Scripturoe
2676 3902 3053 3975 testimonia,
3098 3918 3241 3979 quaa
3286 3900 3511 3980 partim
3544 3912 3683 3975 supe-

2166 4000 2297 4060 rius
2346 3998 2549 4077 capite
2594 3996 2927 4059 undecimo
2978 4000 3241 4059 tractata
3290 3999 3461 4070 sunt,
3500 3990 3682 4072 partim

2168 4092 2645 4172 explicabuntur
2668 4090 2732 4151 in
2764 4088 3053 4167 sequenti
3080 4086 3308 4167 capite.

2242 4186 2305 4245 6.
2370 4182 2608 4251 vocatio
2654 4182 2977 4247 seeundum
3012 4180 3421 4264 propositum,
3460 4198 3598 4260 qua.
3624 4208 3682 4221 —-

2164 4278 2341 4343 Unde
2366 4281 2581 4339 autem
2610 4276 2841 4337 habeat
2874 4274 3013 4337 talis
3052 4272 3294 4337 vocatio
3328 4274 3491 4333 hanc
3516 4269 3683 4333 effica-

2164 4371 2415 4433 citatem
2462 4376 2533 4433 ut
2576 4368 2975 4432 infallibiliter
3020 4367 3343 4429 hominem
3406 4364 3595 4427 trabat
3624 4360 3683 4421 ad

2165 4462 2683 4529 consentiendum
2702 4508 2719 4537 ,
2770 4462 3155 4542 Augustinus
3200 4476 3527 4538 nunquam
3566 4454 3683 4516 satis

2166 4576 2460 4639 expresse
2490 4554 3005 4635 declaravit‚quia
3030 4571 3135 4615 res
3161 4558 3256 4615 est
3274 4550 3681 4619 difficillima,et

2166 4650 2245 4713 ab
2273 4651 2565 4713 humanis
2590 4649 2879 4713 sensibus
2900 4646 3341 4719 remotissima,
3378 4650 3441 4705 et
3464 4642 3681 4705 fortasse

2164 4745 2247 4807 ob
2274 4744 2439 4807 hanc
2477 4762 2735 4808 causam
2768 4740 3102 4823 appellavit
3130 4740 3293 4801 hanc
3334 4739 3681 4801 vocationem

2164 4838 2357 4903 altam
2402 4843 2591 4917 atque
2640 4842 2927 4901 secretam
2976 4834 3088 4912 (De
3132 4832 3429 4895 Praedest.
3482 4831 3678 4895 Senot,

2162 4950 2300 5011 cap.
2344 4936 2585 5003 octavo,
2632 4935 2696 4991 et
2734 4930 2912 5009 epist.
2952 4929 3121 5015 107),
3160 4925 3331 5007 quia,
3374 4924 3607 4993 scilicet,
3636 4922 3681 4978 et

2162 5023 2387 5085 modus
2416 5041 2543 5103 quo
2570 5021 2885 5095 tribuitur,
2924 5020 3129 5083 latens
3160 5025 3276 5093 est,
3314 5025 3383 5083 ,ει
3412 5016 3559 5077 ratio
3582 5028 3680 5091 qua

2162 5116 2571 5190 distribuitur,
2602 5120 2667 5176 et
2684 5113 3059 5193 quibusdam
3086 5112 3291 5185 datur,
3324 5118 3387 5173 et
3411 5127 3535 5171 nou
3551 5104 3676 5171 aliis,

2162 5209 2403 5291 paucis„
2454 5213 2517 5271 et
2559 5226 2683 5271 non
2732 5206 2964 5279 multis,
3006 5205 3315 5285 profunda
3356 5212 3471 5276 est,
3507 5208 3563 5263 et
3590 5196 3677 5259 soli

2160 5304 2291 5365 Deo
2341 5301 2612 5383 cognita.
2678 5300 2994 5372 Quantum
3048 5306 3263 5360 autem
3309 5316 3387 5361 ex
3436 5293 3679 5365 doctrina

2162 5397 2445 5477 ejusdem
2476 5394 2805 5477 Augustini
2834 5394 3039 5475 colligi
3068 5400 3291 5473 potest,
3324 5390 3587 5453 consistit
3610 5384 3680 5447 ef-

2158 5490 2377 5572 ficacia
2402 5488 2589 5571 hnjus
2615 5486 2955 5569 vqcatiopis
2980 5504 3093 5560 seu
3120 5486 3333 5569 gratiae
3352 5486 3419 5547 in
3443 5481 3673 5570 duobus.
