3850 6225
596 392 715 453 24²2.

594 496 821 575 EpheS.
854 541 874 571 ,
920 494 1209 556 eamdem
1264 496 1449 575 plane
1521 496 1704 556 docet
1760 494 2158 555 sententiam.

596 589 793 661 Quem
813 589 1007 650 Graeci
1040 596 1412 668 sequuntur,
1446 588 1897 661 TheodoretuS‚
1931 588 2014 648 ad
2047 590 2164 649 Ro-

594 700 763 742 man.
795 686 831 742 8
862 688 921 743 et
949 684 1009 753 9,
1036 682 1411 761 Theophyl.,
1446 682 1703 757 ibidem,
1738 680 1903 742 etad
1926 680 2158 759 EpheS.

599 777 658 847 1,
690 782 752 835 et
784 774 975 835 Marc.
1009 778 1071 847 t,
1115 793 1188 835 ac
1211 776 1383 835 Matt.
1422 776 1523 837 22.
1558 776 1659 836 Sic
1688 776 1875 836 etiam
1904 775 2162 834 Damas-

595 887 811 941 cenus,
834 869 939 929 lib.
974 872 1035 937 2,
1066 888 1203 948 cap.
1238 872 1339 944 29,
1370 871 1757 931 voluntatem
1785 871 2162 931 anteceden-

598 968 746 1034 tem,
794 980 918 1041 qua
956 963 1089 1023 vult
1132 964 1299 1023 Deus
1342 982 1561 1025 omnes
1616 964 1903 1025 homines
1958 963 2161 1023 salvos

592 1053 748 1127 fieri,
786 1054 933 1116 dicit
963 1074 1101 1117 esse
1132 1075 1209 1117 ex
1237 1056 1370 1118 sola
1414 1058 1625 1118 divina
1658 1058 1976 1117 voluntate
2017 1062 2162 1116 ante

590 1147 1049 1225 praescientiam
1069 1146 1513 1223 ;'‘·voluntatem
1538 1157 1750 1211 autem
1774 1166 2168 1227 consequen-

592 1246 721 1300 tem
754 1260 869 1302 seu
905 1242 1224 1304 efficacem
1271 1242 1461 1304 dandi
1500 1245 1825 1324 praemium
1870 1242 1970 1303 vel
2029 1260 2167 1321 poe-

594 1350 743 1393 nam
772 1379 787 1407 ‚
832 1335 1039 1415 aliquo
1088 1336 1277 1396 modo
1325 1355 1463 1398 esse
1522 1356 1601 1398 ex
1648 1337 1851 1408 nobis,
1903 1334 2160 1406 scilicet,

596 1444 673 1486 ex
724 1430 1113 1507 praescientia
1144 1436 1499 1491 nostrorum
1539 1448 1824 1509 operum,
1868 1434 1940 1489 ut
1975 1428 2164 1488 etiam

590 1518 680 1580 ibi
728 1521 1134 1583 Clichtovaeus
1174 1524 1447 1602 exponit.
1494 1523 1716 1584 Docuit
1766 1522 1954 1583 etiam
1999 1537 2162 1599 saepe

595 1615 884 1675 eamdem
925 1616 1299 1677 sententiam
1329 1616 1651 1696 OrigeneS,
1684 1614 2032 1695 praesertim
2064 1632 2167 1674 su-

592 1724 707 1787 per
750 1708 1078 1787 epistolam
1108 1708 1189 1770 ad
1224 1712 1430 1784 Rom„
1463 1729 1600 1790 cap.
1637 1710 1676 1771 8
1703 1714 1764 1771 et
1799 1711 1858 1783 9,
1885 1714 1949 1770 et
1986 1708 2092 1768 lib.
2125 1708 2164 1768 2

596 1800 1023 1875 Periarchon.,
1056 1820 1193 1882 cap.
1245 1804 1285 1865 9
1338 1810 1400 1864 et
1451 1804 1549 1877 12,
1582 1808 1644 1865 et
1672 1802 1779 1863 lib.
1815 1804 1874 1875 3,
1908 1820 2046 1881 cap.
2104 1806 2157 1862 1.

591 1893 749 1953 Item
792 1896 1155 1955 Anastasius
1190 1897 1348 1970 Sm.,
1394 1896 1503 1957 lib.
1540 1896 1766 1969 Quaest.
1804 1896 1867 1956 in
1909 1896 2162 1977 Script.,

594 1992 811 2065 quaest.
861 1990 982 2049 59:
1033 1988 1363 2055 Proeecicit
1392 1992 1671 2069 (inquit)
1705 1990 1869 2052 Deus
1918 1992 2054 2065 scre
2095 1994 2167 2052 ut

595 2099 713 2141 non
754 2083 1073 2163 paeniteret
1111 2082 1495 2147 Pharaonem
1530 2132 1549 2159 ,
1600 2088 1658 2147 et
1704 2084 2022 2145 induravit
2067 2100 2170 2143 cor

593 2174 767 2251 ejue,·
807 2174 1097 2237 similiter
1146 2176 1461 2257 proescivit
1520 2177 1803 2240 Jeremioe
1852 2174 2165 2239 rectitudi-

593 2283 749 2339 nem,
793 2273 851 2330 et
888 2268 1345 2345 pradestinavit
1398 2288 1531 2333 eum
1582 2289 1638 2331 ea
1652 2267 1832 2331 istere
1876 2286 1986 2331 vas
2025 2268 2169 2331 elec-

597 2357 801 2421 tionis.
844 2358 923 2423 Si
946 2379 1082 2443 erqo
1106 2380 1278 2443 quem
1304 2362 1436 2426 vult
1460 2364 1623 2425 Deus
1655 2368 1879 2435 servat,
1910 2366 1968 2425 et
1993 2379 2166 2443 quem

594 2452 730 2513 vult
740 2454 968 2531 perdit,
1000 2472 1183 2535 neque
1208 2456 1314 2537 qui
1328 2462 1629 2529 servatur,
1652 2456 1872 2539 diymce
1899 2459 1991 2519 eet
2012 2472 2166 2517 mer-

598 2545 753 2623 cede,
780 2563 967 2627 neque
1014 2548 1119 2627 qui
1142 2549 1449 2629 perditur,
1480 2548 1801 2631 supplicio.

675 2642 736 2699 4.
780 2640 907 2699 Nec
946 2641 1148 2701 solum
1185 2642 1399 2703 Patres
1435 2642 1629 2703 Graeci
1658 2641 1757 2701 vel
1800 2640 1998 2702 Latini
2043 2642 2164 2701 Au-

597 2734 845 2814 gustino
878 2732 1285 2812 antiquiores,
1329 2752 1550 2795 verum
1579 2736 1768 2795 etiam
1798 2736 1817 2811 (
1847 2733 2016 2813 quod
2047 2732 2164 2793 mi-

596 2825 865 2887 randum
893 2830 1019 2905 est)
1054 2828 1441 2907 Augustinus
1468 2827 1625 2906 ipse,
1657 2833 1717 2888 et
1752 2826 1858 2907 qui
1890 2842 2036 2887 eum
2065 2845 2164 2887 se·

597 2920 721 2981 cuti
751 2926 917 2991 sunt,
966 2920 1251 2980 eamdem
1302 2921 1673 2982 sententiam
1722 2939 1885 3001 saepe
1933 2918 2160 2981 docere

596 3013 906 3075 videntur.
948 3013 1024 3073 Et
1051 3013 1354 3095 imprimis
1396 3014 1503 3074 lib.
1539 3018 1569 3075 1
1624 3014 1707 3075 ad
1755 3014 2057 3093 Simplic.,
2092 3032 2156 3093 q.

596 3109 657 3182 Ξ,
680 3126 969 3188 expresse
985 3106 1129 3169 dicit
1161 3108 1581 3190 Augustinus:
1618 3106 1763 3175 Non
1776 3108 1981 3173 electio
1997 3128 2163 3190 proe-

598 3202 751 3265 cedit
775 3201 1298 3282 justificationm,
1326 3203 1434 3266 sed
1480 3203 1816 3291 electionem
1850 3203 2164 3282 justifica-

600 3295 706 3355 tio.
760 3293 955 3360 Nemo
995 3295 1153 3357 euim
1182 3295 1453 3375 eliyitar,
1490 3295 1619 3358 aiei
1631 3297 1772 3376 jam
1798 3297 2038 3358 distans
2092 3295 2164 3358 ab

598 3387 709 3448 illo
750 3389 854 3469 qai
893 3388 1196 3468 rejicitur.
1244 3389 1411 3453 Unde
1436 3389 1594 3470 quod
1624 3390 1851 3454 dictum
1888 3395 2015 3452 eet:
2051 3385 2172 3464 Qui

605 3481 784 3565 eleyit
824 3499 933 3543 noe
993 3483 1148 3560 Deus
1198 3487 1340 3546 ante
1376 3483 1587 3545 mundi
1630 3484 2113 3546 constitutionem
2147 3522 2163 3551 2

604 3593 725 3636 uon
759 3575 924 3636 video
953 3577 1235 3655 quomodo
1270 3575 1360 3638 eit
1394 3577 1639 3652 dictam,
1677 3574 1803 3638 nisi
1838 3577 2168 3658 praescien-

603 3667 714 3730 tia.
751 3667 881 3729 Hic
910 3670 1109 3728 autem
1146 3669 1304 3748 quod
1334 3669 1449 3741 ait,
1492 3685 1611 3729 non
1633 3686 1707 3731 ex
1738 3667 2027 3750 operibus,
2063 3667 2171 3730 sed

605 3779 678 3822 ea
703 3764 969 3834 vocante,
1017 3761 1243 3824 dictum
1272 3767 1363 3824 est
1410 3763 1487 3838 ei,
1517 3763 1662 3845 quia
1696 3763 1898 3844 major
1950 3763 2168 3825 serviet

604 3854 850 3925 minori,
881 3871 1001 3914 aon
1035 3855 1314 3918 electione
1350 3854 1721 3929 mer-iterum,
1762 3873 1896 3937 quoe
1920 3853 2168 3934 jue-stifi-

604 3945 896 4008 cationem
934 3950 1159 4026 yratioe
1204 3949 1584 4028 proeveniunt
1603 3993 1619 4022 ,
1661 3949 1770 4010 sed
1804 3947 2168 4011 liberalitate

608 4041 895 4101 donorum
928 4039 1040 4102 Dei
1066 4041 1258 4102 voluit
1282 4039 1567 4124 intelligi,
1609 4059 1683 4105 ne
1713 4041 1849 4122 quie
1881 4042 1950 4104 de
1975 4041 2170 4122 operi-

603 4132 711 4194 bus
758 4133 1107 4196 extollatur.
1134 4134 1351 4213 Itaque
1385 4133 1635 4196 videtur
1660 4133 1748 4196 ibi
1786 4136 2168 4214 Augustinus

607 4225 989 4306 distinguere
1035 4227 1405 4288 electionem
1438 4226 1520 4288 ad
1542 4227 1807 4307 gloriam
1856 4247 1894 4288 a
1929 4227 2169 4288 liberali

608 4319 820 4397 gratiae
848 4318 1208 4394 donatione,
1251 4319 1353 4380 vel
1396 4320 1873 4400 praeparatione.
1906 4321 1981 4382 Et
2008 4321 2171 4381 hanc

608 4409 793 4471 docet.
820 4411 1194 4474 antecedere
1243 4411 1379 4492 ipsa
1413 4413 1655 4486 merita,
1690 4431 1803 4474 seu
1840 4413 2171 4493 praescien-

608 4503 759 4563 tiam
790 4521 1030 4578 eorum,
1056 4524 1317 4586 esseque
1350 4525 1427 4568 ex
1444 4506 1577 4566 sola
1592 4506 1830 4567 liberali
1851 4504 2169 4567 voluntate

610 4597 741 4670 Dei,
775 4596 943 4658 illam
966 4617 1114 4659 vero
1147 4618 1285 4660 esse
1309 4600 1719 4680 posteriorem
1739 4645 1755 4674 ,
1785 4606 1847 4660 et
1874 4619 2002 4660 non
2032 4617 2168 4660 esse

610 4689 730 4750 nisi
759 4710 835 4751 ex
858 4692 1093 4753 meritis
1134 4694 1433 4774 praevisiS.
1470 4695 1671 4772 Atque
1713 4694 1936 4755 eodem
1980 4711 2172 4754 sensu

616 4783 861 4844 videtur
888 4786 1121 4846 ibidem
1148 4787 1531 4868 distinguere
1555 4785 1926 4847 electionem
1961 4805 1999 4846 a
2027 4805 2172 4866 pro-

614 4877 815 4954 posito
846 4923 861 4951 ,
896 4896 1042 4937 cum
1083 4879 1169 4939 ait
1196 4898 1208 4939 :
1241 4879 1387 4944 Non
1415 4897 1553 4961 erqo
1579 4881 1901 4942 semaam
1943 4879 2172 4942 electio-

608 4988 740 5032 nem
771 4960 1149 5053 propositum
1175 4973 1289 5034 Dei
1325 4979 1545 5046 manet,
1592 4972 1697 5035 sed
1738 4990 1813 5034 σω
1857 4973 2170 5054 proposito

610 5063 841 5136 electio,·
863 5063 1031 5142 quod
1060 5065 1146 5124 sic
1175 5064 1487 5125 declarat:
1512 5065 1599 5126 Id
1619 5069 1731 5138 est,
1762 5083 1882 5126 non
1902 5067 2048 5146 quia
2076 5065 2173 5126 in-

612 5157 777 5220 venit
816 5159 981 5221 Deus
1024 5175 1203 5239 opera
1241 5159 1391 5221 bona
1414 5156 1483 5218 in
1522 5157 1879 5231 hominibus,
1906 5176 2038 5238 qaae
2064 5154 2173 5220 eli-

614 5255 743 5332 ματ,
791 5250 919 5313 ideo
954 5254 1157 5314 manet
1184 5251 1563 5334 propositum
1580 5248 2054 5328 justificationis
2082 5251 2172 5332 ip-

613 5361 838 5420 sorum,
872 5346 979 5407 sed
996 5343 1141 5426 qaia
1161 5344 1322 5407 illud
1362 5349 1565 5408 manet
1608 5346 1679 5406 at
1700 5343 2008 5424 justificet
2045 5362 2175 5407 cre-

610 5439 832 5513 dentes,
863 5437 991 5502 ideo
1036 5440 1267 5502 invenit
1294 5455 1495 5522 opera,
1542 5456 1675 5519 quoe
1694 5438 1837 5518 jam
1882 5435 2070 5520 eliqat
2096 5439 2184 5501 ad

607 5551 859 5615 requam
887 5534 1205 5608 calor-urm·
1224 5533 1361 5594 etin
1387 5531 1515 5595 fine
1533 5531 1811 5612 epistolae
1833 5531 2168 5594 concludit:

1430 397 1641 451 OPUSC.
1678 398 1721 461 1,
1752 396 1869 449 Lm.
1904 398 1988 449 111.
2027 396 2107 448 ΠΕ
2139 397 2412 450 Annuus
2447 393 2677 451 1)leAE
2707 394 2974 450 GRATIAE.

2249 494 2420 569 Quod
2438 496 2497 557 ei
2521 496 2725 559 electio
2752 495 2850 557 liic
2873 490 2998 569 fait
3026 490 3250 569 aliqua,
3277 499 3348 553 ut
3369 493 3451 554 sic
3475 494 3690 577 intelligia-

2241 610 2377 653 mue
2421 594 2578 673 quod
2599 592 2828 655 dictum
2853 594 2978 652 eet:
3013 588 3309 668 Reliquiae
3327 604 3432 669 per
3451 588 3689 652 electionem

2243 685 2464 769 qratioe
2516 685 2705 748 salvoe
2751 688 2938 763 sactae
2982 685 3145 756 eant,
3179 697 3296 741 non
3320 686 3388 743 ut
3411 681 3692 759 justzficcto-

2244 799 2380 841 rum
2403 781 2606 843 electio
2623 780 2740 855 fiat
2769 778 2852 839 ad
2890 777 3077 839 citam
3124 781 3428 841 ceter-nam,
3453 776 3538 835 sed
3557 781 3609 835 nt
3627 777 3690 836 eti-

2239 878 2470 955 9antur
2518 872 3074 953 quijuetifieentar‚
3125 873 3278 930 certe
3310 867 3400 929 ita
3435 866 3615 929 occulte
3637 874 3688 929 esc

2245 968 2368 1028 Itoec
2396 966 2622 1037 electio,
2658 970 2730 1027 ut
2757 964 2956 1025 eadem
2979 960 3386 1040 conspersione
3417 957 3554 1020 nobie
3571 977 3692 1041 appa-

2244 1076 2375 1121 rere
2412 1075 2530 1119 non
2549 1056 2768 1137 possit.
2819 1056 2894 1117 Et
2935 1060 3268 1133 postquam
3305 1050 3493 1113 varios
3527 1052 3690 1122 modos,

2247 1154 2352 1233 qui
2371 1153 2708 1232 excogitari
2735 1155 3014 1231 possent,
3037 1146 3318 1215 exclusit,
3337 1145 3418 1205 ita
3441 1146 3690 1205 concludit:

2245 1248 2467 1309 Restat
2481 1264 2619 1327 erqo
2645 1250 2716 1307 ut
2742 1244 3082 1307 voluntates
3115 1240 3436 1321 elipantur,
3461 1239 3548 1301 sed
3561 1238 3696 1299 colui-

2249 1345 2344 1403 tas
2375 1340 2534 1419 ipsa,
2577 1338 2703 1400 nisi
2729 1336 2965 1419 aliquid
2985 1334 3318 1398 occurrerit
3355 1332 3496 1413 quod
3518 1330 3694 1394 delectet.

2243 1439 2420 1514 atque
2461 1432 2680 1494 invitet
2717 1430 3006 1501 animum,
3042 1428 3269 1489 moveri
3293 1424 3451 1487 nullo
3480 1425 3608 1485 modo
3633 1445 3697 1503 pa

2245 1531 2405 1599 teet;
2447 1526 2552 1589 lcoc
2604 1530 2804 1587 autem
2857 1528 2930 1587 ut
2965 1527 3272 1596 occurrat,
3315 1535 3428 1579 noa
3463 1524 3539 1579 est
3565 1518 3612 1577 ie
3641 1519 3683 1577 to

2245 1620 2431 1683 minis
2449 1622 2762 1701 potestate.

2327 1714 2416 1772 Ex
2453 1730 2578 1791 quo
2607 1716 2737 1771 toto
2779 1708 3066 1770 discursu
3092 1706 3342 1767 videtur
3371 1710 3556 1783 aperte
3584 1721 3698 1761 mens

2247 1804 2572 1885 Augustini
2601 1804 2818 1877 fuisse,
2848 1803 3048 1863 Deum
3086 1802 3233 1859 ante
3282 1797 3520 1877 praevisa
3556 1796 3697 1855 merita

2245 1899 2402 1960 nulli
2429 1898 2668 1959 homini
2693 1897 2962 1959 voluisse
2989 1894 3325 1955 efficaciter
3361 1892 3496 1953 dare
3520 1908 3696 1967 regnum

2248 1992 2574 2063 coelorum,
2607 1990 2719 2053 sed
2761 1994 3004 2051 tantum
3042 1986 3366 2047 voluntate
3395 1982 3697 2045 antecedente

2247 2085 2517 2147 voluisse
2558 2082 2708 2143 dare
2751 2100 3018 2163 regnum
3061 2082 3368 2141 coelorum
3395 2077 3482 2137 his
3513 2075 3595 2153 qui
3620 2076 3699 2151 jus-

2251 2179 2450 2240 titiam
2478 2196 2591 2257 per
2620 2176 3066 2238 convenientes
3097 2172 3518 2251 dispositiones
3539 2168 3699 2227 telma-

2248 2276 2364 2334 rita
2397 2274 2903 2350 assequerentur.
2937 2267 3092 2339 Quia
3113 2270 3329 2327 tamen
3367 2262 3607 2323 homines
3627 2276 3698 2316 non

2249 2370 2538 2447 poteraut
2569 2363 2717 2425 talia
2759 2380 2952 2441 opera
2998 2376 3293 2420 exercere
3339 2355 3448 2416 nisi
3492 2352 3634 2433 adjuti
3667 2358 3699 2408 et

2245 2461 2470 2531 vocati,
2503 2458 2644 2521 ideo
2681 2476 2791 2519 eos
2831 2456 3022 2517 etiam
3057 2470 3288 2514 vocare
3337 2450 3539 2519 voluit;
3567 2452 3700 2505 tamen

2245 2555 2394 2633 quia
2432 2554 2593 2614 inter
2633 2550 2995 2613 vocationes
3031 2564 3158 2607 una
3205 2552 3303 2606 est
3349 2560 3602 2620 congrua,
3629 2538 3699 2595 alia

2245 2665 2372 2707 non
2402 2648 2573 2719 item,
2611 2652 2673 2707 et
2705 2661 2912 2723 neque
2950 2638 3325 2719 expediebat
3359 2654 3551 2699 omnes
3577 2631 3702 2692 homi·

2245 2758 2360 2801 nes
2405 2738 2627 2801 eodem
2667 2737 2857 2799 modo
2887 2734 3118 2807 vocari,
3155 2751 3366 2813 neque
3405 2732 3462 2790 in
3505 2728 3576 2788 eis
3615 2730 3700 2782 ante

2243 2832 2633 2895 vocationem
2678 2829 2938 2909 reperiri
2991 2830 3240 2907 poterat
3289 2822 3601 2889 diversitaS,
3636 2834 3700 2876 cur

2246 2945 2370 2987 uno
2399 2925 2585 2985 modo
2615 2924 2821 3004 potius
2854 2940 3047 3001 quam
3077 2920 3198 2980 alio
3227 2921 3585 2979 vocarentur,
3616 2908 3700 2968 ideo

2245 3038 2372 3080 uon
2401 3036 2478 3079 ex
2505 3018 2833 3090 electione,
2863 3032 3002 3093 quae
3039 3014 3104 3073 in
3146 3012 3492 3073 diversitate
3515 3008 3700 3085 ipsorum

2243 3114 2568 3174 hominum
2614 3109 3006 3182 fundaretur,
3041 3106 3154 3168 sed
3187 3125 3268 3168 ex
3312 3105 3437 3166 solo
3481 3096 3701 3182 proposito

2245 3213 2308 3269 et
2332 3205 2726 3286 beneplacito
2754 3203 2865 3264 Dei
2897 3201 2994 3262 his
3021 3201 3218 3262 voluit
3265 3199 3414 3261 dare
3457 3204 3700 3270 congruam

2249 3299 2664 3372 vocationem,
2691 3315 2818 3356 nou
2847 3313 2996 3356 vero
3027 3295 3183 3354 aliis.
3213 3294 3308 3354 Ex
3334 3293 3445 3352 hac
3463 3293 3701 3349 autenm

2249 3393 2510 3466 luntate,
2541 3390 2692 3450 vidit
2715 3390 2780 3450 in
2807 3387 3119 3467 prioribus
3145 3385 3426 3446 futuram
3458 3397 3570 3443 esse
3592 3373 3702 3454 justi·

2247 3487 2399 3548 tiam
2452 3489 2514 3545 et
2560 3482 2805 3553 merita,
2847 3499 2975 3541 non
3005 3497 3155 3540 vero
3189 3479 3261 3539 in
3291 3477 3442 3548 aliis,
3479 3480 3529 3534 et
3552 3469 3648 3529 ideo
3663 3463 3703 3522 il·

2246 3580 2343 3642 los
2369 3579 2558 3658 elegit
2591 3576 2674 3638 ad
2701 3575 2990 3656 gloriam,
3025 3580 3086 3635 et
3117 3591 3248 3634 non
3300 3571 3465 3632 alioS.
3505 3567 3583 3629 Sic
3613 3575 3702 3634 ergo

2249 3692 2326 3734 ex
2365 3677 2578 3734 mente
2621 3668 2950 3750 Augustini
2981 3667 3154 3728 nulla
3185 3671 3286 3728 est
3314 3664 3513 3726 electio
3537 3657 3598 3718 ad
3621 3653 3703 3734 glo·

2245 3766 2403 3828 riam
2429 3770 2572 3826 ante
2599 3763 2843 3837 merita,
2873 3760 2987 3822 sed
3019 3760 3218 3822 solum
3257 3759 3340 3820 ad
3363 3757 3622 3818 diversam
3640 3762 3703 3804 w-

2249 3861 2579 3922 catiouem.
3649 3933 3657 3944 ·

2327 3955 2388 4014 5.
2436 3951 2583 4024 Quae
2625 3949 2953 4030 Augustini
2981 3966 3159 4009 mens
3189 3946 3331 4006 aliis
3362 3962 3434 4004 ex
3469 3939 3591 4000 locis
3623 3947 3704 4010 rjus

2249 4045 2604 4108 confirmari
2633 4049 2859 4124 potest,
2894 4059 3040 4103 nam
3064 4058 3256 4102 serm.
3289 4041 3326 4100 7
3348 4039 3434 4099 De
3459 4029 3618 4094 verbis
3637 4025 3704 4084 1]st

2249 4141 2428 4215 min„
2488 4143 2762 4199 tractans
2804 4135 2996 4196 illud:
3048 4133 3245 4199 Nemo
3289 4145 3500 4212 ponem
3543 4133 3704 4184 manua

2247 4250 2426 4296 suam
2453 4232 2536 4294 ad
2563 4235 2867 4304 aratrum,
2917 4231 2976 4292 et
3019 4224 3348 4310 respiciens
3375 4223 3506 4304 post
3529 4223 3701 4308 terqua·

2251 4329 2435 4405 aptus
2463 4329 2556 4386 eet
2580 4339 2763 4406 reyno
2792 4321 3094 4394 calorum,
3123 4319 3367 4398 inquit:
3399 4315 3476 4378 In
3499 4311 3582 4373 boc
3603 4317 3705 4402 capt·

2250 4419 2379 4481 tulo
2407 4419 2513 4480 hoc
2542 4417 2853 4490 discimus,
2883 4413 3165 4496 quoniam
3199 4428 3347 4494 quos
3375 4406 3543 4471 voluit
3576 4401 3704 4461 Dour

2251 4530 2392 4584 aas,
2425 4512 2531 4573 hoo
2560 4510 2738 4589 eleyit
2757 4533 2782 4580 ,·
2811 4506 2988 4591 elegit
3009 4513 3228 4578 autem,
3259 4507 3332 4566 ut
3369 4498 3500 4566 dicit
3535 4491 3705 4571 Apoffl‘·

2251 4603 2372 4678 ἷκε,
2403 4609 2461 4666 et
2491 4603 2812 4665 seeundum
2851 4619 3026 4664 cuam
3073 4597 3360 4683 gratiam,
3401 4599 3454 4657 et
3481 4582 3706 4652 seeundum

2251 4697 2501 4759 illm-um
2533 4693 2855 4775 justitiam
2866 4719 2892 4766 ,·
2926 4699 2988 4754 et
3036 4691 3294 4752 inferius
3345 4687 3404 4748 id
3458 4687 3704 4778 exponens·

2253 4790 2418 4850 circa
2461 4787 2656 4848 illud:
2697 4785 2948 4868 Reliqui
2997 4785 3152 4848 milti
3198 4785 3386 4846 decem
3419 4773 3582 4839 millia
3608 4779 3706 4871 ‘2²'st

2250 4901 2390 4944 rum
2409 4909 2431 4944 .·
2465 4881 2628 4956 Quia
2645 4886 2736 4944 est
2765 4879 3012 4958 (inquit)
3041 4877 3266 4960 reliqui
3298 4869 3474 4936 milei?
3495 4866 3600 4946 890
3619 4855 3704 4917 &¹2⁰5

2250 4976 2422 5055 elmi,
2455 4974 2598 5056 quia
2625 4973 2750 5036 vidi
2775 4978 2999 5037 mentes
3020 4989 3218 5035 eorum
3251 4970 3319 5031 de
3340 4983 3426 5028 me
3439 4964 3706 5044 praesumen-

2253 5073 2360 5142 ter,
2381 5069 2581 5130 nonde
2598 5087 2680 5132 se.
2708 5067 2807 5130 Sic
2831 5067 3020 5128 etiam
3039 5064 3147 5124 lib.
3169 5062 3248 5124 de
3264 5057 3527 5123 Praedest.
3545 5046 3702 5151 Sanelw

2253 5181 2390 5242 cap.
2430 5163 2548 5222 17:
2601 5159 2818 5242 Eleyit
2859 5177 2966 5221 nos
3008 5162 3148 5222 ante
3195 5152 3400 5218 mundi
3433 5139 3706 5236 commui&

2250 5275 2405 5329 nem,
2457 5255 2902 5336 praedestinans
2954 5269 3063 5313 noe
3124 5249 3190 5311 ia
3241 5243 3572 5327 adoptionem
3609 5228 3706 5325 filu&

2251 5367 2414 5420 ram,
2463 5365 2582 5408 non
2632 5348 2776 5428 qaia
2808 5365 2924 5428 per
2955 5361 3064 5407 nos
3115 5340 3315 5404 sancti
3347 5341 3400 5399 et
3425 5321 3704 5416 immaculati

2253 5441 2460 5518 saturi
2477 5458 2740 5513 eramus,
2771 5440 2878 5502 sed
2895 5439 3040 5520 qaia
3054 5453 3170 5517 per
3194 5432 3303 5495 Dei
3318 5425 3554 5512 aratiam
3573 5411 3704 5511 sancit

2253 5540 2312 5597 et
2366 5533 2746 5598 immaculati
2784 5530 2988 5611 futuri
3019 5545 3275 5594 eramus.
3326 5519 3488 5586 Unde
3532 5505 3704 5588 exl³⁰¹²³t
