3850 6225
692 367 828 419 GAP.
865 369 924 420 ΙΙ.
963 367 1088 420 NON
1118 361 1698 420 PRAEDETERMNARE
1729 361 1899 414 DEUM
1931 363 2139 427 NEQUE
2171 366 2579 429 PRAEMOVERE,
2614 366 2749 419 mc,

3210 359 3329 420 105

133 479 234 548 tes,
252 476 584 534 nontamen
608 469 874 532 omnium
900 469 1257 545 voluntates,
1287 467 1404 528 hoc
1443 467 1676 547 optime
1748 468 2139 545 proescientia
2168 475 2367 534 autem
2394 475 2448 534 ec
2479 470 2628 533 bona
2650 468 2896 547 praescit
2917 472 2972 529 et
2996 467 3159 532 mala
3172 487 3201 540 ,·
3226 467 3333 530 sed

131 564 418 640 declarat,
450 563 594 643 quia
637 563 705 623 in
732 581 804 624 ea
835 563 1150 625 locutione
1177 579 1302 622 non
1352 567 1444 621 est
1471 577 1676 621 sermo

129 661 200 720 de
251 665 508 739 peccato
551 656 918 732 formaliter,
968 657 1074 718 sed
1100 655 1177 717 de
1205 654 1522 717 voluntate
1549 672 1677 734 qua

127 758 421 832 peccatur.
453 753 718 829 Legatur
760 751 798 810 5
847 748 924 810 de
955 749 1230 822 civitat„
1277 766 1334 808 c.
1366 749 1405 809 8
1433 752 1497 808 et
1522 748 1596 816 9;
1626 745 1672 806 1.

133 850 202 907 12
224 845 521 921 Confess.,
540 863 594 904 c.
619 847 648 905 l
668 847 686 904 Ι
699 889 720 920 ,
743 848 805 904 et
823 841 1054 924 optime
1083 841 1159 904 de
1186 841 1397 921 Spirit.
1428 845 1492 900 et
1516 839 1679 901 litte-

131 959 216 1014 ra,
245 957 296 1000 c.
329 941 432 1000 31.

206 1036 302 1095 9.6.
345 1031 588 1094 Similia
631 1031 988 1094 testimonia
1039 1036 1186 1091 sunt
1216 1028 1382 1110 apud
1425 1028 1681 1106 Prospe-

135 1147 262 1190 rum
289 1125 661 1206 frequentia,
696 1125 736 1184 2
756 1124 833 1184 de
857 1125 1071 1185 Vocat.
1100 1123 1310 1197 Gent.,
1341 1139 1397 1182 c.
1426 1123 1488 1196 4,
1529 1121 1682 1181 alias

137 1225 232 1284 ¹2:
289 1221 436 1295 Qnoe
472 1219 754 1282 voluntas
793 1217 1044 1296 (scilicet
1081 1217 1380 1293 humana)
1405 1215 1472 1277 in
1503 1215 1684 1276 malis

131 1314 452 1377 actionibus
473 1313 610 1375 sola
633 1330 756 1374 esse
769 1315 985 1389 potest,
1007 1313 1076 1372 in
1103 1310 1270 1372 bonis
1283 1309 1411 1370 sola
1427 1326 1550 1371 esse
1566 1327 1685 1370 non

132 1414 324 1488 potest.
350 1403 676 1487 Ejusmodi
703 1404 892 1466 habet
917 1403 1236 1482 complura
1255 1400 1514 1463 inlibris
1541 1402 1680 1480 qui·

137 1502 236 1562 bns
260 1500 592 1579 respondet
606 1499 683 1559 ad
704 1497 908 1559 Gallos
921 1503 986 1558 et
1003 1497 1082 1558 ad
1109 1497 1498 1572 Genuenses3
1531 1512 1680 1555 uam

136 1595 280 1656 liber
289 1595 366 1654 ad
383 1593 768 1672 objectiones
779 1592 1222 1653 vincentianas
1243 1590 1412 1651 idem
1426 1597 1517 1651 est
1537 1607 1680 1651 cum

137 1689 274 1749 libro
312 1687 653 1764 Augustini
681 1685 758 1746 ad
781 1685 1068 1746 articulos
1095 1684 1214 1745 sibi
1251 1683 1406 1744 falso
1429 1684 1681 1764 imposi-

141 1789 234 1842 ωε.
267 1783 330 1842 ln
355 1780 520 1841 libro
559 1798 707 1860 ergo
736 1780 814 1840 ad
847 1779 1224 1858 objectiones
1251 1777 1566 1840 Gallorum
1594 1778 1682 1838 le-

139 1875 328 1953 gendae
353 1879 500 1934 sunt
525 1872 960 1953 responsiones
981 1873 1060 1934 ad
1083 1872 1374 1953 primam,
1404 1871 1679 1946 tertiam,

141 1969 417 2046 quintam,
449 1973 722 2042 sextam,
749 1972 810 2027 et
841 1966 906 2026 in
931 1966 1193 2045 septima
1224 1971 1520 2026 notentur
1544 1982 1682 2032 ver-

141 2061 204 2120 ba
225 2060 352 2120 illa:
381 2061 635 2122 Horum
662 2060 900 2138 lapsum
927 2060 1050 2121 Deo
1079 2058 1377 2121 ascribere
1410 2059 1684 2120 immodi-

143 2174 210 2217 σεε
230 2153 565 2234 pravitatis
585 2160 698 2229 est,
721 2154 898 2233 quasi
917 2153 1046 2214 ideo
1066 2154 1265 2214 ruinoe
1282 2153 1552 2232 ipsorum
1571 2153 1686 2213 im-

137 2250 320 2326 pulsor
336 2254 514 2327 atque
532 2253 752 2309 auctor
773 2247 881 2320 sit,
907 2247 1053 2324 quia
1075 2245 1216 2307 illos
1235 2247 1510 2308 ruituros
1543 2263 1684 2325 pro-

139 2342 262 2420 pria
278 2340 588 2402 voluntate
609 2339 940 2418 prce-scivit.
967 2339 1044 2398 Et
1064 2336 1258 2399 infra:
1285 2338 1385 2404 Ne
1406 2340 1683 2419 quemad-

143 2435 345 2494 modum
382 2452 455 2495 ιω
479 2432 678 2492 libero
716 2431 974 2494 arbitrio
995 2431 1197 2493 oritur
1219 2448 1402 2493 causa
1422 2431 1682 2507 labendi,

141 2527 218 2587 ita
233 2545 298 2588 ea
315 2527 440 2606 ipso
483 2525 774 2587 videatur
798 2530 852 2586 et
879 2525 1122 2595 standi,·
1153 2541 1284 2588 eum
1305 2525 1466 2586 illud
1480 2524 1686 2586 lanma-

143 2637 204 2678 κο
227 2621 330 2694 fiat
361 2637 558 2698 opere,
597 2619 710 2680 noe
735 2619 937 2680 divino
965 2618 1290 2696 impleatur
1317 2635 1391 2679 em
1421 2635 1682 2680 munere.

147 2712 210 2772 Et
237 2719 407 2794 caput
432 2711 846 2772 undecimum
867 2717 1070 2772 totum
1089 2716 1182 2774 est
1207 2710 1284 2772 de
1313 2709 1429 2772 hac
1457 2728 1548 2784 re,
1576 2709 1685 2771 ubi

147 2811 409 2867 notentur
442 2806 550 2866 illa
576 2803 804 2866 verba:
838 2805 984 2868 Non
1011 2809 1152 2866 sunt
1175 2804 1293 2866 Dei
1317 2821 1496 2883 opera
1535 2804 1684 2882 ista,

148 2899 232 2958 sed
254 2899 493 2973 diaboli,
523 2901 708 2978 eujus
749 2899 1038 2977 ,claudium
1089 2903 1175 2960 est
1224 2899 1410 2960 ruina
1458 2903 1688 2961 sancto-

147 3009 281 3052 rum.
338 2993 411 3054 Et
445 2993 514 3053 in
573 3011 714 3071 cap.
775 2991 1140 3053 duodecimo
1186 2995 1480 3053 notentur
1535 2991 1682 3052 illa:

150 3081 218 3146 Si
244 3085 390 3148 Deus
415 3087 716 3148 hominem
743 3085 863 3147 sibi
882 3084 1234 3147 obedientem
1256 3104 1294 3148 a
1320 3085 1572 3148 veritate
1594 3085 1690 3147 de-

150 3180 347 3254 turbat,
389 3185 444 3242 et
491 3180 634 3243 bene
683 3185 1013 3241 currentem
1056 3180 1259 3241 cadere
1300 3180 1500 3256 facit,
1547 3196 1688 3258 erqo

149 3287 240 3347 pro
258 3272 415 3334 bonis
440 3272 614 3335 mala
641 3271 949 3347 retribuit,
977 3276 1031 3334 et
1062 3271 1292 3350 injuste
1307 3273 1490 3350 punit
1537 3270 1695 3351 quod

155 3370 208 3423 uc
223 3366 322 3439 fiat
339 3365 621 3445 impellit.
663 3364 824 3439 Quid
857 3370 981 3426 tam
1000 3382 1368 3443 perversum,
1397 3364 1546 3443 quid
1565 3368 1692 3425 tam

157 3456 400 3518 insanum
451 3457 578 3519 diei
621 3462 729 3519 aut
779 3456 1112 3536 eoeaoyitari
1153 3458 1390 3535 potest?
1423 3457 1690 3517 Interro-

155 3565 219 3624 go
269 3550 451 3626 igitur
504 3568 592 3610 an
659 3549 820 3611 Deus
873 3549 1098 3629 puniat
1148 3548 1346 3610 solum
1405 3548 1687 3624 formale,

157 3640 236 3701 vel
254 3642 426 3703 etiam
473 3641 802 3705 materiale
838 3642 1112 3721 peccati?
1142 3640 1304 3715 Quid
1345 3641 1495 3702 dicit
1534 3641 1694 3703 Scri-

153 3738 347 3810 ptura?
385 3736 698 3810 Quantum
732 3734 1106 3814 ylarifioavit
1131 3752 1224 3810 se,
1265 3739 1322 3798 et
1359 3734 1426 3795 in
1463 3734 1696 3796 delitiis

153 3826 280 3901 fecit,
325 3833 552 3891 tantum
609 3829 748 3891 date
799 3828 900 3889 illi
951 3832 1308 3889 tormentum
1356 3830 1414 3889 et
1461 3826 1692 3889 luctum

156 3920 334 3997 (Apoc.
371 3924 490 3998 16).
511 3921 677 3997 Quid
699 3920 1032 3999 Theologi?
1055 3920 1242 3981 Poena
1265 3918 1480 3979 damni
1506 3920 1690 3999 puni-

156 4013 506 4091 turaversi03
533 4032 724 4095 poena
737 4031 948 4075 sensus
966 4012 1325 4087 voluntatis,
1348 4011 1424 4072 ad
1451 4018 1693 4073 creatu-

157 4120 268 4163 ram
288 4108 621 4170 conversio.
641 4107 720 4168 At
743 4107 1018 4169 converti
1037 4106 1118 4167 ad
1136 4112 1505 4181 creaturam,
1537 4123 1688 4167 eave

163 4194 288 4271 frui,
327 4198 400 4259 ad
441 4200 766 4262 materiale
813 4200 1046 4279 peccati
1097 4204 1348 4279 spectat,
1407 4200 1692 4277 quamvis

163 4292 523 4368 conjunctum
549 4293 790 4355 habeat
811 4292 1105 4369 formale3
1127 4296 1462 4371 utrumque
1502 4292 1696 4370 igitur

165 4384 321 4459 punit
337 4385 487 4446 Deus
494 4402 515 4464 3
539 4387 770 4466 injuste
794 4404 942 4465 ergo
962 4385 1146 4466 punit
1173 4384 1336 4464 quod
1355 4390 1426 4445 ut
1445 4383 1557 4445 fiat
1581 4385 1668 4446 im
1680 4419 1697 4430 ·

165 4476 326 4552 pellit.
357 4480 498 4553 Quis
522 4482 694 4542 enim
724 4488 910 4560 neget
936 4480 1012 4541 ad
1042 4478 1105 4539 id
1137 4480 1334 4540 Deum
1375 4477 1696 4557 impellere

164 4568 534 4649 voluntatem,
565 4574 646 4635 ad
671 4574 833 4653 quod
863 4590 1000 4633 eam
1029 4571 1447 4633 determinat?
1479 4572 1695 4633 Nullus

166 4678 290 4723 sane
330 4665 630 4727 efficacior
660 4665 962 4745 impulsus
989 4664 1324 4743 excogitari
1353 4669 1576 4743 potest.
1629 4666 1694 4727 Si

169 4770 292 4829 ergo
327 4757 398 4816 ad
442 4764 646 4818 aetum
692 4757 930 4818 malum
981 4757 1374 4832 determinat,
1407 4756 1484 4817 ad
1513 4756 1694 4818 illum

174 4842 440 4927 impellit3
489 4851 802 4929 quomodo
857 4870 1004 4931 ergo
1053 4852 1234 4912 illum
1279 4852 1506 4931 punit?
1539 4852 1695 4912 Nam

175 4939 310 5013 quod
336 4940 503 5003 Illum
534 4944 753 5023 puniat
787 4950 857 5005 ut
892 4946 1291 5025 coniunctum
1339 4944 1529 5005 habet
1571 4944 1694 5005 for-

177 5030 332 5106 male,
359 5052 494 5095 eum
540 5054 664 5098 non
693 5044 979 5116 exeusat3
1022 5040 1168 5117 quia
1203 5038 1290 5099 ita
1311 5037 1578 5117 impellit
1623 5043 1696 5098 ut

177 5125 454 5189 materiale
497 5126 628 5205 fiat,
671 5136 741 5190 ut
781 5132 1119 5192 necessario
1156 5132 1556 5211 conjunctum
1586 5129 1697 5191 ha-

179 5208 298 5275 beat
319 5216 595 5282 formale:
632 5220 760 5285 Sed
795 5222 984 5303 (addit
1007 5223 1174 5284 idem
1200 5223 1482 5301 Sanctus)
1507 5224 1575 5286 in
1604 5229 1696 5286 ta-

180 5304 270 5365 lem
295 5326 512 5373 sensam
560 5314 910 5392 crannum,
938 5318 1042 5397 qui
1066 5320 1284 5395 putant
1331 5315 1398 5377 in
1427 5316 1700 5378 omnibus

183 5397 270 5459 hoc
289 5418 396 5463 esee
419 5406 856 5482 praescientiam
877 5409 1018 5484 Dei,
1042 5409 1196 5489 quod
1216 5413 1270 5471 ec
1289 5408 1656 5470 voluntatem
1675 5452 1696 5484 ,

185 5506 294 5553 oum
317 5495 574 5562 voluntas
615 5500 746 5581 ejus
777 5518 1083 5583 nunquam
1119 5501 1287 5578 velit,
1327 5501 1458 5564 nisi
1504 5502 1656 5565 bona
1673 5524 1702 5572 ,-

1755 569 1906 634 bona
1950 588 2080 650 quoe
2120 573 2225 632 ant
2276 569 2405 646 ipse
2427 568 2607 643 facit,
2636 570 2742 630 aut
2768 572 2838 628 ut
2866 581 2973 626 nos
3019 564 3329 643 faciamus

1755 664 2016 741 imperat
2035 686 2061 733 ,·
2086 661 2251 725 mala
2280 665 2477 723 autem
2505 677 2637 740 quoe
2666 659 2901 720 omnino
2929 657 3057 734 ipse
3088 675 3205 718 non
3224 659 3329 734 fa-

1757 758 1862 830 cit,
1893 773 2077 835 neque
2104 755 2245 827 fieri
2272 755 2471 817 euasit
2494 759 2603 816 aut
2620 752 2890 829 impulit.
2949 751 3173 812 Omnia
3192 750 3329 810 hoec

1757 847 1947 910 verba
1970 854 2119 909 suut
2154 846 2642 908 consideratione
2669 843 3061 922 dignissima.
3096 843 3213 904 Sed
3248 860 3329 904 ne

1759 942 2029 1003 nimium
2061 943 2380 1017 immorer,
2435 939 2905 1000 considerentur
2938 943 3183 1000 tantum
3219 936 3327 998 illa

1761 1035 1886 1096 duo
1922 1035 2132 1110 verba,
2164 1035 2385 1111 suasit,
2432 1039 2495 1094 et
2523 1034 2769 1112 impulit
2783 1057 2811 1102 ,·
2864 1049 3011 1092 nam
3056 1031 3330 1111 primum

1759 1129 2010 1190 videtur
2053 1129 2363 1208 pertinere
2394 1125 2473 1187 ad
2516 1125 2811 1188 moralem
2857 1125 3221 1198 motionem,
3266 1127 3335 1184 et

1764 1240 1840 1284 ex
1871 1227 2045 1302 parte
2071 1221 2338 1302 objecti3
2398 1219 2739 1281 secundum
2766 1220 2845 1280 ad
2892 1218 3237 1299 physicam,
3268 1222 3332 1277 et

1766 1335 1844 1378 ex
1878 1322 2057 1397 parte
2108 1315 2427 1396 potentiae,
2474 1321 2537 1376 et
2568 1319 2903 1393 utrumque
2954 1310 3333 1372 inductionis

1766 1427 1967 1489 genus
1995 1412 2065 1471 in
2090 1412 2285 1472 Deum
2314 1427 2489 1490 posse
2513 1408 2729 1471 cadere
2755 1408 2974 1469 merito
2995 1412 3205 1485 negat.

1840 1505 1944 1565 27.
1989 1504 2063 1564 Et
2108 1503 2205 1564 his
2238 1503 2472 1584 optime
2508 1502 2900 1564 consentiunt
2942 1498 3129 1561 verba
3174 1499 3327 1559 Leo·

1760 1597 1882 1672 nis,
1915 1615 2107 1662 serm.
2141 1599 2218 1658 ¹6
2246 1597 2324 1658 de
2361 1596 2525 1656 Pasa.
2570 1615 2584 1656 :
2627 1595 2795 1669 Quod
2820 1594 3119 1656 Dominus
3144 1592 3198 1654 J
3199 1609 3333 1654 esu-s

1767 1690 2055 1754 Christus
2091 1692 2364 1766 furorem
2411 1687 2803 1769 frementium
2844 1687 2985 1766 pati
3020 1684 3235 1758 coluit,
3264 1684 3334 1744 in

1761 1787 1926 1848 nullo
1966 1793 2181 1850 auctor
2209 1802 2408 1849 eorum
2438 1783 2761 1845 criminum
2790 1781 2947 1858 fuit,
2979 1797 3083 1843 nec
3108 1778 3232 1858 eqit
3265 1783 3335 1838 ut

1766 1879 1894 1942 leoec
1918 1881 2156 1956 vellent,
2210 1879 2313 1942 sed
2348 1877 2525 1940 cessit
2578 1881 2646 1937 nt
2677 1878 2944 1953 possent,
2980 1877 3035 1936 et
3072 1872 3161 1934 sic
3186 1888 3335 1932 usus

1763 1977 1854 2035 est
1904 1974 2211 2036 obeoecatoe
2241 1971 2436 2051 plebis
2470 1969 2742 2044 insania,
2797 1966 3080 2049 quomodo
3120 1969 3175 2026 et
3192 1981 3333 2043 per-

1762 2065 1929 2140 fidia
1952 2067 2301 2130 traditoris.

1844 2158 2082 2220 Rursus
2126 2159 2245 2220 hoc
2297 2155 2668 2220 confirmant
2727 2151 2919 2216 verba
2964 2149 3277 2230 Fulgentii
3314 2195 3331 2221 ‚

1762 2256 1808 2316 1.
1843 2258 1872 2315 1
1919 2253 1997 2316 ad
2029 2253 2317 2326 Monim.‚
2356 2269 2410 2312 c.
2438 2253 2515 2311 13
2555 2270 2568 2310 :
2604 2249 2687 2312 In
2713 2247 2846 2308 illis
2879 2244 2964 2322 (id
2998 2249 3110 2320 est,
3132 2242 3333 2322 bonis)

1767 2365 1945 2426 opera
1990 2364 2103 2410 sua
2129 2346 2433 2425 ylorifieat
2464 2344 2665 2420 (Deus
2691 2338 3055 2415 videlicet),
3084 2339 3155 2399 in
3194 2337 3337 2400 istis

1768 2447 1965 2503 autem
1994 2440 2079 2518 (id
2118 2445 2233 2514 est,
2254 2437 2467 2514 malis)
2498 2453 2676 2515 opera
2689 2452 2803 2498 sua
2835 2451 2952 2494 non
2968 2431 3332 2494 condemnat.

1767 2533 1939 2594 Idem
1965 2532 2095 2594 fere
2138 2550 2193 2592 c.
2225 2533 2328 2607 21,
2374 2536 2437 2591 et
2463 2529 2529 2589 in
2558 2533 2690 2589 toto
2726 2524 2833 2588 illo
2865 2523 3049 2600 libro,
3080 2531 3151 2585 ut
3196 2540 3251 2584 e.
3294 2525 3337 2584 4

1769 2626 1957 2688 latius
1989 2624 2363 2687 videbimus.

1845 2718 2195 2794 Anselmus,
2240 2716 2352 2779 lib.
2410 2717 2489 2778 de
2532 2716 2686 2778 Casu
2743 2711 2938 2789 diab.,
2994 2729 3125 2790 cap.
3187 2709 3302 2770 ult.
3312 2756 3333 2787 ,

1765 2831 1910 2876 cum
1950 2812 2204 2873 dixisset
2246 2811 2449 2891 ipsum
2501 2809 2659 2870 velle
2714 2806 2943 2884 injusta
2968 2851 2989 2882 ,
3027 2809 3335 2883 quatenus

1765 2912 1861 2968 est
1895 2905 2156 2984 aliquid,
2190 2922 2320 2964 esse
2373 2921 2411 2963 a
2463 2903 2611 2976 Deo,
2644 2901 2733 2961 ait
2765 2917 2781 2960 ε
2813 2899 3044 2976 Nempe
3084 2914 3201 2958 non
3244 2915 3339 2958 so·

1767 2999 1892 3061 lum
1921 2999 2031 3060 hoc
2057 2997 2232 3058 habet
2261 2996 2490 3076 aliquis
2517 3013 2556 3057 a
2584 2995 2726 3070 Deo.
2760 2994 2919 3072 quod
2946 2993 3110 3054 Deus
3135 2995 3340 3068 sponte

1769 3093 1895 3168 dat,
1938 3090 2044 3153 sed
2076 3091 2261 3153 etiam
2288 3089 2447 3169 quod
2460 3087 2685 3168 injuste
2710 3086 2903 3164 rapit,
2944 3085 3065 3146 Deo
3088 3083 3335 3163 permit·

1770 3191 1945 3248 lente.
1972 3185 2105 3246 Non
2130 3184 2331 3263 potuit
2356 3199 2504 3243 sane
2529 3178 2871 3258 elegantius
2887 3175 3187 3239 declarari
3212 3193 3339 3254 quo

1773 3278 1959 3339 modo
2011 3275 2175 3339 velle
2206 3274 2371 3355 quod
2406 3272 2643 3335 malum
2691 3276 2805 3347 est,
2860 3290 2989 3333 non
3016 3269 3342 3331 inchoetur

1771 3372 1840 3432 in
1867 3370 2045 3431 nobis
2076 3388 2113 3430 a
2154 3370 2277 3431 Deo
2300 3416 2316 3442 ,
2368 3372 2585 3447 sponte
2620 3384 2731 3427 sua
2761 3382 2873 3426 nos
2919 3360 3341 3444 praedetermi-

1777 3470 2007 3540 nante,
2036 3462 2144 3525 sed
2190 3482 2229 3524 a
2265 3462 2445 3523 nohis
2482 3459 2890 3540 rapientibuS,
2939 3463 3002 3519 et
3038 3455 3215 3536 quasi
3241 3472 3339 3515 co-

1772 3556 2065 3635 gentibus
2107 3556 2303 3617 Deum
2352 3560 2425 3615 ut
2462 3552 2790 3615 nobiscum
2830 3555 3174 3613 concurrat.
3228 3550 3343 3609 Lo-

1776 3650 1991 3729 quitur
2012 3654 2223 3709 autem
2251 3646 2579 3709 Auselmus
2598 3645 2673 3707 de
2700 3644 2864 3707 malo
2889 3642 3071 3717 velle,
3092 3641 3335 3702 ratione

1771 3748 1947 3803 actus
2006 3740 2379 3815 materialis,
2442 3745 2513 3800 ut
2566 3738 2912 3800 evidentius
2968 3740 3207 3797 constat
3260 3749 3338 3794 ex

1773 3854 1827 3897 c.
1885 3836 1967 3897 ΞΟ
2008 3833 2283 3914 ejusdem
2318 3832 2493 3908 libri,
2546 3831 2657 3892 ubi
2698 3830 2923 3892 diserte
2962 3827 3239 3907 loquitur
3266 3826 3344 3886 de

1773 3927 2095 3988 voluntate
2124 3925 2290 3987 mala
2316 3932 2383 3985 ut
2410 3930 2505 3987 est
2528 3922 2842 4003 quoddam
2871 3922 3129 3995 bonum,
3165 3917 3343 3978 dicit-

1771 4038 1891 4100 que
1931 4038 2057 4081 non
2088 4036 2219 4080 esse
2246 4036 2285 4078 a
2312 4018 2464 4094 Deo,
2512 4016 2634 4077 nisi
2668 4015 3081 4097 permittente.
3118 4013 3339 4072 Praete-

1769 4132 1898 4189 rea,
1919 4111 2168 4190 dialogo
2196 4111 2274 4173 de
2298 4111 2501 4172 Liber.
2532 4108 2716 4171 arbit.
2724 4154 2746 4186 ,
2768 4125 2805 4168 a
2825 4126 2879 4169 c.
2914 4108 2976 4183 5,
3000 4105 3221 4186 probat
3236 4123 3345 4166 vo-

1769 4204 2077 4266 luntatem
2114 4222 2241 4265 non
2276 4204 2398 4265 nisi
2436 4222 2475 4265 a
2513 4221 2577 4264 se
2614 4219 2790 4282 posse
2837 4200 2917 4261 ad
2957 4199 3345 4261 consentien-

1779 4296 1931 4356 dum
1964 4295 2292 4357 tentationi
2337 4294 2665 4356 efficaciter
2698 4292 2994 4373 pertrahi,
3039 4297 3102 4353 et
3134 4308 3267 4370 cap.
3306 4290 3348 4351 8

1777 4389 2123 4469 specialiter
2145 4390 2527 4450 demonstrat
2557 4386 2935 4467 impossibile
2964 4402 3091 4447 esse
3121 4383 3185 4444 id
3211 4382 3348 4445 fieri

1778 4501 1855 4543 ex
1883 4483 2158 4544 motione
2205 4481 2441 4557 divina,
2471 4499 2620 4542 nam
2651 4480 2769 4541 hoc
2808 4480 2943 4558 ipso
2972 4483 3211 4539 rectum
3252 4494 3349 4538 es-

1775 4581 1891 4653 set,
1921 4576 2071 4656 quia
2116 4576 2251 4654 jam
2297 4580 2455 4635 esset
2483 4574 2710 4635 divinae
2756 4570 3064 4633 voluntati
3105 4569 3347 4630 confor-

1775 4688 1914 4745 me,
1947 4668 2451 4749 quandoquidem
2500 4685 2579 4727 ex
2625 4666 2791 4727 illius
2832 4664 3066 4725 efficaci
3106 4663 3347 4742 impetn

1775 4780 1847 4823 ac
1877 4761 2197 4822 voluntate
2228 4760 2423 4821 fieret.

1859 4854 1977 4915 Ubi
2032 4854 2217 4915 etiam
2282 4854 2517 4933 optime
2569 4850 2833 4933 quadrat
2894 4848 3129 4911 dictum
3193 4846 3348 4909 illud

1774 4947 1980 5022 Bedoe,
2013 4945 2125 5008 lib.
2173 4948 2202 5007 1
2238 4946 2383 5007 Var.
2431 4950 2677 5026 quaest„
2722 4944 3061 5025 quaestione
3110 4942 3349 5003 decima

1773 5040 1957 5101 tertia
1983 5060 1998 5100 τ
2043 5041 2207 5103 Deus
2232 5058 2339 5102 nos
2359 5058 2477 5101 non
2504 5039 2635 5118 σορκ·
2642 5044 2669 5101 t
2697 5040 2779 5101 ad
2802 5038 3052 5114 malum,
3098 5038 3204 5099 sed
3246 5052 3350 5114 po-

1781 5136 1908 5196 tins
1948 5152 2055 5195 nos
2085 5132 2353 5212 coyimus
2391 5134 2583 5195 Dewm
2611 5137 2682 5195 nt
2732 5132 2933 5194 videat
2962 5130 3209 5193 malum.
3260 5128 3351 5187 Ex

1777 5225 1886 5287 illa
1915 5226 2083 5287 enim
2104 5224 2423 5299 antithesi,
2448 5229 2685 5287 constat
2698 5224 2819 5285 late
2844 5222 2929 5283 ibi
2946 5238 3191 5283 sumere
3211 5236 3348 5279 ver-

1778 5319 1931 5380 bum
1960 5317 2243 5396 cogendi,
2288 5323 2361 5377 ut
2386 5318 2817 5379 necessitatem
2842 5316 2944 5377 vel
2972 5312 3338 5376 determina-

1784 5412 2019 5472 tionem
2044 5427 2499 5490 quamcumque
2522 5408 2852 5489 significat.
2878 5410 3001 5470 Nos
3024 5407 3193 5469 enim
3217 5420 3349 5463 non

1779 5504 2057 5584 cogimus
2096 5502 2316 5579 Deum,
2346 5502 2401 5565 si
2434 5504 2643 5565 stricte
2672 5502 3000 5580 loquamur
3011 5516 3032 5578 ;
3058 5497 3167 5561 sed
3194 5498 3349 5557 dum
