3850 6225
696 393 831 446 GAP.
867 393 975 446 ΧΠ.
1009 392 1313 446 Auxlhmn
1346 390 1617 445 Efflcsx
1648 388 1771 443 NON
1804 388 2182 442 constsTmtE
2213 389 2276 441 IN
2308 390 2562 452 ALlotJA,
2599 387 2732 441 mc.

150 512 263 555 non
292 497 379 553 est
418 490 629 551 eadem
658 490 817 551 ratio
848 489 927 550 de
956 488 1186 551 auxilio
1212 490 1567 553 necessario
1596 488 1677 549 ad

150 587 402 667 singulos
428 590 621 655 actae,
652 582 733 645 de
761 602 887 662 quo
916 602 1107 662 supra
1147 583 1585 662 loquebamur,
1618 586 1680 643 et

146 683 213 743 de
232 678 447 739 auxilio
475 676 825 738 necessario
848 675 929 736 ad
950 677 1379 739 collectionem
1398 682 1677 750 actuum,

148 773 311 853 quale
341 774 433 831 est
458 769 750 834 auxilium
780 768 864 829 ad
906 770 1477 849 perseverandum;
1529 786 1679 829 nam

146 884 271 929 cnm
296 864 585 925 auxilium
616 868 711 925 est
733 863 1162 927 necessarium
1191 862 1274 923 ad
1302 862 1681 924 determina-

146 968 261 1021 tum
286 962 510 1030 actum,
550 957 683 1017 sine
716 956 823 1019 illo
851 957 1023 1019 aliud
1052 974 1181 1017 non
1228 956 1455 1018 sufficit
1502 955 1583 1016 ad
1610 954 1681 1014 il-

142 1055 255 1113 lam
276 1057 513 1123 actnm;
546 1054 607 1111 et
636 1050 721 1111 ita
748 1050 959 1111 nullus
986 1050 1147 1111 alius
1172 1054 1349 1110 actus
1382 1047 1683 1127 relinqui-

142 1154 248 1215 tur,
278 1145 353 1205 ad
382 1162 569 1223 quem
600 1144 756 1205 illud
784 1144 951 1205 aliud
978 1144 1277 1205 auxilium
1318 1140 1513 1223 possit
1544 1158 1681 1203 esse

144 1238 465 1311 sufficiens;
521 1242 585 1297 at
612 1255 786 1309 vero,
819 1256 963 1299 cum
994 1236 1167 1297 aliud
1188 1235 1491 1297 auxilium
1516 1251 1681 1295 com-

140 1338 373 1413 paretur
416 1330 499 1391 ad
524 1330 957 1393 collectionem
988 1335 1267 1402 actuum,
1299 1328 1584 1407 quamvis
1612 1327 1682 1386 il·

140 1426 233 1487 lud
258 1423 453 1485 solum
470 1440 601 1483 non
628 1422 899 1485 sufficiat
918 1422 1053 1484 sine
1082 1422 1205 1484 alio
1234 1421 1460 1501 majori
1482 1421 1565 1481 ad
1592 1426 1676 1481 to-

138 1529 249 1581 tam
274 1517 722 1587 collectionem,
757 1523 959 1596 potest
979 1516 1387 1578 nihilominus
1408 1534 1547 1577 esse
1574 1534 1683 1575 au·

140 1613 329 1676 xilium
364 1629 509 1673 vere
545 1629 619 1671 ac
644 1610 965 1673 moraliter
1004 1610 1323 1673 sufficiens
1358 1610 1440 1671 ad
1466 1610 1682 1689 singu-

140 1708 217 1769 los
242 1711 409 1767 actus
442 1705 709 1767 divisive
743 1711 1055 1785 sumptos;
1102 1711 1165 1766 et
1206 1706 1419 1766 hocin
1474 1704 1679 1784 rigore

140 1801 267 1863 satis
292 1806 383 1861 est
420 1806 491 1861 ut
524 1799 771 1859 homini
792 1798 1135 1877 imputetur
1174 1798 1346 1877 quod
1378 1816 1505 1858 non
1535 1815 1681 1875 per-

141 1900 382 1964 severet3
424 1892 579 1971 quia
620 1891 867 1971 singula
910 1895 1165 1969 peccata
1214 1895 1420 1971 potest
1454 1890 1675 1962 vitare,

142 1992 193 2049 et
213 2004 327 2047 non
354 1984 535 2047 aliter
562 1984 749 2058 eadit,
776 2003 893 2045 seu
917 2002 1049 2046 non
1076 1988 1461 2064 perseverat,
1488 2001 1679 2063 quam

142 2082 193 2139 in
212 2079 458 2159 singulis
484 2078 787 2159 peccatis,
820 2097 937 2141 seu
964 2079 1029 2139 in
1058 2078 1271 2159 aliquo
1292 2077 1541 2139 illorum
1568 2076 1679 2139 de-

147 2172 407 2235 finiendo.

210 2268 297 2327 14.
340 2264 643 2339 Quomodo
670 2266 759 2329 eit
785 2266 853 2327 in
882 2270 1179 2347 potestate
1200 2264 1459 2328 hominis
1482 2281 1681 2347 perse·-

143 2377 339 2423 vemre.
364 2357 700 2420 -Deinde
730 2358 922 2419 etiam
949 2363 1239 2437 respectu
1276 2374 1681 2437 perseveran-

142 2454 245 2528 tiae,
269 2452 632 2531 simpliciter
656 2450 981 2513 fatendum
1010 2455 1107 2513 est
1133 2468 1273 2511 esse
1317 2450 1383 2513 in
1418 2449 1683 2513 bominis

142 2550 415 2624 potestate
441 2562 880 2625 perseverare,
920 2544 1207 2624 quamvis
1244 2544 1509 2605 sortasse
1540 2560 1685 2622 per-

143 2642 507 2699 severaturus
536 2655 673 2698 non
700 2638 817 2711 sit;
850 2636 999 2717 quia
1026 2638 1081 2699 si
1112 2643 1203 2699 est
1231 2638 1520 2717 injustus,
1547 2638 1683 2717 jus-

143 2730 331 2791 tificari
378 2735 629 2810 potest;
674 2736 738 2793 et
782 2734 1115 2809 postquam
1142 2730 1277 2809 jam
1307 2736 1403 2793 est
1430 2731 1639 2809 justus
1660 2774 1679 2805 ‚

142 2844 247 2886 non
272 2826 603 2887 deseretur
630 2842 667 2885 a
688 2825 847 2899 Deo,
874 2823 995 2885 nisi
1018 2824 1153 2904 ipse
1176 2826 1377 2885 Deum
1408 2823 1677 2887 deserat.

144 2916 499 2997 Quapropter
546 2918 853 2979 auxilium
900 2918 1120 2997 recipit
1168 2918 1513 2992 sufficiens,
1552 2935 1681 2979 non

142 3011 315 3073 solum
358 3018 425 3073 ut
464 3010 671 3090 possit
728 3028 1157 3091 perseverare,
1208 3012 1323 3073 sed
1374 3011 1561 3075 etiam
1612 3016 1681 3071 ut

140 3108 485 3184 perseveret,
510 3104 573 3166 si
598 3103 778 3176 velit;
812 3103 1047 3183 alioqui
1083 3104 1183 3166 vel
1212 3124 1341 3166 non
1382 3108 1551 3168 esset
1574 3123 1683 3166 ve-

142 3216 199 3258 re
236 3197 539 3260 sufficiens
588 3203 879 3277 respectu
932 3197 1325 3278 singulorum
1376 3215 1641 3277 operum
1664 3241 1681 3271 ,

142 3289 223 3350 vel
264 3289 474 3352 saltem
529 3295 833 3369 respectu
886 3290 1273 3354 collectionis
1334 3308 1463 3351 non
1518 3295 1686 3352 esset

143 3383 425 3446 moraliter
465 3383 793 3444 sufficiens
824 3402 839 3443 :
888 3382 1059 3462 quod
1094 3383 1285 3444 etiam
1330 3388 1425 3444 est
1472 3382 1683 3442 incon-

143 3474 389 3550 veniens,
432 3483 503 3539 ut
560 3481 935 3554 argumenta
978 3475 1267 3556 superius
1306 3475 1491 3549 facta,
1540 3493 1677 3554 cap.

142 3568 191 3638 9,
218 3569 486 3646 probant.
512 3570 681 3641 Quia
706 3588 855 3631 vero
886 3569 1353 3649 perseverantia
1382 3587 1509 3631 non
1539 3587 1683 3630 con·

142 3660 275 3722 sistit
295 3663 358 3722 in
398 3681 529 3724 uno
586 3669 757 3736 actu,
792 3661 907 3724 sed
950 3663 1012 3723 in
1046 3681 1385 3744 progressu
1425 3662 1565 3724 vitoe
1616 3667 1680 3722 et

140 3756 500 3818 successione
537 3756 843 3836 quadam,
886 3775 1016 3818 non
1044 3762 1141 3818 est
1168 3774 1429 3818 necesse
1463 3761 1535 3818 ut
1572 3775 1681 3817 au-

138 3845 325 3908 xilinm
364 3850 689 3912 sufficiens
733 3849 817 3912 ad
842 3849 1019 3910 illam
1067 3849 1253 3910 simul
1294 3855 1357 3912 et
1404 3853 1549 3910 actu
1576 3849 1682 3910 de-

140 3945 243 4016 tur,
270 3941 377 4004 sed
414 3943 799 4016 successive,
836 3948 899 4005 et
944 3943 1009 4004 in
1043 3944 1345 4023 potentia,
1374 3961 1489 4006 seu
1524 3959 1682 4021 prae-

141 4036 453 4111 paratione,
488 4042 801 4116 quantum
834 4043 928 4098 est
956 4055 1034 4099 ex
1060 4042 1239 4117 parte
1266 4039 1404 4099 Dei.
1435 4039 1677 4117 Itaque,

144 4127 187 4186 si
200 4128 411 4206 justus,
440 4148 559 4210 per
592 4130 899 4192 auxilium
931 4131 1102 4209 quod
1142 4149 1308 4192 nunc
1348 4136 1491 4192 actu
1524 4130 1681 4192 reci-

143 4219 235 4296 pit,
258 4221 433 4286 t'aciat
463 4223 643 4302 quod
681 4224 747 4284 in
776 4241 845 4284 se
891 4230 1005 4294 est,
1049 4224 1311 4303 recipiet
1354 4243 1393 4284 a
1424 4224 1579 4296 Deo,
1626 4222 1677 4284 si

142 4318 535 4379 necessarium
574 4319 903 4380 moraliter
928 4319 1134 4388 fuerit,
1181 4319 1387 4399 majus
1416 4322 1481 4380 et
1506 4317 1681 4380 suffi-

140 4409 289 4470 ciens
312 4413 639 4486 auxilium,
687 4429 813 4489 quo
865 4415 931 4474 in
986 4413 1229 4474 actibus
1271 4413 1551 4493 proxime
1584 4429 1678 4472 se·

139 4505 445 4578 quentibus
474 4507 643 4568 hene
692 4507 974 4584 operari,
1022 4513 1087 4568 et
1140 4506 1675 4586 perseverantiam

142 4599 471 4662 continuare
494 4601 716 4680 possit.
764 4600 942 4673 Quod
986 4601 1037 4662 si
1086 4619 1233 4662 cum
1262 4600 1507 4662 auxiliis
1554 4599 1675 4660 illis

142 4696 287 4753 recte
312 4711 375 4754 se
396 4694 685 4773 gesserit,
708 4695 771 4754 in
787 4699 1109 4773 posterum
1127 4693 1388 4773 recipiet
1407 4695 1673 4772 maJora,

144 4791 303 4858 prout
327 4789 645 4850 moraliter
657 4788 1014 4850 necessaria
1038 4787 1273 4848 tuerint
1290 4787 1372 4849 ad
1386 4805 1679 4866 perseve-

144 4877 381 4940 randum
412 4881 717 4958 amplius;
750 4886 937 4961 atque
978 4881 1045 4942 in
1080 4881 1251 4942 hunc
1298 4880 1559 4942 modum
1586 4886 1681 4942 est

146 4965 197 5026 in
224 4971 537 5050 cujuslibet
549 4975 699 5053 justi
720 4979 1025 5054 potestate
1039 4991 1445 5053 perseverare
1468 4992 1671 5054 usque

146 5058 199 5119 in
231 5061 409 5126 finem
446 5067 611 5130 vitae.
652 5069 729 5130 Et
772 5068 893 5130 hoc
928 5066 1299 5146 significavit
1328 5068 1670 5129 Concilium

145 5154 569 5235 Tridentinum,
592 5162 653 5223 d.
684 5181 738 5224 c.
768 5165 871 5234 13,
902 5162 1035 5235 uhi,
1066 5181 1213 5224 cum
1244 5162 1501 5224 dixisset
1530 5181 1673 5242 per-

144 5253 475 5316 severantiae
496 5273 725 5318 munus
746 5275 875 5318 non
898 5274 1083 5335 posse
1110 5273 1249 5318 esse
1272 5257 1391 5318 nisi
1416 5273 1495 5316 ex
1514 5257 1669 5328 Dec,

144 5343 561 5426 neminemque
588 5368 769 5428 posse
798 5349 1083 5412 absoluta
1118 5349 1491 5412 certitudine
1518 5348 1675 5410 illud

150 5434 248 5497 sibi
272 5441 563 5516 polliceri,
586 5445 793 5508 subdit
832 5463 846 5506 :
880 5446 1151 5510 Tametsi
1176 5446 1247 5508 in
1286 5446 1400 5508 Dei
1442 5444 1675 5509 aemilio

149 5530 541 5603 simmam
566 5557 727 5623 spem
752 5540 1041 5605 collocare
1082 5545 1142 5604 et
1167 5557 1447 5624 reponere
1474 5557 1674 5605 omnes

1758 488 1963 551 debent
1984 514 2010 561 ,·
2046 490 2210 551 Deus
2239 489 2420 563 enim,
2463 488 2590 551 nisi
2633 488 2761 570 ipsi
2815 486 2947 567 ejus
2979 488 3204 570 qratia»
3230 489 3331 554 de·

1756 581 2010 659 suerint,
2040 583 2205 645 sieut
2241 584 2420 663 eoepit
2447 599 2596 665 opus
2623 582 2859 654 bonum,
2903 579 2996 645 ita
3029 582 3325 663 perficiet,

1760 693 2015 756 operans
2041 676 2191 738 velle
2217 682 2276 738 et
2289 678 2598 757 perficere.

1842 769 1940 829 15.
1985 763 2088 831 Aa
2109 768 2398 831 ultimam
2426 766 2806 848 objectionem
2817 767 3014 826 .—-Ad
3043 767 3329 831 ultimam

1758 878 1908 921 vero
1937 861 2264 935 rationem,
2299 860 2378 922 de
2419 861 2524 921 illa
2573 858 2984 921 admiratione
3038 862 3330 941 Augusti-

1758 954 1823 1015 ni
1861 972 1875 1015 :
1922 953 2050 1017 Om-
2085 955 2242 1019 huno
2273 956 2506 1029 trahat,
2545 955 2724 1019 illwm
2752 972 2872 1017 non
2912 955 3145 1030 trahat,
3179 962 3326 1032 etc„

1759 1048 1942 1127 plura
1973 1053 2120 1109 sunt
2171 1068 2210 1111 a
2239 1049 2420 1111 nobis
2459 1049 2525 1109 in
2573 1048 2982 1129 sequentibus
3019 1048 3286 1112 dicenda
3309 1097 3328 1124 ,

1762 1142 2090 1204 tractando
2121 1144 2534 1221 quaestionem
2576 1143 2774 1218 illam,
2805 1161 2886 1203 an
2917 1161 3061 1204 cum
3101 1146 3333 1223 aequali

1762 1236 1994 1297 auxilio
2015 1237 2232 1316 gratiae
2255 1254 2372 1316 per
2389 1237 2650 1298 modum
2677 1236 2961 1316 principii
2995 1242 3114 1299 stet
3135 1256 3330 1300 unum

1762 1330 2060 1403 converti,
2091 1334 2156 1391 et
2185 1330 2378 1391 alium
2406 1348 2533 1391 non
2563 1330 2881 1402 converti;
2928 1348 3096 1393 nunc
3125 1332 3330 1393 solum

1764 1422 2022 1483 adverto
2069 1423 2486 1503 Augustinum
2538 1440 2668 1483 non
2721 1422 2972 1496 dixisse,
3015 1423 3332 1503 quomodo

1762 1517 1929 1577 hunc
1958 1517 2186 1590 trahat,
2221 1517 2398 1577 illum
2424 1534 2552 1576 non
2576 1516 2804 1589 trahat,
2843 1516 2977 1588 sed,
3011 1534 3122 1581 cur
3147 1519 3328 1595 hune,

1762 1618 1879 1673 etc.
1914 1612 2052 1673 Non
2085 1612 2297 1691 itaque
2334 1610 2680 1671 admiratur
2715 1610 2885 1689 quod
2913 1630 3042 1671 una
3070 1612 3182 1672 Dei
3217 1630 3331 1673 vo-

1764 1704 1925 1767 catio
1959 1704 2036 1765 sit
2053 1705 2296 1775 efficax,
2331 1703 2608 1765 etaltera
2625 1722 2754 1764 non
2777 1704 2876 1764 sit.
2907 1705 3120 1781 Neque
3145 1704 3334 1766 etiam

1759 1799 1958 1860 voluit
2009 1799 2320 1859 rationem
2357 1816 2472 1859 seu
2508 1797 2768 1859 modum
2808 1798 2996 1877 hujus
3040 1798 3334 1861 efficaciis

1760 1893 1944 1953 nobis
1969 1910 2110 1954 esse
2147 1893 2402 1954 omnino
2429 1893 2734 1971 ignotum,
2763 1909 2912 1952 nam
2935 1891 3112 1953 illum
3141 1894 3331 1955 etiam

1760 1986 2086 2047 declarare
2119 1985 2388 2058 studuit,
2423 1985 2634 2066 quoad
2673 1985 2892 2064 potuit,
2941 1986 3162 2065 suique
3206 1991 3333 2049 stu-

1763 2080 1845 2141 dii
1876 2098 1952 2142 ac
1987 2084 2250 2141 conatus
2277 2078 2587 2153 rationem
2615 2078 2916 2139 latissime
2945 2078 3218 2140 reddidit
3266 2080 3332 2141 in

1760 2170 1921 2233 libro
1963 2175 2044 2234 83
2073 2172 2525 2244 Quaestionum,
2551 2176 2769 2250 quaest.
2817 2173 2918 2235 68.
2965 2172 3122 2233 Tota
3177 2190 3332 2252 ergo

1763 2266 2092 2327 admiratio
2132 2266 2461 2345 Augustini
2497 2266 2560 2327 in
2590 2266 2712 2327 hoc
2753 2266 2956 2345 posita
2987 2268 3122 2339 est,
3159 2266 3334 2345 quod

1766 2361 1954 2431 Deua,
1995 2376 2142 2419 eum
2179 2358 2375 2437 possit
2403 2358 2651 2419 duobus
2679 2358 3038 2420 hominibus
3057 2359 3334 2420 vocatio-

1764 2470 1879 2513 nes
1912 2468 2226 2530 congruas
2251 2457 2313 2513 et
2349 2451 2854 2513 accommodatas
2881 2451 3058 2525 dare,
3093 2454 3162 2513 ut
3186 2469 3334 2513 con·-

1762 2549 2110 2618 vertantur,
2141 2545 2248 2605 uni
2277 2544 2384 2607 det
2401 2544 2597 2615 illam,
2623 2550 2686 2605 et
2705 2544 2882 2605 alteri
2907 2562 3035 2605 non
3065 2545 3193 2617 det,
3219 2542 3332 2605 sed

1765 2655 1908 2700 eam
1937 2655 2084 2699 cum
2131 2656 2256 2717 qua
2301 2638 2414 2698 scit
2454 2655 2582 2697 non
2618 2637 2752 2698 fore
2797 2638 3292 2699 convertendum
3312 2682 3328 2708 ,

1764 2732 1881 2793 etsi
1933 2732 2172 2811 possit;
2208 2737 2270 2793 et
2304 2731 2492 2810 hujus
2524 2731 2890 2793 differentiae
2941 2737 3005 2793 et
3051 2732 3332 2811 inaequa-

1762 2824 1951 2887 litatis
1979 2825 2112 2885 vult
2135 2825 2376 2886 nullam
2395 2840 2536 2885 esse
2571 2842 2610 2885 a
2629 2824 2814 2885 nohis
2837 2842 2915 2885 ex
2931 2830 3108 2903 parte
3135 2824 3334 2887 homi-

1760 2936 1915 2981 num
1947 2918 2442 2999 investigandam
2469 2917 2803 2993 rationem,
2829 2917 2942 2979 sed
2963 2922 3160 2979 totam
3188 2936 3328 2981 esse

1761 3012 2160 3077 referendam
2201 3012 2284 3075 ad
2319 3011 2720 3073 inscrutabile
2738 3012 3046 3091 judicium
3069 3012 3206 3085 Dei,
3223 3010 3332 3092 qui
3353 3044 3366 3065 »

1764 3108 1976 3170 omnia
2027 3113 2323 3188 operatur
2363 3105 2714 3168 secundum
2751 3106 3078 3170 consilium
3109 3106 3330 3168 volun·

1762 3200 1907 3263 tatis
1934 3220 2085 3264 suae.
2116 3203 2210 3262 Ex
2235 3201 2356 3263 hac
2385 3218 2536 3281 ergo
2565 3199 2896 3280 Augustini
2917 3199 3330 3262 admiratione

1768 3302 1831 3358 et
1859 3295 2144 3357 doctrina
2165 3293 2408 3356 nullum
2433 3294 2533 3355 vel
2555 3292 2692 3355 leve
2719 3293 3200 3355 fundamentum
3230 3312 3334 3354 su-

1764 3389 1849 3449 mi
1894 3394 2100 3467 potest
2125 3388 2208 3449 ad
2257 3386 2734 3468 excogitandam
2773 3386 3147 3449 excitantem
3193 3403 3332 3466 gra-

1762 3483 1942 3554 tiam,
1983 3500 2122 3560 quae
2159 3481 2418 3561 physice
2459 3480 2846 3542 voluntatem
2893 3485 3172 3541 nostram
3225 3480 3332 3541 de·-

1765 3575 2060 3637 terminet
2087 3592 2102 3646 ;
2155 3579 2218 3636 et
2254 3573 2454 3654 quiid
2478 3573 2814 3644 affirmant,
2841 3590 3104 3636 necesse
3129 3577 3225 3634 est
3257 3578 3330 3633 ut

1766 3666 1988 3728 eodem
2039 3667 2228 3729 modo
2275 3667 2358 3728 ad
2401 3671 2846 3746 argumentum
2879 3665 3328 3746 respondeant,

1760 3760 1905 3839 quia
1937 3761 2056 3839 ipsi
2072 3761 2207 3840 jam
2235 3760 2510 3822 reddunt
2543 3760 2852 3821 rationem
2881 3759 3181 3839 aliquam,
3218 3777 3332 3819 cur

1762 3853 2050 3916 excitatio
2077 3853 2156 3914 sit
2185 3853 2404 3914 efficax
2431 3853 2498 3914 in
2524 3871 2652 3914 uno
2688 3858 2751 3913 et
2773 3871 2900 3913 non
2929 3850 2996 3912 in
3019 3851 3178 3924 alio;
3214 3870 3332 3912 un-

1762 3946 1843 4008 de
1882 3964 2142 4008 necesse
2165 3951 2261 4008 est
2294 3951 2364 4006 ut
2405 3945 2886 4008 admirationem
2913 3945 2979 4006 in
3005 3963 3080 4006 eo
3109 3945 3333 4006 consti-

1760 4047 1962 4113 tuant,
1993 4039 2166 4120 quod
2195 4040 2336 4101 talis
2385 4039 2672 4102 excitatio
2717 4039 2938 4102 efficax
2981 4039 3093 4099 uni
3121 4039 3328 4111 datur,

1762 4141 1825 4197 et
1848 4134 2032 4196 alteri
2057 4151 2186 4195 non
2215 4134 2402 4196 datur
2435 4152 2514 4194 ex
2543 4133 2754 4194 divina
2778 4131 3122 4194 voluntate.
3149 4131 3329 4203 Quod

1761 4246 1915 4308 ergo
1949 4227 2068 4308 ipsi
2096 4233 2389 4288 asserunt
2425 4227 2504 4288 de
2528 4226 2636 4286 illa
2665 4224 3038 4286 excitatione
3066 4224 3330 4303 physice

1760 4326 2086 4400 operante,
2115 4321 2296 4400 cujus
2330 4320 2714 4398 Augustinus
2753 4335 3082 4397 nunquam
3111 4317 3330 4378 memi-

1759 4413 1871 4486 nit,
1914 4414 1979 4474 id
2011 4432 2127 4474 nos
2181 4413 2450 4474 dicimus
2497 4412 2576 4474 de
2621 4411 2990 4474 excitatione
3047 4427 3329 4490 congrua

1758 4515 1821 4570 et
1860 4507 2355 4580 accommodata,
2381 4524 2574 4586 quam
2603 4522 2898 4586 expresse
2932 4503 3167 4566 docuit.

2330 4733 2580 4796 CAPUT
2621 4731 2750 4795 XII.

1759 4968 2051 5016 Anxium!
2111 4967 2365 5014 mmm
2404 4965 2518 5014 NON
2572 4965 2932 5014 oonslsrmut
2984 4966 3047 5014 m
3108 4965 3326 5020 Annua

1834 5063 2057 5108 GRATtA
2097 5061 2408 5108 ornnmu
2457 5061 2566 5106 vm.
2605 5059 3012 5118 ῦΟΟΡΕΒΔΝΤΙ,
3051 5059 3183 5113 013AE
3211 5059 3326 5106 PER

1832 5155 2042 5202 nomm
2080 5155 2347 5216 emunim
2363 5136 2623 5215 'JranmB
2661 5153 3180 5200 rmnssuumm
3224 5153 3326 5200 VO·

1834 5249 2165 5296 LUNTATEM
2199 5250 2280 5299 An
2319 5248 2694 5296 exsecutum
2727 5247 2934 5296 Actus·

1837 5449 1894 5507 1.
1945 5446 2175 5508 Praeter
2201 5445 2467 5526 gratiam
2501 5443 2878 5506 excitantem
2916 5440 3124 5502 solum
3163 5440 3324 5502 indi-

1756 5548 1861 5624 get
1898 5541 2188 5603 voluntas
2216 5539 2414 5621 gratia
2435 5537 2774 5619 adjiivante
2801 5535 2884 5598 ad
2925 5533 3322 5598 efficiendum
