3850 6225
393 344 513 405 334

394 466 520 507 non
559 452 889 527 propterea
936 446 1243 526 majorem
1279 446 1721 508 necessitatem
1748 446 1958 507 insert.

393 540 639 601 Tertius
664 540 887 601 modus
917 539 1299 601 causalitatis
1326 540 1701 601 necessariae
1733 546 1829 599 est
1852 558 1964 619 per

394 632 981 695 determinationem
1031 634 1440 695 intrinsecam
1496 633 1577 693 ad
1628 652 1849 700 unum.
1903 637 1967 694 et

394 726 515 787 hoc
546 746 735 789 sensu
772 727 1099 787 manifeste
1130 732 1245 799 est,
1295 726 1617 788 scientiam
1666 726 1777 787 Dei
1825 744 1964 787 esse

396 839 651 883 causam
680 820 1121 883 necessariam.
1155 819 1333 882 Unde
1364 820 1552 881 etiam
1594 824 1840 881 constat
1876 819 1967 880 di-

396 933 543 973 vum
575 914 880 974 Thomam
904 913 969 973 in
1021 914 1144 973 hoc
1191 931 1382 973 sensu
1428 912 1619 973 fuisse
1660 912 1961 975 locutum.

395 1008 577 1069 Dices
599 1028 627 1081 :-
667 1026 779 1067 cur
826 1024 976 1085 ergo
1017 1005 1374 1085 exemplum
1418 1006 1673 1067 adhibet
1720 1006 1784 1065 in
1834 1005 1964 1065 sole

396 1102 697 1161 influente
725 1105 795 1161 ut
822 1097 1051 1177 plantae
1092 1099 1489 1179 germinent?
1529 1098 1967 1179 Respondetur

396 1194 636 1274 primo,
666 1198 737 1253 ut
782 1210 821 1253 a
866 1191 1104 1252 fortiori
1147 1200 1353 1251 sumat
1392 1198 1869 1271 argumentum3
1914 1188 1966 1249 si

400 1287 568 1349 enim
612 1303 801 1345 causa
836 1290 1100 1357 remota,
1143 1302 1257 1345 seu
1297 1284 1689 1357 universali3‚
1722 1282 1966 1345 etiamsi

400 1399 477 1441 ex
504 1378 875 1439 necessitate
914 1380 1153 1438 naturas
1194 1382 1363 1457 agat,
1396 1377 1799 1437 nihilominus
1826 1394 1966 1455 pro-

400 1474 569 1534 ducit
594 1472 887 1533 effectum
913 1471 1380 1551 contingentem
1408 1476 1664 1549 propter
1706 1470 1966 1531 modum

400 1566 629 1647 agendi
685 1583 889 1627 causae
948 1563 1243 1644 proximae
1268 1607 1285 1636 ,
1338 1563 1535 1625 multo
1592 1564 1797 1642 magis
1846 1563 1968 1623 hoc

402 1678 537 1722 esse
573 1658 817 1738 poterit,
854 1658 904 1718 si
936 1658 1005 1716 in
1044 1656 1369 1719 effectione
1414 1674 1619 1718 causae
1648 1656 1968 1717 universa-

399 1754 477 1813 lis
519 1753 723 1814 solum
764 1752 844 1813 sit
879 1750 1221 1812 necessitas
1267 1748 1737 1810 infallibilitatis.
1789 1748 1968 1820 Quod

402 1848 592 1908 etiam
645 1845 825 1907 aliter
871 1844 1255 1915 declaratur,
1309 1844 1477 1921 quia,
1522 1844 1667 1904 licet
1708 1842 1968 1903 scientia

400 1941 512 2003 Dei
538 1941 623 2018 (et
650 1940 816 2001 idem
846 1944 1057 2018 posset
1084 1937 1162 1998 de
1191 1938 1470 2017 potentia
1492 1937 1639 2016 dici)
1668 1954 1797 1997 non
1820 1942 1969 2014 agat

403 2053 480 2095 ex
510 2034 882 2095 necessitate
926 2040 1189 2104 naturae,
1223 2035 1435 2091 tamen
1476 2038 1809 2111 postquam
1852 2048 1968 2109 per

401 2127 787 2189 voluntatem
814 2125 1265 2185 determinatur
1291 2124 1371 2185 ad
1414 2142 1632 2198 unum,
1664 2130 1839 2185 tanta
1862 2141 1968 2183 ne-

405 2220 691 2281 cessitate
727 2218 875 2296 agit,
908 2236 982 2278 ac
1025 2218 1073 2277 si
1110 2217 1189 2276 ab
1220 2217 1555 2279 intrinseco
1585 2216 1849 2277 haberet
1892 2216 1969 2275 il-

400 2314 529 2374 lam
567 2310 1184 2383 determinationem3
1236 2316 1299 2371 et
1334 2310 1477 2372 ideo
1506 2316 1795 2391 respectu
1825 2328 1969 2369 nos-

402 2408 477 2469 tri
507 2405 767 2485 perinde
806 2403 1051 2465 videtur
1098 2421 1164 2465 se
1195 2404 1427 2465 habere
1458 2404 1561 2463 illa
1606 2402 1968 2475 necessitati,

404 2518 477 2561 ac
508 2501 556 2561 si
599 2504 765 2560 esset
792 2498 874 2559 ab
902 2497 1275 2571 intrinseco;
1308 2497 1358 2557 si
1388 2496 1557 2557 enim
1594 2496 1851 2558 scientia
1872 2496 1974 2557 vel

402 2592 679 2673 potentia
704 2591 814 2652 Dei
852 2608 928 2651 ex
968 2590 1339 2651 necessitate
1382 2588 1658 2668 quadam
1696 2589 1778 2649 ab
1831 2588 1971 2669 ipso

401 2688 531 2747 Deo
560 2685 963 2766 proveniente
992 2685 1059 2745 in
1100 2703 1215 2745 nos
1245 2685 1395 2764 agit,
1434 2702 1659 2763 parum
1706 2683 1787 2745 ad
1827 2702 1972 2743 nos·

402 2787 562 2842 tram
625 2780 978 2841 libertatem
1034 2784 1335 2840 tuendam
1390 2777 1625 2839 referre
1684 2777 1966 2849 videtur,

403 2875 573 2953 quod
606 2874 711 2934 illa
732 2872 1071 2935 necessitas
1094 2878 1383 2952 respectu
1414 2872 1523 2933 Dei
1548 2872 1625 2931 sit
1650 2890 1727 2932 ex
1754 2870 1971 2931 intrin-

404 2987 547 3029 seca
580 2973 802 3028 natura
834 2984 969 3037 sua,
1014 2966 1221 3027 velex
1248 2966 1385 3045 ejus
1428 2965 1772 3037 voluntate,
1820 2964 1968 3043 quia

403 3080 583 3142 oeque
610 3067 705 3123 est
730 3060 910 3122 nobis
939 3060 1311 3134 extrinseca,
1338 3065 1401 3120 et
1426 3076 1542 3120 nos
1568 3058 1963 3120 determinat.

403 3158 478 3218 Et
519 3157 699 3235 juxta
751 3156 871 3215 hoc
926 3155 1159 3233 optime
1212 3154 1401 3214 etiam
1459 3151 1970 3212 accommodatur

403 3248 730 3326 responsio
771 3248 843 3308 D.
874 3247 1152 3318 Thomas,
1200 3245 1369 3325 quia,
1402 3245 1549 3306 licet
1577 3264 1654 3306 ex
1682 3245 1971 3324 supposi-

406 3341 573 3402 tione
599 3340 937 3400 voluntatis
966 3339 1189 3400 divinae
1221 3340 1479 3400 scientia
1513 3341 1589 3400 sit
1629 3357 1817 3400 causa
1859 3357 1972 3398 ne·

404 3433 700 3508 cessaria,
733 3439 942 3494 tamen
972 3451 1049 3492 ex
1075 3433 1134 3492 vi
1160 3432 1443 3511 ejusdem
1472 3432 1807 3492 voluntatis
1831 3449 1970 3493 sese

405 3526 836 3588 accommodat
883 3524 1069 3586 modo
1120 3526 1345 3604 agendi
1398 3543 1601 3586 causae
1644 3525 1970 3605 proximae,

407 3622 469 3682 et
497 3621 641 3681 ideo
691 3639 819 3679 non
864 3618 1123 3698 impedit
1155 3621 1489 3698 quominus
1520 3621 1777 3681 effectus
1822 3638 1972 3680 con-

404 3714 721 3792 tingenter
788 3711 916 3772 fiat.
984 3713 1141 3774 Hinc
1201 3731 1350 3773 vero
1410 3713 1772 3774 oriebantur
1835 3712 1974 3774 duoe

406 3807 781 3884 quaestiones
814 3822 1075 3882 graves:
1108 3806 1309 3886 prima
1356 3811 1471 3879 est,
1522 3823 1713 3886 quam
1748 3809 1977 3867 vocant

407 3902 487 3962 de
534 3900 743 3962 radice
791 3901 1229 3980 contingentia}
1252 3945 1267 3974 ,
1298 3919 1383 3960 an
1415 3901 1499 3960 ita
1549 3900 1750 3980 posita
1787 3901 1867 3961 sit
1908 3899 1972 3960 in

406 3995 595 4056 modo
638 3995 864 4074 agendi
901 4013 1104 4056 causae
1127 3993 1449 4068 chndae,
1496 4001 1565 4054 ut
1592 3994 1735 4055 licet
1771 3993 1974 4071 prima

407 4094 624 4168 ageret
654 4106 731 4148 ex
760 4088 1129 4150 necessitate
1159 4093 1423 4160 naturae,
1457 4087 1861 4148 nihilominus
1884 4086 1978 4148 ef-

405 4183 605 4244 fectus
634 4187 843 4242 essent
871 4183 1325 4262 contingentes,
1358 4181 1648 4243 Secunda
1682 4187 1799 4254 est,
1824 4198 1977 4260 quo-

407 4275 596 4336 modo
632 4293 824 4336 causa
862 4275 1063 4354 prima
1108 4275 1171 4335 in
1204 4275 1529 4336 efficiendo
1574 4275 1674 4336 vel
1718 4293 1971 4336 concur-

406 4367 604 4429 rendo
633 4386 700 4428 se
731 4367 1160 4429 accommodet
1189 4368 1506 4441 secundae,
1527 4374 1597 4428 ut
1623 4368 1976 4428 libertatem

406 4479 473 4520 111
505 4462 559 4540 ej
570 4480 643 4520 us
668 4460 1017 4522 actionibus
1046 4467 1271 4524 servet.
1304 4460 1430 4524 Sed
1454 4465 1785 4538 utramque
1813 4467 1970 4521 trac-

406 4554 533 4614 tavi
580 4554 705 4614 late
758 4553 825 4614 in
875 4553 1342 4634 Metaphysica,
1400 4553 1821 4633 disputatione
1870 4554 1970 4626 19,

408 4647 683 4708 sectione
716 4647 895 4708 tertia
924 4651 986 4708 et
1009 4653 1253 4726 quarta,
1280 4652 1344 4708 et
1363 4647 1445 4708 de
1474 4646 1751 4708 secunda
1796 4643 1974 4724 plura

409 4737 534 4800 dixi
560 4740 624 4800 in
648 4739 823 4800 libris
848 4739 929 4800 de
958 4739 1238 4800 Auxiliis.

454 4948 796 5014 solutiones
826 4947 1016 5012 varior
1042 4949 1125 5012 ad
1144 4949 1467 5012 secundum
1486 4951 1925 5029 arqumentnm.

490 5121 551 5182 8.
585 5119 807 5183 Prima
820 5119 1283 5198 raficum—ln
1300 5115 1575 5179 secundo
1598 5121 1968 5194 argumento

411 5211 543 5274 fere
586 5231 807 5274 omnes
844 5211 1320 5291 propositiones
1362 5228 1472 5270 seu
1504 5215 1712 5288 partes
1742 5209 1877 5286 ejus
1904 5208 1970 5268 in

410 5307 671 5368 dubium
698 5313 1004 5392 revocatae
1049 5312 1214 5367 sunt.
1256 5307 1415 5365 Nam
1444 5301 1749 5382 imprimis
1777 5300 1970 5379 aliqui

412 5404 647 5480 negant
678 5401 851 5460 illam
890 5397 1381 5460 conditionalem
1416 5413 1553 5456 esse
1590 5411 1837 5456 veram:
1888 5393 1974 5458 Si

410 5495 575 5558 Deus
602 5495 784 5558 scivit
810 5493 1067 5557 Petrum
1084 5495 1497 5576 peccauerunt,
1520 5489 1747 5551 Petrus
1760 5504 1972 5570 pecca-

894 348 1105 402 OPUSC.
1140 348 1203 413 11,
1238 348 1355 401 LlB.
1393 350 1432 402 1.
1468 348 1549 401 DE
1582 346 1907 401 ABSOLUTA
1941 348 2224 403 SCIENTIA
2257 350 2562 405 FUTUROR.
2602 349 3118 403 confluentinum.

2046 448 2131 509 lit
2146 475 2171 520 ,·
2194 448 2338 529 quia
2370 467 2498 510 non
2517 454 2612 509 est
2632 447 2987 509 consecutio
3008 445 3396 516 necessu-im
3419 443 3618 505 hodie

2045 541 2212 601 enim
2234 542 2618 603 antecedens
2633 547 2730 603 est
2741 558 2982 613 verum,
3007 546 3070 601 et
3085 556 3479 617 consequens
3499 536 3620 596 fal·

2047 652 2209 705 sum,
2230 634 2378 711 quia
2398 635 2532 714 ¹iam
2559 636 2775 695 Petrus
2793 650 2920 693 non
2949 638 3044 693 est
3063 638 3456 711 peccaturus
3483 628 3624 690 Sed

2048 734 2142 787 est
2160 725 2314 788 falsa
2333 728 2646 789 sententia
2665 729 2727 787 et
2750 726 3040 787 instantia
3057 724 3303 785 frivola.
3331 724 3622 784 Primum

2047 822 2238 899 patet,
2279 821 2426 899 quia
2463 819 2763 899 quicquid
2791 820 2954 881 Deus
3007 818 3186 878 scivit
3215 823 3313 879 est
3347 833 3622 885 verum;

2047 930 2220 991 ergo,
2270 914 2320 973 si
2351 914 2526 975 scivit
2554 914 2806 974 Petrum
2841 918 3272 991 peccaturum,
3319 910 3470 970 illud
3519 914 3626 969 est

2045 1027 2299 1081 verum3
2361 1027 2510 1089 ergo
2541 1008 2696 1069 illud
2747 1008 2883 1069 erit.
2925 1008 3180 1068 Dicetur
3205 1006 3372 1067 forte
3393 1022 3628 1065 conse-

2047 1107 2334 1181 quenter,
2351 1119 2480 1161 non
2496 1100 2803 1180 quidquid
2821 1101 2986 1161 Deus
3009 1100 3186 1160 scivit
3203 1116 3344 1159 esse
3363 1114 3590 1158 verum
3603 1141 3622 1168 ,

2047 1194 2158 1255 sed
2187 1194 2378 1255 fuisse
2407 1212 2649 1255 verum.
2673 1194 2797 1255 Sed
2821 1193 3122 1272 imprimis
3155 1192 3378 1252 saltem
3405 1190 3628 1270 sequi·

2047 1296 2150 1350 tur
2182 1287 2260 1349 de
2289 1288 2394 1349 illo
2421 1292 2704 1368 tempore
2731 1306 2843 1366 pro
2872 1305 3000 1365 quo
3026 1286 3142 1347 fuit
3173 1304 3418 1355 verum,
3449 1284 3628 1363 opti-

2047 1398 2218 1441 mam
2243 1380 2434 1443 fuisse
2464 1380 2840 1442 illationem:
2885 1380 2948 1441 Si
2971 1380 3139 1441 Deus
3167 1396 3285 1459 pro
3311 1380 3432 1439 hoc
3453 1382 3626 1438 tem-

2047 1493 2200 1554 pore
2249 1474 2428 1537 scivit
2465 1475 2586 1537 hoc
2625 1492 2764 1535 esse
2801 1472 3102 1549 futurum,
3153 1474 3238 1534 ita
3271 1474 3406 1533 erit.
3439 1474 3624 1551 Ergo

2047 1588 2162 1648 pro
2193 1569 2298 1629 illo
2321 1572 2605 1647 tempore
2633 1568 2914 1647 procedit
2943 1572 3410 1647 argumentum,
3437 1564 3626 1645 quod

2048 1667 2198 1722 tunc
2223 1680 2349 1722 non
2375 1660 2562 1722 fuerit
2591 1661 2745 1721 illud
2767 1660 3046 1723 futurum
3066 1659 3460 1739 contingens,
3495 1656 3628 1717 sed

2047 1756 2473 1816 necessarium
2496 1774 2510 1826 ;
2537 1754 2833 1833 idemque
2875 1759 3174 1832 sequetur
3199 1753 3280 1813 de
3317 1754 3628 1813 omnihus

2047 1849 2292 1924 futuris,
2337 1867 2450 1929 pro
2499 1866 2576 1909 eo
2603 1854 2886 1928 tempore
2940 1866 3066 1927 quo
3093 1846 3304 1907 futura
3341 1850 3506 1905 sunt.
3545 1846 3628 1905 Et

2047 1944 2168 2005 hoc
2195 1943 2398 2004 solum
2423 1948 2520 2003 est
2555 1942 2724 2020 quod
2751 1942 2816 2001 in
2839 1948 3214 2021 argumento
3243 1940 3622 2011 intenditur,

2049 2056 2122 2097 ac
2149 2043 2445 2116 proptera
2473 2035 2596 2096 dixi
2629 2035 2846 2115 fugam
2889 2036 3060 2095 illam
3089 2052 3228 2095 esse
3287 2032 3624 2103 frivolam3

2049 2131 2194 2211 quia
2219 2147 2440 2191 sensus
2467 2128 2630 2189 illius
2651 2127 2941 2189 illationis
2958 2145 3086 2187 non
3109 2134 3227 2198 est,
3248 2126 3420 2204 quod
3445 2128 3626 2186 Deus

2049 2225 2222 2285 scivit
2265 2240 2402 2283 esse
2429 2222 2732 2294 futurum,
2783 2238 3034 2300 semper
3075 2220 3232 2281 etin
3273 2218 3494 2280 ordine
3531 2218 3630 2277 ad

2053 2316 2376 2396 quodlibet
2405 2322 2651 2394 tempus
2679 2332 2816 2375 esse
2853 2314 3170 2385 futurum3
3219 2313 3334 2373 sed
3365 2331 3480 2391 pro
3507 2312 3626 2373 illo

2055 2415 2334 2487 tempore
2363 2426 2478 2487 pro
2509 2426 2635 2487 quo
2673 2412 2740 2467 ut
2767 2408 2892 2468 tale
2929 2407 3276 2485 praescitur,
3309 2405 3413 2466 vel
3439 2406 3626 2465 abso-

2052 2502 2204 2573 lute,
2228 2501 2396 2581 quod
2424 2501 2488 2562 in
2518 2501 2728 2580 aliqua
2757 2500 3104 2561 differentia
3147 2499 3458 2577 temporis
3509 2499 3629 2558 ali-

2053 2596 2308 2674 quando
2335 2594 2471 2655 erit.
2513 2594 2611 2657 Sic
2645 2611 2795 2674 ergo
2828 2593 3183 2655 necessaria
3213 2598 3312 2653 est
3337 2591 3446 2651 illa
3471 2610 3630 2651 con-

2052 2688 2310 2751 secutio.

2129 2785 2192 2844 9.
2243 2781 2528 2845 Secunda
2558 2780 3146 2845 solatia—Deinde
3181 2780 3360 2839 multi
3387 2784 3628 2859 negant

2050 2874 2360 2935 minorem
2406 2874 2692 2953 ejusdem
2741 2874 3116 2953 argumenti,
3153 2873 3416 2954 scilicet,
3459 2874 3626 2932 hanc

2051 2967 2575 3046 propositionem:
2621 2970 2786 3030 Deus
2819 2968 3002 3030 scivit
3045 2966 3310 3028 Petrum
3347 2972 3628 3046 peccatu-

2049 3078 2210 3134 rum,
2265 3078 2404 3122 esse
2439 3061 2880 3134 necessariam,
2929 3060 3042 3122 sed
3081 3076 3219 3120 esse
3251 3058 3628 3138 contingen-

2051 3158 2178 3214 tem
2195 3169 2216 3230 ;
2261 3153 2423 3214 adeo
2451 3159 2522 3214 ut
2549 3154 2756 3215 dicant
2801 3153 3036 3214 nullam
3065 3153 3304 3214 habere
3351 3150 3628 3212 necessi-

2051 3252 2268 3321 tatem,
2295 3265 2416 3308 nec
2459 3246 2844 3326 simpliciter,
2887 3265 3005 3307 nec
3035 3265 3113 3306 ex
3161 3245 3624 3325 suppositione,

2051 3359 2258 3420 neque
2286 3340 2352 3400 in
2381 3359 2568 3400 sensu
2613 3340 2834 3412 divise,
2874 3358 3082 3418 neque
3122 3339 3188 3398 in
3231 3338 3626 3417 composito;

2052 3435 2198 3513 quia
2228 3433 2373 3494 licet
2409 3433 2658 3496 sciverit
2697 3435 2865 3494 Deus
2895 3433 3146 3494 Petrum
3181 3439 3624 3511 peccaturum,

2053 3527 2416 3607 simpliciter
2471 3533 2676 3606 potest
2741 3545 2871 3587 non
2927 3527 3178 3588 scivisse
3199 3573 3221 3602 ,
3287 3531 3626 3604 potestque

2054 3623 2220 3682 Deus
2245 3620 2453 3680 facere
2485 3624 2554 3679 ut
2581 3637 2785 3698 neque
2809 3621 2940 3699 jam
2967 3620 3068 3696 sit,
3097 3637 3306 3697 neque
3341 3635 3626 3697 unquam

2053 3715 2118 3774 in
2149 3733 2224 3776 eo
2249 3713 2435 3774 fuerit
2467 3713 2610 3773 talis
2644 3713 2938 3784 scientia;
2987 3713 3114 3772 imo
3153 3718 3218 3772 et
3259 3713 3482 3771 Petrus
3513 3729 3628 3788 po-

2051 3811 2174 3868 test
2205 3809 2320 3866 hoc
2353 3807 2558 3885 ipsnm
2576 3805 2808 3878 facere,
2837 3823 2986 3865 nam
3009 3811 3216 3883 potest
3239 3821 3370 3864 non
3402 3821 3624 3883 pecca-

2053 3918 2122 3961 re
2143 3919 2158 3972 ;
2183 3899 2352 3977 quod
2392 3899 2444 3960 si
2475 3917 2606 3958 non
2631 3905 2871 3978 peccet,
2895 3897 3082 3958 faciet
3105 3904 3176 3956 ut
3201 3914 3532 3974 nunquam
3556 3896 3622 3954 in

2053 3993 2185 4052 Deo
2222 3991 2410 4052 fuerit
2461 3991 2598 4052 talis
2647 3991 2943 4052 scientia:
2993 3990 3076 4050 ita
3115 3989 3410 4050 videntur
3449 3989 3626 4067 loqui

2056 4085 2246 4164 aliqui
2277 4084 2582 4154 Moderni‚
2609 4090 2676 4144 ut
2703 4085 2874 4162 Vega
2901 4083 3060 4144 libro
3090 4082 3370 4144 secundo
3395 4082 3458 4142 in
3489 4083 3628 4142 Tri-

2057 4179 2325 4252 dentin.,
2358 4195 2496 4256 cap.
2532 4179 2633 4250 17,
2665 4183 2728 4239 et
2754 4177 2914 4237 libro
2947 4177 3044 4250 12,
3077 4195 3214 4255 cap.
3247 4178 3331 4236 22
3355 4195 3372 4247 ;
3399 4182 3464 4236 et
3479 4177 3627 4235 Cor-

2057 4271 2247 4346 duba,
2283 4271 2448 4332 dicta
2483 4275 2734 4348 quaest„
2765 4269 2915 4330 dub.
2943 4271 3010 4330 11
3046 4274 3108 4330 et
3131 4271 3245 4341 ἃς
3275 4274 3339 4330 et
3365 4268 3622 4341 Driedo,

2057 4367 2136 4427 de
2161 4363 2490 4439 Concord.,
2516 4366 2555 4425 2
2584 4383 2674 4444 p.‚
2701 4383 2841 4444 cap.
2865 4365 2904 4424 2
2931 4370 2994 4426 et
3021 4367 3095 4436 3;
3127 4370 3190 4424 et
3211 4363 3510 4424 Albertus
3531 4363 3628 4422 Pi-

2061 4460 2219 4540 gius,
2250 4459 2356 4520 lib.
2383 4459 2423 4520 8
2444 4458 2522 4520 de
2551 4458 2772 4520 Libero
2800 4459 3080 4530 arbitrio,
3113 4476 3253 4537 cap.
3290 4461 3348 4517 1.
3379 4455 3628 4517 Tribui-

2059 4561 2282 4631 turque
2311 4552 2446 4612 haec
2467 4551 2676 4629 opinio
2704 4552 2912 4612 multis
2943 4552 3214 4630 antiquis
3237 4555 3298 4611 et
3325 4549 3628 4630 graviori-

2054 4646 2174 4707 bus
2191 4644 2615 4717 scholasticis;
2653 4645 3129 4718 Bonaventurae‚
3153 4645 3216 4704 in
3245 4648 3306 4717 1,
3339 4643 3404 4703 d.
3429 4644 3530 4711 38,
3556 4661 3619 4702 a.

2055 4741 2116 4811 2,
2149 4739 2496 4817 quaestione
2517 4742 2578 4811 2,
2611 4741 2674 4798 et
2691 4737 2961 4800 distinct.
2993 4741 3098 4810 40,
3129 4737 3306 4797 artic.
3352 4739 3414 4808 1,
3445 4754 3511 4814 q.
3543 4739 3618 4807 13

2055 4829 2388 4904 RichardO,
2421 4829 2690 4891 distinct.
2727 4831 2825 4903 38,
2847 4836 3062 4910 quaest.
3087 4831 3162 4904 ὃς
3197 4829 3478 4898 AlbertO,
3498 4835 3618 4888 art.

2053 4926 2118 4998 Δις
2152 4922 2449 4998 Mar-silio,
2481 4929 2703 5002 quaest.
2732 4925 2835 4995 40,
2863 4923 2944 4984 ad
2971 4927 3381 5002 argumenta;
3409 4921 3622 4993 Sento,

2053 5017 2194 5078 dist.
2223 5019 2322 5088 39,
2354 5021 2574 5096 quaest.
2599 5017 2818 5089 unica3
2844 5016 3162 5088 Durando,
3185 5017 3285 5088 38,
3304 5020 3526 5092 quaest.
3547 5017 3618 5085 33

2051 5111 2397 5189 proesertim
2437 5127 2580 5170 eam
2619 5110 2898 5172 indicant
2927 5109 3307 5181 Nominales,
3355 5109 3622 5182 ocham,

2051 5204 2321 5276 Gabriel,
2379 5209 2442 5264 et
2477 5203 2749 5264 maxime
2797 5203 3160 5283 Gregorius,
3213 5201 3488 5262 distinct.
3519 5203 3617 5276 38,

2051 5303 2268 5377 quaest.
2301 5299 2360 5358 3.

2129 5392 2545 5471 Impuynatm·
2568 5390 2639 5452 in
2665 5406 2847 5453 semu
2871 5407 2985 5470 quo
3005 5389 3368 5452 sustinetur.
3391 5421 3474 5436 —
3497 5387 3624 5450 Sed

2051 5487 2116 5546 in
2147 5487 2440 5566 praedicto
2479 5503 2668 5548 sensu
2711 5503 2840 5546 non
2869 5489 3074 5564 potest
3105 5484 3272 5546 dicta
3305 5485 3622 5548 sententia
