3850 6225
506 390 584 451 54

478 512 630 575 ,que
660 495 779 555 hac
827 494 1068 555 ratione
1099 512 1264 573 saepe
1293 494 1517 555 dicitur
1558 496 1728 555 Deus
1782 494 1891 574 (et
1940 512 2071 557 non

505 587 876 667 improprie)
905 588 1216 668 applicare
1253 606 1477 649 omnes
1505 607 1729 651 causas
1755 590 2070 651 secundas

507 680 589 742 ad
631 680 929 755 actiones,
963 681 1282 744 influendo
1324 689 1468 743 actu
1515 683 1584 743 in
1635 683 1725 745 eis
1779 684 2065 756 virtutes,

508 793 649 853 quoe
690 781 914 835 natura
957 794 1070 835 sua
1124 776 1190 835 in
1243 794 1352 837 eas
1405 776 1683 838 actiones
1736 794 2069 856 propensae

509 870 676 940 sunt,
708 872 772 929 et
798 868 879 927 ad
911 885 1020 929 eas
1049 873 1384 947 propterea
1423 869 1836 947 applicantur.

589 964 688 1023 15.
748 960 1086 1023 Dio-imitur
1149 966 1364 1023 octava
1425 962 1690 1042 objectio.
1717 994 1798 1007 --
1827 962 1914 1023 Ex
1976 960 2075 1021 his

511 1055 698 1117 etiam
728 1054 1014 1133 expedita
1062 1060 1158 1116 est
1203 1054 1470 1133 objectio
1519 1061 1770 1127 octava3
1804 1054 2077 1134 pertinet

511 1148 680 1209 euim
709 1147 792 1207 ad
815 1146 1164 1226 perfectum
1190 1148 1452 1209 modum
1491 1146 1904 1209 concurrendi
1946 1147 2076 1227 pri-

509 1259 629 1301 mae
661 1258 884 1312 causae,
917 1248 986 1301 ut
1009 1240 1236 1301 efficiat
1259 1241 1392 1320 ipsa
1423 1241 1486 1301 in
1516 1248 1804 1303 creatura
1821 1246 1886 1303 et
1901 1241 1968 1301 in
1988 1239 2075 1300 ef-

509 1334 676 1395 fectu
729 1340 1030 1419 creatura}
1079 1333 1384 1413 quidquid
1425 1340 1522 1395 est
1569 1334 1828 1413 aliquid,
1881 1340 1945 1395 et
1988 1334 2075 1395 ita

511 1427 700 1489 etiam
730 1426 916 1488 efficit
945 1424 1196 1487 oinnem
1241 1426 1722 1506 applicationem
1754 1445 1973 1488 veram
2014 1433 2077 1488 et

509 1520 785 1593 realem;
825 1520 932 1581 illa
982 1538 1130 1580 vero
1185 1520 1516 1599 applicatio
1573 1520 1977 1600 superaddita
2008 1519 2075 1580 in

513 1631 700 1673 sensu
722 1614 854 1691 jam
904 1612 1240 1689 dec-laram,
1269 1631 1477 1692 neque
1531 1622 1626 1675 est
1673 1613 1934 1692 aliquid,
1964 1633 2078 1675 ne-

513 1724 634 1785 que
671 1706 752 1767 ad
797 1705 1138 1785 perfectam
1183 1706 1310 1765 vim
1356 1706 1656 1767 causandi
1707 1706 1836 1766 ullo
1887 1706 2075 1767 modo

513 1800 804 1879 pertinet.
836 1801 1052 1879 Neque
1083 1800 1252 1861 enim
1281 1802 1485 1861 omnis
1527 1800 1856 1863 multitudo
1885 1801 2078 1861 actio-

513 1911 665 1953 num
697 1898 758 1953 et
792 1893 1117 1954 entitatum
1159 1892 1241 1954 ad
1265 1894 1605 1972 perfectam
1647 1894 1758 1955 Dei
1812 1893 2079 1953 causali-

517 1992 710 2047 tatem
761 1986 1104 2065 quidquam
1143 1988 1376 2061 refert;
1411 1988 1664 2067 alioqui,
1725 1992 1865 2066 post
1909 1987 2079 2047 illam

515 2079 986 2141 intentionalem
1013 2080 1519 2158 applicationem,
1541 2078 1842 2159 postulari
1869 2084 2082 2157 posset

519 2172 638 2233 alia
675 2172 756 2232 ad
801 2174 1103 2251 majorem
1135 2172 1610 2245 abundantiam,
1645 2172 1818 2253 quod
1858 2176 1953 2233 est
2004 2172 2082 2232 ri-

515 2266 833 2338 diculum;
891 2266 978 2327 sic
1035 2284 1184 2345 ergo
1237 2285 1351 2327 nos
1403 2266 1483 2328 de
1535 2266 1636 2327 illa
1690 2265 2083 2327 intentionali

519 2359 934 2439 applicatione
973 2359 1454 2420 existimandum
1483 2376 1834 2421 censemus.

601 2451 893 2527 Quomodo
929 2454 1091 2515 Deus
1131 2453 1368 2529 efficiat
1409 2458 1750 2517 creaturam
1779 2471 1974 2535 ayere.
2002 2484 2085 2498 —

515 2548 692 2620 Quod
746 2553 956 2607 autem
1001 2547 1064 2607 in
1115 2546 1218 2607 illa
1271 2548 1619 2627 objectione
1661 2548 1960 2627 tangitur,
2002 2547 2081 2609 de

519 2642 638 2701 hoc
669 2640 1016 2719 complexo,
1067 2646 1419 2700 creaturam
1459 2658 1671 2719 agore,
1691 2642 1826 2719 jam
1877 2647 1973 2702 est
2016 2640 2080 2700 in

516 2732 940 2813 superioribus
967 2733 1294 2811 rejectum,
1339 2732 1486 2812 quia
1530 2734 1648 2795 hoc
1683 2754 1812 2796 non
1841 2740 1939 2797 est
1975 2733 2082 2794 ali-

515 2826 665 2907 quid
705 2828 1006 2907 praevium
1036 2826 1116 2887 ad
1145 2827 1490 2900 actionem;
1525 2846 1732 2907 neque
1765 2834 1862 2889 est
1909 2827 2085 2887 aliud

514 2939 706 2999 quam
745 2921 1052 2980 actionem
1091 2920 1340 2999 prodire
1391 2921 1474 2982 ab
1515 2922 1633 2982 hac
1677 2926 1987 2993 creatura,
2020 2925 2083 2982 et

516 3016 636 3075 hoc
684 3014 890 3092 ipsum
945 3014 1073 3094 agit
1110 3016 1298 3088 Deus,
1353 3016 1674 3075 influendo
1719 3016 2081 3075 immediato

517 3108 598 3170 ad
629 3108 827 3186 ipsam
855 3107 1188 3168 actionem.
1215 3109 1392 3180 Nam,
1418 3108 1562 3170 licet
1590 3108 1890 3170 habitudo
1916 3108 2081 3168 illius

517 3200 778 3262 actionis
823 3200 906 3261 ad
943 3219 1198 3261 causam
1233 3201 1596 3274 secundam,
1637 3202 1896 3280 praecise
1937 3217 2081 3260 con·

517 3299 720 3374 cepta,
743 3313 872 3355 non
895 3296 966 3356 sit
995 3293 1341 3356 formaliter
1367 3296 1666 3357 habitudo
1688 3295 1973 3374 ejusdem
2000 3293 2081 3354 ad

511 3390 740 3463 Deum,
767 3394 982 3449 tamen
1009 3388 1246 3450 illamet
1283 3389 1606 3463 habitudo,
1635 3394 1821 3469 prout
1849 3395 1945 3450 est
1974 3388 2081 3448 ali·

515 3482 666 3561 quid
695 3481 886 3550 reale,
937 3485 1032 3544 est
1061 3482 1342 3543 effective
1374 3501 1412 3544 a
1447 3485 1578 3544 Deo
1625 3501 1739 3562 per
1781 3480 2081 3543 eumdem

516 3575 950 3636 immediatum
976 3593 1387 3647 concursum;
1421 3580 1484 3637 et
1511 3578 1632 3638 hoc
1659 3575 1870 3650 modo,
1903 3593 2081 3636 crea-

511 3675 718 3730 turam
743 3685 956 3748 agere,
987 3672 1080 3729 est
1115 3686 1152 3728 a
1193 3670 1348 3729 De0.

933 3869 1039 3936 Ad
1056 3888 1278 3935 nonam
1303 3871 1634 3954 responsio.

591 4047 688 4107 16.
745 4045 836 4106 Ad
888 4061 1126 4108 nonam
1171 4043 1587 4123 respondetur
1635 4043 1859 4123 primo,
1911 4045 2077 4107 hanc

509 4139 990 4219 applicationem
1015 4139 1311 4218 praeviam
1335 4157 1462 4200 non
1491 4139 1695 4200 solum
1713 4157 1748 4198 a
1771 4139 1955 4200 nobis
1979 4157 2079 4200 re·

498 4232 606 4312 jici
660 4239 916 4312 propter
975 4232 1493 4312 impedimentum
1563 4231 1864 4292 libertatis
1889 4277 1906 4305 ‚
1964 4231 2077 4294 sed

505 4325 695 4387 etiam
727 4325 872 4406 quia
901 4325 1054 4386 nihil
1080 4331 1196 4398 est,
1228 4341 1348 4386 nec
1373 4325 1564 4386 habet
1589 4325 1654 4386 in
1685 4331 1910 4386 natura
1939 4344 2075 4386 mu-

505 4437 625 4478 nus
659 4417 932 4497 aliquod,
960 4417 1212 4496 quando
1245 4417 1477 4496 alioqui
1519 4417 1716 4478 virtus
1745 4417 1949 4478 activa
1978 4423 2076 4479 est

503 4512 972 4591 proportionata
1013 4511 1096 4572 ad
1141 4511 1456 4572 effectum.
1497 4510 1678 4581 Nam,
1733 4510 1786 4570 si
1843 4511 1922 4572 sit
1960 4511 2073 4572 im-

504 4604 994 4683 proportionata,
1023 4609 1092 4666 ut
1116 4611 1210 4664 est
1231 4604 1520 4665 voluntas
1547 4607 1760 4664 nostra
1789 4603 1871 4664 ad
1893 4610 2071 4665 actus

505 4697 1034 4774 supernaturaleS,
1065 4701 1216 4756 tunc
1261 4695 1542 4775 indigere
1591 4696 1817 4776 poterit
1857 4697 2071 4774 aliqua

503 4806 573 4849 re
605 4788 826 4862 indita,
861 4789 961 4850 vel
1007 4787 1122 4849 sibi
1165 4790 1528 4868 conjuncta,
1588 4807 1714 4849 non
1763 4795 1834 4850 ut
1875 4790 2069 4868 appli-

506 4887 688 4943 cante
715 4886 977 4955 tantum,
1007 4881 1118 4942 sed
1147 4887 1217 4940 ut
1241 4882 1579 4960 adjuvante
1604 4881 1704 4942 vel
1725 4900 2071 4960 cooperan-

509 4981 592 5036 te.
629 4975 694 5036 Si
741 4981 952 5036 autem
985 4975 1180 5035 virtus
1221 4975 1300 5036 sit
1348 4975 1412 5034 in
1463 4992 1576 5035 suo
1630 4975 1848 5036 ordine
1899 4976 2075 5036 suffi-

510 5069 702 5140 ciens,
731 5086 848 5128 nec
885 5066 1311 5128 necessarium
1339 5085 1456 5128 nec
1497 5067 1833 5128 verisimile
1871 5067 2071 5128 credi-

505 5161 726 5221 musei
771 5160 1105 5239 superaddi
1137 5165 1426 5238 oportere
1473 5161 1663 5220 aliam
1713 5160 2071 5238 applicatio-

501 5273 650 5316 nem
679 5257 996 5334 proeviam,
1045 5273 1122 5316 ex
1167 5259 1344 5333 parte
1395 5255 1718 5333 ipsiusmet
1759 5253 2069 5316 facultatis

499 5348 743 5422 activae,
769 5348 960 5410 etiam
987 5348 1232 5408 seclusa
1255 5345 1774 5408 determinatione
1795 5345 2067 5408 libertati

497 5441 828 5502 contraria.
877 5439 1188 5516 Secundo,
1237 5439 1463 5500 dicitur
1503 5439 1662 5500 hanc
1705 5438 2067 5518 applicatio-

497 5549 667 5608 nem,
697 5534 954 5614 physice
999 5532 1654 5614 praedeterminantem
1679 5532 2065 5596 voluntatem

1259 390 1470 442 OPUSC.
1507 390 1547 451 1,
1583 388 1700 442 LlB.
1736 392 1776 445 1.
1813 392 1892 445 DE
1925 391 2248 443 CONCURSU
2282 392 2382 445 DE!
2418 390 2545 445 CUM
2578 391 2967 445 VOLUNTATE.

2152 495 2233 555 ad
2260 514 2481 569 unum,
2523 514 2662 557 esse
2694 496 2890 559 videri
2921 500 3137 558 contra
3158 513 3347 557 usum
3386 491 3740 561 libertatis,

2152 592 2215 650 et
2265 589 2324 649 in
2369 588 2490 649 hoc
2532 607 2723 650 sensu
2760 608 2892 650 non
2928 590 3131 651 solum
3172 605 3528 668 repugnare
3576 602 3743 647 cum

2150 680 2469 760 principiis
2521 681 2953 761 philosophiae,
3012 682 3125 743 sed
3174 681 3367 745 etiam
3418 680 3591 755 fidei,
3664 682 3749 736 ut

2152 774 2486 853 probatum
2524 780 2641 835 est.

2236 869 2333 928 17.
2372 868 2568 942 Quare
2584 868 3115 933 contradictionem
3142 867 3413 948 implicet
3438 866 3747 929 volunta·

2154 967 2294 1035 tem,
2322 961 2573 1043 physice
2596 962 3211 1045 predata-minatam,
3240 958 3419 1025 libore
3450 958 3741 1041 operari.

2153 1054 2332 1115 -Ad
2358 1056 2627 1133 primam
2648 1074 2799 1118 vero
2823 1055 3131 1117 rationem
3157 1054 3603 1133 respondetur,
3656 1049 3749 1109 ad

2155 1148 2669 1226 omnipotentiam
2709 1149 2821 1210 Dei
2850 1165 2977 1210 non
3022 1148 3338 1226 pertinere
3368 1144 3753 1208 contradic-

2154 1240 2313 1301 toria
2337 1240 2569 1315 facere,
2598 1241 2806 1319 qualia
2840 1248 3053 1303 essent
3076 1258 3335 1302 manere
3372 1239 3671 1319 potentia
3682 1254 3753 1295 m

2154 1332 2613 1395 indifferentem
2646 1341 2709 1395 et
2732 1334 3211 1396 determinatam
3236 1333 3319 1394 ad
3346 1350 3581 1403 unum;
3618 1348 3755 1390 sen

2157 1426 2351 1505 (quod
2398 1427 2655 1505 perinde
2696 1430 2813 1507 est)
2852 1428 3194 1489 motionem
3236 1445 3349 1487 seu
3394 1426 3753 1487 entitatem

2156 1520 2347 1593 illam,
2386 1520 2787 1599 praeinfusam
2821 1520 3144 1593 voluntati,
3182 1520 3363 1581 subdi
3392 1520 3456 1579 in
3484 1537 3607 1579 sua
3648 1516 3757 1577 ef-

2154 1610 2423 1673 fectione
2458 1613 2684 1674 actuali
2730 1612 2925 1673 libero
2955 1614 3095 1673 usui
3132 1613 3485 1685 voluntatis»,
3520 1618 3589 1672 et
3616 1628 3755 1669 ne·-

2158 1706 2432 1766 cessario
2475 1707 2724 1786 prodire
2766 1707 2831 1767 in
2875 1712 3083 1767 actum
3130 1712 3194 1767 et
3234 1724 3449 1767 secum
3492 1722 3751 1783 rapere

2157 1798 2563 1861 voluntatem.
2597 1802 2871 1862 Primum
2902 1800 3070 1861 enim
3110 1802 3339 1861 horum
3370 1803 3465 1861 est
3504 1816 3756 1859 neces-

2160 1894 2393 1953 sarium
2416 1900 2485 1953 ut
2510 1894 2799 1955 voluntas
2826 1899 3079 1955 maneat
3106 1893 3303 1955 libera
3324 1913 3341 1967 ;
3372 1892 3753 1955 secundum

2160 1992 2375 2047 autem
2401 1992 2471 2047 ut
2504 1986 2609 2046 illa
2649 1987 2875 2047 entitas
2910 1985 3283 2047 determinet
3308 1986 3747 2047 voluntatem.

2162 2080 2333 2143 Sicut
2370 2098 2519 2159 ergo
2558 2084 2871 2159 repugnat
2904 2078 3045 2139 fieri
3070 2079 3339 2141 formam
3380 2080 3755 2140 habentem

2163 2192 2241 2235 ex
2268 2180 2489 2235 natura
2545 2192 2660 2235 sua
2714 2172 3125 2253 proprietates
3155 2174 3493 2252 oppositae,
3528 2174 3621 2233 ita
3684 2178 3757 2232 et

2162 2268 2295 2329 fieri
2352 2268 2672 2328 entitatem
2719 2268 2977 2346 physice
3032 2268 3561 2329 determinantem
3622 2284 3755 2344 po-

2162 2362 2445 2433 tentiam,
2478 2367 2540 2423 et
2578 2380 2645 2422 se
2676 2363 3111 2441 subjicientem
3146 2362 3345 2423 libero
3372 2362 3515 2423 usui
3562 2362 3750 2439 ejuS.

2165 2458 2457 2531 Quamvis
2482 2474 2631 2536 ergo
2651 2457 2735 2517 ad
2752 2457 3267 2538 omnipotentiam
3281 2455 3390 2517 Dei
3412 2456 3759 2535 pertineat

2163 2554 2253 2623 ut,
2314 2548 2485 2628 quod
2523 2548 2697 2620 vult,
2750 2556 2813 2610 et
2853 2550 3037 2629 quale
3092 2567 3167 2610 ac
3214 2548 3533 2628 quomodo
3570 2548 3755 2620 vult,

2162 2642 2270 2703 fiat
2290 2688 2311 2719 ,
2362 2646 2425 2702 et
2462 2640 2543 2701 ad
2596 2643 2734 2722 ejus
2784 2642 3241 2721 providentiam
3296 2646 3579 2721 spectet,
3656 2641 3759 2701 ita

2164 2736 2407 2798 fortiter
2446 2740 2509 2795 et
2566 2736 2839 2797 suaviter
2890 2754 2967 2797 ea
3006 2736 3340 2815 disponere
3369 2782 3388 2809 ‚
3456 2754 3603 2814 quae
3668 2734 3767 2795 ad

2164 2829 2431 2891 liberum
2486 2827 2809 2889 arbitrium
2860 2828 3176 2907 pertinent
3202 2875 3218 2903 ,
3262 2836 3335 2890 ut
3390 2832 3452 2889 et
3502 2828 3765 2889 divinae

2162 2922 2463 2985 voluntati
2514 2922 2745 2983 serviat
2794 2922 3047 3000 quando
3086 2922 3225 3001 ipsa
3264 2922 3415 2995 vult,
3458 2928 3521 2981 et
3568 2922 3765 2981 nihi-

2160 3018 2432 3078 lominus
2484 3016 2689 3095 ipsum
2747 3017 2936 3078 etiam
2988 3036 3167 3077 suam
3218 3016 3613 3077 voluntatem
3685 3016 3765 3074 li-

2161 3111 2312 3172 bere
2338 3108 2565 3183 faciat‚
2616 3116 2827 3172 tamen
2882 3129 3011 3172 non
3060 3116 3153 3172 est
3196 3128 3455 3171 necesse
3506 3117 3579 3170 ut
3610 3110 3761 3170 hoc

2160 3204 2345 3266 faciat
2374 3205 2534 3265 Deus
2563 3205 2859 3283 praedicto
2904 3204 3093 3265 modo
3122 3203 3609 3283 repugnantiam
3654 3203 3765 3262 in-

2159 3298 2468 3370 volvente,
2520 3298 2633 3359 sed
2680 3298 2833 3370 alio,
2873 3316 3063 3377 quem
3114 3298 3179 3357 in
3232 3296 3359 3358 fine
3414 3295 3615 3374 hujus
3692 3301 3767 3357 et

2158 3392 2323 3454 tertii
2350 3391 2487 3452 libri
2518 3391 2995 3470 explicabimuS.

2241 3487 2339 3546 18.
2396 3483 2761 3566 Aliqnorum
2826 3485 3155 3564 responsio.
3191 3515 3275 3532 —
3316 3484 3759 3566 Exploditur.

2157 3577 2379 3640 —Sed
2424 3577 2599 3638 aiunt
2638 3595 2765 3638 non
2814 3595 2953 3639 esse
3004 3578 3510 3658 repugnantiam,
3558 3579 3767 3656 quod

2156 3669 2360 3732 forma
2388 3670 2597 3749 aliqua
2651 3670 2952 3732 voluntati
3002 3671 3309 3750 impressa
3346 3670 3547 3749 possit
3600 3690 3763 3732 non

2160 3782 2372 3844 agere,
2407 3771 2471 3826 et
2496 3769 2707 3824 tamen
2743 3763 3145 3825 infallibiliter
3174 3770 3359 3844 agat3
3400 3781 3558 3842 ergo
3600 3783 3761 3824 non

2157 3863 2490 3938 repugnat,
2521 3857 2690 3936 quod
2731 3858 2869 3918 hoec
2910 3856 3111 3918 forma
3142 3858 3455 3936 relinquat
3498 3856 3767 3917 volun-

2158 3955 2355 4012 tatem
2381 3951 2665 4022 liberam,
2688 3949 2753 4010 id
2776 3954 2891 4022 est,
2919 3956 3239 4029 potentem
3268 3969 3397 4012 non
3416 3967 3650 4027 agere,
3690 3957 3767 4011 et

2156 4043 2635 4104 determinatam
2682 4043 2941 4122 physice
2986 4053 3055 4104 ut
3108 4042 3513 4104 infallibiliter
3556 4050 3757 4122 agat.

2157 4136 2283 4199 Sed
2308 4137 2440 4198 haec
2462 4136 2785 4215 responsio
2836 4137 3063 4197 virtute
3092 4135 3461 4216 impugnata
3490 4144 3591 4197 est
3634 4157 3767 4196 su-

2155 4230 2366 4308 perius
2388 4248 2524 4309 cap.
2556 4231 2655 4302 10,
2696 4229 3023 4292 tracumdo
3053 4229 3263 4290 locum
3300 4228 3569 4290 Concilii
3594 4231 3767 4291 Tri—

2153 4321 2413 4383 dentini.
2464 4322 2623 4383 Nam
2674 4321 2943 4384 formam
2990 4322 3266 4401 aliquam
3318 4321 3765 4384 infallibiliter

2154 4433 2364 4494 agere,
2396 4433 2525 4476 non
2553 4416 2772 4476 morali
2813 4414 3273 4487 infallibilitate,
3317 4415 3431 4476 sed
3458 4415 3761 4494 physica

2154 4515 2217 4569 et
2252 4508 2635 4582 omnimoda,
2666 4524 2873 4586 neque
2898 4527 2975 4570 ex
3002 4508 3428 4588 suppositione
3456 4509 3765 4572 actionis

2154 4601 2493 4678 (quomodo
2524 4601 2586 4660 id
2608 4601 2776 4680 quod
2800 4601 2949 4680 agit,
2994 4601 3247 4682 quando
3279 4601 3427 4680 agit,
3456 4621 3759 4666 necesso

2152 4701 2247 4756 est
2292 4697 2530 4774 agere),
2592 4695 2705 4754 sed
2730 4713 2809 4754 ex
2839 4711 2931 4768 se,
2982 4701 3045 4756 et
3095 4701 3163 4757 ut
3209 4697 3763 4775 proesupponitur

2152 4787 2417 4861 actioni;
2450 4787 2717 4847 formam
2760 4787 3063 4866 (inquam)
3104 4789 3225 4850 hoc
3268 4789 3457 4849 modo
3500 4806 3753 4868 agere,

2150 4897 2277 4940 non
2306 4886 2509 4958 potest
2538 4881 2683 4940 oriri
2710 4880 2825 4940 nisi
2870 4899 2949 4941 ex
2996 4882 3329 4943 intrinseca
3368 4881 3505 4960 ejus
3536 4887 3761 4942 natu—

2152 4991 2259 5046 ra,
2302 4991 2441 5052 quae
2488 4973 2741 5034 omnino
2796 4979 2890 5036 est
2928 4975 3343 5037 determinata
3390 4974 3473 5036 ad
3528 4995 3759 5054 agen-

2152 5065 2325 5137 dum,
2355 5085 2474 5127 nec
2503 5071 2709 5145 potest
2738 5065 3022 5145 impediri
3046 5069 3127 5128 ab
3156 5071 3401 5130 actione
3425 5085 3543 5146 per
3572 5070 3759 5129 sub-

2143 5159 2387 5238 jectum
2438 5159 2537 5220 vel
2591 5159 2975 5221 voluntatem
3026 5164 3121 5222 cui
3176 5163 3381 5234 inest;
3438 5162 3491 5221 si
3548 5163 3756 5224 onim

2148 5257 2373 5331 potest,
2400 5253 2565 5314 unde
2586 5254 2703 5313 erit
2730 5253 3065 5315 infallibilis
3098 5256 3283 5328 actio,
3316 5272 3461 5316 cum
3488 5254 3759 5314 infalli—

2148 5347 2297 5420 bile,
2334 5347 2479 5408 licet
2504 5347 2813 5408 referatur
2838 5348 2923 5410 ad
2950 5353 3250 5422 mentem,
3284 5357 3599 5428 supponat
3636 5357 3755 5411 ta-

2146 5459 2293 5502 men
2336 5441 2403 5501 in
2441 5459 2510 5502 re
2554 5439 3035 5504 fundamentum
3114 5445 3293 5516 Nam,
3334 5444 3493 5504 sicut
3528 5461 3609 5504 ex
3646 5463 3751 5506 eo

2146 5533 2317 5612 quod
2340 5551 2443 5594 res
2472 5537 2565 5594 est
2588 5534 2687 5595 vel
2720 5552 2849 5596 non
2892 5541 3009 5610 est,
3050 5537 3387 5615 propositio
3419 5555 3571 5598 vera
3618 5541 3747 5600 vel
