3850 6225
549 402 671 465 488

547 518 682 573 tum
717 526 936 579 suum:
983 526 1134 587 ergo
1175 506 1310 567 sine
1355 525 1544 568 causa
1585 506 1876 569 dicuntur
1905 508 2115 586 priora

547 604 773 679 merita
803 602 1174 663 reviviscere
1205 600 1552 661 secundum
1581 618 1943 661 mensuram
1972 602 2115 661 cha·

549 696 745 757 ritatis
772 694 1315 775 correspondentis
1348 694 1720 767 contritioni,
1753 702 1816 756 et
1841 714 1967 756 non
1998 713 2115 774 po·

549 789 672 851 tius
723 789 1074 851 secundum
1125 806 1488 850 mensuram
1537 788 1852 849 charitatis
1899 808 1935 847 a
1989 806 2113 867 qua

547 890 1011 964 processerunt.
1041 885 1115 945 Et
1139 882 1567 955 confirmatur,
1603 882 1748 959 quia
1783 882 1939 943 alias
1964 900 2134 942 con--

549 978 742 1051 tritio,
783 978 883 1039 vel
911 978 1180 1039 charitas
1201 979 1256 1039 ei
1286 977 1786 1057 correspondens
1815 994 1943 1038 non
1970 994 2119 1037 con-

553 1072 835 1131 curreret
861 1070 942 1131 ad
965 1071 1134 1132 hunc
1163 1072 1455 1134 effectum
1481 1070 1834 1131 vivificandi
1863 1070 2113 1139 merita,

551 1168 798 1224 tantum
852 1169 917 1223 ut
959 1164 1284 1243 dispositio
1335 1166 1415 1225 ad
1463 1164 1754 1225 effectum
1797 1162 1939 1224 talis
1982 1180 2117 1223 me-

555 1256 676 1327 riti,
721 1256 834 1317 sed
871 1257 1058 1317 etiam
1107 1265 1172 1319 ut
1217 1258 1592 1337 principium
1639 1257 1798 1317 dans
1839 1256 2115 1317 valorem

551 1350 658 1411 tali
699 1350 958 1419 merito;
1017 1368 1409 1431 consequens
1455 1358 1668 1412 autem
1721 1356 1818 1413 est
1862 1349 2111 1421 falsum,

548 1446 684 1503 tum
711 1444 860 1522 qnia
887 1443 1030 1505 talis
1057 1446 1326 1505 charitas
1355 1462 1562 1523 neque
1609 1450 1724 1512 est,
1765 1461 1973 1522 neque
2006 1462 2115 1503 un·

551 1554 740 1615 quam
770 1537 886 1597 fuit
913 1554 1132 1599 verum
1161 1538 1532 1617 principium
1571 1537 1712 1597 talis
1747 1537 1975 1607 meriti,
2004 1556 2117 1597 ne·-

549 1646 672 1708 que
709 1636 801 1691 est
839 1630 968 1691 ulla
1015 1632 1272 1693 moralis
1316 1632 1473 1693 ratio
1520 1632 1604 1693 ob
1647 1646 1840 1709 quam
1887 1628 2119 1689 debeat

548 1724 850 1801 reputari,
895 1725 994 1785 vel
1039 1724 1346 1804 acceptari
1391 1730 1460 1787 ut
1495 1722 1870 1804 principium
1917 1722 2057 1802 ejus
2092 1742 2109 1795 ς

549 1820 684 1876 tum
725 1818 914 1877 etiam
937 1819 1082 1897 quia
1119 1820 1294 1892 alias,
1327 1819 1377 1880 si
1421 1819 1690 1880 charitas
1725 1816 2113 1896 respondens

550 1908 926 1981 contritioni,
971 1928 1084 1990 per
1121 1930 1310 1991 quam
1366 1913 1557 1973 homo
1603 1911 1895 1989 resurgit,
1948 1914 2113 1971 esset

548 2000 736 2081 lortge
777 2004 981 2082 major
1031 2022 1220 2082 quam
1273 2005 1384 2066 fuit
1409 2005 1680 2065 charitas
1717 2023 1756 2064 a
1803 2022 1924 2083 qua
1964 2003 2113 2063 talia

549 2094 772 2155 merita
809 2103 1270 2175 processerunt,
1302 2098 1606 2159 deberent
1631 2098 1820 2159 etiam
1849 2098 1953 2157 illa
1984 2116 2113 2159 me·

547 2188 666 2249 rita
695 2208 1026 2269 resurgere
1055 2210 1198 2251 cum
1221 2192 1442 2271 majori
1473 2190 1709 2263 valore,
1741 2192 1888 2271 quia
1909 2209 2113 2251 resur-

549 2289 706 2359 gunt
733 2288 798 2341 ut
831 2282 1188 2361 dignificata
1217 2304 1294 2345 ex
1319 2284 1608 2345 nobiliori
1632 2285 1936 2365 principio
1967 2286 2113 2345 cha·

545 2375 770 2447 ritatis;
825 2377 878 2437 si
933 2378 1100 2439 enim
1153 2378 1236 2439 ob
1293 2381 1454 2440 hanc
1517 2398 1770 2441 causam
1825 2378 2111 2439 remissio

547 2472 864 2531 charitatis
884 2471 1108 2532 minuit·
1125 2473 1428 2547 valorem,
1459 2491 1752 2533 excessus
1777 2471 1939 2533 illius
1964 2490 2111 2533 eum

545 2565 821 2643 augebit.
885 2565 1091 2625 Alium
1143 2566 1402 2627 modum
1455 2566 1804 2645 explicandi
1858 2572 2113 2627 senten-

547 2658 718 2729 tiam,
769 2676 959 2737 quem
1007 2660 1210 2739 magis
1244 2660 1488 2721 videtur
1519 2662 1585 2719 D.
1629 2662 1900 2721 Thomas
1948 2660 2113 2719 indi-

545 2769 712 2823 care,
744 2752 1152 2813 tractabimus
1195 2754 1470 2815 sectione
1499 2754 1806 2831 sequenti,
1839 2754 1987 2831 quia
2017 2759 2113 2816 est

543 2862 866 2905 connexus
916 2863 1060 2907 cum
1112 2847 1456 2925 quaestione
1503 2847 1586 2907 ibi
1635 2846 1985 2919 tractzmda,
2030 2848 2109 2907 de

543 2936 770 2998 effectu
799 2940 1012 3017 gratiae
1042 2943 1104 3000 et
1131 2940 1470 3012 charitatis,
1505 2940 1582 3001 de
1623 2958 1746 3019 quo
1789 2941 1935 3001 dicti
1966 2958 2109 3001 auc-

543 3036 710 3090 tores
753 3032 1144 3111 potissimum
1181 3033 1544 3110 loquuntur,
1575 3034 1638 3093 in
1667 3052 1792 3113 qno
1820 3032 2009 3094 etiam
2042 3032 2109 3093 il-

543 3123 746 3186 lorum
777 3127 1086 3189 sententia
1116 3128 1298 3190 nobis
1321 3121 1448 3188 nob
1477 3129 1796 3207 probatur.

965 3381 1272 3447 Resoluta
1307 3384 1682 3466 quaestionis.

625 3595 721 3654 17.
764 3593 1110 3654 Dicendum
1135 3611 1285 3674 ergo
1315 3611 1566 3668 censeo,
1591 3613 1706 3674 per
1737 3613 2109 3675 quamcum-

543 3703 666 3766 que
684 3685 1117 3748 contritionem
1147 3693 1208 3747 et
1235 3689 1472 3766 peccati
1498 3689 1778 3750 mortalis
1795 3689 2107 3750 remissio·

543 3797 690 3840 uem
721 3779 960 3840 restitui
987 3779 1228 3858 integre
1253 3780 1464 3840 omnia
1493 3781 1716 3842 merita
1740 3782 1912 3861 prius
1942 3799 2107 3842 mor-

539 3873 768 3934 tificata
799 3872 1008 3952 quoad
1048 3877 1246 3935 totum
1281 3874 1612 3934 essentiale
1639 3876 1985 3954 praemium.
2012 3877 2103 3937 Ita

539 3967 725 4028 sentit
751 3969 970 4030 Scotus
995 3966 1061 4026 in
1083 3968 1145 4036 4,
1175 3966 1318 4028 dist.
1350 3969 1454 4040 22,
1487 3975 1704 4048 quaest.
1737 3971 1947 4042 unica,
1978 3977 2096 4031 art.

537 4063 609 4134 2;
644 4060 936 4123 Albertus
957 4076 1102 4121 cnm
1125 4059 1443 4140 Magistro,
1475 4062 1618 4123 dist.
1655 4064 1748 4130 14,
1784 4070 1900 4125 art.
1932 4065 2003 4125 2!
2040 4069 2101 4124 et

536 4156 646 4226 223
675 4153 1040 4226 Richardus,
1071 4160 1186 4214 art.
1219 4155 1280 4226 8,
1307 4173 1369 4234 q.
1397 4157 1472 4227 Ως
1495 4154 1766 4228 Gabriel,
1797 4173 1858 4232 q.
1893 4159 1955 4230 3,
1978 4163 2094 4218 art.

537 4251 596 4320 3,
631 4246 780 4308 dub.
817 4249 888 4319 33
921 4247 1141 4326 Major,
1177 4265 1240 4326 q.
1275 4250 1304 4307 1
1333 4265 1350 4319 ;
1401 4247 1746 4318 Almainus,
1787 4265 1850 4324 q.
1887 4251 1945 4320 1,
1977 4252 2093 4308 art.

535 4341 594 4414 2,
645 4345 706 4400 et
744 4343 916 4400 tract.
963 4340 1240 4400 2Moral.
1287 4358 1340 4400 c.
1378 4342 1475 4411 14,
1505 4339 1610 4400 ubi
1643 4340 1792 4401 citat
1842 4340 2101 4401 Guillel-

533 4449 708 4494 mum
746 4432 1160 4494 parisiensem
1200 4437 1262 4494 et
1301 4433 1661 4510 Aureolum,
1693 4450 1878 4512 quem
1909 4435 2101 4494 etiam

533 4525 723 4587 refert
751 4525 1090 4604 Capreolus
1131 4544 1342 4605 supra.
1367 4526 1538 4587 Idem
1567 4533 1738 4587 tenet
1760 4526 2097 4602 MarsiliuS‚

531 4618 598 4678 in
629 4620 692 4692 4,
725 4625 944 4698 quoest.
996 4622 1094 4692 11,
1124 4626 1240 4680 art.
1277 4623 1343 4692 1;
1391 4620 1648 4692 Ocham,
1677 4626 1892 4698 quoest.
1925 4623 1991 4692 9,
2016 4620 2095 4680 ad

539 4714 580 4772 6
633 4711 927 4782 dubium;
986 4712 1342 4787 Durandus,
1393 4714 1458 4772 in
1516 4715 1575 4785 3,
1651 4713 1919 4774 distinct.
1990 4716 2093 4786 31,

529 4809 752 4884 quaest.
820 4805 882 4874 2,
941 4804 1024 4865 ad
1077 4808 1150 4876 3;
1217 4806 1554 4880 Henricus,
1607 4805 1959 4878 Quodlibet.
2014 4812 2051 4869 5
2072 4853 2087 4880 ,

533 4902 751 4977 quaest.
817 4899 937 4970 243
985 4887 1234 4959 Medina
1279 4899 1500 4960 Codice
1557 4900 1636 4960 de
1691 4900 2086 4978 poenitentia,

1125 402 1336 457 OPL'SC.
1371 406 1430 456 V.
1465 404 1770 457 nunerio
1803 404 1884 459 DE
1919 391 2397 461 nnvtvtscttNTiA
2430 406 2810 461 memmium.
2846 406 3069 461 ntsrm·
3122 408 3183 461 11.

2194 516 2303 571 aut
2324 509 2673 589 explicandi
2707 508 3023 588 quomodo
3050 512 3381 585 resurgant
3408 508 3483 569 ad
3504 518 3697 588 partem

2194 604 2451 682 praemii,
2494 610 2557 665 et
2586 621 2711 663 non
2750 602 2831 663 ad
2876 609 3097 672 totum,
3130 601 3603 663 concludendum
3628 612 3697 667 est

2194 714 2442 775 semper
2468 714 2797 775 resurgere
2828 695 2911 757 ad
2936 701 3135 756 totum
3162 696 3504 773 praemium.

2277 790 2373 850 18.
2419 789 2727 853 Probatur
2752 808 2793 851 a
2818 790 3038 867 priori.
3060 788 3447 854 -Secundo
3476 796 3560 849 cst
3578 792 3697 853 ratio

2194 902 2233 943 a
2256 882 2465 961 priori,
2497 883 2643 961 quia
2670 882 2953 943 contritio
3002 900 3129 943 non
3172 883 3483 943 concurrit
3520 884 3591 943 ad
3610 886 3699 945 hoc

2194 976 2511 1050 meritum,
2556 982 2629 1035 ut
2664 994 2855 1037 causa
2882 994 2997 1056 per
3042 994 3111 1037 se
3139 974 3327 1047 iuius,
3378 976 3487 1037 sed
3510 982 3699 1037 tantum

2198 1075 2267 1130 ut
2288 1087 2625 1131 removens
2650 1068 3169 1148 impedimentum
3200 1069 3469 1147 peccati;
3497 1071 3599 1131 hoc
3616 1091 3697 1129 au-

2198 1169 2323 1225 tem
2362 1162 2881 1241 impedimentum
2926 1161 3181 1223 omnino
3236 1170 3581 1223 removetur
3616 1182 3698 1241 per

2196 1274 2657 1336 quamcumque
2688 1256 3141 1327 contritionem,
3186 1254 3375 1315 etiam
3406 1256 3693 1331 minimam,

2196 1358 2261 1413 et
2297 1352 2487 1411 etiam
2529 1368 2643 1429 per
2680 1366 3143 1429 quamcumque
3194 1348 3561 1409 attritionem
3594 1368 3697 1411 cum

2196 1450 2607 1519 sacramente,
2626 1443 2775 1522 quia
2790 1443 3045 1505 omnino
3064 1442 3561 1521 auferturculpa;
3590 1462 3697 1503 nam

2196 1539 2367 1617 quod
2419 1554 2611 1615 poena
2654 1555 2783 1599 non
2832 1554 3085 1614 semper
3118 1542 3249 1597 tota
3278 1534 3599 1607 auferatur,
3638 1536 3697 1593 nil

2196 1631 2406 1704 refert,
2438 1631 2587 1711 quia
2618 1636 2829 1693 reatus
2854 1648 3059 1711 poenae
3088 1630 3452 1709 temporalis
3487 1648 3597 1689 non
3619 1631 3697 1689 im·

2196 1725 2369 1805 pedit
2398 1724 2762 1804 simpliciter
2794 1722 3143 1803 perfectum
3172 1722 3477 1795 valorem,
3510 1729 3565 1783 et
3587 1740 3697 1801 prs·

2192 1820 2392 1880 mium
2416 1821 2867 1899 cujuscumque
2892 1818 3097 1879 meriti
3140 1836 3259 1879 suo
3288 1822 3561 1896 tempore
3594 1818 3699 1877 red-

2194 1912 2503 1980 dendum;
2526 1930 2675 1991 ergo
2708 1930 2821 1991 per
2843 1929 3313 1991 quamcumque
3328 1910 3700 1972 contritionem

2194 2012 2258 2067 et
2276 2005 2707 2067 remissionem
2732 2005 2967 2083 peccati
2996 2011 3379 2083 reparantur
3400 2002 3589 2063 omnia
3606 2022 3701 2061 me·

2192 2100 2331 2160 rita.
2363 2100 2563 2177 Major
2598 2098 2963 2177 propositio,
2984 2098 3047 2157 in
3078 2116 3207 2176 qua
3238 2104 3337 2159 est
3364 2098 3456 2157 vis
3478 2096 3697 2163 rationis,

2192 2193 2561 2271 supponitur
2602 2197 2671 2252 ut
2702 2190 2869 2252 clara
2895 2210 2933 2251 a
2960 2192 3029 2251 D.
3060 2193 3333 2263 Thema,
3380 2189 3516 2251 dict.
3554 2206 3605 2267 q.
3624 2192 3696 2254 89.

2192 2292 2307 2345 art.
2338 2288 2399 2357 5,
2428 2292 2489 2345 et
2518 2304 2597 2346 ex
2626 2284 2729 2345 illa
2776 2284 2998 2363 probat
3032 2284 3531 2345 reviviscentiam
3560 2282 3699 2341 meri-

2192 2386 2420 2441 torum.
2476 2380 2539 2439 Si
2566 2382 2779 2439 autem
2810 2384 3043 2439 attente
3080 2377 3531 2447 consideretur,
3566 2392 3695 2453 seque

2192 2492 2271 2535 ex
2298 2491 2373 2534 ea
2400 2472 2789 2534 concluditur
2822 2472 3063 2549 integra
3102 2472 3531 2533 reviviscentis
3564 2470 3695 2529 mori-

2194 2571 2395 2639 torum
2426 2566 2705 2627 omnium
2764 2584 2875 2645 per
2926 2584 3397 2645 quamcumque
3446 2564 3693 2625 contritio-

2192 2678 2367 2721 nem:
2400 2660 2545 2739 quia
2576 2659 2681 2720 illa
2714 2660 2935 2721 merita
2962 2677 3216 2738 semper
3240 2664 3495 2719 manent
3522 2657 3627 2715 rita
3648 2656 3691 2711 in

2190 2753 2617 2831 acceptatione
2644 2752 2875 2823 divina,
2906 2753 3069 2814 etde
3098 2770 3169 2813 se
3202 2750 3481 2813 efficacia
3506 2749 3569 2809 ad
3589 2766 3691 2826 pro-

2188 2848 2607 2927 portionatum
2632 2847 2980 2925 pra‘mium,
3010 2846 3349 2923 solumque
3370 2850 3535 2905 erant
3552 2844 3693 2919 impc-

2190 2941 2317 3001 dita
2346 2958 2421 3001 ex
2464 2945 2637 3017 parte
2686 2939 2945 3017 subjecti
2997 2946 3260 3018 propter
3306 2935 3693 3016 superveniens
3775 3016 3776 3021 η

2192 3040 2549 3114 peccatum;
2584 3051 2735 3114 ergo
2764 3050 3161 3111 quacumque
3194 3032 3439 3093 ratione
3476 3032 3577 3089 hoc
3610 3028 3693 3085 im·
3775 3022 3776 3027 ’

2194 3129 2621 3208 pedimentum
2666 3127 3016 3198 auferatur,
3062 3127 3281 3188 omnia
3328 3126 3537 3188 merita
3578 3121 3691 3181 vivi-

2190 3221 2567 3283 ficabuntur.

2170 3333 2187 3350 ·
2271 3317 2369 3376 19.
2412 3315 2619 3376 Tertio
2660 3333 2735 3376 ac
2758 3312 3071 3393 praecipue
3094 3314 3219 3375 hoc
3250 3311 3499 3392 egregie
3520 3308 3691 3371 ‘⁰⁰5⁸'
3773 3385 3774 3402 1

2188 3415 2317 3470 mat
2344 3409 2773 3471 testimonium
2800 3408 3048 3470 Concilii
3086 3406 3459 3476 Tridentini,
3488 3423 3615 3464 sess
3644 3407 3685 3468 6.

2188 3521 2241 3564 c.
2278 3503 2375 3576 16,
2418 3502 2585 3582 quod
2632 3503 2695 3562 in
2736 3501 3161 3580 superioribus
3200 3500 3399 3562 etiam
3446 3497 3689 3577 pondera-

2186 3596 2429 3657 bamus.
2474 3597 2657 3656 Docet
2684 3595 2851 3656 enim
2886 3594 3179 3654 omnibus
3204 3593 3447 3654 meritis
3490 3591 3559 3650 de
3582 3607 3687 3648 ean-

2186 3689 2377 3769 digno
2404 3690 2717 3763 integrum
2746 3687 3077 3748 essentiale
3108 3687 3439 3766 premium
3466 3679 3687 3744 infallibi-

2184 3783 2325 3843 liter
2348 3782 2549 3854 reddi,
2572 3783 2623 3842 si
2646 3783 2833 3842 homo
2862 3781 2923 3840 in
2950 3780 3149 3858 gratia
3172 3779 3473 3845 decedat;
3494 3793 3617 3853 ergo
3632 3790 3686 3830 cx
3770 3847 3772 3850 Α

2182 3881 2395 3936 mente
2442 3875 2695 3936 Concilii
2754 3891 3079 3952 nunquam
3100 3867 3333 3951 'potest
3386 3869 3682 3946 contingere
3771 3881 3772 3908 1

2183 3969 2353 4048 quod
2372 3969 2560 4030 homo
2582 3968 2645 4028 in
2667 3969 2863 4047 gratia
2888 3967 3204 4028 decedens
3224 3985 3355 4027 non
3378 3966 3683 4040 assequatur

2182 4067 2380 4123 totum
2424 4061 2757 4122 essentiale
2808 4061 3129 4140 praemium
3176 4058 3353 4138 quod
3404 4051 3681 4134 aliquando

2182 4154 2442 4226 meruit;
2478 4153 2621 4232 quia
2648 4154 2711 4214 in
2742 4171 2819 4214 eo
2845 4154 2981 4232 jam
3009 4153 3307 4232 impletur
3334 4149 3581 4212 conditio
3600 4143 3681 4203 sub
3768 4221 3770 4224 Α

2182 4265 2307 4326 qua
2331 4255 2531 4310 totum
2562 4247 2717 4308 illud
2744 4247 3071 4324 pra-mium
3104 4245 3467 4325 promeruit.
3496 4243 3569 4300 Ex
3592 4251 3679 4315 quo
3768 4233 3770 4240 '

2180 4339 2441 4401 ulterius
2498 4345 2951 4417 consequenter
3000 4338 3429 4408 concluditur,
3480 4353 3577 4414 per
3614 4347 3681 4388 re-

2180 4432 2541 4492 missionem
2574 4432 2815 4510 peccati
2858 4431 3135 4492 mortalis
3164 4447 3416 4508 semper
3444 4419 3677 4488 vivificari

2178 4523 2421 4601 integre
2448 4526 2657 4584 omnia
2677 4525 2920 4596 merita,
2952 4523 3101 4602 quia
3130 4522 3517 4584 constituitur
3536 4519 3675 4576 homo

2178 4617 2241 4678 in
2270 4623 2433 4678 statu
2460 4618 2696 4696 gratiae,
2744 4618 2807 4677 in
2838 4637 2963 4694 quo
3010 4619 3061 4677 si
3120 4617 3331 4678 statim
3378 4610 3671 4676 decederet.
3766 4645 3768 4648 ι

2174 4716 2373 4772 totum
2402 4710 2729 4790 praemium
2753 4711 2971 4770 talium
3000 4711 3367 4772 meritorum
3394 4717 3675 4778 conseque-

2174 4811 2365 4877 retur,
2387 4805 2569 4883 juxta
2598 4805 2947 4866 doctrinam
2974 4805 3271 4875 Concilii;
3306 4819 3452 4882 ergo
3480 4800 3671 4876 signum

2174 4903 2269 4958 est
2292 4897 2443 4958 talia
2470 4899 2691 4958 merita
2720 4915 2831 4974 per
2862 4915 3325 4976 quamcumque
3346 4889 3673 4975 justificatio-

525 4998 703 5054 tract.
756 4996 810 5065 1,
849 4998 1070 5072 quaest.
1105 4993 1166 5053 8.
1211 4993 1492 5053 Insinuat
1524 4993 1870 5065 Adrianus,
1915 4994 1983 5053 in
2024 4995 2081 5066 4,
2170 5009 2317 5052 nem
2354 4991 2693 5054 constituta
2716 5009 2855 5052 esse
2886 4991 2953 5052 in
2978 5009 3057 5054 eo
3094 4997 3281 5065 statu,
3332 4991 3397 5050 in
3424 5003 3535 5066 quo
3566 4985 3669 5042 sunt
3764 5017 3766 5020 ι

528 5086 790 5146 materia
817 5085 896 5146 de
937 5085 1379 5156 satisfactione,
1430 5093 1646 5164 quaest.
1677 5087 1737 5159 2,
1765 5085 1847 5146 ad
1873 5090 1898 5146 1
1927 5105 1943 5158 ς
1978 5088 2089 5148 Co·
2169 5084 2445 5145 efficacia
2476 5084 2555 5144 ad
2580 5084 3055 5163 perducendum
3084 5084 3403 5144 hominem
3420 5081 3495 5142 ad
3516 5083 3665 5138 totum

525 5196 719 5250 varr.,
742 5179 806 5238 in
829 5197 882 5238 c.
906 5177 1092 5240 Alma
1120 5183 1329 5250 neuter,
1359 5182 1384 5238 1
1414 5183 1602 5257 part..
1625 5178 1742 5258 §ek
1775 5197 1950 5239 num.
1984 5184 2079 5242 10.
2168 5193 2355 5238 suum
2384 5177 2715 5238 essentiale
2742 5178 3100 5256 praemium3
3134 5185 3197 5238 et
3226 5178 3349 5237 hoc
3370 5179 3459 5234 est
3480 5173 3665 5244 integre

525 5255 733 5333 Potest
759 5278 968 5333 autem
1001 5273 1134 5332 haec
1158 5274 1389 5333 veritas
1415 5273 1794 5334 sufficienter
1831 5275 2087 5352 probari
2164 5273 2459 5333 vivificari
2492 5291 2603 5334 seu
2642 5274 2939 5352 reparari.
2990 5276 3189 5352 Atque
3218 5273 3349 5332 haec
3382 5271 3549 5330 etiam
3582 5262 3661 5320 do-
3761 5311 3763 5314 ψ

525 5381 600 5424 ex
629 5365 884 5426 alterius
913 5365 1424 5443 impugnatione3
1467 5383 1637 5438 nam,
1681 5383 1826 5427 cum
1873 5372 2083 5428 osten·
2166 5365 2361 5427 ctrina
2400 5366 2649 5428 Concilii
2690 5367 3015 5426 confirmat
3062 5384 3137 5426 ac
3172 5363 3443 5424 declarat
3486 5353 3659 5417 funda·
3762 5397 3764 5410 2

519 5474 664 5516 sum
712 5457 792 5518 sit
829 5456 1198 5518 reviviscere
1255 5458 1478 5518 merita
1521 5458 1732 5536 quoad
1757 5459 2083 5537 praemium
2162 5460 2501 5522 mentalem
2578 5459 3069 5538 propositionem
3138 5457 3421 5535 superius
3468 5463 3659 5511 assum·

525 5548 884 5620 essentiale,
913 5555 976 5612 et
999 5548 1174 5608 nulla
1199 5550 1276 5610 sit
1302 5549 1617 5610 sufficiens
1643 5550 1802 5611 ratio
1831 5551 2081 5614 dicendi
2162 5559 2355 5636 ptam,
2405 5553 2725 5626 nimirum,
2770 5551 3205 5618 contritionem
3232 5549 3433 5610 solum
3454 5555 3657 5606 concur·
