3850 6225
526 411 646 473 526

1476 412 1689 467 OPUSC.
1722 414 1806 467 vl.
1846 414 2216 471 msrurnlo
2247 416 2330 469 at:
2359 416 2638 473 Jrsuna
2673 416 2794 469 nm.

524 532 653 575 non
678 512 971 575 videntur
996 512 1129 575 haec
1156 532 1295 576 esse
1319 514 1445 579 duo
1474 516 1766 579 attributa
1792 514 2084 577 distincta
2162 517 2359 578 verba
2389 520 2752 581 Aristoteles
2803 518 3014 580 subdit
3037 518 3112 579 D.
3149 516 3474 597 Thomas:
3539 510 3732 577 Virtu-

528 607 877 669 secundum
933 605 1265 669 formalem
1306 610 1615 671 rationem
1646 610 1869 689 objecti
1920 608 2080 687 ejus.
2165 616 2255 675 tes
2289 614 2485 698 ἐρίων·
2513 616 2850 697 proedietoe,
2888 614 3212 677 seeundum
3261 608 3426 691 quod
3457 606 3730 669 ordinm

525 704 685 765 Nam
730 702 859 763 sive
896 704 1064 763 Deus
1110 701 1253 776 det,
1286 704 1417 765 sive
1468 703 1655 765 faciat
1706 719 1938 783 magua
1979 706 2089 763 aut

526 812 717 875 parva
736 840 753 867 ,
796 794 1143 857 formaliter
1186 796 1537 859 secundum
1588 794 2088 857 convenientiam

526 890 609 951 ad
644 890 989 951 bonitatem
1024 906 1205 951 suam
1238 894 1572 971 operatum
1606 894 1669 952 et
1706 890 1793 951 ita
1838 904 2092 967 semper

524 984 777 1063 respicit
818 984 883 1044 in
930 984 1067 1063 ipsa
1126 982 1379 1045 datione
1436 983 1725 1045 eamdem
1778 982 2090 1044 rationem

526 1076 973 1139 convenientiae
1000 1083 1064 1137 et
1089 1076 1432 1139 honestatis
1453 1122 1468 1145 .
1508 1094 1701 1155 quam
1738 1074 2088 1137 secundum

526 1188 595 1231 se
620 1170 831 1231 habet.
864 1169 1042 1243 Quod
1068 1172 1121 1230 si
1146 1187 1267 1231 vox
1286 1170 1768 1252 magnificentiae
1804 1174 2092 1231 sumatur

528 1262 873 1341 secundum
922 1263 1265 1341 quemdam
1320 1263 1655 1345 specialem
1704 1266 2085 1340 respectum,

526 1374 653 1437 quo
682 1374 841 1436 opus
868 1362 1267 1435 comparatur
1298 1356 1381 1418 ad
1402 1356 1757 1429 facientem,
1788 1360 2088 1433 tanquam

524 1466 827 1530 magnum
854 1455 919 1510 et
952 1449 1095 1511 ideo
1134 1449 1403 1511 arduum
1444 1466 1519 1511 ac
1560 1446 1811 1510 difficile
1846 1446 1960 1522 illi,
1997 1444 2086 1507 sic

526 1542 989 1623 magnificentia
1030 1560 1159 1604 non
1184 1546 1389 1623 potest
1400 1544 1533 1605 Deo
1558 1540 1771 1615 tribui,
1799 1540 1950 1619 quia
1969 1538 2088 1619 ipsi

528 1637 681 1698 nihil
722 1642 819 1697 est
853 1634 1121 1697 arduum
1156 1653 1231 1697 ac
1266 1636 1517 1699 difficile
1554 1636 1637 1696 ad
1681 1633 2086 1705 faciendum,

530 1732 630 1792 vel
680 1729 1121 1809 largiendum3
1172 1736 1237 1790 et
1272 1746 1388 1809 per
1426 1728 1960 1809 comparationem
2009 1724 2090 1787 ad

526 1823 871 1885 bonitatem
901 1822 1001 1883 vel
1042 1822 1383 1902 potentiam
1426 1818 1607 1903 ejus,
1660 1820 1813 1881 nihil
1846 1820 1949 1898 (ut
2001 1819 2090 1880 sic

528 1916 769 1996 dicam)
796 1932 1099 1995 magnum
1138 1921 1266 1987 est3
1300 1916 1451 1995 quia
1478 1922 1687 1976 tamen
1727 1914 1861 1975 hmo
1908 1912 2090 1993 quasi

526 2009 875 2089 respectiva
934 2008 1319 2088 comparatio
1374 2006 1795 2071 accidentaria
1854 2013 1952 2069 est
2009 2004 2092 2067 ad

526 2102 856 2163 formalem
896 2103 1205 2163 rationem
1232 2100 1711 2182 magnificentia
1738 2099 2090 2161 secundum

528 2214 621 2271 se,
648 2214 775 2257 non
810 2200 909 2258 est
930 2214 1045 2257 cur
1082 2212 1389 2275 negemus
1416 2196 1545 2256 Deo
1580 2192 1911 2255 formalem
1945 2210 2093 2273 per-

527 2290 861 2353 fectionem
904 2288 1419 2369 magnificentiae3
1460 2304 1632 2361 nam,
1672 2286 1863 2350 etiam
1906 2285 2092 2347 abso-

528 2385 655 2447 lute
696 2382 1063 2463 loquendo,
1111 2380 1260 2443 facit
1308 2398 1537 2463 moysa
1568 2380 1673 2462 qut·
1706 2382 1921 2462 potens
1973 2385 2085 2443 m.

526 2480 617 2540 lta
644 2495 799 2557 ergo
832 2482 929 2538 est
966 2475 1033 2535 in
1060 2476 1191 2542 Deo
1222 2464 1689 2553 magnificentia
1730 2473 1891 2533 sicut
1941 2472 2092 2533 libe·

526 2571 774 2646 ralitas,
818 2576 1087 2649 suntque
1138 2569 1203 2629 in
1256 2568 1393 2649 ipso
1440 2566 1787 2628 formaliter
1833 2564 2090 2645 quidem

528 2682 725 2726 unum
758 2668 821 2725 et
844 2662 1012 2725 idem
1046 2661 1435 2733 attributum,
1456 2660 1545 2721 sic
1568 2658 1671 2721 vel
1696 2659 1785 2721 sic
1812 2658 2094 2720 denomi-

528 2766 746 2821 natum
768 2759 831 2819 in
860 2756 1079 2819 ordine
1106 2757 1191 2819 ad
1212 2756 1453 2836 majora
1478 2754 1579 2816 vel
1606 2754 1849 2815 minora
1872 2770 2088 2833 opera.

528 2852 707 2925 Quod
750 2851 995 2913 videtur
1050 2850 1321 2911 sensisse
1358 2848 1541 2910 divus
1580 2849 1855 2909 Thomas
1873 2893 1889 2919 ,
1939 2846 2086 2907 dict.

526 2964 665 3026 cap.
706 2948 810 3019 93,
838 2945 945 3006 lib.
978 2948 1008 3005 1
1044 2949 1211 3005 cont.
1234 2942 1447 3017 Gent.,
1484 2942 1549 3002 in
1580 2942 1759 3031 cujus
1786 2939 2092 3019 principio

528 3056 709 3121 aeque
746 3038 925 3120 ponit
952 3054 1091 3099 esse
1132 3036 1197 3096 in
1238 3035 1371 3097 Deo
1398 3042 1623 3107 artem,
1664 3032 2086 3114 prudentiam,

520 3133 847 3216 justitiam,
882 3139 945 3195 et
974 3131 1434 3204 liberalitatem,
1466 3127 2004 3208 magnificentiam
2027 3133 2094 3189 et

525 3229 883 3300 veritatem3
918 3231 983 3288 et
1006 3231 1227 3306 postea
1254 3223 1613 3286 discamus
1656 3239 1773 3301 per
1810 3221 2090 3302 singulas

524 3319 607 3382 de
632 3317 1095 3400 magnificentia
1114 3315 1271 3378 nihil
1296 3315 1466 3389 dicit,
1488 3331 1635 3376 cnm
1660 3313 1828 3377 dicat
1852 3313 1932 3376 de
1953 3315 2092 3376 aliis

528 3415 827 3496 quinque,
872 3411 1149 3474 sentiens
1176 3409 1365 3490 plane
1408 3408 1612 3490 ipsam
1656 3406 2095 3470 liberalitatem

526 3509 661 3582 Dei,
680 3523 821 3570 cum
854 3505 931 3568 sit
954 3504 1247 3578 mxima,
1276 3509 1341 3564 et
1368 3517 1639 3576 summa,
1670 3517 1942 3580 eumque
1965 3517 2094 3562 non

524 3601 889 3664 moderetur
924 3599 1285 3678 passionem
1318 3594 1597 3675 aliquam
1616 3639 1632 3669 ,
1672 3593 1787 3656 sed
1838 3593 2094 3659 inclinet

526 3695 611 3758 ad
640 3693 951 3758 actionem
978 3697 1041 3754 et
1066 3689 1459 3772 largitionem
1488 3695 1979 3751 consentaneam
2003 3687 2095 3750 di·

526 3789 689 3852 vine
744 3785 1005 3850 bonitati
1030 3829 1047 3859 ,
1102 3801 1243 3846 esse
1302 3783 1493 3846 etiam
1557 3781 2092 3862 magnificentiam

530 3897 844 3946 summam
876 3885 941 3942 et
960 3875 1501 3960 perfectissimam.

610 3979 710 4039 32.
758 3969 1657 4056 obiexim—Solutim-Sed
1716 3968 1891 4032 aiunt
1941 3967 2094 4031 stul·

528 4079 663 4135 tum
705 4087 845 4132 esse
880 4069 997 4129 has
1048 4065 1309 4128 virtutes
1346 4063 1629 4144 politicas
1678 4065 1807 4126 Deo
1854 4061 2096 4125 tribue-

526 4183 623 4238 re,
658 4168 819 4226 teste
862 4159 1189 4224 Aristotele
1240 4159 1319 4220 10
1352 4157 1577 4232 Ethic„
1620 4175 1677 4219 c.
1710 4157 1771 4219 8.
1814 4155 1942 4220 Sed
1971 4155 2094 4216 hoe

530 4259 721 4320 etiam
766 4257 839 4317 D.
876 4255 1153 4316 Thomas
1196 4250 1434 4314 eisdem
1462 4251 1615 4312 locis
1652 4269 1781 4312 non
1830 4249 2040 4312 omisit
2071 4292 2088 4323 ‚

530 4349 849 4428 idemque,
894 4346 960 4408 in
992 4351 1017 4408 Ι
1056 4352 1246 4426 part„
1268 4343 1422 4406 dixit
1460 4345 1660 4404 Deum
1702 4343 1938 4404 habere
1975 4342 2092 4403 has

532 4443 791 4504 virtutes
818 4457 947 4502 non
982 4440 1147 4501 circa
1188 4439 1467 4500 actiones
1500 4437 1744 4511 civiles,
1772 4437 1885 4498 sed
1929 4437 2094 4498 circa

532 4537 811 4600 actiones
826 4536 959 4595 Deo
988 4531 1465 4604 convenientem
1490 4535 1557 4592 et
1582 4529 1661 4592 de
1678 4529 1819 4604 illis,
1866 4534 1934 4591 ut
1957 4547 2094 4591 ver·

532 4635 755 4691 santur
780 4627 944 4689 circa
972 4625 1213 4705 priores
1252 4625 1553 4697 actiones,
1582 4623 1835 4704 exponit
1856 4623 2092 4684 dictum

534 4719 913 4800 Philosophi.
940 4719 1012 4780 ln
1034 4723 1063 4779 1
1098 4723 1309 4780 autem
1338 4721 1505 4780 cont.
1536 4716 1747 4793 Gent„
1769 4715 1954 4779 latius
1973 4718 2094 4780 hoc

534 4815 813 4878 declarat
862 4813 1121 4874 dicens:
1180 4809 1484 4886 Actiones,
1527 4810 1705 4874 eires
1742 4829 1895 4892 que
1931 4829 2095 4896 pm-

534 4909 709 4974 dieta
740 4907 1001 4972 virtutae
1018 4909 1189 4980 m,
1214 4905 1539 4968 emam·
1566 4919 1715 4967 suas
1736 4906 2096 4968 rationum

530 5003 709 5066 rem
750 4999 1189 5064 mandem
1232 4997 1589 5078 dependent·
1632 5013 1753 5058 non
1810 4997 1971 5060 euim
2025 4997 2095 5060 de

534 5097 785 5180 amate
798 5095 1107 5174 judicare,
1142 5095 1253 5156 ad
1292 5091 1535 5173 aliquid
1550 5091 1715 5164 dere,
1758 5091 1853 5154 vel
1874 5089 2095 5154 dietri-

536 5192 709 5256 buere
747 5187 939 5256 sociae
971 5185 1233 5249 hominis
1277 5190 1399 5258 m,
1430 5185 1537 5248 sed
1562 5184 1883 5264 cujuslibet
1919 5183 2095 5247 inul-

534 5285 757 5348 lectum·
792 5282 1105 5351 λαόηιὲίυ
1146 5279 1469 5342 secundm
1494 5283 1695 5341 auem
1718 5279 1879 5360 quod
1900 5279 2094 5342 adm

536 5379 835 5441 manae
874 5373 1351 5446 conamur,
1396 5389 1473 5435 σω
1516 5371 1615 5434 lie
1674 5371 2096 5452 mdamnodo

534 5467 787 5550 speeiem
828 5471 1100 5540 munt,
1154 5465 1312 5528 siout
1350 5481 1601 5528 mm
1648 5467 1721 5526 is
1760 5480 1909 5528 eaeo
1943 5467 2100 5544 feeit

534 5561 785 5642 specim
844 5560 1011 5626 usti.
1050 5561 1193 5622 Jam
1238 5575 1387 5620 vero
1436 5559 1625 5623 tacite
1678 5559 2098 5640 interpretans

2167 706 2492 771 humanam
2534 707 2724 773 vitam
2765 708 3050 779 activam,
3083 706 3168 769 ad
3199 704 3314 766 has
3351 700 3618 763 actiones
3637 716 3724 757 or-

2169 796 2489 873 dinantur,
2515 806 2701 880 prout
2719 802 2802 863 ad
2818 818 2916 863 res
2945 800 3240 861 humanas
3265 792 3718 865 contrahuntur,

2169 892 2242 955 ab
2275 894 2364 957 eis
2408 894 2664 987 speciem
2701 896 3026 965 annaeum,
3057 890 3384 955 secundm
3417 902 3590 966 quem
3613 900 3730 942 mo-

2169 986 2310 1049 dum
2355 980 2476 1051 Deo
2505 986 2814 1051 convenire
2839 1004 2959 1048 uon
2996 986 3280 1068 possunt.
3323 980 3568 1040 Rursus
3591 994 3726 1036 vero
3813 1026 3815 1033 .

2168 1078 2354 1141 altius
2381 1084 2444 1141 et
2481 1080 2710 1141 melius
2739 1080 2818 1141 de
2846 1080 2978 1140 Deo
3007 1077 3310 1147 sentiens,
3341 1089 3540 1152 quam
3579 1070 3730 1131 Aris·

2167 1173 2392 1234 toteles
2417 1172 2680 1235 fortasse
2721 1174 2802 1235 sit
2837 1176 3186 1242 assecutus,
3217 1162 3730 1247 prosequitur-di·

2171 1284 2320 1327 cens
2349 1284 2364 1327 ε
2401 1264 2746 1331 Secundum
2775 1284 2914 1329 rem
2947 1264 3106 1347 quod
3135 1261 3407 1329 actiones
3431 1256 3732 1341 proeaefictoe
3815 1326 3817 1345 ἶ

2169 1359 2236 1421 in
2260 1377 2376 1422 m
2403 1360 2828 1425 communitate
2845 1360 3250 1439 accipiuntur,
3275 1356 3550 1437 possunt
3563 1352 3732 1413 etiam
3815 1346 3817 1363 ³

2169 1452 2394 1517 divinis
2419 1454 2596 1517 rebec
2641 1456 2850 1535 aptari
2871 1479 2898 1528 ,·
2925 1452 3087 1517 sicut
3123 1452 3285 1515 enim
3328 1449 3504 1511 Iamno
3541 1462 3732 1505 rerum

2171 1547 2598 1621 humanarum,
2661 1553 2736 1611 ut
2783 1548 3058 1629 pecunia
3095 1545 3190 1609 vel
3224 1541 3480 1607 moris
3531 1540 3733 1601 ἄνι’-ὑ-

2169 1638 2346 1703 tutor
2371 1645 2484 1717 est,
2517 1640 2610 1704 ita
2637 1644 2696 1703 et
2731 1640 2898 1705 Dm
2933 1638 3201 1703 omnium
3235 1635 3582 1699 &nnuma
3603 1633 3730 1693 usi·
3817 1684 3819 1703 ,

2169 1750 2354 1795 verse.
2391 1730 2564 1797 Sunt
2602 1733 2798 1816 iffitur
2832 1732 3154 1815 proeaictoe
3191 1728 3457 1793 virtutes
3507 1728 3580 1787 in
3619 1724 3730 1787 Deo
3817 1724 3819 1731 ²

2169 1824 2634 1889 universalioris
2669 1823 3074 1901 extensionis,
3121 1842 3305 1905 quam
3343 1822 3417 1883 is
3481 1820 3728 1881 katine-

2173 1916 2322 1989 Quoe
2371 1920 2564 1981 verba
2617 1924 2764 1981 sunt
2791 1918 2972 1981 valde
3005 1916 3306 1989 notanda,
3351 1931 3510 1975 nam
3535 1912 3602 1973 in
3649 1914 3732 1973 eis
3820 1990 3821 1993 Ἴ

2171 2012 2243 2072 D.
2297 2012 2568 2074 Thomas
2597 2012 2680 2073 de
2705 2012 2946 2092 justitia
2975 2010 3160 2073 simul
3209 2024 3356 2070 cum
3386 2006 3532 2067 aliis
3563 2006 3736 2065 virtu-
3819 2000 3821 2085 ᾗ

2171 2105 2340 2167 tibus
2369 2106 2665 2185 loquitur,
2697 2112 2760 2167 et
2799 2104 2942 2167 ideo
2970 2104 3236 2165 multum
3263 2100 3636 2163 deserviunt
3661 2098 3736 2159 ad
3819 2104 3821 2113 '

2171 2214 2250 2259 ea
2297 2214 2438 2277 quae
2489 2198 2791 2273 dicimus3
2839 2202 2903 2260 et
2939 2204 3112 2260 recte
3165 2196 3358 2258 etiam
3419 2192 3736 2255 declarant

2173 2306 2252 2351 ea
2293 2308 2436 2371 quae
2475 2292 2781 2355 hactenus
2811 2292 3101 2365 diximus,
3137 2294 3202 2351 et
3235 2290 3372 2371 ipsa
3419 2286 3616 2347 etiam
3663 2302 3733 2345 ex

2171 2384 2293 2444 illis
2333 2384 2564 2447 clarius
2592 2386 3046 2467 intelliguntur.

2255 2480 2354 2540 33.
2403 2478 2580 2540 Addo
2601 2498 2775 2552 vero,
2799 2484 3056 2559 propter
3079 2478 3434 2539 Aristotelis
3462 2476 3734 2537 testimo-

2172 2572 2372 2645 nium,
2405 2572 2612 2652 ipsum
2643 2572 2947 2652 imprimis
2973 2590 3102 2633 non
3131 2589 3322 2651 agere
3342 2570 3426 2631 de
3453 2570 3580 2630 Deo
3607 2587 3730 2647 spe-

2173 2665 2435 2741 cialiter,
2483 2664 2594 2726 sed
2621 2664 2701 2727 de
2730 2665 2848 2727 diis
2886 2664 3255 2745 generatim,
3291 2662 3358 2724 id
3393 2668 3512 2739 est,
3545 2662 3622 2723 de
3645 2662 3734 2721 in-
3824 2695 3825 2703 κ

2171 2760 2529 2840 telligentiis
2556 2809 2575 2835 ,
2623 2760 2704 2821 de
2750 2777 3018 2841 quorum
3069 2758 3464 2821 beatitudine
3519 2758 3732 2837 aequali

2171 2853 2362 2915 modo
2415 2854 2694 2933 loquitur
2741 2854 2998 2915 dicens:
3043 2852 3201 2916 Deos
3239 2856 3514 2915 maxime
3547 2854 3736 2913 beatos

2169 2952 2460 3027 putamus
2475 2963 2620 3023 esee,
2651 2950 2829 3029 atque
2845 2945 3077 3023 felices.
3105 2946 3348 3007 Deinde
3365 2963 3500 3007 non
3521 2946 3650 3024 agit
3663 2940 3735 3005 de

2173 3038 2314 3114 illis,
2347 3046 2416 3101 ut
2457 3040 2692 3103 habent
2721 3040 3354 3102 communicationem
3383 3038 3733 3111 nobiscum,

2171 3133 2286 3196 sed
2335 3139 2406 3195 nt
2443 3151 2560 3214 per
2587 3151 2655 3196 se
2687 3141 2750 3198 et
2791 3135 2958 3196 inter
3001 3153 3069 3195 se
3097 3134 3288 3195 vitam
3319 3138 3526 3213 agunt
3569 3151 3736 3212 sepa-

2169 3232 2416 3302 ratam;
2457 3233 2522 3290 et
2555 3227 2643 3290 sic
2686 3228 3034 3308 generatim
3061 3229 3252 3307 negat
3273 3225 3396 3287 illis
3423 3225 3624 3286 vitam
3649 3245 3736 3286 ac-

2169 3321 2388 3395 tivam,
2421 3327 2483 3384 et
2515 3339 2738 3384 omnes
2765 3321 3023 3384 virtutes
3051 3338 3192 3402 quoe
3229 3319 3314 3382 ad
3373 3317 3556 3381 illam
3599 3319 3736 3378 diri-

2177 3419 2432 3494 guntur,
2477 3431 2746 3496 quarum
2783 3433 2914 3476 una
2957 3419 3022 3476 et
3061 3413 3382 3494 potissima
3425 3417 3526 3473 est
3561 3413 3734 3472 mise·

2174 3507 2463 3570 ricerdis.
2497 3508 2560 3572 Si
2587 3527 2741 3590 ergo
2793 3525 2870 3570 ex
2923 3507 3028 3568 illo
3075 3507 3214 3568 loco
3279 3505 3596 3586 colligunt
3633 3503 3732 3564 ad-

2173 3601 2430 3662 versarii
2457 3601 2524 3662 in
2543 3601 2674 3664 Deo
2701 3619 2828 3662 non
2865 3619 3004 3663 esse
3023 3599 3352 3680 justitiam,
3386 3598 3492 3658 vel
3519 3597 3730 3658 libera-

2171 3693 2433 3769 litatem,
2467 3713 2580 3756 cur
2607 3711 2734 3755 non
2763 3695 2952 3756 etiam
2972 3693 3272 3774 colligunt
3302 3709 3434 3754 non
3465 3709 3610 3753 esse
3631 3691 3730 3751 mi-

2173 3787 2618 3852 sericordiam?
2643 3787 2926 3868 Denique
2947 3787 3138 3850 etiam
3157 3786 3236 3848 de
3251 3786 3352 3847 his
3377 3785 3726 3855 virtutibus,

2171 3884 2244 3942 ut
2295 3882 2360 3942 in
2401 3882 2534 3944 Deo
2567 3887 2677 3943 ant
2701 3881 3130 3962 intelligentiis
3157 3897 3294 3942 csse
3321 3887 3616 3960 possunt,
3643 3879 3728 3938 ni-

2171 3975 2262 4040 hil
2297 3975 2548 4038 videtur
2567 3975 2932 4038 mantelas
2959 3979 3178 4036 exacte
3201 3977 3560 4046 assecutus,
3589 3991 3726 4034 nam

2173 4069 2399 4132 eodem
2437 4068 2574 4130 loco
2617 4067 2750 4148 ipse
2797 4067 2932 4130 fere
2981 4068 3102 4129 hoc
3147 4066 3480 4128 confessus
3507 4074 3604 4128 est
3627 4085 3728 4146 per

2171 4163 2276 4224 illa
2319 4161 2553 4224 verba:
2585 4163 2828 4226 Baete
2879 4177 3136 4242 mque
3183 4161 3382 4224 dicere
3423 4161 3726 4242 proposito

2170 4256 2398 4327 maim.
2434 4255 2509 4317 Et
2557 4272 2710 4315 sane
2754 4253 2912 4316 ratio
2941 4253 3067 4327 illa,
3116 4272 3242 4334 qua
3281 4253 3562 4316 Deorum
3591 4252 3726 4312 libe·

2175 4349 2485 4411 ralitatem
2535 4343 2904 4429 impugnat,
2945 4347 3130 4410 valde
3183 4347 3405 4408 frivola
3447 4354 3566 4420 est,
3617 4346 3726 4405 nisi

2175 4441 2560 4522 intelligatur
2595 4441 2674 4502 de
2703 4439 3010 4502 materiali
3039 4439 3296 4502 datione
3323 4486 3340 4515 ,
3385 4458 3502 4502 seu
3543 4446 3726 4499 trans-

2173 4535 2408 4598 latione
2435 4533 2953 4616 pecuaiae,quelis
2973 4534 3136 4595 inter
3147 4533 3440 4594 homines
3467 4551 3607 4594 esse
3635 4551 3726 4592 so-

2173 4631 2294 4702 let3
2327 4628 2415 4690 sie
2441 4629 2610 4690 enim
2643 4628 2728 4689 ait
2755 4645 2771 4687 t
2803 4625 2890 4691 Ac
2917 4625 3217 4691 liberales.
3245 4625 3608 4692 novenam
3633 4627 3725 4689 de·

2175 4723 2360 4787 bunt?
2400 4721 2746 4785 Abest-&tm
2781 4725 2874 4785 eet
2909 4720 3158 4800 imper
3193 4720 3256 4782 ei
3299 4737 3581 4782 nummos
3629 4721 3724 4782 ka-

2173 4815 2348 4880 beant
2371 4821 2490 4879 aut
2523 4813 2760 4896 aliquid
2793 4813 2933 4878 tale.
2975 4812 3126 4885 Quis
3153 4813 3322 4874 enim
3351 4813 3631 4894 prudens
3653 4813 3722 4874 de

2173 4909 2306 4972 Deo
2351 4907 2520 4969 dicat
2541 4926 2558 4968 t
2583 4905 2868 4992 ,onim
2907 4907 3121 4971 dam?
3167 4925 3314 4968 cum
3355 4926 3487 4969 non
3533 4907 3724 4968 solum

2175 5001 2378 5075 nobis,
2411 4999 2522 5062 sed
2541 4997 2966 5080 intelligentiis
2995 5003 3261 5074 caetefis,
3289 5001 3596 5082 quidquid
3623 5001 3724 5061 ha-

2173 5095 2327 5156 bent
2387 5093 2522 5173 ipse
2587 5093 2855 5154 donarit.
2913 5093 3218 5155 Pecuniae
3285 5095 3478 5156 etiam
3546 5094 3720 5155 habet

2173 5187 2364 5260 Densa,
2407 5205 2557 5248 nam
2611 5187 2776 5248 illius
2823 5191 2918 5248 est
2965 5203 3192 5248 aurum
3255 5192 3321 5249 et
3377 5195 3714 5266 argentum,

2175 5281 2386 5362 Aggaei
2429 5281 2505 5341 2:
2547 5285 2612 5342 et
2651 5298 2780 5341 non
2821 5279 3025 5340 solum
3065 5280 3372 5360 pecuniae,
3405 5284 3470 5342 et
3503 5277 3716 5360 aliquid

2175 5375 2322 5446 tale,
2355 5373 2466 5436 sed
2497 5373 2686 5434 etiam
2714 5371 2884 5435 orbis
2909 5377 3118 5447 terras,
3133 5379 3194 5433 et
3215 5371 3546 5452 plenitudo
3573 5374 3708 5451 ejus.

2177 5467 2274 5530 Fri
2283 5467 2488 5528 volum
2507 5485 2658 5548 ergo
2685 5473 2778 5528 est
2797 5466 3099 5527 similibus
3116 5467 3466 5528 Aristotelis
3483 5472 3712 5528 senten-

2177 5561 2278 5622 tiis
2319 5559 2562 5622 divinas
2597 5561 2854 5622 virtutes
2905 5563 2965 5622 et
2996 5559 3294 5621 attributa
3333 5559 3704 5640 impugnare.
