3850 6225
540 377 661 444 224

541 489 762 562 tionis;
813 491 982 550 Deus
1037 488 1205 549 enim
1260 488 1398 550 hoec
1447 489 1660 550 omnia
1711 489 2104 550 exactissime

541 581 1082 663 comprehendens
1107 581 1174 642 in
1207 599 1604 662 quocumque
1629 583 1906 658 homine,
1934 583 2107 644 novit

541 679 732 740 etiam
759 677 899 756 quis
925 675 1152 737 modus
1169 676 1510 738 vocationis
1539 676 1618 737 sit
1641 675 1728 737 illi
1753 693 2105 762 accommo-

541 772 748 848 datuS,
779 773 871 845 ut,
905 771 958 832 si
983 770 1070 831 ita
1099 788 1210 832 cor
1231 771 1370 850 ejus
1403 775 1720 850 tangatur,
1749 770 2105 830 emolliatur

543 871 604 928 et
631 863 1000 926 consentiat.
1023 864 1180 924 Nam
1209 862 1478 940 daemon,
1507 881 1621 924 sua
1647 861 1822 924 finita
1843 863 2104 924 scientia

541 967 605 1020 et
648 958 950 1041 potentia,
995 958 1078 1019 ita
1126 962 1330 1036 potest
1375 963 1618 1018 tentare
1667 957 2015 1029 hominem,
2048 955 2101 1016 si

541 1052 952 1132 permittatur,
985 1054 1054 1111 ut
1081 1048 1303 1110 morali
1340 1050 1613 1129 quadam
1642 1041 2009 1110 certitudine
2036 1048 2103 1110 il·

541 1146 672 1205 lum
703 1145 784 1206 ad
815 1143 1333 1205 consentiendum
1357 1143 1633 1218 inducat,
1661 1144 1807 1222 quia
1829 1160 2107 1222 compre-

539 1239 755 1301 hendit
781 1237 1276 1318 uniuscujusque
1303 1236 1574 1298 hominis
1605 1237 2105 1316 complexionem

542 1337 604 1393 et
627 1335 940 1401 naturam,
983 1336 1046 1391 et
1088 1333 1294 1410 potest
1325 1329 1660 1391 observare
1696 1335 1967 1408 tempu8‚
2008 1348 2107 1389 oc-

543 1426 884 1500 casionem,
922 1430 984 1486 et
1010 1421 1290 1500 modum,
1324 1441 1462 1502 quae
1491 1425 1664 1486 novit
1713 1441 1850 1484 esse
1878 1441 2106 1503 oppor-

543 1520 789 1580 tuniora
834 1518 916 1579 ad
951 1517 1483 1599 persuadendum,
1517 1537 1629 1580 seu
1679 1517 2107 1578 inclinandum

543 1613 865 1674 hominem
904 1631 919 1684 ;
977 1611 1176 1672 multo
1227 1630 1378 1690 ergo
1449 1611 1871 1673 excellentiori
1916 1609 2106 1671 modo

541 1712 744 1787 potest
769 1709 938 1766 Deus
958 1705 1436 1766 accommodare
1459 1704 1694 1765 homini
1715 1703 2108 1765 vocationem

543 1819 922 1880 congruam,
987 1817 1112 1878 quo
1164 1799 1420 1860 omnino
1469 1797 1656 1858 faciat
1719 1797 1896 1858 illum
1948 1797 2106 1858 velle

541 1894 711 1976 quod
758 1895 891 1974 ipse
939 1893 1092 1953 vult.
1127 1892 1274 1964 Quae
1305 1891 1630 1972 explicatio
1677 1890 1922 1952 videtur
1963 1909 2107 1951 con-

542 1995 840 2050 sentanea
885 1987 1232 2066 Augustino
1256 2031 1270 2056 ,
1317 1986 1462 2065 quia
1499 1985 1618 2046 hac
1654 1983 1896 2045 ratione
1946 1983 2105 2044 solet

541 2083 704 2142 hanc
765 2081 1157 2141 vocationem
1205 2095 1548 2158 congruam
1599 2095 1862 2150 vocare;
1905 2078 2100 2149 unde,

539 2174 647 2235 lib.
681 2173 760 2234 de
788 2173 965 2234 Dono
996 2191 1266 2252 persev.‚
1303 2189 1439 2251 cap.
1473 2173 1574 2248 14,
1610 2189 1751 2232 cum
1783 2171 1861 2232 de
1903 2171 2105 2250 Tyriis

541 2272 604 2330 et
631 2266 902 2330 Sidoniis
936 2266 1220 2328 dixisset:
1259 2264 1550 2341 Quoniam
1567 2271 1640 2328 nt
1659 2267 1963 2328 crederent
1986 2283 2107 2327 non

541 2365 676 2425 erat
711 2361 802 2424 eie
839 2361 1069 2437 datum,
1116 2362 1300 2424 etiam
1336 2359 1492 2422 unde
1535 2361 1838 2423 crederent
1869 2363 1962 2423 est
2002 2377 2105 2422 nc-

537 2461 773 2536 ffltwm,
813 2453 1059 2514 subdit:
1092 2453 1202 2517 Ea
1245 2470 1359 2535 quo
1388 2458 1645 2534 apparet
1681 2453 1892 2516 habere
1932 2471 2103 2535 quos·

541 2550 680 2612 dam
705 2548 774 2610 in
799 2549 931 2630 ipso
961 2545 1222 2630 inqenio,
1253 2545 1522 2610 divinum
1561 2545 1937 2610 naturaliter
1976 2565 2101 2609 mu-

539 2660 656 2704 nus
691 2641 1134 2723 intelliyentioe,
1161 2658 1274 2724 quo
1319 2647 1672 2704 moveantur
1697 2642 1780 2703 ad
1801 2641 2004 2716 fidem,
2046 2639 2103 2702 ri

541 2753 806 2818 contyrua
845 2736 976 2798 secie
1005 2735 1298 2799 mentibus
1341 2731 1434 2795 cel
1483 2733 1740 2797 audiant
1773 2733 1970 2804 verba,
2012 2731 2107 2793 cel

541 2828 722 2910 eiyna
771 2827 1165 2910 conspiciant,
1217 2834 1379 2900 etc.;
1415 2833 1475 2888 et
1513 2826 1596 2887 ad
1633 2825 1908 2887 divinam
1941 2825 2104 2885 elec-

540 2923 776 2984 tionem
818 2939 929 2982 seu
973 2921 1360 2982 voluntatem
1396 2921 1608 2990 refert,
1652 2919 1822 2998 quod
1850 2919 2107 2998 quibus-

540 3015 688 3076 dam
716 3014 898 3077 detur
930 3015 1172 3076 vocatio
1205 3015 1292 3074 sic
1341 3013 1810 3076 accommodata
1849 3019 1912 3074 et
1954 3031 2103 3074 con-

543 3128 722 3191 grua,
755 3107 890 3169 aliis
921 3127 1046 3169 non
1077 3107 1280 3171 detur.
1310 3107 1505 3189 Igitur
1533 3114 1726 3169 totam
1757 3107 2100 3169 efficaciam

541 3202 916 3265 constituere
951 3200 1196 3263 videtur
1222 3202 1288 3261 in
1330 3201 1450 3263 hac
1489 3200 1879 3279 congruitate
1920 3218 2101 3262 voca·

539 3296 761 3368 tionis;
803 3294 966 3355 unde
1015 3294 1154 3356 libr.
1190 3298 1219 3355 1
1271 3294 1352 3355 ad
1404 3293 1701 3373 Simplic.,
1753 3300 1969 3373 quaest.
2018 3296 2095 3355 2:

537 3388 683 3453 Non
731 3387 986 3451 volenti-5
1034 3386 1334 3467 (inquit),
1389 3404 1572 3468 neque
1625 3389 1948 3463 currentis,
2000 3390 2109 3451 sed

541 3482 885 3545 miserentis
913 3486 1004 3545 eet
1037 3480 1174 3553 Dei,
1207 3482 1312 3563 qui
1341 3482 1446 3543 ltoc
1471 3482 1640 3542 modo
1667 3482 1922 3552 vocavit,
1960 3500 2103 3561 quo-

539 3578 708 3639 modo
739 3581 950 3657 aptum
983 3578 1116 3639 erat
1146 3574 1232 3639 eis
1271 3574 1376 3657 qui
1423 3576 1616 3637 secuti
1659 3580 1804 3638 eunt
1845 3574 2103 3641 vocatio-

541 3686 695 3731 nem.
730 3668 920 3741 Nam,
973 3670 1153 3748 cujus
1203 3668 1544 3738 miseretur,
1590 3668 1682 3730 eie
1728 3686 1862 3730 eum
1901 3672 2098 3743 vocat,

538 3762 822 3844 quomodo
870 3758 992 3824 scit
1045 3759 1099 3824 ei
1136 3777 1486 3845 conpr-nere,
1531 3766 1604 3824 nt
1643 3768 1947 3825 vocantem
1984 3778 2103 3824 non

538 3858 830 3935 respuat;
868 3860 930 3914 et
959 3852 1040 3914 ad
1069 3852 1240 3914 idem
1277 3852 1524 3915 videtur
1549 3854 1831 3915 alludere
1861 3854 1969 3915 lib.
2022 3854 2101 3916 de

539 3948 748 4027 Spirit.
781 3952 842 4008 et
869 3946 1010 4019 litt„
1041 3964 1180 4026 cap.
1218 3946 1319 4019 34,
1348 3946 1599 4008 dicens:
1645 3948 1924 4014 Virorum
1960 3964 2104 4011 ena-

537 4040 808 4105 eionibne
835 4039 967 4121 ayit
993 4040 1155 4103 Deus
1177 4042 1248 4103 ut
1279 4038 1550 4115 velimus,
1585 4042 1920 4115 credamne,
1950 4046 2098 4114 etc.;

539 4142 601 4196 et
629 4133 810 4213 epist.
847 4134 988 4207 107,
1029 4132 1180 4193 dum
1229 4132 1339 4207 ait,
1379 4148 1490 4215 per
1514 4134 1692 4197 illam
1739 4132 2105 4197 vocationem

537 4228 732 4291 altars
751 4229 928 4308 atque
953 4230 1266 4298 secretam,
1297 4225 1388 4289 ric
1409 4226 1604 4289 Deum
1631 4242 1806 4308 ayere
1833 4244 2103 4301 een-rum,

533 4326 608 4385 nt
633 4322 688 4383 ei
728 4320 1122 4383 accommodet
1155 4336 1468 4382 aerenum
1482 4342 1508 4391 ,·
1535 4319 1600 4378 in
1627 4319 1746 4379 illis
1770 4318 1938 4380 enim
1968 4336 2106 4399 par-

534 4412 762 4487 ticulis,
802 4413 896 4476 sic
939 4418 1002 4473 et
1044 4415 1136 4487 ut,
1177 4410 1485 4491 significat
1526 4412 1594 4474 in
1621 4412 1741 4475 hac
1777 4413 2103 4475 vocatione

537 4524 790 4569 servare
828 4505 1032 4567 Deum
1072 4504 1333 4566 modum
1377 4506 1714 4585 unicuique
1753 4524 2104 4568 accommo-

457 4636 462 4643 ·
536 4600 778 4676 datum,
809 4605 879 4660 ut
906 4599 970 4659 in
999 4615 1327 4659 assensum
1353 4616 1467 4659 seu
1494 4617 1870 4661 consensum
1917 4600 2101 4661 indu-

537 4698 758 4765 catur;
809 4697 871 4754 et
897 4691 1066 4754 idem
1095 4690 1328 4753 indicat
1359 4692 1465 4753 lib.
1508 4692 1588 4755 de
1622 4694 1820 4755 Proed.
1859 4694 2096 4769 Senot„

537 4805 674 4867 cap.
707 4787 769 4859 8,
803 4784 1053 4846 dicens:
1105 4784 1286 4851 Valde
1327 4788 1562 4850 remota
1613 4792 1705 4851 eet
1751 4806 1792 4851 a
1829 4788 2101 4851 sensibus

539 4880 746 4945 carnis
777 4878 902 4943 hoec
924 4876 1155 4953 schola,
1181 4878 1248 4940 in
1287 4896 1408 4959 qua
1435 4878 1630 4943 Pater
1645 4878 1736 4944 ric
1783 4882 1968 4957 docet,
1998 4898 2103 4945 nec

537 4973 672 5056 ayit
711 4972 817 5035 hoc
843 4988 978 5034 cnm
1007 4971 1214 5033 carnis
1241 4988 1411 5045 acore,
1448 4974 1556 5037 sed
1577 4974 1797 5036 cordis.

617 5067 678 5127 8.
737 5064 882 5130 Sed.
925 5064 1072 5125 licet
1111 5082 1332 5125 verum
1375 5066 1452 5126 sit
1499 5082 1664 5145 saepe
1719 5068 2107 5130 vocationem

537 5160 856 5221 efficacem
883 5154 1020 5218 fieri
1049 5157 1168 5219 hoc
1204 5156 1502 5237 singulari
1539 5158 1750 5233 modo,
1781 5178 1904 5239 quo
1941 5162 2109 5222 Deus

537 5250 772 5331 aliquid
805 5250 1080 5330 speciale
1118 5252 1184 5312 in
1221 5250 1476 5312 homine
1505 5257 1821 5331 operatur,
1865 5258 2103 5315 naturae

537 5350 602 5406 et
649 5342 988 5405 conditioni
1031 5344 1168 5423 ejus
1197 5343 1760 5419 accommodatum,
1795 5352 1864 5405 ut
1912 5364 2108 5425 quan-

537 5436 620 5499 do
681 5436 925 5498 vocavit
963 5434 1224 5499 Paulum
1279 5436 1706 5499 efficacissima
1758 5440 2103 5513 vocatione,

537 5536 610 5593 ut
647 5530 924 5611 loquitur
969 5530 1377 5611 Augustinus,
1433 5530 1513 5593 de
1539 5530 1756 5594 Gratia
1801 5537 1863 5595 et
1909 5532 2106 5595 libero

1381 383 1592 441 OPUSC.
1629 387 1670 450 Ι,
1705 387 1820 440 Lm.
1858 385 1943 440 m.
1978 387 2061 440 1)ss
2092 385 2367 442 auximus
2400 387 2631 444 Divum
2662 387 2929 444 cunm.

2186 491 2465 565 arbitrio,
2516 493 2717 570 capite
2770 493 2829 567 5,
2874 493 2960 554 ita
2982 491 3157 554 illum
3184 491 3471 554 terrendo
3504 501 3558 555 et
3592 497 3689 559 illu-

2186 585 2506 659 minando,
2542 593 2605 647 et
2642 585 2849 648 taliter
2876 587 3191 666 objectum
3218 586 3297 646 illi
3316 591 3689 668 proponendo,

2184 682 2255 739 ut
2278 679 2695 758 corrigeretur
2718 679 2798 741 ad
2822 677 3037 753 fldem,
3068 679 3228 741 sicut
3252 679 3422 740 idem
3460 682 3691 760 Augusti·

2186 789 2307 833 nus
2334 773 2618 851 explicat,
2646 775 2673 834 1
2697 771 2804 834 lib.
2827 772 2908 834 ad
2924 773 3223 852 Simplic.,
3244 791 3305 851 q.
3328 774 3391 842 2,
3420 773 3497 832 ad
3514 773 3688 851 finem3

2184 865 2327 926 licet
2375 865 2497 927 hoc
2544 867 2850 945 (inquam)
2900 883 3121 926 verum
3156 865 3253 940 sit,
3296 871 3507 925 tamen
3536 887 3693 948 neque

2184 959 2246 1020 id
2271 959 2501 1039 requiri
2531 965 2737 1039 potest
2756 965 2825 1020 ut
2842 959 3269 1021 necessarium
3294 958 3377 1020 ad
3414 963 3695 1025 vocationis

2186 1051 2552 1124 efficaciam,
2602 1052 2667 1114 id
2714 1059 2829 1125 est,
2866 1060 2937 1113 ut
2978 1059 3401 1130 consequatur
3436 1053 3692 1128 effectum,

2188 1153 2257 1208 ut
2304 1163 2514 1226 supra,
2568 1165 2707 1225 cap.
2766 1149 2831 1220 9,
2880 1145 3377 1206 demonstratum
3422 1150 3538 1217 est;
3588 1150 3693 1225 quia

2188 1239 2343 1299 alias
2369 1239 2479 1319 qui
2510 1257 2637 1298 non
2668 1239 2753 1299 ita
2768 1245 3121 1311 vocaretur,
3138 1255 3263 1298 non
3288 1237 3537 1299 haberet
3558 1257 3699 1300 roca-

2188 1333 2425 1393 tionem
2474 1331 2908 1394 sufficientem.
2962 1333 3179 1411 Neque
3224 1333 3414 1391 etiam
3461 1331 3554 1390 illa
3588 1351 3697 1393 con-

2190 1423 2427 1505 gruitas
2468 1425 2617 1486 satis
2661 1431 2757 1486 est
2808 1425 2889 1486 ad
2930 1425 3101 1486 illam
3148 1423 3507 1495 efficaciam,
3554 1443 3695 1503 quam

2190 1519 2575 1598 Augustinus
2628 1519 2903 1580 tribuere
2944 1517 3211 1580 intendit
3254 1517 3363 1578 tali
3408 1519 3695 1586 vocationi,

2188 1613 2505 1684 nimirum,
2557 1611 2726 1691 quod
2786 1613 3041 1672 omnino
3094 1610 3493 1670 infallibiliter
3534 1629 3699 1672 eonse-

2190 1714 2419 1788 quatur
2480 1708 2793 1769 effectum.
2852 1705 3033 1778 Quod
3086 1723 3163 1766 ex
3218 1704 3399 1765 dictis
3470 1707 3697 1783 superius

2188 1803 2313 1874 hic,
2359 1807 2423 1864 et
2462 1801 2663 1880 capite
2714 1803 2812 1876 10,
2844 1801 2911 1860 in
2944 1799 3114 1860 hunc
3150 1799 3411 1860 modum
3452 1797 3695 1859 declarari

2188 1901 2427 1976 potest3
2460 1913 2608 1956 nam
2638 1895 2773 1956 haec
2817 1893 3219 1956 infallibilitas
3254 1897 3429 1952 tanta
3476 1910 3597 1952 esse
3620 1893 3698 1952 de-

2185 1991 2316 2065 het,
2362 1994 2431 2050 ut
2493 1988 2769 2068 implicet
2818 1985 3375 2048 contradictionem
3420 1984 3695 2064 aliquando

2186 2083 2493 2155 deficere3
2544 2081 2657 2143 sed
2704 2099 2782 2142 ex
2821 2079 2881 2140 vi
2908 2079 3074 2140 illius
3116 2077 3519 2158 congr-uitatis
3552 2078 3697 2136 solius

2186 2195 2313 2237 non
2340 2181 2547 2256 potest
2584 2192 2723 2236 esse
2766 2179 2939 2235 tanta
2982 2171 3418 2243 infallibilitas;
3460 2187 3591 2250 ergo
3624 2170 3695 2230 illa

2185 2290 2313 2333 non
2362 2271 2587 2332 sufficit
2626 2268 2707 2329 ad
2752 2268 3097 2330 efficaciam
3141 2265 3505 2327 vocationis.
3548 2263 3699 2342 Major

2186 2369 2357 2443 patet
2391 2381 2467 2424 ex
2505 2361 2693 2442 priori
2740 2366 2995 2441 puncto,
3027 2377 3177 2420 nam
3212 2359 3351 2420 haec
3377 2358 3597 2419 vocatio
3632 2365 3697 2418 est

2182 2456 2459 2517 medium
2488 2453 3027 2517 accommodatum
3062 2451 3393 2513 intentioni
3417 2449 3519 2511 Dei
3540 2451 3699 2510 effica-

2184 2550 2274 2622 ci;
2312 2549 2589 2629 implicat
2608 2553 2819 2608 autem
2858 2544 3439 2616 contradictionem,
3466 2541 3697 2602 volunta·

2182 2649 2311 2705 tem
2334 2643 2446 2704 Dei
2474 2643 2793 2704 efficacem
2822 2659 2955 2701 non
2986 2639 3265 2720 impleri:
3302 2655 3455 2716 ergo
3488 2653 3599 2696 non
3618 2653 3699 2713 po-

2186 2743 2308 2798 test
2330 2737 2435 2797 illa
2456 2735 2697 2797 vocatio
2724 2751 2861 2795 esse
2892 2732 3437 2813 proportionatum
3454 2729 3695 2802 medium,

2186 2829 2302 2891 nisi
2334 2830 2412 2890 sit
2442 2830 2527 2890 ita
2550 2827 2912 2900 infallibilis,
2948 2832 3019 2888 ut
3046 2843 3304 2906 prorsus
3336 2829 3633 2902 repugnet,
3656 2830 3699 2881 et
3786 2855 3788 2860 -

2186 2922 2741 2986 contradictionem
2780 2921 3057 3000 implicet
3082 2936 3213 2979 non
3244 2917 3537 2995 consequi
3558 2915 3699 2974 effec-

2182 3023 2318 3079 tum
2356 3034 2561 3077 suum.
2608 3015 2810 3076 Minor
2848 3031 2997 3075 vero
3044 3017 3313 3084 constat,
3362 3027 3439 3071 ex
3473 3009 3562 3067 his
3596 3023 3699 3085 qua

2182 3116 2446 3173 tractata
2484 3115 2629 3171 sunt
2656 3128 2712 3170 c.
2752 3109 2850 3181 to,
2900 3123 3049 3167 nam
3090 3109 3219 3167 tota
3246 3103 3357 3164 illa
3402 3101 3698 3181 congruitas

2186 3224 2263 3266 ex
2282 3222 2350 3265 se
2374 3204 2576 3265 solum
2604 3201 2843 3263 inducit
2876 3198 3215 3279 quamdam
3244 3196 3541 3259 moralem
3566 3195 3697 3255 certi-
3784 3226 3786 3259 r

2182 3297 2488 3364 tudinem,
2517 3297 2621 3357 cui
2648 3294 2933 3356 absolute
2958 3311 3087 3353 non
3116 3295 3454 3370 repugnat,
3478 3292 3541 3349 ut
3558 3304 3697 3347 voca·

2183 3390 2337 3453 tioni
2374 3390 2460 3452 sic
2490 3406 2783 3468 congruae
2818 3386 3085 3447 liberum
3125 3384 3453 3445 arbitrium
3480 3382 3693 3445 resistat,

2183 3483 2343 3545 adeo
2386 3488 2459 3544 ut
2502 3483 2834 3543 Anselmus
2878 3477 3123 3550 dixerit,
3172 3477 3452 3556 potuisse
3490 3474 3697 3535 Paulum

2183 3578 2471 3638 resistere
2502 3594 2631 3636 suoe
2658 3572 2991 3644 vocationi,
3024 3569 3430 3651 quantumvis
3454 3566 3695 3628 efficacis·
3782 3566 3784 3585 ²

2184 3672 2394 3744 simse3
2426 3670 2513 3731 sic
2543 3670 2710 3731 enim
2740 3668 2846 3739 ait,
2868 3666 3086 3729 Matth.
3112 3665 3174 3739 6,
3202 3666 3370 3726 circa
3400 3664 3498 3723 illa
3516 3662 3692 3721 verba:

2182 3764 2332 3829 Fiat
2356 3764 2637 3828 voluntas
2664 3768 2774 3827 tua
2809 3790 2819 3799 ·
2840 3760 3011 3824 Licet
3027 3761 3115 3824 eit
3138 3774 3467 3839 percussus
3490 3755 3696 3821 Paulas.

2183 3864 2385 3923 tamen
2406 3859 2689 3922 voluntas
2714 3857 2847 3937 ejus
2874 3856 3008 3919 erat
3034 3852 3246 3927 libera,
3274 3856 3349 3916 ut
3370 3846 3699 3914 resistet-etsi
3780 3894 3782 3937 ς

2182 3952 2381 4015 vellet.
2416 3948 2857 4030 propterquod
2884 3947 3391 4027 chrysostomus,
3410 3944 3565 4004 hom.
3584 3944 3637 4001 31
3656 3944 3699 3998 et

2185 4047 2264 4107 56
2292 4044 2355 4105 in
2398 4044 2646 4117 Matth„
2675 4060 2871 4121 agens
2902 4040 2981 4101 de
3013 4038 3340 4100 vocatione
3380 4034 3621 4099 Matthaei
3656 4036 3699 4089 et

2185 4138 2383 4212 Pauli,
2416 4137 2585 4209 dicit,
2644 4154 2773 4196 non
2814 4134 2988 4214 prius
3020 4134 3218 4194 Deum
3258 4132 3437 4192 illum
3468 4142 3695 4192 vocasse,
3778 4186 3780 4189 Α

2187 4230 2333 4312 quia
2356 4228 2661 4311 praenovit
2670 4234 2819 4289 tunc
2840 4227 3233 4288 vocationem
3248 4224 3443 4285 fuisse
3468 4224 3697 4301 penetra-
3778 4226 3780 4265 ἰ

2186 4332 2392 4386 turam
2430 4324 2566 4402 ejus
2610 4322 2914 4392 animam;
2948 4318 3137 4380 sentit
3162 4336 3313 4398 ergo
3358 4334 3479 4379 non
3508 4312 3695 4375 suffice-

2184 4436 2253 4478 re
2279 4414 2644 4489 efficaciam,
2672 4430 2863 4494 quam
2890 4417 3136 4493 poterat
3160 4411 3399 4473 habere
3412 4406 3625 4470 vocatio
3640 4420 3696 4462 ex

2182 4508 2482 4591 peculiari
2514 4508 2901 4589 congruitate
2928 4504 3010 4568 ad
3040 4504 3369 4585 ingenium
3395 4503 3491 4565 vel
3528 4496 3695 4561 condi-
3776 4496 3778 4515 ²

2178 4604 2417 4666 tionem
2446 4602 2642 4674 Pauli,
2674 4606 2783 4661 aut
2818 4598 3113 4671 mattham
3156 4596 3271 4659 sed
3302 4593 3695 4675 oportuissent

2180 4700 2349 4759 Deus
2374 4695 2564 4758 etiam
2610 4694 2973 4756 observaret
3004 4696 3275 4771 tempuS‚
3323 4691 3389 4752 in
3428 4706 3542 4768 quo
3580 4702 3693 4765 pre·

2182 4791 2367 4853 sciret
2392 4790 2784 4852 vocationem
2798 4786 2968 4847 illam
2986 4784 3181 4846 fuisse
3198 4784 3484 4846 effectum
3503 4780 3692 4841 hahitu—
3774 4806 3776 4815 ·

2182 4903 2341 4958 ram,
2375 4884 2587 4945 sicam
2610 4871 2810 4944 daret.

2268 5084 2354 5147 In
2392 5100 2504 5165 quo
2542 5078 2821 5147 consistit
2850 5078 3184 5144 omnimoda
3208 5076 3467 5159 efficacia
3492 5090 3632 5137 voca·

2855 5176 3064 5241 tionis.

2264 5349 2326 5409 9.
2374 5348 2683 5412 Probatur
2732 5364 2807 5411 ea
2858 5346 3228 5427 Auentino.
3258 5374 3341 5390 —
3368 5334 3685 5403 addendum

2186 5439 2375 5519 igitur
2410 5446 2527 5513 est,
2558 5438 2987 5501 omnimodam
3022 5436 3367 5499 efficaciam
3410 5433 3578 5510 hujus
3604 5440 3688 5485 vo-

2188 5532 2448 5595 cationis
2476 5534 2541 5595 in
2568 5533 2687 5594 hoc
2710 5532 3071 5605 consistere,
3098 5528 3268 5609 quod
3288 5528 3470 5601 Deus,
3490 5518 3683 5585 infinita
