3850 6225
755 391 893 447 CAP.
929 395 1014 448 lx.
1050 396 1344 459 Quonono
1378 395 1802 448 PRAESCIENTIA
1834 398 1937 451 DE!
1970 397 2458 455 NECESSHATEM,
2490 397 2627 450 Em.

113 514 240 580 0570,-
261 493 680 574 metaphorica
717 495 888 556 enim
916 501 1012 556 est
1047 501 1108 558 et
1137 496 1425 558 eamdem
1463 495 1656 557 hahet

114 589 563 667 expositionem.
603 589 786 661 Nam,
817 588 868 650 si
911 589 1110 650 semel
1146 596 1418 669 ponatur
1452 591 1652 650 Deum

113 682 380 742 absoluto
431 680 684 742 decreto
729 682 1020 744 statuisse
1069 682 1343 762 aliquem
1389 681 1612 762 punire
1631 727 1648 757 ‚

113 775 322 836 mutari
349 792 474 836 non
497 778 732 854 potest3
759 782 854 838 est
879 781 1093 838 tamen
1120 776 1188 838 in
1211 781 1518 856 potestate
1545 777 1655 837 ho-

111 871 280 932 minis
322 869 553 950 aliquid
595 868 827 944 facere,
869 872 1042 951 quod
1087 873 1138 934 si
1177 872 1389 946 faeiat,
1433 890 1654 934 conse-

113 969 358 1042 quenter
399 963 514 1024 erit
559 963 924 1042 ponendum
957 967 1160 1028 Deum
1185 985 1317 1026 non
1357 965 1654 1028 habuisse

113 1056 182 1116 ab
212 1062 438 1118 aeterno
466 1057 592 1118 tale
621 1057 968 1119 decretum.
992 1060 1200 1138 Atque
1229 1059 1310 1120 ad
1327 1061 1496 1122 hunc
1523 1078 1654 1122 mo-

112 1151 246 1212 dum
285 1150 400 1211 erit
429 1149 612 1212 facile
647 1151 822 1231 loqui
858 1152 938 1214 de
977 1154 1290 1215 omnihus.

180 1245 270 1305 21.
317 1243 518 1308 Tertio
551 1249 900 1326 argumento
931 1246 1011 1323 fit
1043 1248 1224 1310 satis.
1250 1279 1332 1294 -
1358 1249 1430 1309 In
1467 1247 1651 1310 tertio

113 1343 460 1418 arg-umento
521 1337 747 1398 eadem
797 1339 1122 1418 attingitur
1175 1341 1505 1403 difficultas
1524 1389 1542 1418 ,
1596 1343 1648 1404 si

109 1449 230 1492 rem
245 1433 618 1509 spectemus,
644 1429 780 1492 aliis
798 1438 1010 1493 autem
1024 1435 1254 1494 verbis.
1283 1435 1550 1515 Duoque
1581 1437 1647 1496 in

111 1544 174 1586 eo
205 1519 514 1602 petuntur,
564 1524 840 1586 Primum
875 1530 992 1599 est,
1029 1543 1112 1586 an
1140 1527 1272 1588 haec
1302 1528 1646 1608 propositio

111 1635 240 1678 vera
261 1617 364 1678 sit:
406 1615 593 1679 Omne
618 1619 842 1682 scitum
877 1637 919 1682 a
951 1620 1078 1681 Deo
1105 1625 1196 1683 est
1221 1621 1639 1684 necessarium.

110 1713 172 1771 Et
205 1710 538 1789 respondet
577 1711 648 1771 D.
700 1713 970 1773 Thomas
1001 1731 1214 1792 supra,
1251 1731 1387 1775 esse
1418 1714 1642 1775 falsam

110 1803 176 1864 de
191 1804 552 1865 necessitate
577 1805 690 1878 rei,
715 1805 860 1886 quia
887 1806 1038 1868 facit
1056 1825 1312 1868 sensnm
1340 1808 1606 1869 divisum
1627 1826 1643 1882 ;

109 1915 226 1958 esse
259 1903 468 1958 autem
509 1915 726 1959 veram
762 1898 842 1960 de
885 1901 1260 1962 necessitate
1299 1901 1466 1974 dicti,
1499 1903 1648 1980 quia

107 1991 234 2052 facit
273 2008 532 2052 sensum
569 1993 1004 2072 compositum.
1049 1993 1226 2064 Quod
1263 2000 1360 2056 est
1393 1994 1642 2071 dicere,

107 2087 148 2145 si
169 2086 240 2146 sit
266 2103 508 2158 sensus,
533 2103 670 2148 rem
697 2087 892 2163 illam,
915 2107 1056 2168 quse
1080 2089 1291 2162 scitur,
1321 2090 1386 2150 in
1417 2109 1483 2150 se
1509 2109 1648 2152 esse

106 2179 532 2252 necessariam,
571 2181 794 2240 falsam
833 2200 970 2244 esse
1004 2183 1422 2254 locutionem;
1456 2184 1508 2244 si
1537 2201 1650 2244 au-

105 2279 215 2333 tem
239 2273 314 2333 sit
339 2291 604 2334 sensus:
637 2275 836 2353 posita
861 2275 1118 2337 scientia
1134 2277 1265 2349 Dei,
1291 2279 1656 2338 necessario·

106 2373 185 2426 est
208 2385 422 2428 verum
449 2367 687 2442 dicere,
714 2368 873 2430 illud
909 2369 1080 2447 quod
1117 2371 1334 2443 scitur,
1369 2389 1508 2433 esse
1553 2371 1648 2432 fu-

105 2463 310 2535 turum,
341 2461 432 2521 sic
473 2479 618 2522 esse
643 2480 890 2534 vcram;
935 2464 1084 2541 quia
1125 2464 1328 2524 solum
1357 2465 1504 2525 dicit
1538 2483 1650 2525 ne-

106 2555 416 2616 cessariam
461 2554 964 2616 conformitatem
991 2556 1242 2618 illarum
1263 2558 1528 2618 duarum
1555 2577 1648 2619 re-

105 2667 224 2706 rum
249 2648 410 2708 inter
446 2665 542 2736 se,
585 2649 820 2710 scilicet
840 2695 855 2723 ‚
887 2651 1158 2733 scientiae
1193 2652 1304 2712 Dei
1336 2655 1398 2712 et
1429 2651 1648 2712 futuri-

105 2741 266 2800 tionis
289 2742 400 2802 rei.
437 2741 594 2814 Quae
623 2745 950 2822 responsio
993 2745 1154 2804 sumi
1184 2750 1392 2824 potest
1417 2763 1494 2805 ex
1525 2747 1650 2806 Au-

103 2835 348 2914 gustino,
383 2841 551 2896 sext.
581 2835 807 2896 Genes.
843 2836 924 2897 ad
969 2837 1260 2912 litteram,
1297 2838 1508 2916 capite
1540 2839 1652 2900 de-

103 2930 242 2988 cimo
285 2930 592 3008 septimo;
628 2935 690 2990 et
731 2948 806 2990 ea
849 2935 1113 2992 utuntur
1148 2933 1543 3011 Scholastici‚
1587 2938 1645 3010 i,

101 3021 344 3083 distinct.
403 3023 512 3084 38.
571 3022 695 3084 Sed
743 3024 932 3084 instat
987 3025 1059 3084 D.
1102 3026 1396 3100 Thoma8‚
1457 3047 1644 3104 nam,

101 3114 330 3192 quando
347 3114 559 3177 forma
601 3124 696 3177 est
721 3117 1176 3196 inseparabilia,
1201 3122 1542 3183 necessitas
1571 3140 1647 3183 ex

103 3208 510 3287 suppositione
553 3210 694 3271 talis
716 3210 934 3271 formae
958 3229 1087 3272 non
1116 3213 1320 3275 solum
1351 3219 1446 3276 est
1473 3216 1642 3290 dicti,

100 3301 196 3361 sed
229 3302 410 3362 etiam
442 3302 564 3364 rei.
609 3303 682 3363 Et
707 3304 1046 3382 respondet
1086 3306 1208 3366 hoc
1257 3324 1397 3367 esse
1426 3326 1646 3368 verum

97 3394 324 3471 quando
369 3396 478 3456 illa
533 3396 736 3457 forma
780 3401 874 3457 est
918 3397 1258 3459 intrinseca
1325 3399 1648 3479 dispositio

98 3484 356 3563 subjecti,
404 3505 548 3547 non
590 3492 802 3548 autem
843 3487 894 3547 si
943 3488 1022 3548 sit
1049 3506 1224 3550 mere
1271 3490 1644 3564 extrinseca,

98 3596 218 3655 quae
249 3586 316 3641 ut
343 3580 432 3641 sic
451 3596 598 3640 rem
638 3598 768 3641 non
799 3581 1122 3656 immutat3
1157 3582 1516 3661 hujusmodi
1539 3602 1649 3644 au-

97 3677 210 3730 tem
237 3671 620 3735 est‘scientia
666 3674 800 3746 Dei,
836 3680 898 3735 et
924 3673 1088 3747 ideo,
1133 3677 1420 3753 quamvis
1458 3677 1650 3737 mira-

99 3764 224 3825 bilis
249 3766 344 3841 sit,
377 3772 720 3846 postquam
759 3768 954 3828 semel
983 3764 1272 3846 ponitur,
1305 3788 1432 3830 non
1467 3770 1652 3831 infert

101 3858 200 3935 ipsi
241 3861 328 3921 rei
359 3860 830 3922 necessitatem.
874 3861 1022 3933 Quaee
1064 3863 1390 3943 responsio
1430 3864 1654 3924 confir-

101 3958 214 4013 mat
256 3973 328 4017 ea
381 3973 530 4035 quae
575 3956 880 4017 hactenus
919 3956 1208 4027 diximu3‚
1253 3963 1314 4018 et
1357 3959 1654 4038 supponit

102 4048 474 4127 etiamphanc
521 4049 968 4111 necessitatem
1005 4050 1472 4130 compositionis
1506 4071 1654 4131 sup-

99 4158 312 4219 ponere
341 4142 408 4203 in
432 4143 688 4222 objecto
719 4142 930 4203 futuro
961 4142 1374 4223 aptitudinem
1409 4149 1470 4206 et
1494 4145 1655 4206 veri-

102 4240 276 4294 tatem
301 4242 372 4296 ut
395 4235 698 4315 cognosci
728 4236 944 4315 possit.

167 4328 259 4388 22.
311 4327 456 4401 Quoe
487 4330 914 4409 requirantur,
965 4330 1052 4392 ad
1086 4330 1192 4393 Ιιοσ
1229 4336 1304 4394 ut
1357 4336 1524 4395 certa
1571 4329 1656 4395 sit

101 4420 334 4484 scientia
361 4420 504 4484 Dei.
537 4452 622 4467 -
649 4420 857 4493 Aliud,
891 4422 1062 4501 quod
1089 4422 1154 4483 in
1182 4424 1286 4485 illo
1317 4442 1656 4505 argumen-

101 4519 154 4573 to
177 4513 468 4593 implicite
485 4514 742 4595 petitur,
771 4518 866 4576 est
895 4517 1214 4594 quomodo
1231 4517 1440 4578 divina
1457 4518 1658 4578 scien-

101 4606 173 4665 tia
199 4613 258 4668 et
273 4608 596 4687 objectum
621 4606 759 4685 ejus
775 4608 845 4667 in
855 4596 1230 4671 'necessitate
1255 4609 1654 4683 conveniant,

101 4704 158 4758 et
183 4698 427 4761 videtur
455 4694 890 4761 necessarium
933 4708 1000 4762 ut
1031 4702 1288 4763 scientia
1329 4702 1440 4763 Dei
1485 4708 1658 4763 certa

101 4797 156 4849 et
193 4792 534 4853 infallibilis
588 4792 694 4865 sit3
741 4793 910 4871 quia,
966 4794 1016 4854 si
1059 4812 1256 4855 unum
1311 4802 1657 4856 extremum

101 4900 332 4965 semper
357 4885 592 4947 eodem
619 4885 810 4947 modo
847 4904 914 4949 se
945 4887 1198 4962 habeat,
1221 4894 1295 4950 et
1325 4887 1495 4949 aliud
1517 4906 1657 4948 mu-

3180 390 3291 454 341

1735 497 1854 559 tari
1876 500 2095 578 possit,
2125 499 2308 561 facile
2336 499 2561 578 poterit
2586 499 2755 560 inter
2780 497 2883 559 illa
2914 515 3053 560 esse
3086 497 3299 559 diffor—

1737 591 1943 664 mitaS‚
1975 592 2217 654 veritati
2257 591 2527 653 scientias
2569 599 2633 653 et
2670 597 3129 670 consequenter
3164 610 3297 653 cer·

1735 684 1982 754 titudini
2036 704 2418 766 repugnans,
2454 685 2796 746 Dicendum
2850 703 2997 746 vero
3048 689 3167 758 est,
3214 685 3297 746 ad

1737 778 2174 840 certitudinem
2204 780 2501 851 scientiae,
2527 795 2603 839 ex
2635 785 2811 857 parte
2852 779 3078 857 ohJecti
3104 784 3297 841 mate-

1733 871 1926 946 rialis,
1984 890 2099 933 seu
2146 873 2237 933 rei
2290 872 2767 952 cognoscendae,
2821 871 3025 932 solum
3058 873 3293 951 requiri

1733 965 2059 1026 veritatem
2130 964 2613 1026 determinatam
2637 1010 2652 1039 ‚
2720 969 2781 1026 et
2854 964 3295 1026 necessitatem

1733 1057 2220 1139 compositioniS‚
2254 1075 2395 1136 quse
2442 1058 2615 1118 illam
2656 1058 3009 1120 necessario
3042 1058 3299 1120 comita-

1733 1158 1870 1226 tur;
1907 1169 2057 1213 nam
2085 1151 2447 1232 propositio,
2483 1169 2622 1231 quae
2654 1151 2849 1212 semel
2870 1157 3148 1224 estvm-a,
3172 1170 3289 1231 pro

1732 1264 1808 1308 eo
1841 1250 2153 1325 tempore,
2180 1263 2305 1325 quo
2328 1263 2483 1307 vera
2509 1263 2647 1306 esse
2664 1245 3060 1325 supponitur,
3080 1263 3296 1306 neces-

1729 1340 1894 1402 sario
1918 1358 2067 1402 vera
2093 1345 2209 1413 est,
2240 1340 2611 1402 necessitate
2634 1339 2869 1402 scilicet
2899 1340 3299 1418 compositio-

1729 1435 1860 1506 nis;
1896 1433 2045 1512 quia
2081 1452 2210 1494 non
2233 1439 2437 1512 potest
2464 1433 2649 1493 simul
2678 1451 2829 1494 vera
2854 1438 2917 1494 et
2941 1433 3097 1492 falsa
3129 1451 3289 1494 esse.

1727 1530 1943 1608 Neque
1967 1533 2196 1607 praeter
2216 1528 2380 1588 hanc
2402 1527 2729 1588 veritatem
2758 1526 2931 1588 aliud
2951 1525 3298 1588 desiderari

1727 1628 1931 1703 potest
1978 1641 2055 1684 ex
2097 1628 2275 1701 parte
2304 1621 2480 1684 istius
2511 1621 2737 1700 objecti
2756 1645 2775 1696 3
2824 1621 2971 1700 quia
2996 1669 3011 1696 ,
3069 1621 3117 1682 si
3155 1621 3297 1682 talis

1728 1718 1981 1791 veritas,
2016 1719 2202 1796 prout
2227 1717 2293 1776 in
2318 1734 2387 1776 se
2414 1722 2530 1789 est,
2562 1715 2905 1793 attingatur
2932 1715 3205 1776 evidenti
3234 1722 3297 1776 et

1731 1809 1900 1870 claro
1939 1809 2195 1884 lumine,
2225 1808 2365 1869 fieri
2392 1827 2519 1868 non
2547 1813 2753 1887 potest
2779 1815 2849 1869 ut
2871 1809 3179 1887 judicium
3216 1809 3295 1870 sit

1729 1902 1979 1974 falsum,
2025 1902 2203 1983 quod.
2240 1909 2335 1964 est
2370 1921 2507 1964 esse
2550 1901 2877 1963 infallibile
2918 1909 2979 1962 et
3028 1911 3288 1962 certum.

1728 1998 1820 2057 Ex
1841 2001 2017 2076 parte
2035 1996 2223 2076 igitur
2248 1996 2680 2074 cognoscentis
2705 1995 3044 2074 requiritur
3064 1995 3141 2056 ad
3161 2013 3297 2055 cer-
3318 2047 3337 2068 ,

1728 2088 2057 2150 titudinem
2088 2097 2151 2150 et
2191 2088 2691 2150 infallibilitatem
2729 2088 2852 2149 tale
2884 2088 3122 2160 lumen,
3154 2094 3296 2150 tan-

1729 2187 1918 2260 taque
1962 2183 2051 2242 vis
2082 2181 2523 2262 cognoscendi,
2566 2185 2635 2242 ut
2670 2199 2919 2261 semper
2962 2182 3293 2242 veritatem

1729 2275 2014 2353 attingat,
2046 2294 2163 2336 nec
2192 2276 2388 2354 possit
2429 2274 2511 2335 ab
2540 2276 2658 2335 hoc
2703 2292 2893 2353 scopo
2932 2274 3291 2353 discrepare

1730 2387 1808 2430 ex
1837 2369 2173 2433 intrinseca
2202 2369 2577 2448 proprietate
2610 2385 2761 2439 sua;
2794 2368 3155 2446 hujusmodi
3182 2386 3295 2428 au-

1729 2467 1856 2523 tem
1899 2463 2117 2523 lumen
2158 2468 2221 2522 et
2259 2461 2352 2522 vis
2380 2461 2763 2540 intelligendi
2808 2468 2901 2522 est
2942 2461 3007 2522 in
3036 2464 3191 2532 De0‚
3234 2468 3295 2521 et

1730 2556 1874 2616 inde
1901 2557 2095 2618 oritur
2120 2555 2185 2616 in
2215 2556 2351 2635 ejus
2374 2554 2655 2626 scientia,
2692 2561 2759 2615 ut
2786 2554 3046 2616 scientia
3083 2553 3295 2632 eujus-

1731 2669 2001 2728 cumque
2030 2650 2119 2711 rei
2146 2655 2261 2724 est,
2294 2647 2633 2708 necessitas
2680 2647 2784 2708 illa
2816 2648 3024 2726 quoad
3051 2645 3296 2726 specifi-

1732 2745 2043 2806 cationem
2076 2761 2267 2823 quam
2296 2743 2360 2802 in
2386 2740 2693 2802 solutione
2716 2741 2896 2820 primi
2937 2739 3289 2820 argumenti

1731 2838 2205 2900 declaravimus·
2246 2835 2343 2898 Sic
2366 2853 2517 2914 ergo
2542 2841 2635 2894 est
2664 2835 3017 2896 necessaria
3050 2833 3290 2894 confor-

1729 2932 1912 2992 mitas
1973 2930 2135 2991 inter
2173 2929 2477 3008 judicium
2523 2928 2747 2988 divinae
2810 2929 3083 2990 scientiae
3114 2927 3192 2988 de
3224 2947 3291 2988 re

1727 3027 1959 3096 futura,
1988 3029 2049 3085 et
2079 3023 2506 3083 futuritionem
2532 3023 2689 3101 ejuS‚
2719 3039 2857 3100 quae
2890 3022 3291 3082 conformitas

1728 3121 1791 3181 in
1823 3124 2045 3179 neutro
2063 3122 2338 3179 extremo
2364 3116 2657 3195 supponit
2676 3116 3113 3177 necessitatem
3140 3115 3291 3175 sim-

1727 3214 1989 3294 pliciter,
2021 3212 2190 3290 quia,
2224 3210 2381 3271 sicut
2408 3228 2536 3269 non
2568 3218 2663 3272 est
2690 3210 3053 3289 simpliciter
3072 3227 3289 3271 neces-

1729 3306 1966 3367 sarium
1998 3322 2135 3365 rem
2158 3304 2319 3363 hanc
2338 3302 2497 3376 fore,
2540 3304 2624 3364 ita
2658 3321 2778 3364 nec
2809 3306 2903 3363 est
2932 3301 3293 3381 simpliciter

1729 3397 2155 3459 necessarium
2193 3398 2397 3456 Deum
2424 3396 2582 3457 scire
2612 3396 2783 3456 illam
2811 3396 3085 3456 futuram
3116 3413 3289 3467 esse3

1729 3509 1936 3571 neque
1966 3490 2153 3551 etiam
2171 3488 2430 3568 requirit
2460 3489 2565 3549 illa
2592 3490 2991 3550 conformitas
3020 3489 3082 3548 in
3130 3494 3295 3549 utro-

1730 3602 1854 3664 que
1901 3589 2179 3645 extremo
2216 3581 2655 3643 necessitatem
2694 3582 2977 3661 ejusdem
3010 3582 3289 3653 rationi5‚

1733 3680 1890 3740 sicut
1913 3695 2122 3755 neque
2144 3676 2471 3736 veritatem
2491 3694 2507 3747 ;
2540 3676 2685 3754 quia
2704 3677 2770 3735 in
2793 3676 2988 3737 altero
3020 3682 3113 3736 est
3135 3674 3294 3735 veri-

1731 3778 1828 3833 tas
1867 3770 2176 3850 objectiva
2204 3786 2315 3830 seu
2343 3768 2849 3843 fundamentaliS,
2898 3774 2959 3829 et
2988 3769 3053 3829 in
3082 3786 3295 3829 essen-

1733 3865 1845 3937 do;
1879 3864 1945 3923 in
1992 3863 2188 3923 altero
2217 3880 2367 3923 vero
2412 3867 2506 3922 est
2544 3862 2772 3923 veritas
2803 3862 3141 3941 judicativa
3184 3880 3296 3922 seu

1731 3956 2035 4029 foi-malm,
2078 3961 2138 4017 et
2167 3956 2231 4016 in
2258 3955 2733 4033 cognoscend03
2771 3956 3106 4034 requiritur
3146 3974 3297 4035 ergo

1733 4049 2075 4111 necessitas
2099 4048 2603 4127 proportionalis,
2627 4048 2923 4108 nimirum
2946 4048 3113 4126 quod
3140 4049 3299 4108 sicut

1734 4144 1798 4204 in
1828 4142 2091 4204 scientia
2130 4148 2225 4203 est
2252 4142 2379 4202 haec
2419 4140 2760 4201 necessitas
2795 4158 3123 4219 nunquam
3168 4140 3296 4201 dis-

1739 4236 2041 4315 crepandi
2078 4253 2115 4295 a
2159 4252 2332 4306 vero,
2388 4233 2475 4294 ita
2514 4233 2579 4294 in
2632 4233 2876 4312 objecto
2922 4233 3000 4293 sit
3045 4234 3293 4308 veritae,

1735 4348 1862 4411 qua
1908 4328 2252 4409 supposita,
2287 4327 2421 4407 jam
2460 4345 2591 4387 non
2632 4327 2827 4405 possit
2866 4327 2930 4385 in
2962 4326 3067 4387 illo
3111 4334 3179 4387 ut
3214 4328 3301 4389 sic

1737 4442 1876 4484 esse
1899 4422 2159 4483 falsitas,
2196 4423 2397 4499 Atque
2424 4422 2543 4481 hoc
2566 4420 2755 4480 modo
2785 4419 3015 4499 optime
3044 4438 3303 4482 concor·

1738 4516 1891 4577 daut
1924 4516 2091 4576 inter
2126 4534 2193 4575 se
2216 4512 2555 4574 infallibilis
2585 4514 2816 4575 veritas
2850 4514 3121 4574 scientiae
3148 4514 3304 4575 divi-

1739 4628 1858 4683 nae,
1901 4612 1966 4671 et
2010 4608 2241 4670 veritas
2296 4607 2603 4687 obJectiva
2656 4607 2881 4682 futuri,
2943 4608 3308 4687 simpliciter

1739 4702 1993 4783 quidem
2028 4702 2421 4781 contingenS‚
2462 4701 2820 4762 necessaria
2860 4720 3008 4761 vero
3044 4720 3117 4762 ex
3159 4720 3307 4780 sup-

1737 4796 2050 4875 positione
2088 4794 2401 4875 praedicta,
2437 4796 2641 4874 Atque
2680 4795 2816 4856 hoec
2863 4795 2985 4855 sint
3034 4794 3185 4855 satis
3228 4795 3305 4856 de

1737 4888 2030 4968 praesenti
2065 4888 2246 4950 libro.

1412 5244 1566 5291 muts
1608 5242 1764 5289 unm
1803 5241 1973 5288 Pltuu
1984 5276 1995 5288 .
