3850 6225
639 390 771 442 cAP.
808 392 915 443 XX.
950 392 1255 444 som't'run
1290 392 1434 445 ALIA
1467 392 1773 455 OBJEC‘rto,
1810 392 1888 443 ΕΤ
1919 388 2310 443 ExPLmA'run
2345 386 2644 473 Qufsssfto,
2681 386 2814 439 ETc.

173 496 319 555 illum
346 510 410 553 se
449 492 795 571 disponere,
834 497 903 551 ut
940 494 1245 571 majorem
1284 494 1549 573 gratiam
1590 510 1686 553 re-

171 587 347 667 cipiat.
398 585 457 648 Si
504 592 709 645 autem
754 585 819 645 in
860 604 988 647 uno
1038 591 1180 648 actu
1229 586 1689 666 supernaturali

172 686 269 743 hoc
309 679 659 753 admittitur,
708 680 930 741 eadem
978 681 1217 743 ratione
1262 682 1547 742 accidere
1581 700 1689 760 po-

170 780 269 838 test
292 775 347 835 in
376 772 648 852 quolibet
676 778 818 835 actu
844 775 1065 849 libem,
1110 777 1429 856 supposito
1462 774 1689 853 aequali

170 868 365 930 auxilio
407 867 849 945 praeveniente,
896 868 1066 947 quod
1092 870 1173 929 ad
1202 870 1371 930 aliud
1404 870 1685 949 proxime

168 962 474 1032 ordinetur,
506 961 655 1038 quia
684 966 777 1021 est
808 962 1031 1023 eadem
1060 964 1219 1023 ratio
1250 970 1313 1023 et-
1338 964 1680 1043 proper-tiu,

168 1062 223 1116 ut
242 1072 342 1134 per
367 1070 430 1113 se
458 1056 721 1127 constat,
758 1060 819 1116 et
850 1073 927 1117 ex
960 1056 1200 1117 ratione
1228 1057 1485 1117 inferius
1512 1057 1686 1117 adhi-

164 1147 341 1211 benda
368 1146 623 1207 evidens
650 1148 781 1209 fiet.

238 1242 453 1306 Ultima
478 1242 1221 1324 respuerim—Efficiam
1248 1277 1331 1293 —
1358 1243 1483 1306 Sed
1511 1244 1688 1303 aiunt

162 1336 405 1411 tandem,
432 1334 579 1395 licet
626 1335 733 1395 illa
763 1336 991 1397 auxilia
1020 1337 1167 1398 data
1207 1338 1465 1410 Judaeis,
1498 1337 1548 1396 si
1578 1337 1687 1397 da-

162 1438 347 1493 rentur
362 1428 557 1507 Tyriis
584 1433 649 1489 et
677 1428 967 1503 SidoniiS‚
998 1430 1263 1492 fuissent
1296 1432 1359 1491 in
1387 1448 1455 1491 se
1482 1446 1687 1508 aequa-

164 1526 228 1585 lia
266 1522 556 1594 absolute,
592 1526 813 1583 tamen
859 1526 1203 1603 respective
1246 1524 1453 1585 futura
1494 1525 1685 1587 fuisse

161 1614 471 1694 inaequalia,
507 1616 659 1695 quia
686 1616 777 1675 illi
805 1618 1093 1678 homines
1123 1622 1301 1678 erant
1320 1618 1687 1679 diversimo-

161 1712 223 1771 de
274 1708 465 1769 affecti
502 1716 565 1770 et
628 1710 947 1789 dispositi;
1003 1718 1291 1791 respectu
1340 1716 1551 1773 autem
1592 1712 1685 1772 di-

160 1820 441 1864 versorum
496 1803 829 1864 hominum
888 1812 1093 1884 potest
1152 1806 1317 1867 idem
1388 1806 1685 1867 auxilinm

159 1914 272 1957 esse
316 1896 635 1973 inaequalis
679 1898 1077 1973 efficacitatiS,
1115 1903 1371 1979 propter
1409 1901 1687 1961 diversos

158 2008 341 2052 eoram
395 1990 657 2051 affectus
707 2010 821 2052 seu
866 1991 1321 2071 dispositiones.
1376 1994 1500 2056 Sed
1553 1994 1689 2053 haec

156 2084 442 2162 responsio
490 2083 651 2143 nibil
714 2084 897 2145 nobis
952 2086 1177 2147 obstat.
1230 2086 1434 2148 Primo
1464 2132 1480 2157 ,
1537 2086 1681 2164 quia

157 2178 279 2237 satis
320 2176 493 2237 nobis
524 2182 623 2237 est
678 2178 849 2257 quod
884 2178 1052 2240 idem
1082 2178 1381 2239 auxilium
1411 2196 1523 2258 per
1550 2196 1685 2239 mo-

155 2270 277 2330 dum
327 2270 609 2349 principii
666 2272 729 2331 in
779 2290 905 2331 uno
960 2272 1157 2352 possit
1210 2272 1444 2332 babere
1504 2272 1685 2332 effec-

154 2372 262 2423 tum
302 2380 435 2423 cum
492 2364 937 2443 cooperatione
995 2367 1133 2444 ejus
1166 2364 1361 2425 libera
1392 2409 1407 2438 ‚
1448 2365 1508 2424 in
1562 2364 1683 2425 alio

154 2476 258 2517 non
306 2456 529 2517 habere
574 2463 837 2537 propter
880 2458 1300 2520 resistentiam
1355 2458 1492 2537 ejus
1534 2458 1689 2517 libe-

152 2568 283 2623 ram,
325 2550 447 2610 sive
486 2549 551 2610 id
586 2552 918 2629 proveniat
956 2570 1033 2613 ex
1064 2552 1231 2613 varia
1278 2552 1683 2631 dispositione

152 2644 401 2722 subjecti,
456 2644 585 2704 sive
638 2662 805 2717 non;
839 2644 903 2705 id
958 2646 1127 2705 enim
1170 2645 1322 2705 nihil
1362 2664 1675 2707 curamus,

151 2736 425 2809 Secundo,
468 2735 626 2816 quia
678 2738 814 2798 haec
858 2737 1180 2818 dispositio
1212 2758 1535 2818 nunquam
1588 2746 1682 2801 cst

150 2831 263 2891 talis
300 2848 431 2909 quae
474 2829 727 2891 auferat
749 2831 1129 2903 libertatem,
1160 2832 1259 2892 vel
1300 2832 1680 2912 cooperandi

149 2925 199 2984 in
234 2942 407 3003 prave
450 2923 783 3002 disposito,
812 2924 913 2985 vel
956 2924 1285 2987 resistendi
1318 2926 1385 2985 in
1414 2944 1539 2986 non
1592 2927 1679 2987 sic

149 3016 376 3088 affecto;
420 3034 596 3095 ergo,
636 3017 797 3077 sicut
839 3016 903 3077 in
952 3018 1051 3077 his
1091 3018 1504 3081 diversimode
1554 3020 1681 3080 dis-

146 3108 327 3190 positis
380 3110 687 3192 contingit
734 3131 879 3172 cum
930 3113 1154 3174 eodem
1206 3115 1435 3174 auxilio
1479 3134 1678 3175 unum

150 3205 382 3283 operari,
415 3212 477 3265 et
512 3223 648 3266 non
693 3205 907 3278 alium,
947 3205 1033 3266 ita
1062 3213 1265 3285 potest
1314 3209 1675 3288 contingere

148 3299 197 3356 in
238 3315 401 3376 aeque
440 3297 783 3378 dispositis
820 3299 994 3359 Patet
1024 3300 1495 3378 consequentia,
1529 3302 1675 3380 quia

146 3392 387 3470 proxima
414 3392 573 3452 ratio
602 3392 773 3452 illius
801 3393 954 3452 varii
976 3393 1236 3454 effectus
1266 3411 1393 3454 non
1433 3401 1527 3455 est
1555 3395 1677 3455 dis·

146 3485 353 3562 positio,
386 3484 499 3546 sed
524 3485 811 3560 libertas,
840 3487 1083 3548 ratione
1108 3488 1287 3566 cujus
1316 3505 1479 3568 soepe
1511 3488 1675 3550 acci-

145 3577 233 3642 dit,
270 3579 547 3640 homines
599 3597 785 3658 aeque
835 3579 1171 3659 dispositos
1208 3580 1291 3642 ad
1328 3583 1534 3642 varios
1571 3601 1671 3642 ac-

146 3678 261 3744 tus,
300 3691 489 3734 unum
532 3673 774 3752 eligere
816 3674 1006 3750 hunc,
1048 3675 1243 3736 alium
1284 3693 1437 3737 vero
1464 3675 1661 3736 illum.

144 3765 227 3824 Est
258 3766 433 3844 igitur
459 3767 831 3846 praedictum
860 3769 1087 3829 Christi
1108 3767 1537 3829 testimonium
1566 3787 1667 3830 sa-

144 3857 205 3918 tis
242 3859 444 3920 efficax
499 3860 583 3921 ad
636 3861 803 3922 hanc
862 3861 1230 3922 varietatem
1288 3862 1671 3940 persuaden-

144 3951 279 4011 dam.

206 4050 254 4107 7.
284 4049 351 4107 Et
378 4047 741 4108 confirmari
768 4053 973 4128 potest
1002 4067 1077 4110 ex
1106 4049 1387 4110 doctrina
1419 4048 1669 4110 Concilii

142 4139 463 4214 Tridentini,
510 4161 672 4204 sess.
708 4149 919 4218 sexta,
974 4161 1110 4223 cap.
1166 4144 1405 4224 quinto,
1442 4143 1509 4203 in
1550 4143 1671 4202 illis

142 4234 349 4294 verbis:
393 4237 471 4300 Ut
508 4237 627 4313 ita,
662 4243 942 4320 tanyente
968 4240 1091 4300 Deo
1120 4255 1222 4300 cor
1258 4237 1519 4299 nominis
1561 4255 1671 4316 per

146 4323 387 4403 Spiritu-5
438 4330 667 4393 Sancti
706 4331 1237 4405 illuminationem,
1265 4347 1447 4410 neque
1500 4332 1669 4392 homo

142 4416 245 4495 ipse
270 4419 417 4484 nihil
455 4423 697 4485 omnino
721 4429 869 4504 ayat
895 4425 1355 4504 inspirationem
1380 4423 1555 4484 illam
1575 4440 1667 4485 re·

143 4513 333 4590 cipim
359 4563 374 4589 ,
418 4517 639 4598 quippe
682 4517 789 4598 qui
828 4518 1004 4579 illam
1048 4523 1106 4579 et
1158 4515 1412 4594 abjicere
1444 4521 1663 4595 potest.

142 4605 497 4668 Ostendimus
542 4610 709 4669 enim
770 4611 833 4669 in
888 4609 1313 4689 superioribus
1344 4655 1359 4680 ‚
1408 4609 1525 4668 sub
1566 4609 1666 4669 illa

130 4697 505 4777 ‘inspiratione
546 4721 659 4762 seu
715 4705 1043 4764 vocatione
1096 4703 1419 4764 includere
1460 4703 1672 4762 Conci-

144 4790 265 4851 lium
301 4811 544 4856 omnem
575 4797 791 4875 gratioe
820 4797 1315 4876 praemotionem,
1349 4813 1487 4874 qnae
1510 4801 1675 4855 tem-

143 4901 265 4960 pore
290 4889 379 4946 vel
414 4889 781 4950 causalitate
841 4889 1155 4950 antecedit
1196 4889 1464 4949 liberum
1518 4907 1669 4948 con-

146 4993 401 5052 sensum3
450 5000 602 5062 ergo
650 5001 728 5043 ex
762 4983 1046 5044 doctrina
1076 4983 1350 5054 Consilii,
1379 4981 1513 5042 fieri
1556 5000 1667 5060 po-

146 5073 241 5128 test
260 5077 319 5142 ut
342 5073 507 5134 idem
532 5077 718 5136 homo
749 5093 891 5136 cum
913 5076 1135 5137 eadem
1160 5076 1486 5135 vocatione
1516 5091 1663 5152 ope·

145 5167 286 5223 retur
320 5166 409 5226 vel
448 5185 579 5228 non
610 5176 927 5246 operetur,
960 5169 1071 5230 sed
1112 5169 1378 5229 resistat.
1428 5168 1667 5228 Ponde-

145 5257 307 5318 randa
335 5261 493 5320 enim
520 5267 667 5322 sunt
694 5279 769 5322 ea
802 5263 1080 5335 relativa,
1115 5262 1293 5325 illam
1342 5263 1663 5343 recipiens,

144 5346 287 5410 illam
313 5353 555 5430 abjicere
564 5361 781 5436 potest.
806 5357 961 5416 Nam
992 5356 1175 5434 plane
1202 5355 1478 5415 referunt
1503 5371 1670 5414 eam-

147 5435 267 5498 dem
306 5447 553 5506 omnino
582 5449 1003 5520 vocationem:
1035 5449 1191 5508 alias
1216 5448 1578 5509 inconstans
1608 5451 1669 5506 et

146 5534 421 5608 aequivoca
470 5545 639 5600 esset
656 5539 963 5603 doctrina.
1024 5543 1093 5604 si·
1138 5558 1290 5620 ergo
1335 5541 1401 5600 in
1445 5539 1667 5602 eodem

3213 380 3334 443 279

1771 492 2028 553 homine
2055 493 2259 569 potest
2283 488 2402 551 hoc
2429 488 2734 565 accidere,
2781 486 2978 548 multo
3009 488 3214 563 magis
3267 488 3332 547 in

1770 586 2052 647 diversis.
2089 584 2264 645 Idem
2293 582 2648 644 confirmari
2677 588 2881 661 potest
2923 601 3001 642 ex
3025 582 3232 641 verbis
3261 582 3332 642 it-

1772 681 1845 740 lis
1874 700 2011 759 cap.
2053 684 2122 740 7:
2176 679 2521 743 Secundum
2559 676 2871 759 propriam
2897 678 3186 757 cujusque
3207 677 3334 739 dis-

1765 776 2122 857 positionem
2151 780 2210 836 et
2250 774 2738 854 cooperationem.
2773 772 2928 830 Nam
2963 770 3108 831 hinc
3137 770 3330 829 habe-

1768 886 1909 929 mus
1936 886 2064 929 non
2093 868 2400 938 sufficere,
2421 865 2504 925 ad
2531 864 2834 943 aeqnalem
2862 864 3339 943 gratiamsanc-

1768 961 2108 1023 tificantem
2157 960 2612 1041 recipiendam,
2649 959 2882 1020 hahere
2934 958 3174 1037 aequale
3215 978 3325 1017 au-

1766 1056 1986 1117 xilium
2011 1054 2423 1135 praevenienS‚
2461 1054 2580 1114 nisi
2611 1056 2798 1115 etiam
2839 1051 3196 1131 cooperatio
3222 1070 3326 1112 vo-

1766 1150 2026 1210 luntatis
2059 1148 2316 1228 oequalis
2351 1149 2464 1219 sit;
2494 1152 2703 1227 potest.
2749 1150 2960 1206 autem
3009 1164 3138 1205 non
3190 1162 3328 1205 esse

1766 1244 2046 1323 aequalis,
2075 1260 2214 1305 cum
2247 1244 2327 1303 sit
2370 1243 2589 1315 libera,
2637 1242 2822 1302 etiam
2875 1239 3194 1320 supposito
3225 1239 3330 1301 tali

1769 1336 2190 1416 praeveniente
2221 1336 2470 1397 auxilie.

1850 1432 1910 1491 8.
1957 1431 2559 1509 Ratione—Atque
2597 1430 2740 1490 hine
2786 1427 3040 1488 tandem
3077 1428 3332 1489 conclu·

1768 1525 1936 1585 ditur
1983 1524 2142 1585 ratio
2171 1524 2360 1603 hujus
2402 1523 2698 1596 veritatis,
2729 1540 2866 1601 quae
2921 1540 2997 1582 ex
3025 1521 3330 1601 principio

1768 1618 2058 1696 superius
2122 1617 2488 1677 confirmato
2553 1616 2908 1677 necessario
2975 1616 3258 1694 sequitur
3305 1634 3322 1685 ς

1767 1728 1917 1771 nam
1975 1710 2274 1771 auxilium
2329 1710 2721 1789 praeveniens
2770 1728 2896 1769 non
2955 1708 3334 1770 determinat

1768 1805 2026 1884 physice
2055 1806 2440 1865 voluntatem
2477 1804 2558 1865 ad
2587 1820 2994 1873 consensum,
3039 1820 3158 1863 nec
3189 1802 3330 1863 talis

1768 1899 2334 1978 praedeteminatio
2375 1898 2733 1958 necessaria
2767 1903 2903 1969 est;
2945 1914 3096 1975 ergo
3127 1901 3329 1956 stante

1770 1997 1899 2053 toto
1927 1993 2156 2054 auxilio
2188 1992 2544 2053 necessario
2581 2009 2695 2069 per
2732 1990 2991 2051 modum
3019 1991 3327 2071 principii,

1768 2091 1889 2147 stat
1914 2086 2302 2147 voluntatem
2327 2104 2440 2165 pro
2483 2102 2596 2145 sua
2627 2085 2911 2146 libertate
2943 2086 3330 2163 suspendere

1768 2179 2220 2259 operationem,
2263 2179 2363 2239 vel
2386 2179 2574 2239 etiam
2604 2178 2850 2257 operari
2875 2196 3018 2238 cum
3049 2178 3330 2257 generali

1767 2271 2076 2333 concursu
2107 2266 2342 2350 gratiae,
2376 2271 2524 2350 quia
2553 2272 2618 2331 in
2656 2272 2776 2331 hoc
2819 2271 3100 2331 consistit
3145 2270 3332 2331 indif-

1766 2366 2033 2427 ferentia
2062 2364 2362 2427 libertatis
2395 2384 2410 2437 ;
2467 2382 2620 2445 ergo
2655 2364 2879 2425 eadem
2907 2364 3150 2425 ratione
3185 2382 3330 2425 eum

1769 2458 1995 2521 eodem
2034 2476 2146 2520 seu
2194 2459 2420 2539 oequali
2473 2457 2700 2519 auxilio
2731 2475 2846 2536 per
2869 2457 3128 2517 modum
3165 2456 3334 2535 prin-

1769 2552 1934 2631 cipii,
1969 2557 2092 2614 stat
2117 2572 2319 2613 unum
2343 2554 2664 2615 hominem
2693 2552 2971 2612 converti
2999 2557 3108 2612 aut
3132 2552 3332 2632 poeni—

1767 2651 1922 2717 tere,
1970 2652 2032 2706 et
2075 2660 2204 2707 non
2261 2647 2475 2707 alium.
2525 2646 2674 2717 Quae
2723 2646 2878 2705 ratio
2941 2664 3066 2706 non
3125 2645 3330 2705 solum

1762 2739 2110 2814 concludit,
2161 2758 2344 2821 posse
2401 2741 2522 2801 hoc
2573 2740 2823 2801 evenire
2854 2739 2918 2798 in
2959 2738 3322 2799 hominibus

1762 2832 1992 2911 alioqui
2029 2834 2423 2911 inaequaliter
2449 2832 2710 2903 affectis,
2743 2831 2856 2892 sed
2885 2821 3074 2892 etiam
3105 2832 3170 2891 in
3217 2833 3330 2893 ho-

1760 2924 2036 2985 minibus
2066 2926 2348 3005 ejusdem
2375 2925 2632 3005 ingenii,
2667 2924 3032 2985 eorumdem
3054 2941 3324 2995 morum,

1765 3020 2042 3079 etc.1mo
2071 3021 2258 3080 etiam
2284 3020 2353 3079 in
2395 3018 2784 3096 inaequaliter
2823 3017 3136 3098 dispositis
3189 3037 3331 3099 pro·

1761 3113 1870 3173 bat
1916 3113 2204 3174 accidere
2253 3131 2461 3192 posse,
2515 3119 2584 3174 ut
2624 3113 2731 3192 qui
2767 3114 2947 3193 pejus
2989 3119 3084 3174 est
3123 3113 3330 3192 dispo-

1762 3206 1915 3266 situs
1945 3213 2368 3276 eonvertatur,
2407 3213 2470 3268 et
2513 3207 2670 3267 alter
2720 3208 3006 3269 resistat:
3055 3209 3200 3287 quia
3231 3209 3327 3268 in-

1760 3298 2112 3360 differentia
2143 3304 2207 3361 et
2241 3301 2520 3378 potentia
2563 3301 2900 3362 voluntatis
2931 3301 3012 3362 ad
3037 3301 3166 3362 haec
3193 3319 3326 3361 om-

1757 3392 1863 3453 nia
1913 3411 1980 3454 se
2029 3393 2346 3466 extendit3
2385 3411 2750 3474 quanquam
2793 3413 3014 3456 verum
3053 3395 3152 3467 sit,
3202 3395 3324 3456 hoe

1753 3493 2169 3565 postremum,
2203 3488 2526 3549 moraliter
2563 3487 2904 3566 loquendo,
2935 3489 3137 3550 rarius
3167 3490 3326 3550 acci-

1753 3577 1926 3651 dere,
1983 3580 2338 3660 oppositum
2370 3587 2582 3641 autem
2623 3580 3052 3658 frequentius3
3111 3581 3174 3643 in
3225 3583 3322 3642 his

1751 3680 1964 3734 autem
1987 3675 2092 3753 qui
2123 3690 2304 3753 eique
2332 3676 2614 3754 dispositi
2642 3682 2788 3737 sunt
2817 3677 2898 3737 ad
2931 3675 3316 3750 utrumlibet,

1748 3768 1981 3847 poterit
2013 3768 2381 3829 alterutrum
2433 3769 2818 3848 contingere.
2855 3771 3054 3848 Atque
3100 3769 3320 3831 eodem

1750 3860 1940 3920 modo
1961 3879 2091 3922 non
2117 3862 2318 3922 solum
2349 3861 2736 3923 concluditur
2755 3861 2858 3922 illa
2880 3864 3144 3936 ratione,
3177 3882 3322 3925 cum

1752 3954 1976 4032 aequali
2020 3955 2250 4015 auxilio
2279 3973 2464 4034 posse
2493 3973 2690 4015 unum
2739 3957 3036 4026 converti,
3089 3959 3152 4016 et
3190 3975 3320 4016 non

1754 4047 1968 4120 alium,
2014 4067 2234 4108 verum
2279 4047 2465 4108 etiam
2497 4067 2640 4108 cum
2681 4049 2904 4127 majori
2935 4048 3072 4109 {ieri
3107 4068 3316 4128 posse,

1752 4147 1820 4201 ut
1851 4141 2074 4219 aliquis
2113 4159 2240 4202 non
2276 4147 2699 4214 eonvertatur,
2743 4145 2803 4202 et
2832 4140 2990 4201 alius
3033 4159 3176 4203 eum
3205 4143 3324 4203 mi·-

1750 4235 1888 4295 nori
1916 4233 2225 4306 trahatur,
2259 4235 2406 4312 quia
2432 4235 2494 4294 in
2523 4241 2788 4312 utroque
2827 4242 3042 4295 manet
3064 4235 3222 4296 ratio
3249 4235 3321 4295 li-

1748 4327 2009 4387 bertatis
2049 4327 2314 4406 integra,
2344 4333 2415 4387 ut
2447 4333 2605 4399 stet,
2637 4327 2810 4387 illum
2854 4328 3144 4389 resistere
3191 4345 3322 4388 ma-

1744 4420 1870 4499 jon'
1904 4421 2242 4492 vocationi,
2301 4420 2470 4482 hunc
2511 4439 2659 4482 vero
2707 4421 3032 4500 cooperari
3069 4420 3314 4482 minori.

1750 4513 2038 4592 Denique
2087 4513 2372 4574 similiter
2413 4514 2718 4591 sequitur,
2765 4533 2908 4574 cum
2947 4514 3174 4593 aequali
3217 4515 3320 4576 vel

1753 4607 1978 4666 minori
2002 4606 2198 4685 gratia
2214 4624 2328 4684 per
2345 4607 2604 4667 modum
2631 4607 2936 4685 principii,
2971 4608 3088 4668 sub
3119 4625 3190 4668 ea
3224 4607 3321 4668 in-

1754 4698 2068 4759 cludendo
2097 4697 2504 4771 habitualem,
2537 4701 2938 4778 quantumvis
2976 4701 3313 4773 intensam,

1754 4798 1815 4852 et
1856 4809 2110 4852 omnem
2135 4791 2526 4852 vocationem
2557 4793 2656 4852 vel
2699 4793 3174 4871 praemotionem
3205 4812 3316 4854 ne-

1755 4883 2116 4954 cessariam,
2151 4885 2514 4964 contingere
2543 4887 2562 4961 (
2588 4885 2882 4964 inquam)
2909 4905 3094 4965 posse
3118 4887 3320 4948 inten-

1749 4980 1877 5040 sius
1933 4976 2180 5056 operari
2230 4996 2416 5050 eum,
2462 4977 2568 5056 qui
2611 4979 2921 5057 aequalem
2973 4980 3072 5041 vel
3120 4981 3309 5040 etiam

1748 5072 2060 5132 minorem
2123 5070 2315 5132 habet
2379 5071 2740 5152 hujusmodi
2809 5072 3070 5150 gratiam
3097 5118 3112 5142 ‚
3173 5073 3319 5151 quia

1752 5182 1865 5243 pro
1896 5181 2010 5222 sua
2037 5162 2322 5224 libertate
2351 5170 2554 5243 potest
2578 5164 2768 5226 homo
2809 5166 3019 5225 minus
3049 5165 3137 5226 illi
3175 5185 3316 5226 coo-

1752 5257 1982 5338 perari.
2012 5259 2228 5336 Neque
2255 5259 2607 5337 oppositum
2635 5260 2818 5337 hujus
2853 5258 3144 5319 dixerunt
3165 5261 3312 5321 Soto

1752 5358 1814 5412 et
1846 5353 2020 5428 Vega
2062 5352 2214 5412 locis
2243 5353 2468 5422 citatis,
2513 5371 2656 5412 cum
2687 5352 2922 5422 dicunt,
2955 5370 3069 5430 pro
3117 5371 3316 5430 quan-

1750 5447 1923 5506 titate
1977 5445 2188 5506 auxilii
2253 5447 2647 5525 cooperantis
2707 5464 2848 5507 esse
2901 5447 3314 5525 quantitatem
3425 5503 3434 5512 .

1749 5543 1978 5613 actus3
2029 5557 2176 5599 nam
2229 5557 2343 5619 per
2411 5538 2710 5600 auxilium
2777 5557 3126 5619 cooperans
3189 5558 3316 5602 non
