3850 6225
726 425 899 478 ssscT.
935 425 1020 479 ΙΙΙ.
1058 425 1240 479 81ΤΝΕ
1271 425 1334 480 ΙΝ
1367 423 1490 478 nsso
1520 423 1688 478 vemt
1721 423 1802 477 Ac
1829 421 2097 478 morata
2128 423 2574 478 msTmmJ‘rIVA
2603 421 2898 476 Jusu‘rm.

187 527 586 604 comparatio
627 524 940 604 quaedam,
999 543 1140 606 quoe
1193 543 1321 587 non
1376 526 1646 606 pertinet
1684 523 1764 586 ad

180 617 505 696 justitiam
531 617 1009 680 distributivam.
1043 621 1120 681 Et
1159 618 1356 700 judex
1393 619 1459 680 in
1502 618 1766 680 ferenda

191 713 513 773 sententia
539 717 789 774 tenetur
814 712 1024 784 favere
1067 713 1250 794 parti,
1295 731 1434 792 quae
1471 707 1766 774 meliores

185 805 392 868 habet
415 805 816 884 probationes
841 807 986 868 facti
1013 812 1075 868 et
1107 806 1290 886 juris,
1336 806 1578 867 etiamsi
1619 825 1766 886 pars

187 900 464 960 adversa
520 898 754 960 habeat
796 899 950 960 alias
1003 900 1359 979 probabiles
1389 922 1408 974 3
1463 918 1602 980 quae
1671 905 1768 960 est

187 994 390 1055 etiam
417 992 710 1073 quaedam
755 994 1140 1074 comparatio
1187 1011 1602 1074 personarum
1652 993 1766 1054 liti·

188 1089 506 1168 gantiam,
533 1087 764 1166 injure
789 1086 1050 1148 fundato
1078 1087 1144 1148 in
1184 1087 1574 1167 probatione,
1621 1105 1764 1166 quae

191 1199 266 1241 se
309 1181 502 1242 habet
535 1179 697 1242 sicut
741 1179 1012 1258 dignitas
1055 1198 1342 1260 personae
1373 1181 1436 1240 in
1465 1181 1586 1241 alio
1617 1199 1767 1240 casu

187 1273 276 1336 de
305 1273 658 1347 beneficio;
693 1278 756 1334 et
780 1273 1184 1334 nihilominus
1231 1273 1336 1350 illa
1381 1273 1766 1352 comparatio

185 1385 327 1428 non
355 1366 628 1447 pertinet
670 1366 920 1447 proprie
949 1366 1030 1428 ad
1067 1366 1373 1446 ,iustitiam
1429 1366 1770 1428 distributi-

185 1479 368 1536 vam,
395 1461 509 1521 sed
547 1461 754 1540 potius
789 1459 871 1521 ad
900 1461 1430 1522 commutativam.
1464 1462 1554 1521 Ac
1591 1460 1770 1521 deni-

189 1572 322 1632 que
353 1554 458 1615 illa
495 1555 778 1632 aequitaS,
812 1571 954 1631 quae
997 1559 1283 1614 servatur
1321 1553 1382 1612 in
1415 1553 1622 1615 dando
1652 1553 1768 1614 be-

187 1647 422 1710 neficio
475 1648 764 1726 digniori,
821 1648 962 1726 plus
1007 1647 1214 1708 differt
1267 1666 1304 1707 a
1360 1647 1763 1727 proportione

189 1743 605 1820 geometrica,
634 1759 825 1820 quam
850 1741 982 1802 hoec
1007 1741 1214 1802 differt
1237 1741 1318 1802 ab
1339 1740 1756 1814 arithmetica;

189 1835 248 1896 si
279 1853 432 1913 ergo
465 1835 582 1895 illae
617 1835 758 1896 duae
797 1834 1182 1896 constituunt
1212 1834 1489 1894 diversas
1523 1832 1764 1912 species

182 1929 468 2007 justitiae,
497 1947 534 1990 a
560 1928 800 1989 fortiori
828 1927 933 1988 illa
961 1944 1092 1989 non
1123 1926 1457 2006 pertinebit
1485 1925 1568 1986 ad
1583 1925 1766 2006 justi·

187 2021 352 2082 tiam
378 2020 854 2094 distributivam,
899 2019 1014 2080 sed
1039 2019 1122 2080 ad
1149 2019 1359 2081 aliam.

277 2117 378 2176 10.
422 2113 701 2177 Aliorum
727 2111 1060 2194 responsio.
1076 2145 1158 2158 —
1177 2112 1598 2192 Rejicitur.—
1621 2113 1768 2173 Pro-

185 2215 338 2287 pter
369 2210 484 2270 boc
511 2226 661 2269 vero
691 2207 899 2269 dicere
931 2213 1142 2285 posset
1169 2204 1417 2284 aliquis,
1450 2206 1639 2266 talem
1669 2223 1766 2266 ac·

193 2309 335 2362 tum
363 2320 488 2362 non
513 2301 826 2380 pertinere
851 2299 934 2360 ad
951 2299 1256 2380 justitiam
1283 2299 1762 2372 distributivam,

195 2395 316 2456 sed
336 2395 417 2456 ad
436 2393 966 2467 commutativam,
989 2391 1138 2472 quia
1159 2393 1222 2453 in
1247 2411 1322 2454 eo
1347 2392 1548 2472 magis
1568 2398 1766 2454 atten-

191 2489 366 2550 ditur
392 2487 732 2567 proportio,
761 2505 876 2548 seu
911 2486 1234 2565 aequalitas
1271 2486 1360 2547 rei
1391 2485 1472 2546 ad
1509 2504 1669 2559 rem,
1701 2486 1766 2547 id

195 2587 316 2652 est,
345 2581 504 2641 inter
523 2581 631 2660 jus
661 2579 986 2660 dignioris,
1015 2585 1078 2640 et
1104 2577 1484 2640 beneficium
1505 2579 1676 2658 quod
1705 2578 1762 2638 ei

193 2673 544 2747 confertum
595 2689 763 2751 saepe
811 2673 978 2733 enim
1029 2671 1332 2751 contingit
1361 2672 1466 2752 Jus
1507 2671 1761 2750 aliquod

191 2767 530 2828 convenire
577 2766 684 2826 uni
733 2783 1020 2845 personae
1071 2783 1185 2844 per
1230 2765 1763 2844 comparationem

191 2861 278 2921 ad
313 2861 505 2931 alias;
536 2859 642 2920 illo
669 2877 818 2920 vero
839 2858 1200 2930 constituto,
1229 2875 1306 2918 ex
1325 2857 1569 2937 justitia
1599 2875 1766 2919 com-

191 2955 498 3015 mutativa
533 2951 914 3014 servandum
943 2971 1104 3013 esse.
1140 2950 1288 3023 Ques
1333 2948 1642 3013 sententia
1673 2957 1768 3013 est

191 3048 354 3108 forte
383 3046 746 3127 probabilis,
769 3045 1186 3107 communiter
1211 3051 1424 3106 tamen
1455 3063 1583 3105 non
1613 3045 1767 3105 reci-

191 3142 386 3219 pitur,
411 3140 555 3219 quia
575 3138 814 3219 justitia
837 3139 1279 3200 commutativa
1311 3138 1564 3217 praecise
1603 3156 1769 3199 sum-

193 3241 305 3314 pta
358 3252 486 3294 non
538 3233 800 3293 laedetur
851 3231 1060 3293 dando
1117 3231 1493 3293 beneficium
1549 3231 1764 3311 digno,

195 3326 369 3406 quia,
403 3326 524 3386 hoc
565 3326 702 3405 ipso
747 3324 918 3404 quod
960 3325 1186 3405 dignus
1219 3330 1334 3397 est,
1366 3325 1558 3387 habet
1603 3325 1768 3385 suffi-

135 3434 144 3443 '
195 3422 468 3481 cientem
503 3419 924 3498 aequalitatem
959 3420 1054 3479 rei
1083 3419 1163 3480 ad
1191 3436 1326 3480 rem
1355 3426 1647 3498 respectu
1674 3426 1768 3479 ta·

194 3514 274 3575 lis
315 3512 627 3585 beneficii,
655 3508 914 3592 propter
941 3513 1110 3592 quod
1145 3514 1322 3592 juxta
1367 3531 1768 3574 communem

199 3606 575 3669 sententiam
626 3605 729 3667 ille
779 3624 910 3667 non
953 3606 1266 3685 obligatur
1312 3605 1393 3666 ad
1443 3594 1770 3667 restituen-

199 3702 374 3762 dum.
410 3700 686 3771 Accedit,
717 3700 890 3779 quod
927 3699 1030 3761 ille
1073 3699 1320 3779 dignior
1359 3717 1488 3761 non
1526 3698 1772 3760 laeditur

198 3794 266 3854 in
298 3793 482 3856 bonis
501 3780 772 3872 propriis
799 3810 1068 3872 quorum
1097 3793 1174 3854 sit
1201 3792 1516 3865 dominus,
1541 3798 1602 3853 et
1627 3792 1768 3853 ideo

199 3888 256 3966 ej
266 3905 338 3947 us
355 3887 526 3949 laesio
545 3892 762 3947 contra
781 3886 1090 3967 justitiam
1113 3884 1618 3947 commutativam
1641 3902 1770 3945 non

201 3986 315 4042 est.
353 3980 637 4057 Denique
684 3985 890 4059 potest
936 3978 1036 4040 hic
1075 3978 1534 4040 accommodari
1582 3996 1771 4057 argu-

198 4077 483 4138 mentum
517 4090 707 4151 supra
737 4072 994 4146 factum,
1023 4070 1194 4151 quod
1221 4072 1502 4151 oequitaS,
1534 4089 1674 4150 quae
1706 4072 1772 4132 in

203 4168 318 4228 hac
345 4166 654 4228 electione
683 4164 986 4245 dignioris
1014 4173 1321 4237 servatur,
1351 4165 1492 4244 plus
1517 4165 1704 4226 distat
1733 4184 1770 4225 a

199 4261 482 4339 rigorosa
523 4258 814 4337 aequitate
853 4259 1268 4333 arithmetica,
1310 4276 1500 4338 quam
1541 4277 1578 4318 a
1626 4276 1772 4338 geo-

197 4354 486 4425 metrica,
526 4352 624 4413 vel
673 4354 860 4413 etiam
910 4370 1101 4431 quam
1153 4354 1316 4414 inter
1360 4370 1428 4413 se
1479 4352 1772 4414 differant

177 4446 592 4507 ‘arithmetica
630 4452 693 4507 et
722 4446 1104 4525 geometrica
1144 4445 1504 4523 aequalitem
1537 4464 1687 4523 ergo
1718 4444 1769 4505 si

201 4540 282 4599 ob
304 4557 448 4599 eam
471 4557 724 4600 causam
747 4544 1016 4615 negatur
1034 4540 1348 4618 pertinere
1371 4538 1770 4618 adjustitiam

200 4631 678 4703 distributivam,
711 4632 1072 4711 negandum
1109 4631 1296 4691 etiam
1324 4637 1420 4692 est
1455 4632 1768 4711 pertinere

199 4724 283 4785 ad
323 4724 856 4787 commutativam.
902 4726 1116 4803 Neque
1161 4724 1494 4785 defuerunt
1535 4725 1642 4803 qui
1685 4724 1770 4785 ita

201 4818 526 4891 sentirent,
573 4818 852 4879 dicentes
899 4817 1068 4878 illam
1115 4836 1242 4878 non
1286 4834 1422 4881 esse
1465 4817 1770 4897 justitiam

199 4913 502 4992 aliquam,
524 4912 672 4990 quia
711 4929 839 4971 non
881 4917 1122 4990 spectat
1143 4911 1224 4973 ad
1253 4912 1528 4990 aliquam
1557 4929 1771 4991 sequa-

201 5006 441 5066 litatem
479 5004 818 5084 propriam,
865 5004 976 5065 sed
1014 5005 1218 5065 solum
1262 5004 1342 5066 ad
1380 5004 1770 5077 fidelitatem,

201 5116 394 5177 quam
436 5099 718 5159 minister
757 5098 1044 5177 publicus
1085 5098 1273 5159 debet
1313 5097 1620 5167 Ecclesiae,
1660 5116 1774 5159 seu

199 5192 601 5271 Reipublicae.
655 5193 1122 5265 Verumtamen,
1173 5190 1477 5271 quidquid
1519 5192 1598 5252 sit
1641 5209 1774 5253 res-

200 5291 387 5365 pectu
419 5284 816 5364 Reipublicae,
848 5292 1140 5363 respectu
1167 5292 1380 5345 tamen
1409 5303 1652 5358 eorum,
1677 5287 1772 5347 in·-

197 5386 298 5440 ter
343 5396 502 5459 quos
553 5378 624 5439 fit
665 5378 908 5452 electio,
940 5379 1160 5458 negari
1202 5397 1332 5439 non
1373 5385 1576 5459 potest
1620 5380 1770 5460 quin

201 5472 412 5559 aliqua
437 5470 664 5550 injuria
693 5470 803 5532 fiat
826 5470 1115 5551 digniori,
1140 5472 1290 5533 dum
1315 5472 1474 5533 alius
1501 5472 1592 5532 illi
1615 5492 1773 5553 prae-

201 5565 428 5638 fertur3
475 5564 646 5645 quod
680 5564 840 5626 adeo
872 5563 1118 5627 videtur
1148 5583 1264 5649 per
1303 5583 1372 5627 se
1417 5572 1664 5643 notum,
1704 5571 1775 5628 ut

3292 414 3411 476 553

1847 542 2069 587 omnes
2096 526 2383 588 homines
2412 525 2494 586 ita
2526 525 2825 597 sentiant;
2858 539 3007 602 ergo
3036 539 3073 582 e
3102 521 3412 583 contrario

1848 635 2102 680 servare
2151 618 2416 698 digniori
2456 618 2561 698 jus
2600 635 2809 690 suum,
2852 614 3114 693 alicujus
3158 613 3410 693 justitias

1849 717 2025 772 actus
2058 716 2173 772 est.

1932 807 2028 865 11.
2075 802 2328 866 Accedit
2357 811 2658 884 praeterea
2704 804 2789 880 (et
2838 807 3030 879 auget
3081 801 3413 863 difficulta-

1845 903 1975 958 tem
2018 913 2207 976 quam
2251 897 2620 977 posuimus),
2657 896 2802 976 quia
2846 893 3086 976 justitia
3124 894 3412 956 distribu-

1844 990 1971 1053 tiva
1997 1009 2125 1050 non
2156 991 2359 1052 solum
2399 991 2715 1051 interdum
2740 1007 2867 1050 non
2904 987 3216 1048 distribuit
3242 988 3411 1049 bona

1845 1083 2011 1146 inter
2040 1085 2361 1146 distinctas
2412 1101 2717 1164 personas
2750 1083 2931 1164 juxta
2966 1083 3411 1162 geometricam

1847 1178 2339 1258 proportionem,
2372 1195 2592 1239 verum
2624 1177 2809 1238 etiam
2838 1174 3178 1255 aliquando
3204 1193 3413 1256 respe-

1849 1277 1953 1334 ctu
1986 1271 2169 1332 unius
2198 1287 2483 1350 personae
2526 1275 2771 1332 tantum
2800 1275 3005 1331 servat
3028 1268 3407 1347 aequitatem,

1851 1365 1987 1426 sine
2022 1363 2151 1424 ulla
2178 1361 2644 1442 comparatione
2700 1363 2782 1424 ad
2808 1362 2961 1422 alias
3004 1361 3069 1422 in
3112 1361 3411 1441 dignitate

1847 1459 1949 1519 vel
1974 1457 2235 1530 merito;
2267 1475 2417 1536 ergo
2447 1457 2762 1536 proportio
2784 1456 2946 1516 inter
2964 1455 3196 1516 multos
3224 1454 3411 1515 etiam

1847 1551 2053 1614 latiori
2077 1551 2265 1611 modo
2286 1556 2532 1630 sumpta
2548 1569 2675 1610 non
2692 1555 2897 1630 potest
2920 1567 3057 1610 esse
3084 1548 3412 1627 adaequata

1847 1645 2005 1706 ratio
2027 1644 2329 1724 objectiva
2353 1644 2631 1724 justitiae.
2658 1642 3119 1722 Consequentia
3138 1646 3310 1722 patet
3334 1659 3414 1703 ex

1845 1738 2059 1810 dictis;
2108 1745 2169 1798 et
2198 1737 2577 1799 antecedens
2607 1738 2927 1816 probatur,
2971 1737 3139 1814 quia,
3176 1737 3225 1796 si
3264 1739 3413 1796 sunt

1845 1832 2014 1893 bona
2070 1831 2427 1892 communia
2485 1829 2549 1892 in
2600 1830 2942 1910 Republica
2981 1827 3413 1891 distribuenda

1845 1924 2145 1986 militibus
2174 1925 2255 1986 de
2279 1924 2383 1984 illa
2413 1924 2577 1986 bene
2606 1923 2845 1986 meritis
2872 1923 2937 1984 in
2965 1941 3227 1985 munere
3258 1939 3407 1998 suo,

1845 2018 2132 2097 quamvis
2158 2036 2319 2078 unus
2347 2023 2589 2078 tantum
2616 2016 3097 2090 inveniatur,ille
3128 2035 3239 2078 suo
3262 2033 3414 2095 prae-

1847 2112 1975 2172 mio
2004 2111 2336 2173 donandus
2380 2112 2529 2185 erit;
2567 2112 2617 2172 si
2656 2112 2844 2188 enim,
2898 2109 3412 2173 concurrentibus

1848 2205 1989 2266 aliis
2009 2251 2024 2278 ‚
2075 2205 2403 2284 preamium
2462 2207 2770 2286 reciperet
2818 2204 2981 2266 ultra
3032 2202 3413 2283 stipendium

1845 2298 2112 2361 fortasse
2138 2317 2215 2359 ex
2238 2299 2477 2377 justitia
2506 2298 2948 2360 commutativa
2968 2297 3273 2369 debitum,
3302 2313 3415 2357 cur

1847 2392 1956 2454 illo
1980 2393 2351 2472 privabitur,
2382 2392 2553 2472 quod
2582 2391 2806 2453 unicus
2834 2392 2953 2452 sit?
2974 2391 3147 2452 Idem
3172 2395 3415 2451 constat

1847 2485 1910 2546 in
1936 2487 2284 2565 provisione
2312 2484 2650 2558 cathedrae,
2681 2486 2781 2546 vel
2820 2483 3133 2556 beneficii,
3167 2483 3217 2544 si
3246 2501 3413 2544 unus

1843 2583 2088 2640 tantum
2128 2596 2268 2640 sese
2322 2578 2566 2653 offerat,
2610 2583 2673 2640 et
2698 2578 2803 2638 ille
2846 2577 2923 2639 sit
2952 2577 3201 2656 dignus.
3238 2574 3411 2637 Idem

1844 2689 1983 2733 esse
2007 2677 2212 2752 potest
2236 2671 2533 2750 frequens
2559 2672 2627 2732 in
2659 2671 3093 2733 distributione
3130 2669 3409 2741 honori5‚

1845 2765 1953 2847 qui
1964 2784 2131 2826 nunc
2146 2763 2401 2842 quidem
2418 2765 2579 2826 inter
2592 2765 2821 2826 multos
2832 2764 3414 2836 distribuitur,nunc

1846 2862 2059 2921 autem
2094 2859 2202 2918 uni
2232 2857 2347 2920 soli
2375 2858 2465 2920 fit.
2502 2857 2682 2930 Quod
2707 2858 2756 2918 si
2790 2845 2949 2918 forte
2978 2857 3184 2918 dicant
3220 2857 3412 2917 in'his

1848 2951 2201 3014 actionibus
2230 2969 2481 3031 semper
2502 2949 2735 3012 includi
2774 2951 3306 3030 comparationem
3330 2949 3412 3010 ad

1847 3045 2142 3126 indignos
2164 3045 2263 3106 vel
2290 3063 2417 3106 non
2446 3045 2755 3106 habentes
2780 3044 2969 3104 talem
2996 3043 3245 3104 titulum
3284 3061 3413 3104 me·

1847 3140 1973 3210 riti,
2017 3138 2242 3200 eadem
2290 3139 2534 3201 ratione
2564 3138 2767 3199 dicam
2789 3137 3095 3218 justitiam
3132 3154 3417 3198 commu-

1847 3232 2106 3293 tativam
2136 3248 2507 3311 comparare
2540 3232 2911 3293 creditorem
2936 3248 3081 3291 cum
3114 3230 3275 3302 aliis,
3308 3228 3415 3307 qui

1850 3325 2095 3385 nullum
2140 3324 2243 3405 jus
2288 3324 2546 3398 habent,
2588 3332 2656 3386 ut
2696 3325 2781 3385 illi
2811 3324 3018 3405 potius
3055 3340 3245 3403 quam
3276 3321 3413 3383 aliis

1849 3420 2069 3481 solvat.

1930 3515 2029 3575 12.
2080 3512 2395 3577 Conclusio
2424 3513 2612 3577 totius
2638 3514 2975 3577 discum-m.
2993 3512 3409 3587 —Quocirca,

1849 3607 1900 3668 si
1951 3608 2161 3669 omnia
2216 3612 2433 3668 exacte
2462 3612 2827 3686 pensentur,
2888 3626 3119 3688 magna
3170 3607 3415 3668 videtur

1851 3720 1991 3763 esse
2022 3700 2359 3762 similitudo
2377 3702 2441 3761 in
2469 3701 2567 3761 his
2597 3700 2885 3763 omnibus
2908 3700 3415 3781 proportionibus

1850 3794 2015 3855 inter
2050 3792 2357 3872 justitiam
2402 3794 2911 3855 commutativam
2973 3800 3035 3855 et
3076 3792 3415 3855 distributi-

1849 3905 2029 3959 vam;
2064 3904 2211 3947 nam
2236 3892 2503 3967 utraque
2534 3892 2737 3965 potest
2762 3887 2923 3949 circa
2944 3906 3144 3948 unum
3165 3893 3228 3948 et
3249 3886 3414 3948 circa

1851 3978 2085 4041 multos
2131 3980 2404 4059 operari,
2444 3986 2507 4041 et
2554 3982 2611 4039 in
2661 3981 2905 4041 actione
2937 3998 3075 4059 quae
3113 3984 3207 4042 est
3248 3979 3414 4041 circa

1851 4091 2073 4146 unum,
2117 4090 2374 4135 necesse
2422 4078 2515 4134 est
2556 4077 2623 4133 ut
2663 4078 2927 4155 utraque
2966 4079 3173 4135 servet
3202 4090 3416 4152 aequa-

1849 4166 2095 4228 litatem
2125 4167 2399 4245 aliquam
2428 4166 2591 4227 inter
2616 4184 2749 4227 rem
2777 4172 2839 4247 et
2858 4184 3227 4246 personam;
3265 4184 3414 4227 nam

1852 4278 1999 4322 cum
2024 4267 2307 4322 servatur
2312 4260 2575 4341 justitia,
2601 4278 2858 4321 necesse
2882 4264 3067 4321 estut
3094 4259 3176 4320 ad
3203 4278 3417 4339 aequa-

1850 4353 2089 4415 litatem
2114 4353 2615 4416 constituendam
2641 4354 3029 4425 intendatur3
3062 4370 3236 4433 erge,
3268 4372 3413 4415 cum

1853 4465 2285 4527 supponamus
2330 4450 2392 4509 in
2443 4448 2545 4510 tali
2602 4452 2743 4507 actu
2784 4447 3109 4526 utriusque
3157 4446 3411 4525 justitiae

1852 4558 1980 4602 non
2020 4541 2394 4602 intervenire
2432 4542 2547 4603 nisi
2582 4560 2772 4600 uuam
2798 4530 3023 4601 rem'et
3057 4558 3246 4600 unam
3271 4559 3415 4619 per-

1851 4652 2093 4709 sonam,
2126 4652 2386 4701 necesse
2416 4641 2509 4697 est
2546 4642 2613 4695 ut
2652 4640 2917 4713 utraque
2940 4634 3179 4713 justitia
3220 4635 3417 4713 possit

1849 4728 2015 4789 inter
2042 4746 2151 4788 eas
2181 4728 2537 4807 aequitatem
2570 4744 2842 4789 servare.
2874 4726 3051 4800 Quod
3080 4726 3331 4807 quidem
3347 4728 3411 4787 in

1851 4820 2295 4882 commutativa
2324 4821 2742 4903 indubitatum
2772 4826 2888 4893 est,
2922 4820 2986 4880 in
3023 4820 3413 4882 distributiva

1852 4920 2065 4976 autem
2086 4913 2279 4974 videri
2308 4918 2514 4994 potest
2536 4933 2765 4975 novum
2786 4933 2799 4988 ;
2830 4914 2989 4975 ratio
3011 4920 3223 4975 tamen
3250 4912 3413 4979 facta

1851 5007 1916 5068 id
1949 5008 2097 5069 satis
2114 5008 2405 5080 ostendit,
2430 5008 2572 5087 quia
2598 5008 2909 5069 interdum
2934 5014 3229 5088 operatur
3253 5007 3414 5067 circa

1853 5119 2049 5161 unam
2098 5118 2433 5179 personam
2486 5108 2763 5174 tantum;
2821 5119 2970 5180 ergo
3024 5107 3175 5162 tunc
3227 5101 3415 5161 etiam

1855 5200 2150 5275 operatur
2166 5192 2453 5257 faciendo
2482 5194 2923 5274 aequalitatem,
2944 5194 3097 5254 alias
3111 5212 3239 5255 non
3270 5212 3416 5274 ope·

1851 5294 2026 5349 ratur
2052 5293 2120 5349 ut
2140 5288 2399 5367 justitia.
2447 5289 2571 5351 Sed
2593 5290 2657 5349 in
2691 5289 2796 5348 illo
2821 5293 2965 5349 actu
2994 5306 3122 5348 non
3150 5287 3417 5349 interve-

1852 5383 2033 5443 niunt
2074 5382 2195 5442 alia
2228 5382 2397 5443 inter
2424 5400 2563 5461 quae
2611 5380 2723 5442 fiat
2766 5380 3111 5458 aequalitasz,
3162 5380 3277 5441 nisi
3314 5398 3415 5441 res

1852 5494 1995 5555 quse
2045 5476 2253 5547 datur,
2302 5479 2366 5537 et
2418 5493 2687 5554 persona
2720 5475 2819 5535 cui
2858 5474 3208 5547 confertur;
3263 5492 3413 5555 ergo

1850 5570 1984 5632 haec
2000 5568 2189 5633 etiam
2209 5568 2448 5650 justitia
2466 5568 2613 5629 facit
2641 5567 2805 5631 inter
2831 5586 2938 5631 eas
2969 5568 3407 5649 aequalitatem.
