3850 6225
493 390 572 453 42

1089 640 1339 704 CAPUT
1385 642 1462 703 X.

493 854 786 903 rmrsmffl
825 852 1564 913 ΡΜΒΕΤΕΒΠῙΝΔΤΙΟΝΕΗ,
1621 854 1736 899 PER
1789 852 2055 905 Annum

573 949 700 994 mm
725 946 1066 993 vomitum
1095 946 1527 1006 mmmmm,
1557 946 1676 993 CUM
1703 946 1811 993 USU
1839 944 2053 993 LIBERO

571 1040 764 1093 QUOAD
785 1038 1153 1085 mamma!
1179 1038 1473 1087 ruffum.

574 1252 632 1310 1.
683 1248 846 1323 Quid
871 1243 1520 1327 pra-determinationis
1559 1246 1836 1327 physicae
1861 1246 2053 1309 nomi-

491 1360 565 1406 ne
595 1340 989 1425 significetur.
1011 1372 1094 1387 —
1119 1340 1199 1401 Ut
1219 1338 1298 1399 de
1329 1340 1526 1400 altera
1553 1344 1732 1418 parte
1761 1340 2051 1417 superius

488 1436 806 1516 proposita
833 1433 1137 1505 dicamus,
1171 1440 1416 1511 oportet
1469 1450 1824 1513 supponere
1875 1434 2051 1513 prius

489 1528 640 1609 quid
671 1526 928 1589 nomine
961 1526 1235 1607 physicae
1265 1526 1931 1606 praedeterminationis
1952 1527 2053 1587 in·-

492 1622 865 1702 telligamus,
897 1638 980 1681 ne
1003 1620 1162 1681 forte
1190 1637 1270 1681 ex
1294 1621 1467 1681 vocis
1504 1620 1910 1700 ambiguitate
1948 1620 2051 1681 vel

485 1714 978 1795 aequivocatione
998 1718 1282 1774 sumatur
1303 1713 1549 1774 occasio
1570 1713 2043 1793 tergiversandi,

487 1813 550 1869 ct
585 1808 714 1869 vim
755 1807 1070 1868 rationum
1109 1805 1427 1867 eludendi.
1463 1807 1606 1867 Haec
1629 1806 1818 1886 igitur
1841 1806 2047 1871 deter-

484 1900 744 1961 minatio
773 1898 1031 1979 physica
1075 1898 1298 1959 dicitur
1345 1916 1482 1960 esse
1529 1899 1728 1959 forma
1755 1898 2047 1978 quaedam

482 1992 788 2053 voluntati
840 1992 1144 2071 impressa
1167 2038 1183 2065 ‚
1235 2009 1376 2070 quae
1431 2010 1576 2053 cum
1621 1991 1726 2052 illa
1775 1990 2049 2069 complet

483 2085 858 2165 principium
897 2086 1250 2163 proximum
1280 2091 1454 2145 actus
1487 2083 1858 2157 voluntatis3
1893 2084 2049 2146 dici-

483 2185 586 2239 tur
625 2184 836 2239 autem
882 2180 1018 2239 haec
1061 2178 1262 2240 forma
1300 2196 1440 2239 esse
1476 2177 1910 2239 determinatio
1942 2196 2045 2238 vo-

480 2271 762 2344 luntatis,
799 2290 929 2331 non
975 2270 1179 2331 solum
1220 2272 1368 2350 quia
1420 2270 1502 2331 ad
1551 2288 1750 2331 unum
1791 2270 2047 2331 inclinat

479 2366 690 2445 quoad
719 2365 1268 2445 specificationem,
1303 2365 1418 2426 sed
1454 2365 1600 2443 quia
1641 2365 1897 2426 omnino
1934 2364 2045 2425 de-

477 2458 772 2518 terminat
804 2457 975 2517 illam
1019 2458 1103 2518 ad
1151 2456 1511 2519 exercitium
1556 2462 1731 2518 actus
1756 2475 1772 2529 ς
1798 2475 1949 2517 nam
1990 2457 2043 2517 si

477 2550 599 2610 hoc
635 2569 764 2611 non
801 2552 1013 2628 habet,
1045 2569 1172 2611 non
1209 2556 1302 2611 est
1329 2549 1766 2611 determinatio
1805 2550 1882 2611 de
1917 2568 2041 2629 qua

479 2648 819 2704 tractamus
843 2662 858 2716 ;
891 2662 1039 2704 nam
1069 2643 1318 2704 habitus
1337 2643 1652 2703 charitatis
1676 2642 1872 2722 (verbi
1901 2660 2043 2723 gra-

475 2737 586 2815 tia)
629 2738 818 2797 etiam
865 2736 1122 2798 inclinat
1153 2738 1539 2797 voluntatem
1575 2736 1658 2797 ad
1695 2753 1927 2808 unum;
1978 2743 2040 2797 et

477 2848 554 2891 ea
583 2830 825 2891 ratione
853 2830 976 2891 dici
1007 2835 1212 2909 potest
1241 2828 1708 2907 quodammodo
1751 2836 1814 2891 et
1858 2830 2038 2907 quasi

477 2922 595 2983 sub
629 2922 984 2984 conditione
1009 2923 1430 2984 determinare
1453 2922 1624 2983 illam
1661 2921 1868 3001 quoad
1898 2940 2037 3001 spe·

478 3016 922 3089 cificationem;
975 3018 1123 3096 quia
1174 3017 1462 3077 voluntas
1509 3016 1808 3077 charitate
1856 3021 2040 3077 utens

475 3129 604 3172 non
630 3117 836 3190 potest
858 3109 1062 3172 odisse
1091 3113 1312 3182 Deum,
1336 3109 1449 3170 sed
1471 3108 1752 3190 diligere3
1781 3128 2041 3189 quomo-

476 3203 558 3264 do
589 3222 626 3263 a
653 3203 864 3264 multis
894 3203 1256 3282 intelligitur
1279 3202 1434 3262 illud
1459 3205 1488 3262 1
1513 3203 1696 3264 Joan.
1727 3204 1800 3263 3:
1828 3200 2039 3264 Omnis

475 3295 581 3378 qui
611 3303 794 3360 natus
823 3301 914 3360 est
943 3313 1017 3358 ee·
1049 3297 1194 3369 Deo,
1219 3300 1530 3376 peccatwm
1557 3314 1678 3358 non
1700 3296 1876 3376 facit,
1899 3313 2041 3376 quo-

473 3389 640 3454 niam
673 3407 870 3452 semen
906 3389 1108 3470 ipsius
1143 3391 1213 3450 in
1241 3406 1304 3451 eo
1331 3393 1555 3461 manet,
1586 3394 1646 3452 et
1676 3407 1795 3450 non
1833 3395 2037 3470 potest

466 3497 737 3560 peccare,
767 3483 1050 3562 quoniam
1075 3499 1148 3544 σω
1173 3483 1296 3544 Deo
1323 3479 1508 3546 nam
1526 3488 1638 3546 ost.
1660 3481 2037 3561 Simpliciter

473 3579 684 3634 autem
713 3573 818 3634 illa
847 3575 1044 3634 virtus
1081 3591 1207 3635 non
1247 3573 1624 3636 determinat
1648 3573 2033 3636 voluntatem

472 3665 554 3726 ad
587 3684 806 3739 unum,
861 3667 1030 3746 quia,
1074 3667 1180 3726 illa
1231 3685 1360 3727 non
1399 3667 1707 3740 obstante,
1739 3671 1947 3746 potest
1973 3673 2034 3728 et

471 3777 600 3818 non
629 3776 921 3820 exercere
967 3765 1175 3821 actum
1203 3759 1362 3838 ejus,
1397 3765 1462 3822 et
1507 3759 1866 3839 oppositum
1896 3761 2033 3840 ejus

472 3851 661 3912 etiam
677 3852 947 3931 operari,
971 3871 1096 3932 quo
1125 3852 1296 3912 illam
1315 3871 1354 3913 a
1375 3871 1442 3914 se
1464 3852 1742 3932 abjiciat3
1765 3853 1900 3915 haec
1921 3873 2035 3914 au-

471 3951 600 4006 tem
646 3945 839 4005 motio
869 3963 982 4006 seu
1013 3945 1218 4006 forma
1263 3943 1346 4006 de
1381 3963 1510 4024 qua
1544 3963 1714 4006 nunc
1757 3945 2029 4024 disputa·

467 4055 632 4112 mus,
660 4055 801 4116 quae
831 4055 1020 4117 supra
1050 4055 1302 4099 omnem
1340 4039 1622 4101 habitum
1673 4045 1736 4099 et
1777 4035 2033 4100 faculta-

467 4136 596 4192 tem
621 4139 1100 4209 permanentem
1127 4132 1464 4194 voluntatis
1503 4132 1772 4204 additur,
1805 4133 2032 4194 dicitur

468 4241 606 4286 esse
640 4225 1076 4286 determinatio
1109 4226 1271 4304 ejus,
1304 4225 1473 4305 quia,
1510 4227 1613 4286 illa
1644 4226 1868 4305 posita,
1903 4232 2030 4287 sta·

466 4317 578 4377 tim
615 4317 1018 4379 infallibiliter
1045 4319 1252 4397 prodit
1272 4319 1560 4380 voluntas
1586 4319 1651 4380 in
1679 4325 1911 4392 actum,
1946 4320 2027 4380 ad

468 4428 658 4489 quem
683 4411 819 4489 ipsa
851 4416 1060 4473 movet
1100 4412 1197 4473 vel
1239 4413 1517 4474 inclinat.
1561 4413 1843 4492 Denique
1874 4413 2029 4474 dici-

466 4508 568 4565 tur
612 4505 1048 4566 determinatio
1101 4505 1382 4585 physica,
1415 4507 1616 4584 primo
1647 4505 1924 4586 quidem,
1960 4513 2029 4568 ut

467 4597 850 4677 significetur
877 4605 940 4659 et
961 4597 1317 4660 declaretur
1341 4598 1492 4660 illud
1517 4617 1718 4678 genus
1740 4599 2026 4661 determi-

465 4691 739 4752 nationis
765 4697 828 4752 et
872 4690 1208 4751 infallibilis
1251 4693 1668 4753 emanationis
1709 4698 1884 4753 actus
1927 4711 2029 4752 sc-

465 4783 652 4843 cundi
695 4801 735 4844 a
772 4783 1092 4845 voluntate
1122 4784 1210 4845 sic
1235 4785 1460 4846 affecta
1489 4790 1552 4846 et
1578 4785 2021 4857 determinata,

463 4893 591 4936 non
623 4876 878 4954 quidem
905 4877 1234 4956 provenire
1264 4895 1342 4938 ex
1369 4877 1578 4956 aliqua
1604 4896 1792 4938 causa
1821 4896 2025 4939 mora-

463 4968 528 5040 li,
560 4968 668 5030 sed
695 4987 772 5029 ex
800 4970 1135 5031 intrinseco
1165 4977 1226 5032 et
1247 4971 1634 5032 connaturali
1665 4971 1851 5032 modo
1877 4988 2026 5049 ope-

462 5061 644 5122 randi
669 5062 810 5122 talis
827 5062 1078 5134 forman
1100 5081 1260 5142 quae,
1279 5063 1438 5124 sicut
1457 5063 1522 5122 in
1543 5081 1658 5124 suo
1678 5081 1910 5143 genere
1930 5068 2026 5125 est

463 5174 654 5216 causa
683 5155 944 5234 physica
975 5155 1067 5216 sui
1097 5161 1298 5227 actus,
1329 5155 1416 5217 ita
1441 5173 1518 5216 ex
1539 5161 1766 5218 natura
1794 5175 1908 5218 sua
1929 5163 2023 5218 est

463 5248 720 5309 omnino
747 5249 1162 5310 determinata
1192 5249 1272 5310 ad
1299 5249 1691 5311 effectionem
1713 5252 2021 5312 actualem

463 5341 638 5420 ejus3
693 5347 756 5402 et
795 5341 959 5414 ideo,
997 5341 1151 5403 dum
1189 5341 1494 5404 voluntati
1529 5342 1812 5414 inhaeret,
1850 5343 2023 5404 illam

463 5433 648 5496 simul
699 5433 1093 5508 determinat,
1139 5439 1202 5496 et
1251 5440 1348 5496 est
1389 5435 1567 5514 quasi
1617 5436 2023 5498 intrinsecum

461 5528 708 5616 pondus
737 5530 899 5610 ejus,
929 5547 968 5590 a
1012 5547 1139 5612 quo
1180 5528 1434 5594 omuino
1463 5529 1913 5594 determinatur
1941 5530 2022 5594 ad

2070 244 2119 289 φ

1243 399 1453 453 OPUSC.
1489 402 1532 463 1,
1563 400 1678 453 Lm.
1714 402 1754 453 1.
1791 400 1870 453 DE
1903 400 2221 455 CONCURSU
2254 406 2357 458 nm
2390 405 2517 458 cml
2550 404 2935 459 VOLUNTATE.

2134 507 2451 585 agendum
2500 507 2791 569 eumdem
2829 511 3073 581 actum;
3110 513 3173 569 et
3198 508 3343 569 ideo
3378 508 3569 569 etiam
3604 506 3705 568 di-

2134 600 2295 661 citur
2320 601 2455 662 baec
2478 600 2914 664 determinatio
2944 602 3227 681 physica,
3258 608 3329 662 ut
3350 601 3704 681 distingua-

2134 700 2237 756 tur
2268 712 2307 756 a
2350 694 2869 757 determinatione
2915 697 3165 769 morali,
3193 714 3335 776 quae
3377 716 3505 757 non
3554 715 3703 776 pro·

2134 788 2307 849 venit
2319 806 2396 849 ex
2416 788 2672 867 physico
2704 795 2765 850 et
2792 789 3060 849 naturali
3090 788 3277 849 modo
3308 789 3559 869 agendi,
3584 788 3703 850 sed

2136 899 2215 942 ex
2240 880 2461 943 morali
2491 882 2698 962 aliqua
2726 882 3137 961 persuasione
3176 882 3277 943 vel
3320 883 3655 943 aflectione
3684 903 3701 955 ;

2135 978 2199 1034 et
2230 974 2371 1035 ideo
2398 992 2525 1035 non
2558 981 2655 1036 est
2680 974 3043 1054 simpliciter
3080 975 3540 1048 determinatio,
3574 994 3701 1035 nec

2132 1065 2489 1140 infallibilia,
2523 1067 2636 1128 sed
2660 1068 3007 1129 secundum
3034 1067 3208 1147 quid,
3246 1066 3325 1129 de
3368 1086 3493 1142 qua
3530 1068 3701 1128 infra

2130 1157 2392 1233 dicetur,
2424 1159 2531 1220 lib.
2562 1160 2621 1221 3.
2660 1162 2795 1221 Non
2832 1166 2928 1221 est
2964 1160 3155 1239 igitur
3186 1160 3282 1221 vis
3312 1159 3601 1221 facienda
3630 1160 3700 1219 in

2129 1250 2235 1312 illa
2272 1270 2425 1313 voce
2464 1270 2577 1313 scu
2604 1252 2958 1332 adjectione
2992 1253 3271 1334 physica,
3325 1253 3375 1313 si
3424 1252 3699 1313 fortasse

2128 1363 2259 1405 non
2300 1345 2364 1405 in
2406 1346 2697 1407 omnibus
2738 1345 3097 1407 auctoribus
3138 1346 3523 1419 inveniatur;
3576 1345 3700 1407 sed

2132 1438 2588 1517 inspiciendum
2660 1458 2743 1500 an
2804 1444 3043 1519 ponant
3106 1438 3699 1501 determinationem

2131 1530 2512 1611 simpliciter,
2546 1550 2691 1593 cum
2720 1532 3179 1593 conditionibus
3204 1530 3308 1591 hic
3332 1531 3697 1605 declaratiS,

2128 1641 2277 1684 nam
2307 1627 2401 1685 est
2438 1624 2543 1685 illa
2566 1624 2704 1704 jam
2730 1630 2951 1686 vocata
2994 1624 3254 1704 physica
3304 1630 3563 1704 propter
3586 1644 3701 1685 ra-

2130 1716 2331 1777 tiones
2358 1716 2575 1778 dictas.

2207 1811 2269 1871 Ξ.
2332 1810 2513 1876 Valde
2540 1808 2759 1872 Μίνωι
2786 1816 2844 1874 et
2876 1811 3091 1890 efficax
3116 1814 3536 1893 aryumeutmn
3578 1806 3701 1871 Ca-

2114 1902 2341 1981 jetam‘.
2366 1934 2447 1947 —
2475 1903 2910 1968 Doteminatio
2958 1904 3155 1983 quoad
3194 1903 3548 1965 emi-citima
3590 1904 3700 1963 in-

2130 1995 2319 2057 cludit
2354 1995 2902 2059 determinationem
2930 1996 3125 2077 quoad
3164 1995 3693 2075 specificatiomm.

2124 2120 2207 2135 —
2244 2089 2371 2149 Hac
2420 2088 2608 2167 igitur
2646 2088 2817 2149 vocis
2866 2087 3287 2148 declaratione
3338 2086 3691 2166 supposita,

2124 2180 2429 2242 formatur
2452 2183 2635 2255 ratio,
2654 2199 2781 2241 non
2799 2180 3007 2241 minus
3032 2180 3253 2241 efficax
3268 2198 3457 2259 quam
3472 2180 3701 2257 vulga-

2123 2275 2209 2335 ris
2238 2280 2299 2335 et
2326 2274 2711 2346 communis3
2746 2291 2895 2333 nam
2922 2292 2999 2333 ex
3020 2272 3129 2333 tali
3158 2271 3695 2334 determinatione

2126 2367 2407 2444 sequitur
2432 2372 2641 2428 actum
2663 2384 2790 2427 non
2816 2384 2953 2427 esse
2982 2366 3249 2426 liberum
3274 2364 3482 2445 quoad
3511 2384 3698 2425 exer-

2124 2460 2367 2533 citium;
2408 2478 2557 2540 ergo
2594 2477 2803 2539 neque
2834 2460 2949 2522 erit
2994 2459 3151 2520 liber
3198 2459 3409 2538 quoad
3446 2458 3701 2537 specifi-

2124 2554 2455 2627 cationem;
2473 2572 2645 2626 nam,
2665 2560 2735 2614 ut
2751 2558 2921 2614 recte
2941 2554 3275 2633 Cajetanus
3290 2552 3529 2613 notavit
3547 2556 3571 2611 i
3591 2598 3605 2611 .
3624 2554 3693 2624 2,

2122 2664 2185 2727 q.
2234 2650 2333 2723 10,
2376 2666 2436 2707 a.
2483 2650 2545 2720 2,
2590 2646 3027 2707 determinatio
3071 2646 3281 2725 quoad
3320 2645 3693 2706 exercitium

2120 2741 2551 2802 vehementior
2577 2745 2692 2813 est,
2726 2745 2788 2800 et
2810 2738 3070 2800 includit
3096 2738 3697 2800 determinationem

2120 2833 2329 2911 quoad
2374 2832 2920 2912 specificationem‚
2968 2850 3111 2892 cum
3163 2832 3243 2892 sit
3280 2831 3361 2892 ad
3394 2830 3698 2892 determi-

2119 2932 2339 2987 natum
2368 2932 2577 2986 actum
2612 2930 2673 2985 et
2700 2924 3056 3003 objectum;
3094 2942 3243 3003 ergo
3272 2924 3323 2983 si
3353 2923 3493 2984 talis
3531 2940 3699 3001 prae-

2124 3018 2557 3081 determinatio
2588 3036 2836 3099 semper
2870 3016 3181 3079 antecedit
3208 3035 3287 3077 ac
3322 3015 3697 3077 necessaria

2123 3119 2238 3186 est,
2280 3114 2441 3193 perit
2472 3113 2727 3173 omnino
2754 3110 2855 3172 vel
2881 3110 3221 3190 impeditur
3248 3129 3507 3190 prorsus
3530 3129 3699 3170 usus

2120 3206 2445 3268 libertatis·
2486 3205 2687 3284 Major
2716 3203 3077 3284 propositio,
3109 3205 3173 3264 in
3200 3223 3323 3284 qua
3352 3209 3443 3265 est
3470 3204 3567 3264 vis
3589 3221 3701 3263 ar-

2120 3299 2430 3380 gumenti,
2482 3299 2804 3378 probatur,
2848 3296 2996 3377 quia
3041 3301 3334 3375 respectu
3370 3296 3533 3356 illius
3578 3296 3701 3356 de-

2115 3395 2570 3455 terminationis
2606 3392 2895 3454 voluntas
2922 3398 3137 3453 nostra
3166 3411 3295 3453 non
3324 3397 3417 3454 est
3444 3390 3690 3463 libera;

2114 3506 2263 3549 nam
2293 3487 2374 3548 ad
2408 3487 2577 3548 illam
2604 3485 3050 3566 recipiendam,
3082 3491 3152 3546 ut
3194 3484 3465 3556 ostendi,
3502 3502 3696 3544 mere

2115 3581 2360 3661 passive
2389 3597 2457 3641 se
2496 3579 2718 3650 habet3
2746 3584 2887 3658 post
2914 3581 3231 3657 receptam
3260 3583 3471 3638 autem
3506 3576 3695 3636 illam

2114 3674 2468 3735 necessario
2498 3671 2703 3752 prodit
2728 3671 2792 3731 in
2818 3689 2998 3750 opuS,
3031 3671 3115 3732 ita
3146 3677 3215 3730 ut
3250 3671 3383 3750 jam
3420 3669 3693 3731 omnino

2112 3787 2242 3828 non
2271 3767 2464 3847 possit
2490 3785 2617 3828 non
2648 3766 2894 3845 operari
2915 3785 2931 3838 ;
2952 3783 3103 3846 ergo
3130 3784 3457 3845 nunquam
3482 3765 3693 3826 babet.

2113 3881 2297 3922 usum
2325 3861 2591 3922 liberum
2613 3860 2753 3921 talis
2773 3859 3172 3938 operationiS.
3198 3860 3502 3921 Probatur
3532 3877 3696 3919 con-

2113 3953 2441 4033 sequentia
2464 3999 2484 4030 ,
2531 3953 2679 4032 quia
2734 3971 2851 4013 nec
2892 3957 3037 4013 ante
3090 3951 3693 4013 determinationem

2111 4047 2301 4108 habet
2354 4047 2542 4108 talem
2582 4064 2804 4120 usum,
2844 4063 2989 4106 cum
3032 4049 3183 4106 tunc
3215 4043 3495 4105 nondum
3536 4061 3695 4121 pos—

2111 4141 2189 4202 sit
2226 4140 2503 4219 operari3
2536 4157 2652 4199 nec
2700 4141 2841 4217 post
2877 4137 3483 4209 determinationem,
3532 4153 3691 4196 cum

2108 4235 2411 4311 tuncjam
2448 4249 2575 4292 non
2607 4231 2802 4310 possit
2829 4249 2957 4291 non
2986 4230 3267 4310 operari;
3299 4247 3553 4308 semper
3582 4247 3693 4288 er-

2108 4343 2189 4406 go
2238 4325 2429 4385 habet
2474 4323 2840 4402 impeditam
2892 4322 3153 4384 alteram
3218 4327 3459 4401 partem
3508 4321 3691 4382 illius

2107 4417 2451 4496 potestatis,
2488 4433 2629 4494 quae
2675 4415 2755 4476 ad
2790 4415 3247 4476 indifferentem
3304 4420 3367 4476 et
3405 4413 3683 4474 liberum

2110 4509 2411 4590 operandi
2456 4509 2709 4569 modum
2743 4507 3097 4570 necessaria
3136 4513 3270 4580 est;
3306 4507 3479 4568 etita
3508 4507 3687 4567 tolli-

2108 4609 2211 4664 tur
2238 4621 2389 4664 usus
2414 4601 2737 4676 libertatiS,
2762 4601 2844 4662 ad
2868 4619 3057 4680 quem
3088 4599 3427 4677 requiritur
3454 4617 3688 4660 neces-

2108 4697 2272 4757 sario
2312 4701 2579 4774 utraque
2618 4695 2721 4754 illa
2760 4699 3038 4774 potestas
3080 4691 3264 4754 simul
3298 4699 3361 4753 et
3392 4697 3537 4753 actu
3569 4709 3686 4752 ex-

2104 4787 2317 4868 pedita
2346 4787 2427 4847 ad
2459 4793 2671 4848 actum
2706 4787 2821 4847 sibi
2852 4786 3429 4865 proportionatum:
3466 4785 3687 4845 nomi-

2104 4899 2185 4941 ne
2222 4886 2417 4951 actus,
2452 4881 2550 4940 vel
2578 4879 2947 4944 nolitionem
2984 4877 3087 4940 vel
3126 4877 3469 4938 carentiam
3494 4883 3684 4939 actus

2106 4973 2719 5053 comprehendendo,
2762 4979 2832 5033 ut
2878 4990 3067 5051 supra
3120 4971 3302 5050 capit.
3356 4971 3559 5050 primo
3610 4977 3689 5033 et

2106 5065 2383 5128 secundo
2412 5064 2744 5144 probatum
2774 5064 3163 5143 reliquimus.

2186 5163 2245 5222 3.
2302 5160 2477 5228 Varii
2504 5158 2895 5238 respondendi
2920 5159 3103 5220 modi.
3136 5189 3218 5204 —
3257 5157 3355 5219 Ad
3381 5158 3547 5218 hanc
3570 5175 3681 5218 ra-

2102 5252 2337 5314 tionem
2388 5251 2738 5312 communis
2788 5252 3091 5312 hactenus
3136 5250 3462 5330 responsio
3508 5250 3626 5310 fuit
3656 5296 3673 5321 ,

2102 5345 2485 5406 voluntatem
2507 5343 2785 5421 quidem,
2810 5343 3012 5422 posita
3032 5342 3579 5417 determinatione,
3608 5349 3679 5404 et

2102 5439 2167 5500 in
2196 5457 2386 5499 sensu
2410 5439 2755 5516 composito
2782 5437 2873 5514 (ut
2900 5437 3124 5514 aiunt),
3164 5455 3292 5499 non
3325 5455 3511 5516 posse
3536 5455 3675 5497 non

2104 5531 2349 5614 operari
2376 5575 2393 5607 ,
2442 5535 2655 5592 tamen
2706 5529 3109 5592 nihilominus
3162 5529 3435 5592 retinere
3486 5547 3675 5592 suam
