3850 6225
474 390 595 451 508

472 514 627 557 num
656 493 869 577 glorioe
906 494 1154 575 pondus
1198 496 1442 575 operari
1489 496 1555 557 in
1598 496 1799 558 nobiS.
1850 497 2036 558 Pauci

472 594 685 651 autem
706 592 851 649 sunt
862 586 1014 667 justi
1036 587 1138 667 qui
1160 586 1245 649 ita
1265 592 1625 667 operentur,
1654 592 1717 651 et
1740 590 1829 651 illi
1846 590 2038 651 etiam

472 682 579 762 qni
606 680 899 743 videntur
930 680 1211 760 perfecti,
1256 698 1401 742 raro
1440 681 1694 743 eliciunt
1722 688 1897 743 actus
1925 700 2040 761 pu-

470 794 577 837 ros
605 780 668 837 et
694 774 1175 853 perfectissimos
1208 774 1439 835 amoris
1472 775 1584 836 Dei
1620 794 1765 837 cum
1790 794 2038 837 summa

469 866 825 929 intensione
854 867 1127 940 hahituS,
1162 872 1225 928 et
1268 866 1535 929 fortasse
1578 869 1788 931 nullus
1816 887 2040 949 perpe-

472 967 583 1024 tuo
623 962 711 1024 ita
743 968 1037 1041 operatus
1068 968 1165 1023 est
1190 966 1415 1042 prater
1442 964 1877 1025 Beatissimam
1904 964 2038 1037 Vir-

474 1056 723 1137 ginem;
763 1054 841 1115 de
874 1072 999 1134 qua
1022 1054 1267 1115 nullum
1304 1054 1755 1117 inconveniens
1780 1064 1895 1131 est,
1924 1056 2042 1117 sed

472 1148 698 1211 rationi
734 1148 1005 1209 maxime
1054 1154 1571 1223 consentaneum,
1616 1150 1786 1229 quod
1814 1151 1895 1211 ad
1935 1168 2038 1211 ex-

472 1242 1009 1317 cellentissimum,
1041 1248 1101 1305 et
1148 1260 1311 1322 pene
1346 1242 1723 1307 immensum
1768 1244 2036 1325 gradum

472 1334 689 1415 grati-se
729 1334 891 1395 infra
918 1334 1247 1410 Christum,
1276 1336 1363 1397 ita
1391 1337 1693 1399 merendo
1728 1354 2038 1415 pervene-

472 1428 575 1489 rit.
614 1427 880 1489 Aliunde
908 1446 1055 1489 vero
1086 1434 1291 1508 potest
1316 1430 1674 1509 oppositum
1700 1430 1838 1492 fieri
1874 1430 2038 1491 veri-

476 1520 699 1593 simile,
750 1521 897 1601 quia
938 1522 1139 1601 gratia
1179 1520 1241 1583 in
1280 1522 1485 1603 rigore
1532 1529 1628 1585 est
1674 1523 2038 1603 simpliciter

474 1613 807 1695 perfectior
853 1633 1045 1694 quam
1096 1615 1389 1689 charitati,
1446 1622 1511 1679 et
1555 1617 1617 1678 in
1668 1617 1877 1679 radice
1896 1662 1917 1693 ,
1975 1623 2039 1679 et

476 1708 653 1788 quasi
712 1709 1061 1771 eminenter
1119 1709 1395 1771 continet
1454 1728 1673 1772 omnes
1730 1711 1990 1773 virtutes
2015 1755 2032 1785 ,

476 1820 617 1882 quai
644 1808 975 1881 propterea
1028 1802 1212 1865 simul
1260 1822 1401 1864 cum
1450 1803 1553 1865 illa
1594 1810 1942 1885 augentur-3
1975 1810 2042 1867 et

476 1896 619 1958 ideo
664 1914 793 1957 non
836 1896 1081 1959 videtur
1110 1896 1537 1961 necessarium
1569 1903 1635 1959 ut
1664 1904 1919 1977 propter
1949 1902 2042 1959 tot

474 1990 708 2071 gradus
732 1990 799 2051 in
829 1998 973 2053 actu
1010 1992 1285 2072 perfecto
1322 1992 1637 2054 charitatis
1679 1993 1907 2054 dentur
1945 1998 2042 2053 to·-

478 2084 669 2145 tidem
698 2084 931 2164 gradus
959 2086 1193 2165 gratiae.
1227 2086 1481 2149 Accedit
1510 2086 1701 2149 etiam
1733 2086 1903 2166 quod
1932 2106 2040 2147 va·

475 2176 575 2240 lor
614 2184 789 2239 actus
836 2178 1133 2240 meritorii
1174 2198 1302 2241 non
1350 2180 1553 2241 solum
1595 2180 1917 2259 consurgit
1962 2198 2042 2241 ex

476 2271 755 2333 bonitate
808 2278 871 2333 et
916 2272 1267 2335 intensione
1318 2278 1493 2337 actus
1520 2320 1537 2347 ,
1580 2274 1693 2337 sed
1730 2277 1919 2336 etiam
1962 2292 2042 2335 ex

476 2366 615 2427 aliis
642 2366 1141 2441 circumstantiis,
1173 2372 1237 2429 et
1262 2368 1607 2448 proesertim
1636 2386 1713 2429 ex
1736 2368 2038 2445 dignitate

480 2460 831 2540 operantis;
863 2478 1013 2540 ergo
1042 2460 1211 2523 idem
1240 2467 1415 2523 actus
1452 2461 1799 2523 dilectionis
1828 2462 1940 2523 Dei
1971 2468 2042 2523 ut

480 2560 771 2635 quatuor,
798 2554 863 2616 in
887 2554 1141 2617 homine
1166 2554 1458 2634 digniori,
1486 2556 1587 2616 vel
1610 2555 1677 2617 in
1700 2556 1911 2636 aliqua
1939 2573 2042 2617 oc·

480 2648 731 2711 casione
760 2648 1109 2721 difficiliori,
1138 2649 1253 2711 erit
1276 2649 1477 2729 magis
1500 2650 1856 2713 meritorius
1884 2669 2043 2731 aug-

480 2742 677 2805 menti
702 2740 941 2821 gratiae,
962 2760 1153 2821 quam
1176 2742 1393 2805 similis
1412 2748 1589 2805 actus
1618 2744 1753 2805 sine
1782 2744 1901 2805 illis
1922 2744 2046 2805 cir-

483 2835 895 2907 cumstantiis;
922 2834 1035 2897 sed
1062 2835 1233 2915 prior
1250 2842 1427 2897 actus
1448 2854 1593 2899 cum
1613 2838 1903 2899 omnihus
1922 2838 2042 2899 illis

484 2928 964 2991 circumstantiis
994 2946 1121 2989 non
1143 2928 1391 2991 videtur
1418 2948 1601 3008 posse
1627 2932 1853 2993 mereri
1882 2930 2042 2993 ultra

484 3021 881 3084 latitudinem
918 3039 1046 3083 sum
1092 3022 1495 3096 intensionis;
1544 3042 1695 3103 ergo
1738 3024 2046 3103 posterior

486 3121 663 3180 actus
690 3133 821 3178 non
854 3121 1097 3178 tantum
1132 3123 1439 3191 meretur;
1484 3137 1635 3186 ergo
1670 3118 1922 3200 signum
1953 3126 2048 3180 est

482 3210 681 3272 solam
710 3210 1075 3292 gradualem
1098 3210 1515 3274 intensionem
1536 3212 1677 3274 talis
1706 3217 1881 3274 actus
1916 3229 2048 3274 non

479 3303 765 3366 sufficere
792 3305 876 3366 ad
922 3305 1163 3383 aequale
1202 3313 1611 3384 augmentum
1654 3307 1869 3385 gratiae
1900 3324 2050 3387 pro-

482 3397 875 3460 merendum.
900 3399 1025 3460 Sed
1053 3399 1151 3460 hoe
1174 3400 1547 3480 conjecturo
1572 3405 1633 3462 et
1658 3399 1891 3462 similes
1916 3417 2048 3462 non

482 3489 731 3550 difficile
762 3487 919 3552 solvi
950 3497 1231 3570 possent,
1265 3499 1327 3554 et
1364 3493 1509 3554 ideo
1558 3511 1692 3556 rem
1737 3493 1903 3554 hanc
1951 3495 2050 3554 in-

484 3588 723 3644 certam
754 3601 1006 3646 censeo.
1026 3585 1101 3646 Et
1124 3585 1429 3648 hactenus
1448 3587 1529 3650 de
1548 3587 1829 3650 secundo
1856 3607 2048 3670 argu-

482 3681 720 3739 mento.

488 3923 613 4000 Quo
650 3943 833 3990 sensu
858 3927 1269 4010 accipiendum
1295 3927 1381 3991 sit
1414 3929 1573 4010 quod
1612 3930 1860 4005 dicitw,
1901 3948 2050 4013 yra-

564 4021 715 4132 tifzm
744 4017 989 4100 infundi
1006 4022 1203 4103 justa
1221 4021 1669 4103 proportionem
1704 4021 2051 4106 dispositio-

561 4134 687 4178 ms.

562 4325 663 4386 49.
700 4321 983 4388 Solvitur
1021 4322 1268 4386 tertium
1296 4325 1736 4406 ammam..
1782 4355 1855 4370 —
1904 4325 2050 4386 Ter-

482 4417 641 4480 tium
688 4421 751 4478 et
804 4421 1099 4496 quartum
1142 4423 1585 4496 argumentum
1626 4417 1858 4478 nullius
1914 4437 2050 4480 mo·

482 4510 677 4572 menti
708 4515 876 4586 sunt,
920 4527 1069 4570 nam
1114 4527 1227 4588 pro
1267 4509 1729 4572 inconvenienti
1770 4510 2048 4572 inferunt

483 4603 655 4684 quod
683 4603 803 4664 alia
832 4602 1139 4665 sententia
1180 4621 1293 4684 pro
1324 4609 1495 4666 certo
1524 4603 1715 4666 habet
1728 4620 1750 4682 ;
1782 4611 1843 4666 et
1870 4605 2045 4666 nulla

480 4696 849 4778 probatione
876 4695 1217 4758 ostendunt
1244 4697 1361 4758 hoc
1391 4715 1531 4760 esse
1569 4698 2041 4771 inconveniens,

482 4789 596 4852 sed
622 4789 825 4852 solum
854 4789 917 4852 id
945 4797 1255 4854 asserunt.
1288 4792 1383 4854 Ad
1409 4795 1663 4854 tertium
1702 4811 1852 4876 ergo
1895 4814 2045 4856 con-

482 4883 799 4958 cedimus,
842 4882 1085 4961 quoties
1124 4886 1311 4948 homo
1352 4885 1561 4966 justus
1606 4894 1749 4966 post
1774 4887 2044 4968 primam

478 4976 989 5060 justificationem
1032 4978 1349 5042 meritorie
1378 4985 1673 5060 operatus
1704 4989 1821 5057 est,
1854 4982 2046 5044 etiam

482 5090 599 5152 per
632 5075 809 5131 actus
842 5071 1231 5133 remissiores
1258 5089 1448 5150 quam
1476 5073 1659 5136 fuerit
1688 5074 1791 5137 ille
1818 5093 1946 5154 quo
1977 5094 2047 5138 se

484 5163 793 5246 disposuit
817 5163 899 5226 ad
922 5165 1191 5244 primam
1210 5167 1495 5247 gratiam,
1524 5169 1757 5232 habere
1780 5171 2048 5249 gratiam

486 5257 893 5322 intensiorem
944 5277 1137 5338 quom
1176 5258 1367 5322 fuerit
1408 5261 1512 5322 illa
1558 5261 1900 5342 dispositio,
1947 5264 2048 5326 vel

487 5353 647 5414 alius
674 5351 985 5432 posterior
1026 5359 1221 5414 actus.
1257 5355 1411 5416 Cum
1454 5373 1603 5416 vero
1626 5356 1859 5434 petitur
1886 5357 2046 5420 ratio

487 5447 569 5510 ob
596 5463 789 5530 quam
814 5447 879 5510 in
905 5445 1109 5526 primo
1144 5447 1399 5509 instanti
1418 5445 1879 5527 justificationis
1902 5467 2049 5529 gra-

484 5541 573 5606 tia
592 5549 800 5606 servat
822 5541 1293 5623 proportionem
1314 5541 1383 5603 in
1408 5541 1759 5606 intensione
1780 5561 1925 5606 cum
1947 5563 2050 5606 ae-

1048 395 1261 449 OPUSG.
1297 396 1357 448 V.
1393 395 1697 451 nul-:erlo
1729 396 1811 449 DE
1840 396 2322 451 Rsvmscnmu
2353 396 2736 450 BERITORUH.
2773 397 3006 453 msrur.
3041 400 3104 453 11.

2115 504 2206 573 tu,
2245 504 2308 560 et
2332 516 2464 560 non
2485 502 2722 578 postea,
2749 500 3102 579 respondeo
3133 520 3274 563 esse
3297 499 3690 568 facillimam,
3811 560 3813 569 ,

2119 592 2266 671 quia
2311 592 2376 654 in
2425 592 2624 671 primo
2673 592 2928 655 instanti
2977 594 3166 656 habet
3213 592 3692 675 proportionem
3811 658 3813 661 Α

2119 704 2264 749 cum
2315 686 2448 747 sola
2493 685 2923 765 dispositione,
2967 694 3186 767 postea
3225 706 3374 749 cum
3429 687 3694 765 disposi-
3812 704 3813 709 ¹

2119 780 2288 841 tione
2319 784 2383 841 et
2409 780 2646 843 meritis
2683 778 2890 853 simul,
2931 780 3160 860 quibus
3203 781 3522 843 intensior
3565 798 3692 859 gra-

2117 872 2204 933 tia
2248 872 2534 935 debetur.
2591 874 2768 937 Sicut
2807 875 2862 935 si
2904 876 3094 936 homo
3147 874 3266 936 fuit
3309 872 3692 953 justifioetus

2119 964 2252 1025 sine
2289 966 2541 1046 propria
2569 966 2998 1045 dispositione,
3031 974 3100 1029 ut
3123 968 3336 1027 infans
3365 968 3434 1027 in
3459 966 3696 1044 baptis-

2118 1076 2248 1133 m0‚
2281 1076 2426 1119 cum
2472 1060 2746 1137 primum
2785 1060 3002 1139 incipit
3039 1061 3270 1121 mereri
3313 1078 3438 1139 per
3487 1064 3696 1119 actum

2117 1150 2306 1213 etiam
2337 1152 2759 1215 remissiorem
2787 1154 2984 1233 gratia
3011 1153 3398 1233 baptismali,
3422 1154 3564 1233 jam
3596 1152 3696 1210 ha-

2115 1244 2224 1307 bet
2269 1247 2534 1325 gratiam
2579 1246 3026 1323 intensiorem,
3072 1248 3220 1327 quia
3256 1248 3444 1325 prius
3491 1243 3696 1304 solum

2115 1338 2392 1400 habebat
2419 1340 2684 1420 gratiam
2731 1346 3306 1402 commensuratam
3351 1337 3692 1417 baptismo,

2115 1438 2334 1512 postea
2375 1450 2525 1495 vero
2568 1440 2630 1495 et
2669 1433 2978 1513 baptismo
3029 1438 3092 1495 et
3131 1452 3246 1494 suo
3279 1432 3544 1493 merito.
3591 1431 3696 1489 Hic

2115 1534 2330 1590 tamen
2371 1534 2619 1607 oportet
2659 1527 2722 1587 id
2765 1527 2960 1589 semel
3007 1527 3365 1599 advertere,
3411 1524 3696 1603 quamvis

2117 1622 2196 1683 sit
2243 1626 2484 1683 certum
2529 1620 2796 1699 primam
2835 1620 3100 1699 gratiam
3147 1620 3284 1681 dari
3341 1616 3694 1679 secundum

2118 1714 2610 1793 dispositionem,
2643 1720 3020 1775 non-tamen
3059 1732 3196 1776 esse
3243 1719 3502 1775 certum
3531 1712 3696 1771 illam

2120 1828 2258 1871 esse
2287 1808 2370 1869 ad
2410 1808 2880 1887 proportionem
2925 1809 3298 1887 aequalitatis
3349 1805 3700 1867 arithmeti·
3814 1818 3815 1837 ³

2119 1920 2228 1977 cas,
2273 1902 2338 1963 id
2361 1908 2476 1975 est,
2521 1902 2612 1963 rei
2641 1902 2724 1963 ad
2763 1920 2922 1975 rem,
2963 1902 3076 1963 sed
3115 1900 3560 1981 geometricae,
3595 1916 3700 1957 seu
3814 1902 3815 1981 l

2119 1995 2736 2076 proportionalitatis
2767 1996 2832 2057 id
2855 2003 2986 2069 est,
3023 1996 3194 2074 quod
3225 1995 3294 2055 in
3325 2012 3412 2055 ea
3443 2010 3702 2072 propor-
3813 1982 3815 2023 ³

2119 2090 2290 2151 tione
2331 2107 2459 2169 qua
2509 2089 2732 2169 aliquis
2777 2089 3002 2151 melius
3047 2106 3116 2149 se
3165 2086 3588 2167 disposuerit,
3631 2102 3700 2143 eo

2117 2183 2424 2263 maj0rem
2473 2183 2740 2263 gratiam
2781 2182 3082 2262 recipiet,
3129 2180 3376 2243 caeteris
3417 2179 3694 2259 paribus.

2121 2276 2254 2337 Hoc
2301 2274 2471 2337 enim
2521 2283 2617 2338 est
2659 2275 2831 2355 quod
2871 2274 3214 2337 Concilium
3251 2272 3698 2334 Tridentinum

2123 2369 2327 2442 docet,
2376 2376 2438 2429 et
2479 2368 2651 2449 quod
2697 2368 2890 2431 habet
2933 2368 3288 2430 eommunis
3339 2366 3696 2445 Theologu-

2119 2480 2260 2524 rum
2293 2461 2598 2525 doctrina.
2643 2462 2888 2535 Quanta
2913 2480 3064 2523 vero
3107 2461 3310 2541 gratia
3343 2464 3548 2521 tantae
3579 2458 3696 2518 dis-

2121 2554 2408 2634 positioni
2451 2556 2850 2635 respondeat,
2895 2574 2998 2629 an,
3041 2556 3302 2626 scilieet,
3341 2552 3692 2615 seeundum

2121 2648 2544 2727 aequalitatem
2601 2648 2912 2728 graduum
2941 2694 2957 2722 ‚
3019 2648 3124 2709 vel
3179 2646 3550 2709 secundum
3597 2646 3695 2705 ali-

2127 2760 2318 2822 quam
2357 2743 2826 2821 proportionem
2871 2762 2910 2803 a
2953 2744 3084 2803 Deo
3131 2746 3444 2803 statutam
3465 2786 3482 2813 ,
3527 2739 3693 2799 nobis

2125 2836 2470 2897 revelatum
2497 2854 2624 2896 non
2651 2839 2778 2909 est;
2813 2854 3022 2915 neque
3051 2854 3127 2896 ex
3147 2834 3284 2895 sola
3303 2834 3560 2895 ratione
3581 2832 3695 2893 col-

2125 2928 2232 3009 ligi
2255 2935 2478 3009 potest.
2512 2928 2666 2990 Nam
2697 2930 2886 2991 etiam
2915 2930 2978 2990 in
3019 2928 3340 2989 habitibus
3379 2926 3696 3007 acquisitis

2132 3040 2256 3085 non
2285 3040 2534 3102 semper
2563 3040 2638 3093 ex
2665 3024 2866 3102 primo
2895 3030 3040 3085 actu
3079 3029 3272 3085 tantae
3321 3022 3694 3083 intensionis

2125 3117 2387 3179 resultat
2410 3117 2660 3178 habitus
2689 3136 2869 3198 aeque
2899 3120 3206 3182 intensus.
3247 3118 3344 3180 Ad
3377 3133 3692 3178 summum

2126 3230 2278 3291 ergo
2301 3230 2636 3292 possumus
2661 3211 2974 3274 affirmare
3003 3213 3274 3293 gratiam
3295 3231 3440 3273 non
3461 3211 3694 3272 infundi

2129 3305 2530 3367 intensiorem
2572 3305 3016 3386 dispositione;
3063 3325 3150 3367 an
3197 3324 3358 3366 vero
3405 3304 3696 3366 infunda-
3816 3293 3817 3384 ζ

2125 3404 2230 3459 tur
2255 3398 2516 3478 aequalis
2539 3399 2888 3460 seeundum
2912 3406 3108 3461 totam
3135 3397 3550 3460 latitudinem
3573 3415 3698 3476 gra-

2127 3491 2344 3566 duum,
2378 3509 2506 3552 non
2535 3491 2718 3554 video
2749 3493 2914 3554 unde
2941 3493 3134 3573 possit
3167 3499 3344 3553 certo
3379 3492 3694 3562 affirmari,
3816 3557 3817 3568 1

2127 3585 2474 3664 praesertim
2513 3603 2658 3646 cum
2696 3586 2834 3648 haee
2863 3605 2990 3646 non
3017 3587 3096 3647 sit
3117 3585 3460 3666 dispositio
3495 3587 3698 3665 physi-

2127 3695 2202 3738 ca
2225 3723 2240 3750 ,
2273 3677 2386 3738 sed
2419 3678 2710 3752 moralis;
2743 3677 2808 3738 in
2834 3697 2958 3758 qua
2995 3679 3128 3740 fere
3159 3679 3392 3740 eadem
3423 3680 3588 3740 ratio
3615 3680 3696 3738 in-

2129 3771 2514 3834 certitudinis
2545 3779 2662 3846 est,
2695 3791 2888 3852 quam
2913 3773 3282 3836 dicebamus
3307 3791 3460 3836 esse
3487 3774 3554 3834 in
3587 3791 3696 3834 mc-

2127 3863 2270 3925 rito.
2320 3863 2614 3936 Quamvis
2662 3866 2928 3928 fortasse
2985 3885 3148 3946 soepe
3203 3867 3296 3928 ita
3339 3867 3692 3946 loquamur,

2129 3958 2332 4035 magis
2371 3959 2640 4038 exempli
2679 3959 2900 4036 gratia,
2947 3960 3095 4040 quia
3137 3961 3218 4022 de
3269 3959 3398 4020 alia
3447 3977 3694 4039 propor-

2127 4052 2300 4114 tione
2341 4053 2518 4115 nobis
2567 4072 2698 4116 non
2739 4061 3004 4128 constat,
3053 4073 3244 4134 quam
3281 4055 3438 4134 quia
3477 4055 3558 4116 de
3601 4054 3694 4114 tali

2127 4147 2482 4225 aequalitate
2511 4147 2664 4208 certi
2691 4166 2932 4208 sumus·
2965 4149 3146 4220 Quod
3171 4154 3392 4208 autem
3411 4147 3690 4222 dicimus,

2131 4239 2396 4322 gratiam
2415 4258 2544 4301 non
2565 4240 2810 4301 infundi
2839 4241 3244 4302 intensiorem
3265 4240 3688 4320 dispositione,

2127 4333 2495 4412 intelligitur
2529 4352 2604 4396 ex
2638 4334 2696 4394 vi
2733 4335 2922 4396 unius
2947 4334 3412 4414 dispositionis;
3451 4353 3620 4405 nam,
3649 4333 3692 4394 si

2129 4426 2390 4490 accedat
2421 4435 2912 4504 sacramentum,
2942 4427 3208 4490 fortasse
3235 4427 3594 4488 infunditur
3615 4427 3694 4486 in-

2127 4519 2382 4604 tensior.
2413 4521 2591 4595 Item,
2613 4521 2664 4582 si
2683 4521 2870 4582 simul
2895 4527 3274 4584 concurrant
3289 4523 3514 4602 plnres
3533 4527 3690 4582 actus

2127 4613 2212 4675 ad
2237 4613 2730 4692 dispositionem,
2773 4621 2842 4676 ut
2883 4615 3166 4677 formalis
3209 4615 3470 4676 dileetio
3519 4631 3690 4694 super

2127 4707 2338 4768 omnia
2367 4713 2432 4768 et
2469 4707 2750 4768 formalis
2783 4709 3152 4786 poenitentia
3189 4725 3338 4769 cnm
3377 4707 3532 4780 fide,
3565 4725 3682 4786 spe,

2123 4799 2224 4861 vel
2247 4799 2436 4861 etiam
2465 4799 2846 4872 obedientia,
2879 4805 2990 4861 aut
3011 4801 3136 4863 alio
3159 4800 3348 4861 simili
3375 4807 3548 4874 actu,
3577 4817 3692 4860 non

2125 4892 2342 4954 dubito
2364 4893 2514 4972 quin
2543 4893 2850 4955 intensior
2873 4893 3238 4956 infundatur
3253 4895 3487 4974 gratia,
3513 4913 3687 4974 quam

2127 4987 2178 5048 si
2217 5004 2332 5066 per
2357 5004 2556 5048 unum
2597 4992 2810 5048 aetum
2859 4987 3064 5048 solnm
3101 4988 3290 5048 homo
3341 4988 3690 5068 disponere-

2127 5085 2228 5142 tur
2265 5098 2410 5140 cum
2459 5079 2686 5159 aequali
2729 5079 3120 5154 intension03
3175 5081 3326 5160 qnia
3381 5081 3690 5142 moraliter

2128 5173 2448 5254 loquendo
2493 5173 2600 5234 illa
2661 5173 2834 5254 prior
2881 5179 2976 5235 est
3025 5174 3296 5235 nobilior
3353 5174 3684 5255 dispositio,

2129 5270 2456 5348 magisque
2481 5269 2608 5330 Deo
2638 5269 2884 5349 placita.
2917 5269 2994 5330 Et
3015 5269 3156 5330 ideo
3181 5269 3456 5332 fortasse
3485 5289 3563 5331 ex
3583 5272 3682 5332 hoc

2127 5361 2332 5442 capite
2381 5361 2666 5424 accidere
2727 5367 2936 5440 potest
2973 5367 3044 5422 ut
3090 5363 3294 5442 gratia
3337 5362 3684 5426 infundatur

2127 5455 2431 5516 intensior
2457 5471 2646 5533 quam
2679 5454 2760 5518 sit
2784 5453 3010 5534 aliquis
3051 5457 3230 5516 aetus
3275 5456 3363 5517 ad
3393 5456 3681 5536 integ-ram

2127 5547 2600 5628 dispositionem
2627 5565 3030 5622 concurrens,
3053 5547 3203 5628 quia
3227 5549 3562 5613 multitudo
3591 5567 3678 5611 ac-
