3850 6225
512 361 594 422 94

510 462 821 526 distinctio
854 460 1005 524 mali
1028 468 1203 523 actus
1227 460 1599 538 voluntatis3
1630 479 1778 523 nam
1818 459 2072 541 quidam

512 564 604 620 est
628 557 959 618 intrinsece
995 554 1199 616 malus
1228 573 1305 616 ex
1332 553 1571 634 objecto
1614 573 1655 616 a
1693 573 1815 636 quo
1842 560 1937 615 est
1979 555 2074 614 in-

512 650 872 734 separabilis
914 649 1175 724 malitia,
1206 650 1259 712 si
1289 649 1567 710 humano
1608 648 1815 723 modo,
1843 645 1907 708 id
1954 652 2070 720 est,

512 746 705 809 libere
730 749 794 806 et
819 759 963 804 cum
988 743 1329 806 sufficiente
1359 743 1711 824 cognitione
1732 741 1883 819 fiat3
1912 741 2073 803 alius

510 857 662 902 vero
692 844 787 901 est
812 855 891 900 ex
926 855 991 900 se
1036 837 1420 914 indifferens,
1462 854 1569 898 seu
1602 835 1801 898 honus
1850 853 1929 898 ex
1963 834 2072 896 oh-

504 935 693 1014 jecto,
748 933 855 1012 qui
902 937 1112 994 tamen
1152 949 1231 994 ex
1271 930 1513 992 defectu
1553 929 1863 1010 operantis
1908 928 2071 990 male

512 1027 607 1103 fit,
633 1045 673 1087 a
698 1045 823 1106 quo
852 1031 993 1088 actu
1022 1030 1115 1086 est
1155 1022 1515 1104 separabilis
1549 1023 1813 1098 malitia,
1848 1028 1922 1082 ut
1963 1040 2073 1102 per

512 1139 577 1182 sc
605 1124 859 1182 constat.
894 1117 1226 1179 Difficultas
1250 1116 1445 1196 igitur
1488 1133 1755 1196 praesens
1799 1115 2072 1176 maxime

512 1213 759 1276 videtur
804 1211 1036 1274 versari
1076 1210 1236 1272 circa
1275 1209 1509 1290 priores
1552 1213 1745 1284 actus,
1786 1206 2074 1270 videlicet

512 1307 849 1369 intrinsece
879 1303 1109 1381 malos3
1138 1304 1309 1384 quia,
1340 1319 1485 1364 cum
1507 1301 1575 1362 in
1602 1301 1740 1364 aliis
1767 1301 1958 1380 possit
1979 1319 2071 1362 se-

513 1401 719 1483 parari
746 1405 915 1461 actus
944 1416 985 1460 a
1018 1397 1277 1472 malitia,
1320 1413 1451 1458 non
1492 1394 1741 1457 videtur
1783 1411 1915 1456 esse
1955 1393 2072 1454 dif-

513 1494 756 1556 ficultas
797 1492 950 1572 quin
1001 1491 1195 1571 possit
1237 1491 1397 1552 Deus
1446 1505 1694 1550 movere
1720 1487 1801 1548 ad
1836 1492 2068 1563 actum,

513 1605 643 1648 non
668 1585 974 1648 movendo
1002 1585 1079 1646 ad
1118 1582 1441 1646 malitiam.
1474 1582 1590 1644 Sed
1621 1579 1767 1642 licet
1800 1581 1869 1642 in
1908 1580 2074 1661 prio·

512 1680 686 1742 ribus
712 1679 949 1741 actibus
975 1677 1199 1740 clarior
1231 1682 1524 1758 appareat
1566 1674 1917 1752 difficultas,
1963 1692 2074 1737 seu

514 1773 949 1854 repugnantia,
992 1772 1045 1832 si
1074 1781 1285 1832 tamen
1322 1771 1399 1833 de
1451 1769 1889 1851 posterioribus
1929 1788 2072 1832 cum

514 1867 723 1930 dehita
760 1866 1155 1948 proportione
1183 1865 1534 1946 loquamur,
1577 1864 1792 1926 eadem
1831 1863 1907 1926 de
1949 1863 2074 1924 illis

516 1962 635 2023 erit
661 1961 843 2036 rati0,
875 1977 1077 2040 neque
1108 1958 1228 2022 erit
1266 1958 1545 2020 hocloco
1574 1958 1916 2020 necessaria
1951 1957 2075 2018 dis·

520 2054 756 2116 tinctio.
800 2055 1014 2134 Itaque
1060 2052 1381 2116 advertere
1426 2055 1689 2132 oportet,
1716 2051 2075 2132 contingere

481 2205 489 2212 .
517 2165 691 2227 posse
721 2152 794 2207 ut
828 2153 1000 2208 actus
1030 2146 1107 2208 de
1144 2163 1211 2206 se
1256 2152 1319 2207 et
1352 2163 1431 2207 ex
1467 2161 1577 2206 sua
1614 2144 1817 2224 specie
1860 2151 1923 2206 et
1973 2143 2080 2204 ob-

512 2242 677 2320 jecto
704 2239 785 2302 sit
805 2239 1185 2315 indifferens,
1216 2237 1373 2299 mihi
1414 2247 1626 2301 autem
1667 2235 1771 2298 hic
1811 2243 1874 2298 et
1908 2255 2079 2300 nunc

516 2351 645 2395 non
672 2333 753 2396 sit
793 2331 1175 2408 indifferens,
1206 2330 1315 2394 sed
1340 2330 1725 2411 prohibitus3
1757 2331 1846 2392 ita
1870 2335 1943 2392 ut
1963 2347 2080 2410 ego

516 2443 645 2486 non
675 2424 905 2504 possim
927 2424 1029 2486 hic
1056 2431 1117 2485 et
1143 2441 1309 2486 nunc
1334 2423 1511 2484 illum
1541 2422 1799 2485 honeste
1825 2441 2078 2486 exerce-

512 2537 607 2580 re.
636 2518 1005 2598 Contingere
1032 2517 1219 2580 etiam
1259 2522 1461 2598 potest
1496 2523 1569 2578 ut
1594 2521 1769 2578 actus
1796 2535 1874 2577 ex
1902 2534 1992 2592 se,
2017 2522 2080 2579 et

515 2630 627 2673 sua
662 2612 885 2692 specie,
916 2617 978 2672 ct
1013 2617 1295 2691 respectu
1322 2611 1447 2672 mei
1477 2609 1580 2673 hic
1625 2617 1687 2672 et
1733 2628 1901 2676 nunc
1935 2627 2080 2690 ope·

514 2705 735 2780 rantis,
762 2705 843 2766 sit
868 2703 1253 2779 indifferens,
1278 2722 1353 2764 ac
1370 2703 1625 2766 honeste
1649 2704 1919 2766 exerceri
1943 2721 2080 2784 pos·

516 2800 617 2876 sit,
647 2797 789 2862 licet
818 2797 1070 2860 iortasse
1096 2815 1174 2858 ex
1214 2813 1405 2878 prava
1448 2796 1795 2859 intentione
1822 2815 1932 2858 seu
1969 2815 2079 2860 vo·

504 2889 758 2954 luntate
806 2909 945 2954 mea
1010 2891 1174 2952 male
1222 2892 1303 2952 sit
1371 2889 1765 2952 exercendus.
1819 2890 2078 2964 Quando

516 2991 690 3047 actus
731 2990 825 3046 est
866 2984 1065 3046 malus
1091 2983 1209 3044 hoc
1234 2983 1559 3063 posteriori
1586 2983 1794 3059 modo,
1824 3001 1954 3045 non
1986 2990 2079 3044 est

516 3077 777 3139 dubium
804 3077 957 3159 quin
986 3076 1176 3157 possit
1206 3077 1364 3137 Deus
1408 3074 1730 3139 hominem
1777 3074 1858 3137 ad
1897 3075 2078 3137 illum

515 3171 817 3234 inclinare
854 3188 965 3233 seu
996 3187 1268 3245 movere,
1298 3169 1519 3233 morali
1564 3169 1749 3231 modo
1794 3170 2078 3249 superius

518 3264 822 3345 explicato
840 3311 855 3337 ,
914 3263 1157 3325 etiamsi
1208 3262 1544 3343 praevideat
1602 3264 1761 3325 Deus
1808 3262 1944 3324 fore
2007 3269 2080 3324 ιιι

520 3357 709 3421 homo
757 3356 845 3419 sic
886 3361 1093 3417 motus
1138 3363 1201 3419 et
1248 3356 1549 3417 excitatus
1578 3374 1706 3419 non
1746 3355 1927 3433 bene,
1971 3356 2078 3419 sed

514 3450 679 3512 male
722 3450 803 3511 sit
849 3448 1031 3511 illum
1075 3453 1287 3509 actum
1328 3448 1653 3510 effecturus
1669 3464 1691 3527 3
1734 3448 1881 3527 quia
1929 3455 2080 3511 tunc

516 3545 675 3606 Deus
707 3561 835 3605 non
870 3540 1133 3603 inclinat
1160 3541 1283 3603 nisi
1308 3541 1389 3603 ad
1411 3540 1671 3619 bonum,
1696 3540 1861 3622 quod
1890 3540 2078 3603 homo

514 3636 618 3699 hic
642 3642 707 3699 et
740 3654 933 3713 nunc,
976 3641 1042 3699 et
1085 3640 1271 3715 prout
1303 3652 1343 3697 a
1381 3635 1505 3697 Deo
1534 3641 1840 3712 movetur,
1867 3643 2074 3715 posset

514 3730 676 3792 bene
704 3747 988 3793 exercere
1000 3752 1020 3806 ς
1050 3731 1103 3790 si
1142 3732 1352 3789 autem
1396 3726 1585 3789 homo
1612 3728 1741 3808 ipse
1770 3728 2074 3791 malitiam

516 3824 844 3904 adjungat,
874 3828 964 3885 est
995 3840 1074 3885 ex
1112 3821 1243 3885 sola
1274 3819 1559 3883 libertate
1587 3838 1723 3897 sua,
1754 3826 1817 3883 et
1843 3840 1954 3902 per
1976 3840 2076 3883 ac-

516 3917 727 3979 cidens
754 3924 1035 3999 respectu
1064 3916 1191 3978 Dei.
1224 3916 1347 3977 Nec
1374 3914 1603 3977 mirum
1646 3920 1738 3975 est
1766 3915 1932 3995 quod
1960 3915 2077 3977 hoc

515 4012 708 4092 possit
738 4012 934 4090 Deus3
976 4028 1125 4073 nam
1174 4016 1238 4073 et
1285 4008 1473 4071 homo
1510 4008 1825 4071 interdum
1864 4008 1930 4069 id
1969 4027 2078 4089 po-

514 4109 637 4167 test
684 4102 941 4166 honeste
990 4103 1191 4165 facere
1214 4146 1233 4177 ‚
1270 4108 1344 4163 ut
1394 4118 1541 4163 cum
1595 4117 1674 4163 ex
1724 4100 2078 4165 rationabili

515 4214 699 4259 causa
742 4196 1027 4277 precibus
1067 4196 1340 4277 aliquem
1384 4194 1626 4258 inducit
1667 4194 1747 4255 ad
1784 4198 2079 4259 mutuan-

514 4292 667 4353 dum
696 4298 805 4353 aut
824 4291 1189 4373 jurandum,
1216 4308 1403 4370 quem
1428 4288 1545 4351 scit
1576 4294 1688 4350 aut
1720 4307 1938 4350 usuras
1973 4306 2078 4369 pe-

514 4386 801 4460 titurum,
828 4390 939 4445 aut
960 4403 1073 4465 per
1097 4383 1283 4447 falsos
1303 4383 1457 4445 Deos
1470 4381 1847 4461 juraturum.
1873 4383 2078 4445 Potest

515 4494 663 4557 ergo
693 4477 851 4539 Deus
876 4476 1069 4539 simili
1088 4474 1273 4538 modo
1300 4474 1623 4537 hominem
1650 4474 1731 4536 ad
1756 4478 1964 4537 actum
1982 4474 2078 4537 in·-

515 4571 771 4647 clinare,
801 4577 865 4633 et
890 4575 1043 4633 tunc
1071 4575 1239 4633 recte
1261 4569 1489 4631 dicitur
1511 4585 1763 4631 movere
1796 4574 1861 4631 et
1898 4568 2077 4631 incli-

513 4682 667 4725 nare
705 4663 783 4725 ad
812 4670 1016 4727 actum
1030 4709 1051 4741 ,
1086 4669 1151 4725 et
1176 4661 1535 4743 permittere
1561 4661 1885 4723 malitiam.
1918 4661 2076 4735 Qua-

514 4763 769 4837 propter
790 4756 869 4818 de
913 4756 1033 4819 hoc
1076 4772 1305 4837 genere
1334 4755 1629 4816 motionis
1654 4771 1783 4815 non
1804 4754 2079 4835 disputa-

514 4868 679 4926 mus,
710 4851 995 4930 quamvis
1021 4850 1328 4913 deservire
1353 4848 1545 4928 possit
1570 4846 1652 4909 ad
1680 4846 1887 4927 aliqua
1909 4848 2080 4909 testi-

515 4943 731 5005 monia
755 4942 1145 5024 explicanda,
1188 4948 1261 5003 ut
1288 4941 1489 5021 capite
1518 4941 1801 5021 sequenti
1844 4940 2081 5003 videbi-

514 5054 680 5097 mus.
710 5037 793 5098 At
808 5054 958 5097 vero
985 5035 1235 5115 quando
1258 5040 1435 5096 actus
1456 5050 1585 5094 non
1607 5039 1702 5094 est
1718 5034 2080 5095 indifferens

516 5136 799 5209 respectu
840 5128 1113 5193 hominis
1145 5127 1247 5190 hic
1276 5134 1339 5191 et
1370 5144 1542 5189 nunc
1582 5125 1903 5189 moraliter
1936 5145 2084 5208 ope-

513 5223 733 5299 rantis,
762 5222 933 5301 quia,
956 5222 1279 5297 nimirum,
1304 5238 1435 5283 non
1464 5224 1661 5299 potest
1684 5218 1763 5281 ab
1786 5219 1897 5281 illo
1918 5218 2080 5283 bene

516 5316 809 5391 exerceri,
840 5314 1157 5395 supposita
1192 5314 1472 5388 scientia,
1502 5312 1910 5389 adven-tentia,
1941 5332 2081 5395 pro-

514 5406 819 5471 hibitione
848 5415 910 5469 et
936 5406 1074 5469 aliis
1100 5405 1561 5469 conditionibus
1584 5423 1721 5485 quae
1749 5404 1931 5469 illum
1959 5408 2079 5468 cir-

514 5506 850 5579 cumstant,
876 5506 1027 5564 tunc
1052 5500 1461 5581 impertinens
1490 5504 1585 5560 est
1606 5497 1773 5579 quod
1800 5504 1974 5561 actus
1997 5499 2079 5561 sit

1068 357 1279 412 OPUSC.
1315 360 1354 422 1,
1389 359 1506 413 Lm.
1540 359 1603 414 n.
1637 358 1720 414 m:
1752 349 2073 412 CONCURSU
2105 357 2209 412 nm
2240 361 2325 414 An
2356 359 2556 414 AcTus
2588 356 2836 412 onnms
2863 357 3150 410 NATURAE.

2151 461 2484 524 intrinsece
2511 459 2732 538 malus,
2773 479 2884 524 seu
2910 461 3254 542 prohibitus
3285 463 3432 545 quia
3468 461 3698 524 malus
3719 502 3742 532 ,

2152 554 2254 617 vel
2279 555 2469 636 quod,
2501 573 2538 618 e
2567 556 2902 630 contrario,
2933 573 3010 616 ex
3049 558 3250 636 specie
3281 576 3396 619 sua
3422 557 3507 618 sit
3532 551 3748 616 indif-

2150 647 2379 724 ferens,
2409 654 2472 710 et
2506 666 2676 710 nunc
2716 646 2916 709 malus
2945 648 3093 727 quia
3131 649 3524 729 prohibitus;
3571 662 3748 708 nam

2151 741 2219 802 in
2247 757 2314 802 re
2341 747 2471 802 tam
2498 747 2591 802 est
2609 739 3031 821 inseparabilis
3059 742 3298 804 malitia
3318 743 3397 804 ab
3430 741 3544 803 illo
3573 745 3746 800 actu

2152 832 2257 894 hic
2303 840 2366 896 et
2412 853 2602 909 nunc,
2631 839 2696 896 et
2735 851 2864 894 non
2907 835 3162 895 mutatis
3207 832 3742 904 circumstantiis,

2151 926 2312 990 sicut
2339 927 2418 988 ab
2451 934 2592 989 actu
2621 926 2954 988 intrinsece
2981 926 3187 1003 malo;
3215 928 3368 1000 imo,
3399 928 3450 988 si
3480 929 3748 986 attente

2151 1038 2249 1082 res
2275 1020 2718 1096 consideretur,
2748 1019 3207 1098 quodammodo
3229 1020 3350 1082 dici
3377 1025 3580 1100 potest
3627 1015 3752 1076 ille

2153 1119 2344 1190 actus,
2368 1113 2530 1176 sacta
2543 1113 2650 1174 illa
2667 1113 3112 1192 suppositione,
3133 1113 3466 1176 intrinsece
3491 1110 3748 1184 maius-‚3

2153 1206 2303 1285 quia
2321 1205 2651 1268 intrinsece
2671 1205 2908 1266 malum
2931 1210 3026 1266 est
3053 1204 3248 1266 facere
3271 1205 3434 1286 quod
3461 1216 3560 1266 est
3583 1220 3750 1282 pro-

2152 1297 2446 1374 hibitum,
2497 1298 2764 1360 durante
2814 1303 2878 1358 et
2921 1296 3238 1376 obligante
3273 1296 3744 1377 prohibitione.

2153 1391 2230 1452 Et
2253 1389 2372 1452 hoc
2413 1409 2600 1454 sensu
2637 1391 2706 1452 in
2733 1389 3092 1452 universum
3117 1389 3433 1471 loquimur
3457 1389 3540 1451 de
3573 1386 3752 1448 aeti-

2155 1481 2272 1545 bus
2299 1483 2504 1548 malis.

2153 1687 2262 1754 Aa
2281 1691 2542 1770 f⁰ffl⁰²⁶
2565 1691 2746 1774 (92‘0‘z
2767 1689 2968 1772 aiunt)
2993 1691 3228 1772 peccati
3255 1691 3446 1755 Deum
3472 1687 3748 1752 nullam

2229 1785 2758 1944 fffissmmn
2791 1785 3178 1862 voluntatem,
3221 1784 3430 1848 divina
3463 1785 3597 1863 fide
3645 1789 3752 1846 te-

2237 2057 2300 2117 5.
2329 2055 2416 2118 De
2436 2051 2535 2116 his
2554 2070 2706 2134 ergo
2723 2051 2961 2116 actibus
2981 2052 3182 2132 malis,
3201 2053 3402 2134 quoad
3427 2053 3750 2127 formale,

2157 2165 2286 2210 non
2313 2153 2408 2210 est
2438 2148 2856 2210 controversia
2881 2146 3048 2208 inter
3071 2145 3432 2210 catholicos.
3455 2149 3558 2210 Sit
3573 2163 3752 2225 ergo
3820 2207 3821 2210 ,

2157 2241 2235 2304 de
2278 2241 2402 2304 fide
2445 2251 2685 2304 certum
2702 2287 2724 2318 ,
2771 2231 2969 2304 De'um
3005 2258 3136 2303 non
3175 2241 3754 2321 proedeterminare

2157 2333 2565 2411 voluntatem,
2597 2351 2803 2414 neque
2828 2333 2959 2396 ullo
2985 2333 3170 2395 modo
3209 2333 3384 2396 illam
3415 2334 3756 2395 inclinare

2157 2428 2238 2489 ad
2285 2426 2548 2490 formale
2580 2427 2842 2508 peccati.
2895 2428 3026 2490 Hoc
3069 2428 3346 2507 sequitur
3388 2443 3465 2488 ex
3519 2427 3760 2504 prima

2159 2519 2578 2600 suppositione
2622 2511 2784 2582 facta
2815 2522 3018 2602 capite
3045 2519 3439 2601 praecedenti,
3483 2525 3552 2580 et
3593 2537 3756 2578 otn-

2157 2613 2265 2676 nia
2277 2631 2416 2694 quae
2429 2611 2784 2690 afferem11S‚
2807 2611 2928 2675 boc
2949 2613 3295 2676 evidentius
3313 2613 3753 2674 convincunt.

2157 2706 2320 2781 Quin
2347 2707 2551 2793 potius
2577 2723 2780 2786 neque
2810 2705 3088 2768 haeretici
3121 2705 3236 2766 boc
3257 2711 3532 2784 negant3
3563 2705 3760 2766 bene

2159 2801 2325 2863 enim
2351 2809 2582 2862 norunt
2609 2818 2723 2862 nec
2741 2800 2936 2862 Deum
2959 2817 3134 2880 po&
3151 2798 3470 2861 intendere
3493 2799 3764 2859 forma-

2157 2893 2218 2956 le
2253 2893 2510 2974 peccati,
2539 2911 2656 2955 nec
2692 2891 2996 2954 inclinare
3033 2891 3419 2962 voluntatem
3448 2891 3763 2952 hominis

2157 2993 2232 3049 ut
2271 2986 2427 3048 illud
2459 2985 2764 3048 intendat.
2819 2986 3166 3065 Utrumque
3206 2986 3378 3046 enim
3415 2991 3766 3064 repugnat

2159 3079 2420 3143 bonitati
2447 3079 2602 3160 ejus,
2642 3079 2771 3141 imo
2815 3086 2880 3141 et
2907 3077 3213 3141 voluntati
3247 3079 3544 3155 hominis,
3595 3095 3764 3158 quae

2156 3192 2285 3236 non
2308 3180 2598 3255 operatur
2623 3172 2950 3234 intendens
2977 3172 3058 3234 ad
3087 3172 3358 3251 malum3
3379 3190 3580 3251 quare
3619 3189 3760 3231 nec

2155 3268 2400 3329 daemon
2434 3266 2564 3347 ipse
2601 3264 2720 3327 hoc
2760 3264 2946 3327 modo
3001 3265 3242 3327 inducit
3277 3264 3611 3326 hominem
3663 3264 3760 3325 ad

2156 3359 2560 3440 peccandum,
2591 3358 2876 3438 quamvis
2898 3358 3030 3438 ipse
3051 3376 3270 3419 revera
3291 3357 3580 3419 intendat
3599 3358 3762 3436 lap-

2155 3470 2294 3514 sum
2341 3456 2404 3515 et
2430 3453 2695 3527 ,ruinam
2740 3450 3031 3526 hominis,
3089 3456 3154 3512 et
3193 3451 3383 3530 ipsius
3413 3450 3524 3511 Dei
3560 3450 3668 3528 inj
3677 3469 3762 3511 ιι-

2157 3548 2341 3623 riam,
2366 3562 2557 3626 quam
2597 3546 2756 3607 Deus
2783 3562 2912 3605 non
2944 3549 3144 3625 potest
3179 3543 3506 3605 intendere
3521 3559 3546 3621 ;
3575 3562 3762 3604 nam

2157 3640 2276 3703 hoc
2309 3639 2528 3701 saltem
2547 3638 2733 3702 modo
2758 3638 2902 3699 odio
2933 3644 3026 3699 est
3052 3636 3144 3697 illi
3167 3636 3396 3717 impius
3417 3644 3480 3698 et
3503 3637 3764 3715 impie-

2153 3740 2250 3797 tas
2275 3733 2433 3813 ejus,
2461 3738 2545 3809 et,
2576 3750 2720 3795 cum
2746 3730 2960 3793 omnia
2983 3736 3237 3812 propter
3273 3730 3552 3810 seipsum
3579 3749 3762 3810 ope-

2154 3831 2330 3889 retur
2341 3832 2406 3887 et
2417 3824 2589 3901 velit,
2613 3823 3103 3887 deformitatem'
3086 3840 3286 3903 ipsam
3300 3823 3534 3903 peccati
3549 3822 3762 3885 nullo

2157 3918 2344 3982 modo
2387 3924 2586 3999 potest
2612 3923 2864 4025 propter
2907 3934 2972 3979 se
3017 3915 3199 3992 velle,
3249 3934 3396 3977 cum
3430 3916 3768 3977 consistat

2157 4011 2429 4091 maxime
2447 4011 2514 4073 in
2529 4010 2852 4075 aversione
2875 4010 3132 4090 abipso.
3155 4010 3365 4089 Itaque
3379 4008 3456 4070 de
3471 4008 3764 4079 formali

2157 4106 2394 4186 peccati
2445 4104 2606 4166 nihil
2649 4104 2920 4185 amplius
2959 4102 3165 4165 dicere
3199 4104 3478 4183 oportet·
3459 4145 3480 4179 ,
3527 4108 3626 4177 et,
3667 4122 3766 4165 ne

2159 4199 2384 4279 saepius
2411 4198 2478 4259 id
2499 4203 2777 4279 repetere
2809 4214 3056 4261 necesse
3087 4196 3194 4273 sit,
3223 4213 3336 4277 per
3361 4207 3576 4257 actum
3601 4214 3764 4257 ma-

2157 4290 2290 4353 lum
2319 4308 2564 4372 semper
2591 4290 2910 4353 materiale
2939 4288 3382 4367 iutelligemus.

2236 4386 2298 4447 6.
2343 4384 2451 4447 Aa
2493 4384 2725 4463 peccati
2765 4388 2966 4447 actum
3003 4382 3240 4445 nullam
3277 4381 3444 4445 Deus
3488 4380 3768 4445 inducit

2155 4477 2542 4543 suasionibus
2557 4476 2942 4552 voluntatem,
2959 4474 3192 4537 nullam
3208 4474 3474 4537 attrahit
3497 4476 3770 4539 excita—

2157 4570 2444 4645 tionibus,
2467 4568 2678 4633 Jacob.
2711 4571 2769 4631 1.
2795 4600 2880 4615 —
2901 4568 3132 4631 Rursus
3163 4566 3451 4629 existimo
3476 4583 3622 4627 esse
3671 4566 3770 4629 de

2159 4662 2280 4725 fide
2316 4668 2580 4738 certum,
2607 4664 2807 4725 Deum
2833 4680 2962 4723 non
2999 4678 3252 4723 movere
3279 4660 3568 4721 homines
3599 4677 3772 4721 mo-

2158 4754 2276 4817 rali
2303 4756 2487 4817 modo
2525 4774 2716 4834 supra
2743 4754 3046 4835 explicato
3091 4752 3173 4814 ad
3217 4758 3390 4814 actus
3423 4751 3638 4813 malos
3691 4758 3772 4814 et

2160 4854 2436 4928 peccata.
2467 4848 2724 4911 Nullum
2765 4866 2866 4909 me
2889 4846 3192 4909 hactenus
3213 4844 3436 4925 legisse
3459 4846 3766 4907 memini

2160 4941 2541 5005 Catholicum
2583 4940 2922 5017 doctorem,
2965 4940 3074 5020 qui
3109 4941 3186 5001 de
3223 4940 3342 5000 hac
3383 4938 3766 5003 assertione

2160 5053 2231 5097 ac
2275 5035 2582 5099 sententia
2623 5033 3038 5111 dubitaverit3
3081 5031 3190 5095 sed
3235 5048 3374 5093 eam
3405 5048 3540 5091 non
3573 5049 3772 5110 111·ae-

2159 5128 2532 5191 mittendam
2559 5126 2742 5202 duxi,
2771 5126 2920 5206 quia
2953 5132 3016 5187 et
3043 5124 3125 5186 ad
3155 5142 3232 5187 ea
3263 5141 3402 5204 quae
3447 5122 3770 5189 dicemus

2159 5219 2500 5302 plurimum
2523 5218 2820 5295 conferet,
2845 5222 2908 5279 et
2919 5217 3001 5279 ad
3025 5216 3500 5295 intelligendum
3531 5234 3772 5295 quan—

2157 5320 2296 5377 tum
2321 5311 2616 5387 Catholici
2657 5310 2914 5393 quidam
2949 5311 3070 5373 viri
3104 5310 3172 5373 in
3207 5308 3594 5389 exponendis
3647 5330 3770 5374 sa-

2161 5406 2282 5467 cris
2321 5404 2651 5486 scripturis
2693 5410 2762 5465 et
2795 5402 2991 5465 sancti
3034 5402 3368 5482 Augustini
3401 5405 3770 5469 sententiis

2157 5499 2226 5560 in
2253 5499 2373 5560 ista
2399 5498 2662 5561 materia
2683 5496 3168 5573 hallucinentur,
3212 5503 3285 5558 ut
3309 5494 3481 5556 illam
3513 5494 3770 5575 physi-
