3850 6225
550 411 670 474 564

551 516 698 579 dem
733 533 922 596 quam
951 533 1120 598 saepe
1147 518 1486 600 tetigimus,
1509 521 1658 600 quia
1681 522 1849 583 Deus
1879 519 2120 600 absque

552 610 968 692 promissione
999 630 1128 673 non
1153 621 1358 692 potest
1385 615 1674 676 constitui
1703 613 1952 678 debitor
1976 614 2122 676 sim-

551 705 816 786 pliciter,
841 705 926 766 ita
967 711 1038 766 ut
1071 707 1149 767 sit
1179 707 1450 786 injustus
1473 709 1769 790 negando
1799 708 2115 782 debitum3

545 799 788 880 justitia
829 805 1040 860 autom
1069 803 1343 881 propria,
1378 803 1456 866 de
1493 821 1616 883 qua
1646 803 1836 866 locuti
1873 821 2116 878 sumus,

551 893 694 954 talis
725 895 914 954 estut
945 892 1107 954 hanc
1132 896 1568 958 necessitatem
1598 896 1788 959 debiti
1813 896 2116 958 includat.

553 987 627 1048 Et
649 985 1056 1048 confirmatur
1078 1005 1114 1047 a
1139 988 1346 1064 simili,
1361 1007 1507 1050 nam
1527 991 1720 1052 bomo
1733 989 1833 1052 vel
1854 989 2118 1070 angelus

551 1079 823 1160 in-puris
863 1081 1252 1142 naturalibus
1297 1089 1543 1144 creatus
1571 1101 1686 1164 per
1721 1083 1886 1146 bona
1926 1099 2119 1163 opera

551 1173 816 1235 moralia
863 1179 926 1234 et
969 1175 1395 1236 connaturalia
1456 1183 1734 1239 meretur
1781 1175 2117 1238 beatitudi-

553 1285 700 1330 nem
735 1266 1109 1341 naturalem,
1149 1269 1252 1330 vel
1281 1269 1534 1350 aliquod
1573 1269 1744 1332 aliud
1787 1271 2117 1350 praemium

551 1361 1091 1442 proportionatum
1123 1362 1350 1422 talibus
1382 1363 1711 1442 operibus;
1749 1369 1993 1426 certum
2022 1368 2117 1426 est

553 1459 766 1516 autem
805 1471 934 1516 non
961 1453 1178 1516 deberi
1217 1455 1337 1516 illis
1372 1474 1446 1518 ex
1489 1458 1697 1537 aliqua
1717 1456 1980 1539 justitia.
2020 1455 2118 1519 Ad

553 1547 848 1608 eumdem
875 1563 1026 1608 vero
1055 1547 1312 1608 modum
1337 1549 1764 1630 comparanda
1797 1555 1946 1613 sunt
1972 1567 2119 1631 ope-

553 1659 624 1706 ra
665 1639 1068 1721 procedentia
1116 1660 1192 1702 ex
1232 1641 1430 1722 gratia
1482 1643 1564 1704 ad
1607 1645 1931 1724 praemium
1977 1645 2119 1708 vitae

551 1740 815 1808 aeternae,
851 1733 1090 1795 seclusa
1111 1735 1557 1813 promissione;
1591 1743 1756 1800 esset
1781 1755 1933 1820 ergo
1966 1743 2117 1799 tunc

552 1827 964 1908 condignitas,
987 1828 1086 1889 vel
1115 1829 1303 1890 etiam
1326 1848 1438 1891 suo
1463 1831 1654 1893 modo
1671 1831 1997 1912 aequalitas
2026 1833 2117 1892 in·

555 1927 653 1982 ter
683 1939 841 2001 opus
883 1923 1293 1997 meritorium,
1327 1931 1392 1986 et
1420 1926 1710 1987 meritum
1739 1925 2111 2006 proemium3

551 2022 917 2078 nontamen
957 2021 1121 2076 esset
1147 2035 1294 2078 vera
1322 2018 1562 2098 justitia
1605 2017 1884 2098 exfparte
1907 2019 2023 2082 Dei
2048 2019 2116 2080 in

551 2107 718 2170 illius
745 2108 1174 2172 retributione.

1175 2331 1391 2386 senno
1415 2333 1497 2386 tv.

554 2505 618 2544 nt
639 2505 713 2543 ⁸1⁸!
739 2504 790 2542 m
809 2501 908 2542 Dm
926 2501 1132 2542 'uentu
1153 2499 1372 2550 ικλιίί,
1395 2501 1494 2539 m
1509 2499 1626 2540 ΔιΙΑ
1645 2501 1738 2540 m
1769 2501 1906 2548 ΟΒΔΙ
1923 2501 2121 2542 “lm

803 2579 995 2618 ’unu
1022 2578 1289 2618 tmtmn
1317 2577 1508 2624 Amul
1531 2577 1866 2618 mon}-

639 2769 697 2828 1.
727 2763 950 2827 Prima
989 2759 1306 2826 sententia.
1333 2793 1416 2810 --
1441 2761 1768 2842 Rejioieur.
1797 2791 1884 2808 —
1907 2759 2125 2834 Quaes-

553 2857 642 2922 tio
676 2859 810 2919 haec
841 2857 1070 2936 optime
1107 2857 1170 2915 in
1199 2854 1368 2916 bunc
1397 2855 1606 2917 locum
1645 2853 1831 2928 cadit,
1875 2859 1947 2916 ut
1984 2861 2125 2935 post

548 2953 823 3034 justitias
853 2948 1260 3030 particulares
1303 2947 1540 3028 aliquid
1577 2947 1766 3008 etiam
1811 2946 1892 3010 de
1931 2965 2127 3027 gene-

555 3045 670 3107 rali
709 3044 1010 3105 dicamus.
1066 3042 1478 3121 Nasciturque
1523 3059 1800 3121 praesens
1859 3043 2123 3123 quaestio

557 3158 634 3201 ex
665 3137 1046 3199 resolutione
1083 3136 1382 3215 proximoe
1421 3135 1852 3213 dubitationis,
1889 3137 1959 3199 in
1996 3154 2123 3217 qua

555 3233 810 3311 petitur,
841 3229 1093 3309 quando
1117 3246 1248 3291 non
1281 3228 1578 3307 praecedit
1603 3223 1935 3309 promissio
1972 3230 2126 3293 dan-

555 3326 620 3387 di
670 3326 1002 3405 praemium
1045 3324 1146 3384 ‘vel
1191 3322 1638 3402 proprietatem
1677 3328 1916 3387 naturm
1954 3323 2127 3385 debi-

555 3422 686 3479 tam
714 3462 731 3491 ,
793 3436 830 3479 a
885 3433 1164 3495 quanam
1223 3414 1450 3477 virtute
1501 3432 1614 3477 seu
1659 3416 1957 3479 attributo
2012 3418 2127 3479 Dei

555 3512 698 3573 talis
732 3511 896 3573 actio
939 3508 1260 3589 procedat.
1309 3508 1381 3569 In
1423 3524 1550 3587 qua
1595 3526 1666 3571 re
1709 3516 1805 3572 est
1847 3510 2127 3591 vulgaris

555 3602 882 3684 responsio
931 3602 1244 3682 pertinere
1297 3602 1658 3681 hujusmodi
1715 3604 1995 3666 actiones
2044 3603 2127 3665 ad

556 3695 896 3781 quamdam
937 3696 1244 3775 justitiam
1287 3694 1400 3757 Dei
1447 3696 1574 3756 late
1617 3700 1954 3777 sumptam,
1986 3716 2127 3779 quae

559 3790 712 3853 nihil
739 3796 834 3851 est
881 3788 1052 3850 aliud
1079 3806 1271 3868 quam
1305 3788 1592 3850 decentia
1637 3788 1866 3851 divium
1903 3790 2127 3851 volun-

557 3886 722 3957 tatis,
749 3884 928 3964 juxta
967 3883 1340 3944 sententiam
1371 3880 1648 3944 Auselmi
1685 3882 1750 3943 in
1774 3882 2123 3964 Prosolog.‚
2151 3960 2159 3969 α

559 3996 698 4057 cap.
754 3978 854 4049 10,
896 3975 1197 4037 dicentis:
1229 3972 1330 4038 Aa
1375 3976 1563 4050 Dm,
1601 3977 1820 4054 jutus
1879 3992 1965 4051 es,
2008 3992 2130 4038 non

559 4070 704 4154 quia
727 4066 928 4133 reddis
952 4070 1110 4151 quod
1129 4069 1315 4142 debes,
1356 4068 1466 4133 sed
1505 4070 1650 4151 quia
1671 4068 1836 4147 sacis
1859 4071 2020 4153 quod
2036 4071 2131 4133 de-

560 4167 652 4227 cet
680 4167 756 4235 te,
786 4162 1016 4226 eumn'w
1041 4162 1254 4225 bonum
1267 4186 1295 4234 ,·
1322 4160 1428 4223 ubi
1457 4162 1704 4223 secluso
1749 4161 1961 4223 debito
1998 4180 2126 4223 non

562 4254 844 4337 agnoscit
873 4254 1062 4315 aliam
1086 4254 1413 4334 justitiam,
1441 4254 1562 4315 nisi
1589 4253 1945 4317 decentiam
1972 4254 2128 4315 divi-

561 4366 660 4409 nae
685 4348 1042 4408 voluntatis.
1063 4348 1210 4407 Haec
1223 4364 1372 4409 vero
1392 4347 1719 4427 responsio
1735 4346 1922 4409 nimis
1936 4364 2127 4428 gene·

561 4440 710 4502 ralis
743 4446 867 4512 est;
909 4458 1082 4513 nam,
1109 4446 1182 4500 ut
1205 4445 1374 4501 recte
1405 4440 1641 4502 notavit
1683 4440 1929 4515 scotus,
1962 4441 2027 4502 in
2058 4442 2123 4515 4,

565 4533 710 4595 dist.
743 4536 846 4609 ⁴6,
873 4540 1088 4613 quaest.
1121 4536 1183 4607 2,
1213 4533 1454 4614 justitia
1481 4534 1598 4597 Dei
1637 4535 1703 4596 in
1731 4535 1838 4597 illa
1861 4552 2127 4616 genera-

563 4625 736 4688 litate
765 4634 1038 4706 sumpta,
1067 4632 1256 4708 prout
1281 4627 1429 4688 dicit
1471 4626 1945 4690 condecentiam
1978 4626 2127 4689 divi·

563 4736 664 4781 noe
705 4720 1026 4793 bonitatis,
1059 4721 1248 4783 etiam
1271 4720 1764 4783 misericordiam
1804 4720 1914 4783 Dei
1958 4738 2129 4783 com-

567 4812 892 4892 plectitur,
943 4813 1092 4891 quia
1131 4814 1367 4876 decens
1425 4820 1520 4875 est
1559 4816 1760 4876 Deum
1797 4814 2123 4887 misereri;

568 4907 719 4979 imo,
751 4906 962 4968 omnia
986 4906 1306 4981 attributa,
1345 4924 1484 4987 quae
1513 4908 1578 4969 in
1615 4908 1826 4969 divina
1853 4906 2131 4969 bonitate

567 5016 706 5062 esse
737 5000 1165 5079 intelligimus,
1209 4998 1834 5080 comprehenduntur
1867 5001 1987 5062 sub
2024 5000 2127 5063 illa

567 5094 858 5156 decentia
893 5091 1120 5153 divinae
1146 5092 1504 5155 voluntatis.
1533 5094 1742 5157 Potest
1773 5094 1961 5155 etiam
1996 5094 2131 5155 haec

567 5187 856 5249 decentia
889 5185 1173 5266 intelligi,
1211 5191 1274 5247 et
1315 5204 1394 5248 ex
1423 5192 1604 5267 parte
1633 5187 1883 5267 objecti
1901 5232 1917 5260 ‚
1954 5192 2019 5249 et
2052 5204 2131 5248 ex

565 5288 744 5361 parte
787 5280 982 5359 ipsius
1016 5278 1354 5341 voluntatis
1393 5278 1640 5341 divine.
1679 5280 1772 5341 Ex
1809 5284 1989 5361 parte
2016 5278 2133 5343 ob-

563 5375 736 5454 iecti,
753 5374 988 5437 decens
1005 5378 1102 5437 est
1113 5376 1312 5435 Deum
1337 5374 1619 5436 misereri
1647 5380 1951 5437 creatum
1976 5392 2129 5449 sure,

571 5474 636 5531 ct
667 5467 934 5530 reddere
970 5468 1058 5529 illi
1095 5466 1476 5540 mercedem,
1509 5466 1562 5529 ai
1599 5466 1766 5530 bene
1791 5474 2126 5549 operatur;

571 5567 636 5627 et
685 5561 968 5625 similiter
1013 5562 1238 5645 punire
1301 5560 1470 5625 male
1535 5567 1922 5643 operantem.
1976 5562 2133 5625 Item

1506 417 1716 473 OPUSC.
1751 419 1836 472 vl.
1871 417 2241 472 msrn‘rnlo
2276 419 2355 474 DE
2385 419 2662 472 msrma
2694 417 2817 472 nm.

2202 521 2389 580 etiam
2434 517 2645 580 dicere
2688 533 2911 578 verum
2930 561 2946 588 ,
2983 515 3035 576 si
3074 511 3375 593 loquitur,
3418 517 3477 574 et
3514 513 3705 579 solvere

2200 610 2373 690 quod
2418 611 2742 692 promittit,
2796 609 3069 669 maxime
3116 608 3325 668 Deum
3370 604 3556 667 decet.
3600 610 3705 672 Haec

2202 705 2371 768 enim
2402 705 2611 766 omnia
2654 707 2800 764 sunt
2840 701 3083 782 objecta
3118 699 3459 762 voluntatis
3500 699 3704 779 divinae,

2200 797 2573 862 secundaria
2598 803 2835 872 tamen,
2876 813 2951 857 eo
2978 793 3167 856 modo
3198 811 3329 874 quo
3360 793 3421 854 in
3454 794 3611 855 nobis
3632 816 3709 858 ac-

2198 897 2301 955 tus
2356 890 2626 954 exterior
2680 894 2775 951 est
2828 888 3143 968 objectum
3186 885 3499 948 interioris
3552 895 3705 950 actus.

2200 984 2568 1048 Formaliter
2596 983 2783 1045 etiam
2824 983 3099 1062 pertinet
3124 981 3210 1042 ad
3250 979 3521 1041 divinam
3540 982 3707 1043 volun-

2200 1083 2421 1154 tatem,
2453 1077 2609 1138 utin
2640 1093 2709 1137 se
2734 1075 2969 1136 babeat
2994 1071 3470 1154 perfectionem,
3502 1089 3601 1133 seu
3620 1075 3708 1134 vir-

2194 1173 2418 1245 tutem,
2460 1187 2585 1250 qua
2618 1167 2990 1230 naturaliter
3030 1171 3125 1228 est
3162 1181 3478 1246 propensa
3516 1165 3585 1226 ad
3612 1167 3708 1230 hnc

2198 1265 2445 1342 omnia,
2482 1281 2622 1343 quie
2666 1261 2951 1324 decentia
2982 1265 3150 1322 sunt.
3186 1258 3509 1331 Quomodo
3544 1258 3709 1319 dicunt

2198 1355 2387 1420 etiam
2418 1354 2719 1436 Theologi
2738 1371 2885 1417 cum
2908 1353 3229 1433 Dionysio,
3256 1369 3399 1413 sese
3425 1355 3709 1414 communi-

2198 1468 2343 1512 care
2379 1467 2517 1511 esse
2554 1449 2938 1510 conveniens
2966 1446 3193 1508 divinoe
3242 1445 3523 1518 bonitati,
3546 1446 3597 1505 id
3620 1454 3705 1518 est,

2194 1543 2471 1606 maxime
2502 1543 2756 1604 decens.
2796 1542 2873 1603 Et
2894 1541 3061 1602 banc
3099 1537 3383 1600 reddunt
3420 1543 3487 1599 ut
3524 1541 3709 1616 potissi·

2196 1655 2368 1700 mam
2402 1637 2709 1700 rationem
2744 1635 3098 1697 divinorum
3128 1649 3423 1714 operum,
3454 1632 3616 1694 etiam
3638 1653 3709 1694 su·

2195 1732 2421 1814 premi,
2443 1729 2644 1810 qualis
2671 1729 2789 1790 fnit
2808 1726 3157 1789 incarnatio
3186 1725 3304 1786 filii
3318 1725 3449 1786 Dei.
3474 1725 3707 1788 Decentia

2196 1827 2389 1906 igitur
2424 1825 2649 1886 divinoe
2692 1821 3033 1885 voluntatis
3072 1820 3403 1900 quippiam
3442 1819 3601 1880 valde
3632 1839 3710 1899 gs-

2194 1919 2409 1980 nerale
2440 1922 2555 1990 est,
2586 1923 2649 1978 et
2674 1916 2887 1977 omnia
2918 1915 3219 1976 attributa
3244 1911 3565 1974 voluntatis
3588 1931 3709 1976 com·

2194 2012 2517 2095 plectitur;
2542 2027 2667 2071 non
2690 2027 2841 2090 ergo
2866 2013 3035 2070 recte
3058 2005 3409 2086 explicatur
3430 2005 3527 2066 illo
3546 2008 3709 2078 modo,

2195 2106 2377 2185 cujus
2423 2103 2699 2166 attributi
2740 2101 2862 2163 hoc
2900 2117 3061 2180 opus
3104 2099 3220 2173 sit;
3270 2117 3404 2160 non
3456 2104 3541 2160 est
3584 2102 3709 2161 enim

2196 2198 2477 2262 omnium
2508 2196 2713 2270 simul,
2748 2195 2895 2276 quia
2940 2213 3060 2256 nec
3107 2194 3397 2255 veritatis
3422 2213 3532 2254 uec
3560 2193 3711 2256 fideli-

2194 2292 2339 2355 tatis
2372 2297 2489 2365 est,
2538 2296 2611 2352 ut
2634 2307 2751 2371 per
2778 2307 2849 2352 se
2886 2291 3095 2370 patet;
3134 2305 3260 2350 nec
3302 2286 3484 2348 etiam
3522 2287 3709 2351 videtur

2200 2405 2339 2450 esse
2376 2383 2766 2447 liberalitatis
2794 2389 2905 2444 aut
2926 2379 3401 2454 misericordiae,
3430 2397 3559 2442 cum
3582 2381 3635 2442 in
3654 2401 3706 2442 eo

2198 2485 2517 2562 spectetur
2546 2479 2757 2558 aliqua
2784 2477 2947 2538 ratio
2970 2475 3190 2538 debiti.

2278 2577 2339 2636 Ξ.
2386 2573 2801 2636 Nihilominus
2856 2570 2979 2632 dici
3034 2573 3249 2650 potest
3278 2569 3405 2630 hoc·
3444 2585 3585 2648 opus
3614 2587 3705 2630 non

2198 2687 2339 2732 esse
2366 2674 2541 2730 extra
2572 2664 2965 2728 latitudinem
2996 2662 3468 2737 misericordiae,
3506 2680 3599 2723 seu
3630 2681 3706 2745 ge-

2204 2761 2435 2824 neralis
2458 2758 2918 2831 beneficentiae,
2951 2773 3091 2837 quaa·
3122 2763 3221 2818 est
3253 2756 3437 2818 veluti
3460 2763 3609 2818 actus
3628 2777 3703 2818 ex-

2202 2856 2398 2918 terior
2426 2853 2681 2917 amoris.
2714 2849 2921 2914 Primo
2972 2850 3257 2931 quiden,
3290 2853 3457 2930 quia,
3486 2857 3704 2931 utsupra

2204 2950 2517 3024 dicebam,
2550 2949 2669 3010 hoc
2706 2946 2989 3008 debitum
3034 2945 3369 3025 proprium
3410 2945 3618 3006 nullum
3639 2953 3706 3007 est
3744 2943 3751 2948 ’

2206 3061 2283 3105 ex
2306 3049 2487 3123 parte
2512 3041 2645 3115 Dei,
2674 3039 2786 3101 sed
2814 3039 3022 3120 potius
3049 3057 3127 3100 ex
3150 3042 3334 3119 parte
3360 3045 3622 3100 creaturae
3638 3045 3705 3100 cst

2204 3136 2498 3217 quaedam
2524 3132 2867 3214 indigentia
2892 3150 3037 3197 cum
3066 3132 3349 3212 quadam
3374 3134 3705 3213 proportione

2202 3232 2294 3293 rei
2338 3228 2674 3310 indigentis
2731 3226 2813 3287 ad
2870 3226 3079 3299 aliam,
3138 3242 3339 3305 quam
3384 3224 3621 3305 postulat
3648 3224 3703 3285 ad

2204 3342 2391 3385 suum
2414 3322 2890 3384 convenientem
2920 3319 3207 3394 modum,
3246 3326 3405 3393 etc.;
3452 3336 3585 3399 ergo
3616 3320 3703 3379 tale

2206 3417 2489 3480 debitum
2538 3416 2776 3479 donare
2814 3432 2945 3476 non
3008 3420 3105 3476 est
3158 3420 3341 3476 extra
3382 3413 3701 3475 latitudinem

2204 3509 2681 3583 misericordia-3
2724 3514 2818 3586 ut,
2862 3508 2913 3569 si
2942 3508 3305 3569 diceremus
3336 3512 3509 3569 tetre
3530 3506 3701 3567 sitienti

2206 3605 2421 3667 deberi
2444 3620 2699 3682 aquam,
2720 3606 2793 3664 nt
2810 3603 3165 3683 germinare
3188 3602 3410 3681 possit,
3432 3618 3545 3662 non
3565 3617 3704 3679 prop-

2204 3704 2380 3761 terea
2406 3697 2885 3759 excluderemus
2914 3695 3067 3775 quin
3114 3694 3397 3775 pluviam
3428 3712 3701 3773 congruen-

2204 3796 2335 3853 tem
2378 3808 2493 3852 suo
2518 3797 2801 3871 tempore
2838 3789 2925 3850 illi
2956 3789 3262 3867 tribuere,
3294 3790 3372 3849 sit
3397 3806 3539 3867 opus
3569 3787 3703 3846 mise-

2205 3884 2511 3946 ricordiae.
2540 3884 2720 3947 Unde
2768 3881 2987 3955 David,
3042 3882 3521 3944 misericordiam
3548 3900 3577 3941 a
3606 3881 3697 3939 neo

2208 3978 2533 4058 postulans
2566 3976 2807 4037 aiebat:
2855 3975 3087 4040 Anima
3114 3992 3250 4039 noa
3277 3976 3435 4039 sicut
3454 3972 3701 4037 ten-asine

2209 4088 2369 4153 aqua
2422 4070 2551 4135 tibi.
2604 4067 2919 4143 Secundo,
2974 4068 3149 4131 idem
3208 4067 3494 4148 explicati
3526 4070 3695 4145 potest,

2209 4166 2355 4244 quia
2378 4181 2567 4244 supra
2596 4162 2958 4225 dicebamus
2982 4162 3487 4235 misericordiam,
3506 4157 3697 4239 quando

2206 4260 2369 4320 inter
2389 4258 2619 4321 multos
2662 4258 2754 4332 fit,
2802 4256 2989 4319 etiam
3032 4274 3289 4319 servare
3312 4274 3481 4319 suam
3503 4270 3697 4335 propor-

2206 4352 2509 4413 tionatam
2560 4350 3059 4413 distributionem
3083 4397 3099 4426 ,
3134 4351 3297 4412 sicut
3332 4348 3572 4412 charitas
3602 4362 3697 4404 ser-

2204 4450 2309 4507 vat
2340 4444 2623 4507 ordinem
2652 4460 2858 4505 suum.
2892 4444 2991 4506 Sic
3028 4462 3205 4525 ergo,
3252 4442 3518 4524 quamvis
3552 4438 3692 4508 Deus,

2206 4538 2419 4601 dando
2474 4538 2666 4601 rebus
2714 4539 3151 4619 proprietates,
3216 4538 3319 4600 vel
3372 4548 3692 4601 concursum,

2206 4638 2415 4695 servet
2438 4632 2906 4713 proportionem
2948 4631 3031 4692 ad
3062 4632 3531 4713 uniuscujusque
3565 4632 3691 4687 natu-

2207 4742 2366 4800 ram,
2402 4724 2523 4787 boe
2548 4742 2677 4787 non
2708 4724 2885 4798 tollit,
2916 4725 3069 4805 quin
3090 4724 3200 4786 illa
3224 4726 3302 4787 sit
3322 4723 3573 4805 quaedam
3591 4736 3691 4799 pru·

2210 4820 2367 4881 dens
2390 4818 2741 4881 distributio
2780 4818 2947 4879 intra
2995 4818 3389 4881 latitudinem
3416 4815 3691 4879 misericor·

2210 4912 2329 4975 diae
2358 4930 2473 4975 seu
2500 4911 2935 4975 beneficentiae
2964 4918 3279 4975 contenta.

2290 5008 2351 5069 3.
2384 5006 2535 5080 Quoe
2576 5006 2831 5087 quidem
2870 5008 3197 5088 responsio
3240 5004 3559 5069 satisfacere
3581 5016 3689 5081 pos·

2210 5106 2329 5177 set,
2358 5100 2409 5162 si
2438 5118 2541 5163 res
2567 5100 2733 5162 solas
2762 5101 3102 5176 naturales,
3138 5106 3203 5163 et
3228 5100 3592 5180 proprietates
3617 5090 3689 5151 vel

2210 5210 2551 5255 concursus
2582 5192 2843 5274 singulis
2865 5194 3111 5256 debitos
3136 5198 3557 5275 spectaremus3
3580 5201 3686 5248 con·

2210 5284 2544 5349 sidet-ando
2580 5292 2795 5349 tamen
2816 5287 3013 5349 multa
3052 5286 3195 5361 alia,
3230 5304 3365 5369 quae
3394 5285 3499 5348 sub
3530 5280 3683 5342 divina

2212 5378 2603 5459 providentia
2628 5382 3047 5455 continentur,
3076 5398 3205 5443 non
3238 5380 3469 5441 videtur
3488 5372 3678 5438 omnino

2214 5471 2594 5536 satisfacere.
2638 5472 2869 5549 Primo,
2910 5474 3061 5553 quia
3094 5474 3161 5536 in
3204 5470 3501 5554 punitione
3536 5463 3678 5527 malo·

2212 5582 2355 5627 ram
2386 5582 2513 5628 non
2538 5564 2730 5629 babet
2756 5566 2965 5629 locum
2992 5566 3095 5629 illa
3118 5563 3520 5637 consideratio,
3546 5564 3593 5621 et
3612 5562 3677 5616 tn·
