3850 6225
534 389 617 452 90

1284 391 1495 446 OPUSG.
1531 393 1572 456 1,
1606 391 1723 444 un.
1758 392 1797 444 1.
1833 391 1915 446 nt:
1947 389 2266 442 CONCURSU
2297 389 2403 442 om
2433 387 2559 442 CUM
2591 389 2982 444 VOLUNTATE.

532 495 737 576 prima
772 497 887 568 est,
924 494 1071 573 quia
1104 494 1307 559 solum
1336 496 1662 558 considero
1691 514 1860 557 nunc
1888 512 2104 555 neces—

2180 493 2685 554 terminationem
2717 494 3074 556 necessaria
3119 501 3282 557 sunt.
3328 499 3460 561 Hoc
3501 509 3704 566 constat

536 587 765 648 sariam
804 586 1377 650 subordinationem
1424 607 1629 651 causae
1680 588 1973 652 secundae
2019 587 2103 648 ad
2181 604 2260 646 ex
2307 585 2624 666 principiis
2669 605 2860 666 supra
2905 588 3144 666 positiS‚
3187 591 3331 668 quia
3351 637 3367 664 ,
3415 592 3467 652 si
3505 593 3708 674 aliquid

532 681 838 762 primam3
884 679 939 741 si
976 687 1192 742 autem
1234 681 1389 755 velit,
1416 684 1581 745 Deus
1626 682 1851 763 maj0ri
1894 681 2102 761 provi-

535 773 747 836 dentia
787 773 887 836 vel
928 774 1184 853 speciali
1205 793 1437 854 genere
1465 775 1757 836 motionis
1784 774 1896 845 uti,
1926 778 2096 835 recte

533 872 739 947 potest
781 883 1169 946 praemovere
1208 867 1619 942 voluntatem,
1650 868 1751 930 vel
1778 885 1894 947 per
1920 866 2100 929 intel-

532 960 789 1036 lectum,
821 961 923 1022 vel
962 960 1289 1022 excitando
1317 961 1381 1022 in
1417 961 1555 1039 ipsa
1594 961 1839 1042 aliquos
1863 965 2093 1033 motus,

532 1053 759 1132 quibus
812 1053 893 1114 ad
941 1053 1208 1116 liberum
1247 1072 1623 1117 consensum
1668 1054 2094 1135 praestandum

532 1146 861 1221 alliciatur,
902 1151 971 1208 ut
1010 1147 1090 1209 de
1131 1147 1374 1209 actibus
1414 1149 1629 1228 gratiae
1674 1147 1741 1208 in
1783 1148 1944 1209 libro
1972 1152 2098 1208 ter-

532 1240 617 1302 tio
648 1239 1052 1301 ostendemus
1077 1259 1095 1316 ;
1121 1246 1336 1302 tamen
1366 1241 1487 1303 hoc
1512 1261 1643 1303 non
1682 1248 1777 1303 est
1807 1259 2098 1303 necessa-

530 1334 694 1395 rium
719 1332 1078 1412 simpliciter
1102 1339 1164 1394 et
1192 1351 1307 1414 per
1334 1352 1403 1396 se
1435 1333 1517 1395 ad
1564 1352 1938 1396 concursum
1976 1333 2097 1413 pri-

530 1444 652 1487 mae
687 1443 909 1500 causae,
946 1427 1057 1487 sed
1083 1426 1148 1487 in
1180 1427 1473 1506 operibus
1502 1427 1717 1507 gratiae
1748 1445 1825 1488 ex
1853 1427 2096 1488 ratione

530 1521 781 1601 propria
830 1525 893 1582 et
932 1521 1184 1599 speciali
1232 1523 1659 1583 necessarium
1712 1528 1827 1596 est,
1869 1527 1940 1582 ut
1981 1540 2096 1582 suo

530 1613 668 1676 loco
689 1613 1067 1687 videbimus;
1104 1620 1165 1676 et
1192 1622 1496 1694 praeterea
1518 1617 1649 1678 baec
1676 1616 1811 1696 ipsa
1835 1631 2097 1694 praemo-

530 1708 617 1768 tio
644 1726 774 1768 non
800 1713 896 1768 est
918 1707 1508 1787 praedeterminatio,
1550 1727 1701 1769 nam
1735 1725 1989 1769 movere
2035 1709 2098 1768 et

532 1801 781 1863 allicere
808 1801 993 1862 latius
1015 1803 1186 1881 patet
1213 1819 1403 1880 quam
1427 1801 1866 1876 determinare,
1890 1806 1962 1862 ut
1981 1819 2098 1880 per

534 1911 601 1955 se
630 1900 849 1956 notum
876 1900 991 1968 est,
1023 1900 1093 1956 ut
1120 1912 1309 1974 supra
1326 1912 1466 1973 cap.
1497 1897 1567 1955 ss
1596 1899 1691 1956 est
1710 1900 1965 1956 tactum.
1994 1897 2098 1957 At—

534 2004 656 2067 que
694 1988 831 2049 haec
866 1989 947 2048 ad
994 1988 1434 2069 intelligendos
1478 1989 1768 2068 antiquos
1806 1993 2096 2050 auctores

532 2099 659 2160 prae
685 2081 880 2142 oculis
908 2081 1197 2142 habenda
1228 2087 1393 2143 sunt.

612 2177 713 2236 40.
789 2173 1025 2249 Quarta
1084 2175 1419 2256 propositio
1470 2202 1493 2239 .·
1572 2175 1863 2244 Voluntas
1914 2174 2097 2238 libero

531 2266 791 2348 seipsam
814 2267 1190 2334 determinat.
1217 2301 1298 2314 —
1324 2268 1451 2330 Sed
1478 2285 1843 2348 quanquam
1873 2269 2098 2328 volun-

534 2365 629 2421 tas
668 2361 729 2420 in
782 2361 1079 2440 praedicto
1124 2380 1314 2424 sensu
1360 2363 1811 2424 determinetur
1850 2379 1887 2421 a
1937 2363 2091 2434 Deo,

532 2453 936 2515 nihilominus
981 2455 1265 2518 absolute
1312 2456 1646 2519 dicendum
1694 2462 1788 2516 est
1838 2474 1978 2518 esse
2027 2455 2096 2514 in

482 2575 489 2582 ·
531 2552 839 2627 potestate
890 2550 1228 2611 voluntatis
1294 2550 1566 2630 seipsam
1621 2548 2046 2611 determinare
2075 2593 2092 2621 ,

533 2646 720 2720 atque
738 2641 922 2716 aden,
944 2642 1027 2704 ad
1054 2643 1319 2705 liberam
1344 2643 1952 2715 determinationem,
1983 2641 2095 2703 ne-

532 2734 873 2794 cessarium
896 2753 1033 2796 esse
1058 2741 1124 2798 ut
1141 2736 1451 2810 voluntas,
1480 2737 1651 2816 prius
1668 2741 1889 2798 natura
1907 2752 2100 2815 quam

536 2844 601 2886 se
631 2826 1027 2903 determinet,
1061 2829 1291 2890 habeat
1320 2827 1530 2908 aliquo
1568 2827 1757 2890 modo
1791 2827 1894 2890 vel
1929 2833 2094 2902 actu,

530 2919 680 2980 vel
664 2938 729 2980 m
758 2924 1063 3000 potestate
1089 2940 1226 2998 sua,
1258 2921 1471 2984 omnia
1498 2939 1639 3002 quae
1665 2919 1748 2982 ad
1780 2937 1962 2984 suam
1993 2919 2100 2983 de-

2178 679 2406 739 horum
2434 679 2593 741 desit
2618 679 2789 758 quod
2815 699 2943 741 non
2971 681 3048 742 sit
3076 681 3142 742 in
3185 689 3494 762 potestate
3525 689 3708 749 volun-

2178 773 2344 847 tatis,
2369 790 2579 852 neque
2610 773 3046 836 determinatio
3074 775 3212 854 ipsa
3242 794 3379 838 esse
3423 781 3634 858 poterit
3657 784 3708 844 in

2177 871 2483 945 potestate
2529 866 2701 946 ejus;
2755 885 2906 945 ergo
2947 886 3076 928 non
3111 869 3229 931 erit
3271 870 3490 932 libera.
3521 874 3589 933 Et
3611 876 3710 938 hoc

2179 959 2446 1038 amplius
2471 958 2782 1021 constabit
2809 977 2885 1020 ex
2920 959 3019 1022 his
3047 979 3184 1040 quae
3213 963 3292 1024 de
3315 964 3544 1025 auxilio
3569 969 3710 1028 suffi-

2179 1053 2365 1114 cienti
2393 1053 2674 1114 dicemus
2701 1053 2883 1127 infra,
2915 1054 3023 1116 lib.
3055 1058 3115 1128 3,
3149 1074 3286 1136 cap.
3323 1057 3384 1118 8.
3414 1058 3707 1132 Quocirca,

2177 1145 2460 1224 quamvis
2483 1164 2741 1208 necesse
2771 1147 2849 1208 sit
2874 1147 3045 1226 quod
3069 1149 3238 1210 Deus
3267 1149 3430 1212 hanc
3451 1149 3712 1212 determi-

2173 1239 2493 1302 nationem
2522 1239 2769 1313 efficiat‚
2799 1245 3036 1316 tamen,
3082 1247 3150 1303 ut
3186 1243 3619 1304 determinatio
3651 1247 3714 1306 sit

2177 1332 2241 1393 in
2266 1337 2572 1412 potestate
2611 1333 2974 1410 voluntatiS‚
3012 1353 3276 1397 necesse
3308 1342 3402 1397 est
3431 1337 3622 1398 Deum
3646 1339 3712 1399 ita

2179 1444 2318 1488 esse
2347 1427 2698 1506 expositum
2727 1427 2810 1487 ad
2829 1429 3296 1507 cooperandum
3318 1430 3427 1503 illi,
3447 1438 3518 1492 ut
3539 1432 3714 1492 solum

2178 1519 2358 1598 quasi
2411 1525 2778 1598 expectetur
2814 1520 2996 1582 liberi
3047 1522 3283 1583 arbitrii
3339 1524 3626 1596 influxus
3659 1533 3716 1586 ut

2177 1612 2362 1672 simul
2387 1611 2574 1672 etiam
2601 1618 2872 1692 ponatur
2892 1615 2956 1674 in
2985 1621 3128 1676 actu
3159 1616 3436 1678 secundo
3465 1618 3714 1679 influxus

2177 1705 2308 1767 Dei.
2347 1707 2549 1784 Atque
2577 1705 2698 1768 hoc
2726 1706 2914 1768 modo
2943 1706 3170 1770 dicitur
3207 1710 3312 1772 ille
3341 1710 3610 1772 influxus
3633 1714 3715 1773 vel

2177 1817 2518 1861 concursus
2557 1799 2670 1860 Dei
2723 1817 2862 1862 esse
2911 1801 2978 1861 in
3021 1807 3328 1880 potestate
3375 1804 3714 1876 voluntatis

2177 1891 2324 1972 quia
2345 1892 2412 1952 in
2443 1910 2640 1954 manu
2665 1893 2802 1973 ejus
2834 1894 3106 1973 positum
3145 1902 3242 1958 est
3271 1896 3368 1960 vel
3409 1897 3633 1970 tacere,
3661 1905 3719 1959 ut

2175 1985 2278 2046 ille
2307 2003 2648 2046 concursus
2682 1986 2744 2046 in
2777 1993 2924 2048 actu
2956 1988 3232 2050 seeundo
3271 1996 3565 2069 ponatur,
3595 2009 3722 2050 coo-

2175 2077 2476 2158 perando,
2519 2077 2620 2139 vel
2667 2083 2738 2140 ut
2775 2097 2906 2140 non
2947 2087 3240 2161 ponatur,
3294 2081 3718 2161 suspendendo

2176 2189 2358 2234 suam
2401 2171 2931 2250 cooperationem.
2981 2176 3016 2236 J
3021 2193 3124 2236 am
3165 2193 3316 2238 vero
3371 2177 3722 2238 occurrebat

2173 2263 2278 2325 hic
2313 2263 2574 2342 quaestio
2593 2309 2608 2338 ,
2635 2269 2848 2326 utrum
2868 2267 2934 2327 in
2963 2267 3172 2348 aliquo
3195 2287 3346 2331 vero
3376 2288 3568 2330 sensu
3595 2289 3722 2348 pos-

2177 2358 2254 2420 sit
2287 2357 2722 2418 determinatio
2759 2359 3093 2422 voluntatis
3139 2362 3434 2422 humanae
3479 2363 3564 2424 ad
3591 2381 3725 2442 ope-

2174 2450 2446 2512 randum
2469 2450 2582 2510 soli
2625 2451 2764 2529 ejus
2789 2451 3058 2514 libertati
3089 2455 3382 2528 attribui;
3419 2455 3552 2528 sed,
3587 2473 3724 2533 quo-

2175 2545 2346 2604 niam
2405 2542 2541 2604 haee
2609 2545 2871 2622 quaestio
2929 2545 3011 2608 de
3086 2547 3232 2609 solis
3295 2557 3726 2628 supernatura-

2174 2637 2340 2698 libus
2390 2635 2632 2698 actibus
2683 2637 3110 2702 difficultatem
3173 2641 3448 2722 aliquam
3502 2644 3684 2704 habet
3708 2689 3722 2715 ,

2179 2731 2245 2791 in
2299 2729 2427 2790 fine
2468 2729 2610 2790 libri
2660 2731 2824 2791 tertii
2883 2735 3274 2798 commodius
3327 2737 3688 2816 expedietur
3709 2783 3722 2807 ‚

2179 2824 2450 2902 ideoque
2477 2821 2556 2884 de
2585 2823 2703 2886 hoc
2729 2823 2931 2904 primo
2962 2826 3120 2890 libro
3149 2830 3282 2892 haec
3307 2829 3536 2950 dixisse
3569 2833 3727 2892 suffi-

2181 2917 2322 2980 ciat.

1844 3240 2002 3288 1³1le
2039 3238 2195 3287 unm
2235 3238 2425 3285 rann.

1760 4096 2560 4397 (ἒξ-ῥῶ
