3850 6225
645 383 779 437 GAP.
814 383 919 437 XV.
956 378 1323 435 soLvuwrtm
1356 378 1778 444 omncwoNES,
1816 376 2182 434 PRAESEnTffl
2215 382 2297 434 Ex
2333 376 2696 447 scalprum,
2731 380 2865 438 mc.

156 486 463 547 immerito
508 483 586 546 ad
612 487 991 564 praesentem
1045 500 1301 543 causam
1348 482 1697 544 adducitur.

157 582 329 651 Nam,
361 596 507 639 cum
537 576 760 639 dicitur
786 578 957 637 Deus
980 594 1109 637 non
1134 580 1461 655 expectare
1489 574 1705 635 volun-

156 676 341 735 tatem
365 676 665 742 nostram,
700 675 773 731 ut
798 688 837 730 a
866 675 1124 749 peccato
1150 686 1515 748 purgemur,
1548 668 1705 729 duo-

156 766 265 825 bus
308 764 515 826 modis
560 762 821 843 intelligi
863 768 1069 842 potest
1112 781 1124 821 :
1169 762 1373 843 primo
1396 808 1413 835 ‚
1446 781 1575 823 non
1604 780 1707 823 ex·

156 864 397 938 pectere
450 858 649 919 Deum
704 856 1049 935 peccatoris
1104 855 1599 935 dispositionem,
1645 860 1707 915 et

158 950 407 1009 liberam
442 949 895 1028 operationem,
924 954 993 1009 ut
1036 948 1101 1009 in
1128 966 1205 1009 eo
1234 949 1487 1011 inchoet
1522 948 1707 1027 justi-

156 1042 502 1104 ficationem
531 1059 645 1122 per
685 1059 877 1121 quam
906 1059 945 1101 a
972 1047 1230 1120 peccato
1260 1044 1565 1122 purgatur
1589 1060 1605 1115 ;
1643 1046 1705 1101 et

156 1137 251 1196 hic
295 1141 389 1196 est
416 1152 641 1196 sensus
672 1134 950 1206 concilii,
982 1140 1051 1195 ut
1088 1135 1299 1196 statim
1340 1134 1701 1208 ostendam;

162 1228 301 1289 etin
332 1245 409 1290 eo
456 1227 612 1289 nihil
644 1247 721 1289 ex
748 1227 853 1289 illa
898 1226 1261 1289 definitione
1310 1232 1528 1289 contra
1564 1246 1705 1289 nos-

158 1332 305 1383 tram
352 1321 731 1383 sententiam
762 1322 1047 1395 sumitur,
1078 1327 1148 1382 ut
1184 1339 1298 1401 per
1338 1339 1407 1383 se
1440 1325 1702 1383 constat.

162 1414 318 1476 Alter
344 1432 571 1477 sensus
600 1420 719 1487 est,
748 1415 947 1477 Deum
970 1433 1100 1475 non
1130 1420 1461 1495 expectare
1490 1415 1710 1476 volun-

158 1514 337 1569 tatem
376 1514 688 1581 nostram,
736 1513 807 1569 ut
848 1508 1047 1571 libere
1090 1508 1607 1580 consentientem,
1647 1512 1714 1568 et

158 1620 219 1663 se
244 1600 683 1680 disponentem
736 1619 879 1661 cum
927 1600 1135 1662 divino
1176 1600 1509 1681 adiutorio,
1558 1607 1627 1660 ut
1672 1618 1711 1661 a

158 1701 395 1773 peccato
434 1712 807 1774 purgemur.
838 1694 915 1755 Et
944 1694 1009 1753 in
1038 1694 1159 1755 hoc
1188 1694 1321 1754 solo
1344 1711 1537 1755 sensu
1564 1709 1708 1771 pos-

160 1792 245 1848 set
267 1788 367 1847 ille
420 1806 633 1849 canon
681 1794 895 1849 contra
926 1806 1042 1847 nos
1072 1787 1303 1848 afferri.
1354 1787 1465 1847 Hic
1498 1790 1709 1847 autem

160 1900 363 1941 sensus
386 1898 603 1959 neque
644 1887 739 1941 est
760 1898 969 1959 neque
1010 1898 1148 1941 esse
1188 1880 1389 1959 potuit
1417 1898 1454 1940 a
1494 1878 1712 1941 Conci-

158 1974 230 2034 lio
278 1975 581 2036 intentus.
638 1974 816 2047 Quod
862 1976 1035 2053 patet
1080 1973 1281 2052 primo
1341 1990 1415 2033 ex
1464 1973 1709 2034 ratione

159 2067 389 2129 Concilii
418 2086 435 2127 ι
464 2068 727 2142 scilicet,
772 2066 918 2145 quia
948 2068 1023 2141 is,
1052 2066 1159 2145 qui
1182 2066 1331 2127 dicit
1370 2066 1568 2127 Deum
1603 2084 1710 2126 ex-

158 2166 387 2239 pectare
433 2160 831 2221 voluntatem
874 2165 1155 2221 nostram
1177 2204 1195 2231 ,
1243 2162 1315 2218 ut
1362 2177 1400 2219 a
1452 2164 1709 2238 peccato

159 2272 483 2332 purgemur
512 2299 533 2326 ,
587 2252 953 2315 contradicit
1012 2250 1289 2331 Spiritui
1338 2248 1573 2315 Sancto
1623 2252 1711 2313 di-

159 2348 295 2410 centi
312 2372 335 2407 .·
378 2346 803 2425 Proeparatur
862 2344 1145 2408 voluntas
1194 2362 1237 2408 a
1279 2345 1539 2407 Domino
1562 2370 1588 2417 ;
1646 2349 1711 2405 at

160 2442 249 2517 qui
272 2440 416 2503 dicit
436 2442 651 2502 Deum
676 2444 1007 2518 expectare
1034 2456 1411 2500 consensum
1440 2438 1709 2499 liberum

158 2532 427 2607 hominiS,
469 2538 815 2613 postquam
862 2531 1039 2591 illum
1073 2531 1360 2594 excitavit
1412 2533 1473 2593 et
1524 2548 1712 2591 voca-

158 2626 253 2697 vit,
296 2644 421 2687 non
461 2632 661 2706 negat
702 2626 1041 2705 praeparari
1089 2625 1475 2686 voluntatem
1512 2642 1549 2685 a
1589 2626 1715 2684 Do-

160 2719 309 2779 mino
324 2738 343 2809 5
376 2738 539 2799 ergo
568 2719 737 2781 solus
764 2719 866 2781 ille
897 2720 1019 2780 hoc
1044 2725 1257 2799 negat,
1280 2719 1387 2798 qui
1416 2724 1560 2779 ante
1592 2718 1716 2797 pri-

162 2830 310 2871 mam
336 2811 740 2875 vocationem
785 2812 934 2873 dicit
972 2812 1175 2873 Deum
1224 2817 1551 2891 expectare
1602 2830 1715 2872 vo-

160 2903 441 2967 luntatem
496 2906 781 2967 hominis
808 2950 825 2979 ,
868 2906 1030 2966 utin
1084 2923 1160 2966 eo
1198 2903 1711 2983 justificationem

160 2996 409 3059 inchoet.
438 2999 511 3061 In
548 2998 669 3059 hoc
703 3017 852 3079 ergo
888 3016 1079 3059 sensu
1124 2998 1404 3059 locutum
1432 3003 1527 3058 est
1555 2999 1711 3060 Con—

165 3090 371 3155 cilium.
411 3092 731 3167 Secunda,
766 3094 915 3174 quia
941 3092 1043 3155 ille
1072 3110 1295 3154 sensus
1326 3096 1421 3154 est
1452 3092 1709 3156 omnino

166 3183 353 3256 salsus,
387 3205 537 3248 nam
599 3205 895 3265 expresse
938 3187 1255 3266 Scriptura
1305 3185 1452 3247 dicit
1500 3205 1513 3246 :
1550 3187 1711 3250 Eece

166 3283 245 3340 sto
268 3280 345 3342 ad
368 3281 595 3344 ostium
626 3284 685 3342 et
700 3281 883 3360 pulso
907 3281 1007 3358 (in
1039 3297 1164 3360 quo
1210 3280 1379 3340 Deus
1420 3298 1549 3340 non
1603 3298 1711 3340 ex-

166 3375 391 3451 pectat)
424 3375 529 3445 ςεί
556 3371 697 3455 quie
728 3373 994 3437 audierit
1030 3391 1225 3436 vocem
1256 3389 1451 3436 meam
1490 3378 1547 3436 et
1574 3391 1713 3455 ape-

166 3465 341 3527 ruerit
375 3465 667 3545 januam,
718 3466 957 3530 intrabo
1003 3467 1086 3529 ad
1126 3465 1305 3528 illvm
1342 3465 1509 3543 (hoc
1562 3483 1711 3546 ergo

168 3559 315 3620 Deus
356 3562 701 3642 expectat).
730 3563 933 3640 Atque
961 3563 1081 3622 hoc
1132 3581 1325 3622 sensu
1370 3561 1523 3622 dixit
1570 3562 1713 3622 Am-

169 3651 409 3728 brosius,
445 3674 643 3717 serm.
680 3656 757 3717 ⁴9
804 3656 867 3716 in
915 3655 1142 3716 Psalm.
1200 3657 1317 3716 118
1342 3701 1359 3729 ,
1412 3655 1575 3716 circa
1606 3655 1711 3715 illa

162 3747 329 3808 verba
365 3767 379 3808 z
410 3749 857 3812 Pru-venerunt
890 3751 1049 3814 oculi
1088 3750 1206 3813 mei
1256 3752 1337 3812 ad
1378 3753 1432 3813 te
1478 3748 1709 3812 dilucu-

162 3837 226 3912 lo,
264 3847 371 3902 etc.
410 3861 425 3902 :
476 3843 628 3908 Vult
662 3860 726 3906 se
745 3844 1081 3924 praeveniri
1108 3843 1202 3906 soz
1228 3843 1523 3923 justitiae,
1554 3847 1611 3905 et
1636 3845 1708 3903 ut

154 3935 539 4008 proeveniatm·
610 3939 881 4018 empeotat
910 3981 927 4010 ,
980 3955 1109 3998 non
1164 3940 1235 3996 ut
1288 3933 1704 4015 praeveniatur

166 4031 287 4085 ante
340 4029 757 4103 vocationem,
816 4029 929 4090 sed
983 4035 1053 4090 ut
1116 4029 1533 4108 praeveniatur
1588 4046 1705 4107 per

166 4115 633 4198 dispositionem,
679 4127 1019 4200 antequam
1061 4123 1450 4203 ingrediatur
1486 4121 1567 4182 ad
1615 4122 1704 4183 in-

168 4209 545 4276 habitandum
604 4215 927 4276 hominem
980 4233 1095 4294 per
1150 4216 1482 4295 justitiam.
1522 4215 1701 4280 Unde

171 4303 350 4366 subdit
393 4307 759 4369 Ambrosius
792 4325 806 4366 :
860 4305 1025 4370 Audi
1066 4309 1555 4389 quemadmodum
1604 4327 1707 4373 em·

164 4404 353 4474 pectet,
380 4406 435 4464 et
456 4398 667 4482 cupiat
686 4399 1017 4482 pra-veniri
1052 4427 1076 4463 .·
1118 4403 1266 4464 dicit
1294 4400 1524 4483 Anyelo
1550 4401 1708 4464 Per-

170 4493 315 4567 qami
336 4493 631 4556 Ecclesia·
646 4519 667 4554 .·
688 4493 923 4567 Scribe,
944 4494 1367 4575 paenitentiam
1384 4513 1515 4576 aye,
1540 4501 1659 4556 etc.
1684 4513 1701 4568 ;

173 4583 440 4664 etAnyelo
452 4586 820 4657 Laodieoeoe;
836 4586 1271 4652 Poenitentiam
1298 4605 1427 4668 affe,
1459 4604 1583 4652 ecee
1611 4590 1705 4650 sto

176 4675 243 4735 ad
274 4676 478 4740 ostium
502 4683 563 4743 et
578 4679 781 4758 malso,
813 4685 931 4740 etc.
976 4681 1045 4741 In
1074 4679 1301 4758 quibus
1335 4679 1511 4752 lucie,
1558 4699 1705 4742 con-

177 4771 683 4832 statvocationem
722 4770 833 4832 Dei
873 4771 1251 4850 proecedere,
1283 4779 1345 4832 et
1375 4778 1705 4851 expectare

177 4857 545 4924 nihilominus
566 4865 765 4924 Deum
795 4863 1267 4942 dispositionem
1305 4863 1567 4926 liberam
1600 4866 1705 4925 bo-

178 4950 357 5027 minis,
388 4960 721 5034 antequam
770 4975 885 5036 per
926 4956 1191 5037 gratiam
1230 4957 1407 5018 illum
1462 4957 1709 5019 inhabi-

178 5045 269 5102 tet.
296 5044 459 5116 Quod
486 5048 665 5109 latius
692 5050 1091 5128 prosequitur
1116 5049 1284 5110 idem
1314 5049 1703 5122 Ambrosius,

180 5135 377 5198 eodem
399 5159 705 5214 sermone,
732 5143 897 5202 circa
914 5143 1019 5202 illa
1041 5143 1268 5203 verba:
1292 5143 1495 5224 Prope
1520 5161 1583 5208 es
1610 5150 1702 5213 tu,

180 5226 423 5294 Domine.
450 5235 525 5296 Et
557 5236 869 5298 concludit
911 5236 1118 5298 Deum
1160 5237 1449 5298 omnibus
1482 5243 1705 5316 praesto

184 5335 327 5395 esse3
387 5332 445 5386 et
480 5328 647 5405 quod
698 5329 778 5389 ad
824 5346 1047 5391 omnes
1108 5347 1235 5390 non
1292 5328 1703 5409 ingrediatur,

184 5411 401 5492 culpam
430 5435 563 5482 esse
598 5420 869 5483 hominis
898 5440 1027 5483 non
1066 5422 1433 5502 aperientis;
1462 5429 1525 5484 et
1560 5421 1705 5484 ideo

186 5509 656 5590 propinquiorem
712 5533 851 5578 esse
904 5515 1023 5576 illis
1082 5515 1191 5594 qui
1242 5515 1504 5577 contrito
1564 5521 1709 5578 sunt

3229 382 3348 445 237

1790 482 2002 543 corde.
2063 484 2138 543 Et
2191 484 2414 545 eodem
2469 504 2657 547 sensu
2717 486 2869 547 dixit
2921 489 3306 567 Augustinus
3330 535 3347 562 ,

1786 576 1847 636 d.
1883 594 1944 655 q.
1979 577 2058 637 68
2091 596 2104 636 :
2136 576 2376 641 Parum
2402 586 2492 642 est
2535 580 2702 653 velle,
2729 578 2855 642 nisi
2879 581 3042 643 Deus
3069 582 3351 646 miserea-

1787 676 1890 731 tur
1903 696 1930 742 ‚·
1989 671 2095 732 sed
2130 672 2291 733 Deus
2325 690 2444 733 non
2489 674 2834 747 miseretur,
2876 672 2982 755 qui
3023 676 3106 736 ad
3139 694 3349 755 pacem

1785 769 1979 837 vocat,
2019 764 2146 826 nisi
2181 765 2462 829 voluntas
2493 768 2878 849 proeeeseerit
2893 792 2920 839 ,·
2945 773 3168 843 tamen,
3206 769 3350 851 quia

1785 875 1893 921 nee
1927 857 2076 921 velle
2121 860 2442 939 quisquam
2485 864 2705 941 potest,
2741 858 2866 922 nisi
2910 862 3256 926 admonitus
3293 868 3352 925 et

1784 956 2029 1014 vocatus
2047 996 2062 1025 ,
2114 954 2378 1030 efficitur
2421 958 2494 1015 ut
2533 954 2716 1016 etiam
2748 954 2952 1035 ipsum
2995 954 3142 1017 velle
3187 956 3350 1017 Deus

1786 1050 2062 1125 operetur
2101 1045 2169 1106 in
2219 1045 2406 1109 nobis.
2452 1046 2528 1107 Et
2566 1046 2649 1106 ita
2697 1046 2972 1125 seipsum
3019 1047 3186 1109 idem
3226 1052 3353 1111 Au-

1788 1137 2076 1217 gustinus
2107 1138 2394 1217 exposuit
2418 1138 2576 1199 libro
2603 1138 2803 1217 primo
2832 1140 3130 1216 Retract.‚
3159 1160 3212 1202 c.
3245 1144 3346 1204 26.

1874 1284 2178 1359 Quantum
2201 1285 2386 1351 distet
2411 1287 2536 1349 laec
2561 1288 2836 1351 doctrina
2872 1307 2911 1352 a
2937 1288 3271 1372 Pelayiano

2454 1398 2675 1443 errore.

1873 1504 1972 1563 13.
2020 1502 2116 1564 Ad
2163 1502 2412 1563 tertiam
2467 1502 2916 1578 difficultatem,
2951 1507 3205 1568 omnino
3229 1507 3351 1568 fal-

1793 1614 1934 1655 sum
1957 1600 2071 1661 est.
2098 1596 2162 1656 in
2197 1596 2504 1658 sententia
2541 1615 2732 1676 quam
2756 1598 3187 1678 explicuimus,
3217 1619 3353 1662 sus-

1792 1688 2104 1767 picionem
2135 1689 2326 1749 ullam
2352 1696 2460 1752 aut
2483 1692 2812 1771 vestigium
2857 1710 2996 1753 esse
3025 1711 3210 1771 posse
3243 1696 3355 1755 Se-

1790 1783 2336 1863 mipclagianismi,
2395 1790 2502 1845 aut
2543 1784 2948 1865 reliquiarum
2987 1786 3244 1866 Pelagii,
3275 1805 3353 1849 ex

1791 1875 2058 1936 lectione
2090 1876 2188 1937 vel
2231 1877 2663 1939 recordatione
2707 1879 2979 1941 historiae
3029 1886 3090 1942 et
3132 1879 3354 1941 doctri·

1792 1986 1890 2029 nae
1948 1969 2202 2030 Petrum
2221 2013 2237 2042 ‚
2305 1988 2382 2030 ex
2438 1970 2667 2049 quibus
2723 1972 3047 2034 evidenter
3113 1978 3356 2035 constat

1793 2080 1984 2142 quam
2008 2062 2196 2143 longe
2226 2062 2412 2125 distet
2437 2070 2604 2127 totus
2634 2084 2810 2126 error
2828 2065 3060 2145 Pelagii
3086 2072 3148 2129 et
3161 2067 3357 2129 Semi·-

1790 2157 2266 2237 pelagianorum
2326 2159 2406 2219 ab
2436 2160 2554 2219 hac
2603 2158 2907 2221 doctrina.
2941 2162 3098 2223 Nam
3145 2160 3208 2222 in
3246 2180 3356 2223 sex

1788 2249 2007 2329 primis
2056 2251 2362 2331 capitibus
2419 2253 2610 2333 hujus
2666 2253 2830 2327 libri,
2899 2252 3356 2316 declaravimus

1792 2344 2003 2404 omnia
2036 2344 2340 2424 principia
2375 2362 2541 2425 quae,
2577 2346 2658 2407 de
2701 2346 2902 2426 gratia
2945 2347 3078 2421 Dei,
3109 2366 3263 2409 sana
3293 2352 3356 2409 et

1792 2437 2106 2498 Catholica
2134 2438 2416 2499 doctrina
2457 2438 2675 2513 docet;
2723 2443 2786 2500 et
2832 2440 3182 2520 specialiter
3209 2459 3350 2521 cap.

1792 2530 2092 2607 secundo,
2119 2531 2521 2609 exposuimus
2545 2532 2746 2611 qualis
2772 2532 2959 2595 fuerit
2985 2551 3160 2595 error
3184 2533 3357 2595 Pela-

1794 2623 1877 2702 gii
1907 2630 1970 2684 et
1996 2624 2403 2704 reliquiarum
2447 2627 2618 2704 ejus;
2672 2632 2735 2687 et
2763 2627 2826 2687 in
2851 2627 3094 2707 reliquo
3121 2627 3355 2689 discur-

1794 2734 1870 2777 su
1896 2716 2086 2778 totius
2106 2717 2268 2791 libri,
2294 2718 2681 2779 ostendimus
2700 2720 2910 2780 omnia
2928 2718 3076 2781 fidei
3097 2720 3355 2801 dogma-

1794 2815 1859 2870 ta
1888 2809 2388 2871 commodissime
2424 2817 2485 2872 et
2526 2811 2952 2891 propriissime
2989 2812 3238 2888 salvari,
3292 2819 3356 2876 et

1793 2902 2094 2982 applicari
2136 2904 2216 2965 ad
2254 2910 2428 2967 actus
2484 2904 2793 2966 humanos
2821 2907 3348 2984 supernaturale&

1784 2996 1966 3076 juxta
2015 2998 2392 3059 sententiam
2443 3015 2484 3057 a
2539 2998 2720 3059 nobis
2758 2998 3148 3079 explicatam.
3195 2998 3355 3071 Quid

1793 3107 1944 3170 ergo
1971 3090 2037 3150 in
2059 3106 2136 3150 ea
2165 3090 2351 3153 estin
2375 3107 2501 3171 quo
2541 3090 2623 3152 ad
2657 3090 3353 3172 Semipelagianismum

1790 3182 2090 3244 inclinet?

1855 3279 1952 3338 14.
1969 3278 2278 3340 Praeterea
2296 3279 2698 3360 Augustinus,
2713 3279 2820 3341 lib.
2842 3280 2918 3342 de
2927 3281 3137 3344 Gratia
3153 3282 3356 3343 Chris-

1791 3369 1861 3444 ti,
1902 3371 2104 3450 capite
2133 3373 2236 3444 47,
2265 3373 2412 3451 quia
2442 3371 2752 3453 PelagiuS,
2791 3373 2854 3434 in
2883 3373 3115 3436 difficili
3156 3393 3357 3454 quaes-
3481 3443 3506 3462 .

1792 3463 1960 3524 tione
1999 3464 2079 3525 de
2116 3466 2314 3544 gratia
2345 3472 2405 3527 et
2453 3465 2650 3528 libero
2679 3466 2956 3542 arbitrio,
3001 3468 3257 3530 latebris
3287 3487 3354 3530 se

1794 3556 2190 3618 obscuritatis
2216 3558 2595 3635 involvebat,
2613 3566 2674 3621 et
2691 3559 2843 3620 solis
2867 3560 3074 3622 verbis
3103 3561 3358 3624 delites-

1793 3669 1936 3713 cere
1979 3653 2326 3731 satagebat,
2359 3653 2499 3714 ideo
2540 3654 2657 3715 tria
2696 3653 2982 3716 distincte
3023 3657 3353 3736 proponit,

1790 3744 2044 3818 scilicet,
2083 3745 2576 3824 possibilitatem,
2622 3747 3010 3809 voluntatem
3058 3755 3120 3812 et
3163 3750 3358 3810 actio-

1788 3855 1934 3898 nem
1953 3856 1968 3910 ;
1989 3845 2048 3898 et
2065 3837 2306 3899 subdit:
2333 3837 2415 3902 Si
2441 3839 2804 3902 consenserit
2830 3841 3000 3904 nobis
3023 3858 3146 3903 non
3161 3843 3357 3905 eolwm

1776 3931 2240 4012 possibilitatem
2260 3932 2596 4005 irc-homine,
2611 3933 2912 3998 sedetiam
2935 3935 3132 4016 ipsam
3151 3935 3356 3999 voluu-

1783 4030 1970 4090 tatem
1993 4033 2052 4089 et
2076 4026 2366 4088 actionem
2387 4026 2679 4090 divinitus
2695 4028 3001 4108 αιῆπιυανί,
3037 4035 3108 4092 ut
3126 4030 3258 4092 sine
3281 4028 3358 4091 il-

1782 4119 1841 4182 lo
1869 4119 2173 4202 affutorio
2192 4119 2346 4180 nilcil
2381 4119 2516 4182 bene
2531 4120 2784 4184 velimus
2805 4125 2866 4184 et
2893 4139 3169 4201 apameae,
3195 4140 3359 4185 eam-

1784 4231 1893 4293 que
1919 4231 2047 4276 esee
2074 4212 2346 4294 qratiam
2370 4213 2484 4276 Dei
2503 4231 2620 4295 per
2649 4214 2862 4277 ,Iesum
2899 4213 3208 4278 Christum
3231 4217 3358 4278 Do-

1784 4305 2017 4368 minwm
2037 4309 2336 4381 nostrum,
2359 4306 2516 4370 nihil
2543 4309 2612 4370 de
2637 4309 2948 4389 adjutom'o
2973 4308 3194 4391 qratia*
3215 4309 3353 4384 Dei,

1786 4403 2078 4478 quantum
2105 4398 2398 4468 arbitror,
2441 4399 2605 4464 inter
2643 4417 2774 4478 nos,
2817 4402 3238 4465 controversiae
3265 4419 3357 4464 re-

1785 4492 2126 4572 linquetur.
2157 4491 2272 4554 Ubi
2305 4493 2688 4574 Augustinus
2729 4494 2848 4556 sub
2877 4493 3189 4575 adjutorio
3215 4494 3352 4568 Dei,

1789 4583 1960 4664 quod
1989 4584 2066 4644 sit
2094 4602 2241 4645 vera
2273 4585 2498 4664 gratia,
2530 4587 2828 4648 auxilium
2848 4588 3240 4667 praeveniens
3261 4587 3357 4648 in-

1787 4677 2000 4750 cludit,
2034 4676 2203 4756 quod
2231 4679 2563 4740 antecedat
2597 4697 2782 4740 omne
2821 4681 3137 4743 meritum.
3187 4683 3356 4744 Sicut

1788 4788 1823 4832 e
1852 4769 2184 4844 contrario,
2219 4776 2288 4831 ut
2316 4789 2506 4850 supra
2536 4773 2685 4848 dixi,
2717 4772 2835 4833 sub
2863 4775 3062 4854 gratia
3082 4775 3358 4838 vocatio·-

1786 4861 1885 4922 nis
1926 4862 2088 4923 solet
2127 4863 2533 4944 adjuvantem
2561 4869 3118 4946 comprehendere.
3156 4870 3231 4929 Et
3275 4870 3356 4929 si-

1791 4956 2030 5036 gnatim
2079 4957 2272 5036 (quod
2301 4958 2382 5019 ad
2417 4977 2696 5038 proesens
2719 4961 2920 5041 juvat)
2969 4962 3076 5024 lib.
3113 4966 3154 5024 4
3183 4968 3350 5023 cont.

1788 5049 1947 5111 duas
1991 5051 2168 5129 epist.
2214 5051 2452 5132 Pelag.‚
2497 5073 2552 5114 c.
2585 5055 2663 5113 6:
2708 5053 2793 5119 Si
2830 5054 2919 5120 sie
2952 5055 3359 5138 intelliymnt

1786 5144 1945 5224 quod
1959 5143 2186 5206 dictum
2213 5147 2304 5208 est
2320 5172 2342 5204 .·
2377 5143 2458 5209 Si
2485 5146 2818 5222 volueritis,
2855 5154 2925 5211 ut
2947 5147 3128 5212 etiam
3152 5150 3355 5229 ipsam

1787 5238 2000 5299 bonam
2055 5237 2422 5302 voluntatem
2469 5240 2672 5320 ipsum
2711 5259 3068 5322 proeparare
3121 5243 3356 5320 eonfite-

1786 5337 2022 5402 rentur,
2067 5331 2134 5392 de
2166 5348 2278 5412 quo
2313 5331 2610 5412 ,coaptum
2637 5336 2730 5396 est
2744 5359 2768 5394 .·
2806 5333 3218 5414 Praeparetur
3257 5353 3356 5397 vo-

1786 5421 1998 5486 luntas
2032 5440 2072 5485 a
2107 5424 2362 5484 Domino
2379 5468 2394 5496 ,
2441 5429 2732 5506 tanquam
2768 5424 3062 5489 Catholici
3115 5432 3355 5490 uteren-

1787 5521 1895 5579 tur
1910 5515 2020 5578 two
2040 5515 2376 5578 testimonio
2397 5545 2423 5588 ,·
2449 5523 2506 5580 ct
2531 5533 2648 5578 non
2684 5519 2877 5580 solum
2903 5519 3180 5584 luen-erim
3201 5523 3356 5584 tete-
