3850 6225
704 364 875 421 SECT.
912 370 947 421 1.
987 366 1197 423 UTRUM
1230 368 1465 425 unum
1500 364 1857 425 vlvlFch'rA
1890 368 2180 427 VALEANT
2211 376 2296 427 An
2327 372 2655 437 mortuum,
2687 372 2820 427 E'rc.

104 478 309 542 ergo
346 465 623 528 laudatio
662 468 763 529 illa
793 476 863 531 ut
898 472 985 531 sic
1016 490 1141 533 non
1175 479 1413 551 spectat
1446 472 1529 537 ad
1566 490 1719 551 prac-

104 558 353 619 niium
388 562 719 623 essentiale
748 554 1147 636 meritorum:
1182 566 1291 627 sed
1310 572 1403 627 est
1430 567 1525 628 vel
1554 566 1722 627 acci-

106 648 463 727 dentaria,
496 656 597 715 vel
624 656 703 717 ad
741 676 1059 719 summum
1088 666 1389 739 tanquam
1418 660 1719 721 secunda-

106 742 233 803 rio
272 749 599 823 pertinens
638 750 713 809 ad
744 758 973 812 statum
1002 753 1193 813 beati.
1228 754 1399 815 Sicut
1427 753 1719 815 dicuntur

106 835 323 899 beati
374 842 589 903 videre
632 844 697 903 in
736 846 867 905 Deo
916 864 1023 905 eas
1074 852 1395 907 creaturas
1444 865 1581 926 quae
1636 848 1717 907 ad

110 937 391 993 statum
427 954 611 997 suum
650 938 985 1015 pertinent,
1030 958 1159 999 non
1194 940 1339 1018 quia
1372 947 1607 1019 spectet
1635 942 1717 1001 ad

112 1041 379 1087 eorum
426 1028 747 1106 praemium
779 1016 1132 1104 essentiale,
1166 1033 1278 1093 sed
1306 1034 1451 1113 quia
1492 1052 1717 1095 secun-

112 1117 303 1179 dum
349 1123 827 1185 convenientem
877 1125 1329 1203 providentiam
1384 1127 1718 1189 verisimile

118 1220 241 1273 est
262 1232 417 1274 cum
434 1214 541 1275 illo
565 1217 883 1297 conjungi.
909 1218 1229 1292 Quocirca,
1253 1221 1397 1281 licet
1414 1221 1720 1283 conceda-

114 1324 291 1365 mus
316 1309 479 1369 hanc
498 1309 749 1371 laudem
770 1310 935 1371 beati
950 1331 987 1372 a
1007 1313 1133 1375 Deo
1151 1332 1287 1375 esse
1308 1314 1717 1377 inhaerentem

114 1398 265 1476 ipsi
292 1402 505 1473 beato,
531 1408 593 1463 et
619 1403 758 1465 idco
784 1424 859 1465 cx
884 1406 1001 1467 hac
1020 1414 1197 1485 parte
1214 1428 1341 1469 non
1364 1428 1717 1489 repugnare

122 1510 291 1555 esse
338 1496 667 1573 proemium
711 1516 973 1577 operum
1016 1499 1174 1579 ejus,
1222 1508 1437 1564 tamen
1468 1504 1719 1565 aliunde

124 1604 519 1667 repugnare
546 1589 832 1664 dicimuS,
851 1592 1023 1670 quod
1051 1593 1127 1654 sit
1156 1594 1485 1672 praemium
1510 1614 1721 1657 esseu-

118 1680 323 1755 tiale,
358 1682 617 1755 scilicet,
648 1684 795 1760 quia
828 1689 895 1743 ut
944 1686 1031 1747 sic
1074 1704 1203 1747 non
1246 1694 1529 1749 versatur
1554 1690 1717 1751 circa

120 1774 391 1835 bonum
426 1777 795 1849 increatum,
828 1796 1035 1857 neque
1066 1786 1159 1841 est
1172 1781 1471 1860 perfectio
1499 1782 1719 1843 ultima

124 1874 201 1927 et
234 1887 543 1947 suprema
574 1869 769 1949 ipsius
802 1872 989 1931 beati.
1023 1875 1226 1952 Atque
1263 1875 1364 1937 bic
1392 1874 1579 1935 etiam
1610 1876 1721 1935 ad-

124 1962 301 2021 dere
338 1982 677 2041 possumus
720 1965 911 2043 quod,
958 1966 1117 2027 sicut
1146 1986 1293 2029 vera
1311 1970 1551 2047 justitia
1574 1988 1721 2031 nos-

124 2060 237 2115 tra
276 2074 413 2115 non
444 2058 725 2119 consistit
750 2058 813 2117 in
838 2059 1186 2121 extrinseco
1218 2060 1430 2122 favore
1446 2062 1577 2136 Dei,
1610 2060 1721 2121 sed

126 2148 203 2207 in
268 2149 617 2211 intrinseca
656 2151 1037 2229 perfectione
1090 2170 1281 2232 quam
1322 2154 1504 2214 nobis
1552 2172 1723 2215 com-

122 2243 456 2315 municat,
482 2245 569 2304 ita
609 2262 757 2305 vera
784 2245 1103 2307 beatitudo
1144 2254 1205 2308 et
1233 2248 1561 2327 praemium
1589 2264 1721 2309 me-

124 2336 419 2397 ritorum
440 2356 569 2397 non
596 2339 875 2399 consistit
900 2339 965 2399 in
987 2346 1245 2401 externa
1270 2342 1459 2403 laude
1480 2346 1717 2415 nostra,

130 2430 399 2489 etiamsi
448 2430 525 2491 sit
574 2450 613 2491 a
670 2432 799 2492 Deo
831 2451 847 2505 ;
904 2452 1111 2511 neque
1166 2434 1229 2494 in
1282 2435 1489 2514 aliquo
1542 2435 1721 2513 signo

132 2524 287 2601 ojus
346 2532 415 2585 ut
458 2525 567 2598 sic,
600 2526 713 2587 sed
742 2526 805 2587 in
851 2526 1057 2605 aliqua
1108 2529 1443 2591 intrinseca
1482 2531 1722 2609 perfec-

134 2616 347 2688 tione,
384 2637 508 2697 qua
536 2618 977 2698 conjungimur
1006 2622 1121 2699 ipsi
1156 2624 1309 2682 Deo.
1338 2622 1541 2701 Majus
1568 2642 1719 2703 ergo

134 2710 483 2787 praemium
538 2712 677 2785 erit,
710 2713 877 2790 quod
914 2716 1115 2793 magis
1150 2734 1267 2775 nos
1298 2717 1427 2777 Deo
1466 2718 1722 2796 conjun-

134 2804 238 2879 git
266 2803 337 2863 in
372 2822 449 2865 ea
492 2805 776 2877 ratione3
812 2806 933 2867 tale
962 2826 1115 2887 ergo
1149 2814 1245 2869 est
1273 2809 1442 2887 quod
1471 2816 1725 2889 propter

138 2896 333 2973 plura
362 2915 555 2976 opera
584 2897 789 2971 datur,
813 2918 931 2961 nec
955 2908 1165 2979 posset
1194 2920 1331 2963 esse
1354 2903 1559 2981 majus
1582 2902 1723 2963 sim-

138 2989 400 3066 pliciter
436 2998 691 3070 propter
722 2992 919 3055 solam
956 2994 1323 3057 relationem
1360 2996 1442 3057 ad
1474 2996 1717 3057 merita.

136 3205 569 3285 Respondem-
608 3207 691 3268 ad
736 3205 1194 3272 similitudinem
1228 3227 1269 3272 a
1306 3207 1545 3273 Christo
1578 3211 1721 3273 duo-

308 3309 321 3318 ·
858 3307 1005 3364 tam.

226 3459 333 3516 61.
388 3458 509 3520 Per
536 3459 666 3520 hoec
701 3477 851 3539 ergo
880 3461 1261 3526 satisfactum
1292 3469 1386 3524 est
1428 3441 1717 3524 omnibus

138 3551 459 3632 exemplis
500 3561 565 3616 et
594 3554 971 3633 conjecturis
1007 3554 1071 3614 in
1102 3555 1377 3616 secunda
1410 3558 1721 3618 sententia

134 3645 511 3724 propositis,
562 3654 791 3725 praeter
822 3647 976 3708 illud
994 3648 1164 3727 quod
1207 3649 1285 3710 de
1325 3649 1563 3711 Christo
1600 3651 1719 3710 Do-

136 3739 323 3800 mino
354 3739 845 3801 offerebatur.1n
872 3759 997 3820 quo
1021 3743 1327 3819 imprimis
1350 3749 1444 3804 est
1471 3743 1715 3804 diversa

136 3833 307 3892 ratio
334 3832 547 3910 quoad
578 3833 901 3912 praemium
934 3835 1269 3896 essentiale
1300 3854 1555 3896 suorum
1584 3855 1717 3898 me-

136 3925 435 3998 ritorum,
470 3925 615 4004 quia
654 3943 783 3988 non
816 3927 1029 3989 babuit
1058 3947 1236 3990 suam
1262 3929 1714 3990 beatitudinem

138 4018 551 4080 essentialem
598 4037 713 4096 per
764 4019 1023 4092 merita3
1083 4020 1147 4082 in
1198 4022 1453 4100 reliquis
1502 4029 1716 4084 autem

138 4117 437 4171 servatur
462 4111 685 4172 eadem
714 4113 873 4174 ratio
924 4132 1069 4174 cum
1098 4116 1526 4194 proportione,
1570 4116 1715 4194 quia

138 4205 343 4263 etiam
385 4204 449 4262 in
488 4204 620 4282 ipso
664 4206 989 4283 praemium
1030 4207 1235 4286 majus
1280 4226 1405 4268 non
1453 4215 1547 4268 est
1598 4208 1715 4270 nisi

135 4303 409 4375 propter
444 4296 701 4376 aliquod
734 4307 1147 4378 augmentum
1186 4301 1355 4362 reale
1416 4303 1553 4380 ejus
1596 4302 1711 4375 rei,

136 4409 287 4468 qnae
306 4390 455 4450 data
480 4391 652 4451 estin
682 4393 1035 4469 praemium,
1076 4395 1205 4454 sive
1230 4393 1385 4455 illud
1412 4413 1717 4472 augmen-

140 4489 283 4544 tum
338 4484 719 4546 intensivum
770 4486 873 4560 sit,
918 4488 1045 4548 sive
1100 4487 1521 4562 extensivum,
1584 4489 1713 4550 sive

140 4576 319 4638 aliud
358 4576 529 4655 quod
580 4580 1117 4656 proportionatum
1160 4581 1237 4642 sit
1270 4581 1376 4642 tali
1432 4582 1707 4661 praemio.

138 4669 367 4741 Unde,
425 4670 569 4748 quia
626 4671 791 4734 inter
842 4674 1099 4750 praemia
1136 4675 1483 4736 extrinseca
1514 4720 1530 4748 ,
1574 4695 1714 4754 quae

140 4763 393 4822 Christo
442 4762 585 4823 data
620 4771 787 4838 sunt,
818 4784 1015 4826 unum
1056 4773 1149 4827 est
1178 4768 1449 4840 claritaS,
1490 4769 1709 4848 gloria,

142 4875 259 4916 sen
286 4855 431 4914 laus
445 4856 788 4918 extrinseca
809 4858 1125 4935 dignitatis
1150 4879 1459 4940 personae,
1483 4870 1545 4924 et
1570 4881 1713 4944 ope-

140 4967 289 5009 rum
344 4950 504 5028 ejus,
562 4949 643 5010 ad
692 4967 883 5028 quam
928 4952 1185 5014 laudem
1240 4959 1302 5016 et
1344 4955 1710 5034 dignitatem

142 5049 389 5120 spectat
424 5043 593 5122 quod
620 5042 839 5104 fecerit
882 5063 1074 5124 opera
1111 5048 1321 5128 digna,
1358 5067 1437 5110 ex
1476 5048 1706 5126 rigore,

144 5135 407 5214 praemio
429 5136 681 5214 justitiae
710 5143 773 5198 et
812 5137 1035 5202 infiniti
1070 5141 1321 5218 wilm-ie,
1348 5142 1488 5204 ideo
1516 5143 1577 5202 in
1610 5161 1713 5202 ra-

144 5231 317 5290 tione
348 5229 603 5290 honoris
630 5230 731 5292 vel
760 5230 965 5292 laudis
1000 5235 1269 5311 pertinet
1288 5235 1371 5296 ad
1404 5235 1714 5296 excellen-

146 5324 303 5384 tiam
330 5323 563 5401 prasmii
616 5323 775 5401 ejus,
822 5307 995 5403 quod
1024 5327 1210 5388 detur
1257 5346 1399 5388 cum
1427 5328 1719 5390 testifica-

150 5415 321 5476 tione
352 5415 587 5493 aliqua‚
630 5417 803 5493 quod
849 5437 927 5480 ex
952 5419 1227 5497 perfecta
1255 5422 1495 5500 justitia
1523 5422 1581 5482 ei
1608 5423 1719 5484 de-

150 5509 398 5584 beatur,
444 5511 623 5588 Juxta
682 5511 835 5572 illud
889 5514 1145 5591 Apocal.
1212 5516 1287 5576 5:
1345 5515 1587 5598 Diymcs
1627 5518 1719 5579 est

436 5633 516 5679 ΣΙ.

3243 370 3354 433 481

1799 469 2038 551 Aquas,
2073 473 2180 552 qui
2225 474 2458 536 occisus
2493 478 2606 544 est,
2657 475 2926 555 accipere
2952 476 3358 551 divinitatem,

1799 568 1855 626 ec
1892 565 2282 645 sapientiam,
2325 571 2381 629 et
2403 566 2840 645 fortitudinem,
2887 573 2946 631 et
2975 570 3272 643 honorem,
3306 575 3364 632 et

1797 656 2079 738 yloriam,
2127 664 2184 721 et
2227 660 2702 721 benedictionem.
2749 660 3092 739 Improprie
3152 670 3364 725 autem

1798 749 2024 809 dicitur
2067 751 2286 813 Christi
2329 751 2658 831 praemium
2687 770 2826 813 esse
2861 752 3196 827 infinitum,
3243 758 3362 818 hoc

1798 841 1933 921 ipso
1975 844 2144 921 quod
2183 845 2367 905 datur
2407 851 2662 925 propter
2705 846 2998 905 meritum
3023 847 3358 923 infinitum,

1795 937 1895 997 vel
1943 954 2021 997 ex
2060 938 2269 1017 rigore
2309 938 2602 1017 justitian
2637 940 2755 999 hoc
2795 940 2964 999 enim
3017 942 3204 1001 modo
3236 942 3363 1023 glo-

1795 1030 1887 1089 ria
1939 1033 2216 1110 corporis
2268 1032 2416 1093 data
2471 1032 2710 1093 Christo
2765 1039 3022 1112 propter
3070 1035 3360 1099 meritum

1802 1122 1940 1199 ejus
1987 1129 2082 1185 est
2125 1124 2522 1205 adaequatum
2557 1124 2878 1205 praemium
2923 1126 3088 1189 illius
3135 1130 3359 1192 meriti.

1802 1216 2142 1297 Possetque
2179 1218 2371 1292 Deus,
2408 1225 2654 1279 servata
2688 1219 2942 1299 justitiae
2970 1222 3358 1299 aequalitate,

1800 1309 2066 1371 reddere
2113 1310 2264 1372 illud
2320 1317 2624 1391 tanquam
2664 1312 3042 1393 condignum
3089 1321 3150 1377 et
3199 1316 3359 1377 suffi-

1802 1402 1972 1463 ciens
2025 1405 2355 1482 praemium
2393 1424 2508 1485 pro
2563 1411 2692 1467 toto
2745 1406 2852 1467 illo
2891 1408 3138 1480 merito,
3194 1410 3360 1487 quod

1800 1496 2142 1557 absurdum
2189 1505 2305 1571 est,
2353 1505 2416 1559 et
2459 1504 2671 1559 contra
2713 1516 2934 1560 omnes
2985 1501 3360 1583 TheologoS.
3417 1524 3426 1531 ·

1799 1590 1875 1651 Et
1912 1591 2168 1669 sequela
2210 1596 2406 1671 patet,
2453 1592 2604 1670 quia
2649 1610 2727 1653 ex
2771 1595 3080 1655 sententia
3139 1596 3366 1660 horum

1800 1690 2128 1744 auctorum
2167 1685 2320 1746 illud
2368 1685 2698 1765 praemium
2757 1704 2834 1746 ex
2893 1686 2996 1747 illa
3061 1690 3366 1753 relatione

1798 1777 1992 1837 habet
2021 1784 2260 1839 tantam
2301 1777 2674 1840 infinitatem
2711 1778 2775 1839 in
2808 1782 3050 1841 ratione
3101 1784 3360 1861 praemii‚

1800 1877 1871 1932 ut
1912 1872 2177 1933 sufficiat
2213 1874 2294 1933 ad
2320 1872 2682 1953 oequitatem
2699 1874 2953 1953 justitian
2982 1878 3368 1939 constituen-

1802 1964 1948 2025 dam
1980 1966 2322 2027 secundum
2351 1966 2772 2042 aequalilatem
2805 1967 2893 2028 rei
2926 1968 3008 2028 ad
3035 1987 3196 2046 rem,
3223 1970 3366 2031 licet

1804 2057 2036 2135 alioqui
2067 2077 2167 2119 res
2194 2060 2352 2137 ipsa,
2380 2078 2517 2137 quae
2534 2059 2794 2119 daturin
2813 2060 3160 2139 proemium,
3191 2062 3368 2125 finita

1804 2151 1909 2222 sit;
1953 2168 2100 2230 ergo
2123 2150 2563 2230 quodcumque
2586 2151 2934 2231 praemium,
2969 2156 3368 2233 quantumvis

1802 2244 1866 2305 in
1918 2263 1986 2305 se
2017 2244 2095 2305 sit
2144 2263 2246 2305 res
2277 2244 2477 2319 finita,
2524 2244 2740 2307 datum
2773 2246 2890 2306 sub
2931 2246 3037 2309 illo
3081 2255 3370 2329 respectu

1804 2338 1920 2399 erit
1955 2338 2266 2398 infinitum
2299 2338 2360 2398 in
2393 2338 2636 2399 ratione
2661 2339 2917 2417 praemii.
2953 2340 3122 2401 Sicut
3153 2360 3186 2403 e
3227 2361 3363 2403 con·

1800 2449 1984 2493 verso
2013 2432 2298 2505 dicimuS,
2328 2430 2649 2511 quodlibet
2678 2450 2836 2510 opus
2858 2432 3075 2493 Christi
3097 2436 3365 2511 Domini,

1800 2524 1946 2585 licet
1975 2523 2038 2583 in
2073 2542 2140 2583 se
2171 2524 2500 2585 minimum
2531 2569 2547 2597 ,
2599 2524 2834 2585 habere
2863 2524 3234 2589 intinitatem
3263 2548 3372 2589 va-

1800 2616 1950 2675 loris
1988 2616 2052 2675 in
2083 2616 2299 2676 ordine
2338 2616 2420 2677 ad
2453 2617 2770 2689 meritum,
2823 2636 2900 2679 ex
2937 2620 3242 2683 relatione
3287 2620 3368 2683 ad

1801 2728 2138 2791 personam
2181 2717 2572 2788 operantem.
2621 2712 2684 2773 Si
2719 2704 2871 2791 e‘rgo
2913 2716 3242 2792 praemium
3291 2736 3370 2779 cx

1802 2802 2109 2864 relatione
2145 2802 2226 2863 ad
2261 2803 2384 2865 tale
2433 2804 2748 2877 meritum,
2789 2805 2890 2866 vel
2917 2807 2998 2867 ad
3033 2826 3366 2886 personam

1806 2896 1893 2957 sic
1914 2902 2286 2969 merentem,
2317 2896 2508 2957 habet
2535 2896 3068 2976 proportionatam
3098 2900 3372 2963 infinita-

1805 2997 1936 3051 tem
1989 2991 2050 3051 in
2085 2991 2328 3051 ratione
2363 2991 2620 3069 praemii,
2679 3010 3096 3079 quaecumque
3125 3014 3226 3057 res
3253 2998 3374 3059 mi-

1802 3084 1998 3152 nima.
2054 3084 2200 3146 data
2243 3084 2305 3145 in
2347 3085 2672 3164 praemium
2727 3086 2846 3148 sub
2901 3086 3005 3150 illo
3051 3098 3364 3170 respectu,

1803 3179 1919 3240 erit
1963 3179 2274 3240 infinitum
2329 3179 2660 3259 praemium
2699 3187 2762 3241 et
2809 3181 3210 3262 adaequatum
3261 3186 3370 3247 tali

1798 3272 2061 3346 merito;
2113 3289 2262 3332 nam
2315 3273 2604 3334 meritum
2659 3279 2722 3334 et
2757 3276 3086 3353 praemium
3129 3296 3204 3338 ex
3244 3277 3372 3339 for-

1800 3365 2072 3426 malibus
2121 3363 2472 3426 rationibus
2515 3363 2752 3426 debent
2793 3367 3156 3446 adaequari;
3209 3377 3272 3432 et
3318 3371 3372 3432 si

1800 3465 2140 3536 utrumque
2181 3457 2260 3518 sit
2295 3457 2659 3537 simpliciter
2683 3457 2993 3520 infinitum
3023 3461 3088 3520 in
3118 3481 3230 3522 sua
3271 3482 3372 3524 ra-

1800 3551 1994 3624 tione,
2023 3557 2085 3612 et
2115 3569 2192 3612 ex
2219 3557 2511 3629 respectu
2554 3551 2670 3612 sibi
2701 3553 3196 3632 proportionato,
3235 3556 3369 3617 nul-

1797 3644 1859 3706 la
1898 3645 2102 3725 major
2143 3643 2468 3722 aequalitas
2514 3643 2678 3706 inter
2731 3663 2808 3708 ea
2861 3664 2940 3707 ex
2994 3649 3368 3712 necessitate

1798 3735 2054 3815 justitioe
2087 3737 2390 3816 postulari
2421 3742 2646 3816 potest.

1880 3832 1982 3892 62.
2029 3829 2209 3892 Falsa
2231 3849 2379 3910 ergo
2408 3837 2504 3892 est
2517 3830 2622 3890 illa
2643 3829 2951 3906 doctrina,
2975 3852 3180 3913 neque
3204 3835 3369 3898 ullus

1796 3927 2260 4004 Theologorum
2285 3928 2372 3986 ita
2391 3923 2864 4004 philosophatus
2887 3934 2981 3988 est
3009 3928 3088 3988 de
3107 3931 3367 4008 praemio

1796 4019 2162 4080 meritorum
2188 4018 2432 4091 Christi,
2463 4018 2529 4080 in
2550 4035 2675 4098 quo
2699 4017 2965 4080 nonfuit
2991 4023 3250 4100 aequitas
3265 4024 3368 4104 ju-

1799 4114 1976 4176 stitiae
2010 4119 2256 4174 servata
2279 4159 2298 4188 ,
2335 4119 2672 4194 propterea
2713 4112 2884 4190 quod
2909 4118 3370 4192 exaequavcrint

1799 4213 1998 4267 totum
2066 4206 2342 4268 valorem
2400 4215 2462 4267 et
2523 4203 2956 4266 sufficientiam
2997 4207 3366 4270 meritorum

1798 4301 2058 4371 Christi3
2104 4299 2218 4360 sed
2251 4305 2582 4380 propterea
2611 4297 2782 4376 quod
2807 4304 3006 4359 totum
3037 4300 3189 4360 illud
3214 4321 3369 4380 proe·

1796 4395 1994 4455 mium
2035 4393 2252 4455 datum
2275 4399 2388 4466 est,
2420 4392 2502 4454 ad
2533 4390 2702 4470 quod
2727 4391 2982 4454 fuerunt
3015 4393 3118 4454 illa
3141 4396 3366 4458 merita

1796 4489 2119 4558 ordinata3
2153 4505 2270 4548 nec
2297 4487 2498 4564 potuit
2534 4485 2711 4546 aliter
2728 4485 2861 4546 fieri
2889 4487 3109 4548 saltem
3143 4507 3368 4552 secun-

1796 4581 1946 4642 dum
1978 4581 2186 4660 legem
2213 4579 2614 4651 ordinariam,
2651 4584 2720 4638 ut
2759 4578 2821 4638 in
2861 4580 3062 4659 primo
3107 4587 3276 4644 tomo
3329 4585 3368 4643 3

1797 4680 1994 4754 partis
2041 4673 2230 4733 latius
2271 4671 2562 4732 diximus.
2616 4672 2692 4731 Et
2737 4671 2788 4730 si
2833 4674 2976 4750 quis
3025 4675 3368 4752 prudenter

1795 4786 1930 4828 rem
1961 4767 2338 4841 consideret,
2371 4765 2550 4826 facile
2581 4763 2884 4846 intelliget
2925 4765 3097 4826 illum
3121 4787 3371 4848 respec-

1796 4867 1932 4922 tum
1973 4860 2298 4922 moraliter
2333 4857 2485 4920 nihil
2520 4856 2802 4918 conferre
2847 4858 2928 4918 ad
2959 4869 3366 4940 augmentum

1791 4953 2057 5034 proemii‚
2093 4953 2214 5014 nisi
2238 4951 2426 5030 modo
2451 4951 2790 5025 insinuato,
2811 4951 3042 5014 scilicet
3087 4972 3202 5032 per
3231 4973 3367 5017 mo-

1794 5048 1942 5108 dum
1967 5047 2300 5119 laudis,vel
2327 5043 2652 5106 extrinseci
2676 5045 2950 5108 honoris
2981 5047 3159 5122 Nam,
3193 5049 3366 5129 quod

1792 5141 2122 5220 praemium
2150 5139 2228 5200 sit
2265 5137 2547 5199 debitum
2577 5156 2654 5198 ex
2687 5139 2895 5216 rigore
2919 5140 3193 5218 justitiae,
3233 5159 3363 5200 non

1796 5242 1893 5296 est
1912 5234 2373 5296 commendatio
2393 5231 2585 5311 ipsius
2607 5233 2984 5310 praemii,sed
3005 5235 3230 5307 meriti,
3251 5253 3366 5295 seu

1796 5329 2136 5402 mercum,
2177 5333 2240 5389 et
2277 5327 2443 5399 ideo,
2489 5324 2932 5405 distinguendo
2972 5327 3302 5405 praemium
3331 5347 3370 5388 a

1797 5422 2016 5494 laude,
2048 5439 2162 5482 seu
2191 5417 2644 5498 significatione
2691 5419 3098 5491 excellentiis,
3142 5437 3364 5480 revera

1799 5533 1930 5577 non
1956 5520 2147 5595 auget
2174 5511 2538 5594 praemium3
2577 5519 2640 5574 ut
2693 5518 2907 5574 autem
2939 5521 3038 5576 est
3077 5513 3363 5592 quaedam

2953 5623 3024 5692 31
