<?xml version="1.0" encoding="UTF-8"?>
<!DOCTYPE html PUBLIC "-//W3C//DTD XHTML 1.0 Transitional//EN"
    "http://www.w3.org/TR/xhtml1/DTD/xhtml1-transitional.dtd">
<html xmlns="http://www.w3.org/1999/xhtml" xml:lang="en" lang="en">
 <head>
  <title>
</title>
<meta http-equiv="Content-Type" content="text/html;charset=utf-8" />
  <meta name='ocr-system' content='tesseract 3.04.00' />
  <meta name='ocr-capabilities' content='ocr_page ocr_carea ocr_par ocr_line ocrx_word'/>
</head>
<body>
  <div class='ocr_page' id='page_1' title='image "./rpfranciscisuar01duvagoog_0488.png"; bbox 0 0 3850 6225; ppageno 0'>
   <div class='ocr_carea' id='block_1_1' title="bbox 506 412 625 474">
    <p class='ocr_par' dir='ltr' id='par_1_1' title="bbox 506 412 625 474">
     <span class='ocr_line' id='line_1_1' title="bbox 506 412 625 474; baseline 0.008 -1"><span class='ocrx_word' id='word_1_1' title='bbox 506 412 625 474; x_wconf 67' lang='lat'><strong>474</strong></span> 
     </span>
    </p>
   </div>
   <div class='ocr_carea' id='block_1_2' title="bbox 492 518 2082 5444">
    <p class='ocr_par' dir='ltr' id='par_1_2' title="bbox 492 518 2080 4795">
     <span class='ocr_line' id='line_1_2' title="bbox 502 518 2066 602; baseline 0.001 -22"><span class='ocrx_word' id='word_1_2' title='bbox 502 532 669 591; x_wconf 79' lang='lat' dir='ltr'><strong>rum,</strong></span> <span class='ocrx_word' id='word_1_3' title='bbox 688 518 917 597; x_wconf 84' lang='lat' dir='ltr'><strong>proeter</strong></span> <span class='ocrx_word' id='word_1_4' title='bbox 930 518 1321 595; x_wconf 83' lang='lat' dir='ltr'><strong>charitatem,</strong></span> <span class='ocrx_word' id='word_1_5' title='bbox 1342 534 1471 583; x_wconf 85' lang='lat' dir='ltr'><strong>non</strong></span> <span class='ocrx_word' id='word_1_6' title='bbox 1490 522 1719 583; x_wconf 91' lang='lat' dir='ltr'><strong>mereri</strong></span> <span class='ocrx_word' id='word_1_7' title='bbox 1742 522 2066 602; x_wconf 84' lang='lat' dir='ltr'><strong>praemium</strong></span> 
     </span>
     <span class='ocr_line' id='line_1_3' title="bbox 504 600 2068 688; baseline 0.002 -16"><span class='ocrx_word' id='word_1_8' title='bbox 504 602 836 673; x_wconf 70' lang='lat' dir='ltr'><strong>essentiale</strong></span> <span class='ocrx_word' id='word_1_9' title='bbox 884 600 1230 675; x_wconf 80' lang='lat' dir='ltr'><strong>secundum</strong></span> <span class='ocrx_word' id='word_1_10' title='bbox 1286 634 1353 677; x_wconf 90' lang='lat' dir='ltr'><strong>se</strong></span> <span class='ocrx_word' id='word_1_11' title='bbox 1411 634 1485 677; x_wconf 86' lang='lat' dir='ltr'><strong>ac</strong></span> <span class='ocrx_word' id='word_1_12' title='bbox 1528 606 1907 688; x_wconf 75' lang='lat' dir='ltr'><strong>formaliter;</strong></span> <span class='ocrx_word' id='word_1_13' title='bbox 1955 610 2068 676; x_wconf 89' lang='lat' dir='ltr'><strong>sed</strong></span> 
     </span>
     <span class='ocr_line' id='line_1_4' title="bbox 504 692 2068 785; baseline 0.001 -17"><span class='ocrx_word' id='word_1_14' title='bbox 504 692 707 768; x_wconf 84' lang='lat' dir='ltr'><strong>solum</strong></span> <span class='ocrx_word' id='word_1_15' title='bbox 740 706 919 785; x_wconf 83' lang='lat' dir='ltr'><strong>quasi</strong></span> <span class='ocrx_word' id='word_1_16' title='bbox 948 707 1457 771; x_wconf 78' lang='lat' dir='ltr'><strong>denominatione</strong></span> <span class='ocrx_word' id='word_1_17' title='bbox 1488 710 1859 783; x_wconf 84' lang='lat' dir='ltr'><strong>extrinseca,</strong></span> <span class='ocrx_word' id='word_1_18' title='bbox 1882 710 2068 771; x_wconf 86' lang='lat' dir='ltr'><strong>ratio-</strong></span> 
     </span>
     <span class='ocr_line' id='line_1_5' title="bbox 500 800 2068 881; baseline 0.001 -20"><span class='ocrx_word' id='word_1_19' title='bbox 500 817 584 861; x_wconf 90' lang='lat' dir='ltr'><strong>ne</strong></span> <span class='ocrx_word' id='word_1_20' title='bbox 636 800 827 861; x_wconf 88' lang='lat' dir='ltr'><strong>solius</strong></span> <span class='ocrx_word' id='word_1_21' title='bbox 868 806 1044 863; x_wconf 89' lang='lat' dir='ltr'><strong>actus</strong></span> <span class='ocrx_word' id='word_1_22' title='bbox 1084 802 1400 863; x_wconf 86' lang='lat' dir='ltr'><strong>charitatis</strong></span> <span class='ocrx_word' id='word_1_23' title='bbox 1440 802 1843 881; x_wconf 88' lang='lat' dir='ltr'><strong>imperantis;</strong></span> <span class='ocrx_word' id='word_1_24' title='bbox 1868 803 2068 863; x_wconf 81' lang='lat' dir='ltr'><strong>ideo-</strong></span> 
     </span>
     <span class='ocr_line' id='line_1_6' title="bbox 500 893 2064 977; baseline 0.003 -22"><span class='ocrx_word' id='word_1_25' title='bbox 500 912 627 975; x_wconf 90' lang='lat' dir='ltr'><strong>que</strong></span> <span class='ocrx_word' id='word_1_26' title='bbox 679 893 797 973; x_wconf 87' lang='lat' dir='ltr'><strong>ipsi</strong></span> <span class='ocrx_word' id='word_1_27' title='bbox 846 894 1059 957; x_wconf 84' lang='lat' dir='ltr'><strong>verbis</strong></span> <span class='ocrx_word' id='word_1_28' title='bbox 1122 894 1400 959; x_wconf 78' lang='lat' dir='ltr'><strong>fatentur</strong></span> <span class='ocrx_word' id='word_1_29' title='bbox 1463 898 1783 959; x_wconf 89' lang='lat' dir='ltr'><strong>hominem</strong></span> <span class='ocrx_word' id='word_1_30' title='bbox 1821 899 2064 977; x_wconf 87' lang='lat' dir='ltr'><strong>justum</strong></span> 
     </span>
     <span class='ocr_line' id='line_1_7' title="bbox 500 988 2067 1071; baseline 0.001 -22"><span class='ocrx_word' id='word_1_31' title='bbox 500 1006 616 1067; x_wconf 88' lang='lat' dir='ltr'><strong>per</strong></span> <span class='ocrx_word' id='word_1_32' title='bbox 668 993 845 1049; x_wconf 90' lang='lat' dir='ltr'><strong>actus</strong></span> <span class='ocrx_word' id='word_1_33' title='bbox 892 988 1190 1050; x_wconf 83' lang='lat' dir='ltr'><strong>virtutum</strong></span> <span class='ocrx_word' id='word_1_34' title='bbox 1246 991 1577 1051; x_wconf 89' lang='lat' dir='ltr'><strong>moralium</strong></span> <span class='ocrx_word' id='word_1_35' title='bbox 1635 991 1976 1071; x_wconf 87' lang='lat' dir='ltr'><strong>imperatos</strong></span> <span class='ocrx_word' id='word_1_36' title='bbox 2029 1010 2067 1051; x_wconf 89' lang='lat' dir='ltr'><strong>a</strong></span> 
     </span>
     <span class='ocr_line' id='line_1_8' title="bbox 500 1080 2068 1161; baseline 0.003 -20"><span class='ocrx_word' id='word_1_37' title='bbox 500 1080 799 1143; x_wconf 80' lang='lat' dir='ltr'><strong>charitate</strong></span> <span class='ocrx_word' id='word_1_38' title='bbox 832 1082 1063 1143; x_wconf 89' lang='lat' dir='ltr'><strong>mereri</strong></span> <span class='ocrx_word' id='word_1_39' title='bbox 1092 1083 1417 1161; x_wconf 67' lang='lat' dir='ltr'><strong>pra-,mium</strong></span> <span class='ocrx_word' id='word_1_40' title='bbox 1444 1084 1796 1159; x_wconf 79' lang='lat' dir='ltr'><strong>essentiale,</strong></span> <span class='ocrx_word' id='word_1_41' title='bbox 1818 1103 1944 1145; x_wconf 89' lang='lat' dir='ltr'><strong>non</strong></span> <span class='ocrx_word' id='word_1_42' title='bbox 1973 1091 2068 1147; x_wconf 89' lang='lat' dir='ltr'><strong>ta-</strong></span> 
     </span>
     <span class='ocr_line' id='line_1_9' title="bbox 498 1174 2066 1257; baseline 0.002 -21"><span class='ocrx_word' id='word_1_43' title='bbox 498 1192 647 1237; x_wconf 88' lang='lat' dir='ltr'><strong>men</strong></span> <span class='ocrx_word' id='word_1_44' title='bbox 695 1174 910 1246; x_wconf 80' lang='lat' dir='ltr'><strong>aliud,</strong></span> <span class='ocrx_word' id='word_1_45' title='bbox 962 1193 1167 1254; x_wconf 87' lang='lat' dir='ltr'><strong>neque</strong></span> <span class='ocrx_word' id='word_1_46' title='bbox 1218 1178 1424 1256; x_wconf 88' lang='lat' dir='ltr'><strong>majus</strong></span> <span class='ocrx_word' id='word_1_47' title='bbox 1480 1194 1669 1257; x_wconf 85' lang='lat' dir='ltr'><strong>quam</strong></span> <span class='ocrx_word' id='word_1_48' title='bbox 1718 1184 2066 1240; x_wconf 85' lang='lat' dir='ltr'><strong>mereretur</strong></span> 
     </span>
     <span class='ocr_line' id='line_1_10' title="bbox 497 1268 2065 1347; baseline 0.003 -20"><span class='ocrx_word' id='word_1_49' title='bbox 497 1284 615 1347; x_wconf 89' lang='lat' dir='ltr'><strong>per</strong></span> <span class='ocrx_word' id='word_1_50' title='bbox 652 1268 855 1327; x_wconf 88' lang='lat' dir='ltr'><strong>solum</strong></span> <span class='ocrx_word' id='word_1_51' title='bbox 886 1268 1192 1347; x_wconf 87' lang='lat' dir='ltr'><strong>oequalem</strong></span> <span class='ocrx_word' id='word_1_52' title='bbox 1230 1276 1441 1330; x_wconf 87' lang='lat' dir='ltr'><strong>actum</strong></span> <span class='ocrx_word' id='word_1_53' title='bbox 1486 1271 1756 1331; x_wconf 86' lang='lat' dir='ltr'><strong>elicitum</strong></span> <span class='ocrx_word' id='word_1_54' title='bbox 1800 1270 2065 1331; x_wconf 86' lang='lat' dir='ltr'><strong>charita-</strong></span> 
     </span>
     <span class='ocr_line' id='line_1_11' title="bbox 496 1354 2060 1433; baseline 0.001 -12"><span class='ocrx_word' id='word_1_55' title='bbox 496 1354 595 1433; x_wconf 85' lang='lat' dir='ltr'><strong>tis,</strong></span> <span class='ocrx_word' id='word_1_56' title='bbox 648 1365 711 1422; x_wconf 88' lang='lat' dir='ltr'><strong>et</strong></span> <span class='ocrx_word' id='word_1_57' title='bbox 760 1358 893 1421; x_wconf 89' lang='lat' dir='ltr'><strong>sola</strong></span> <span class='ocrx_word' id='word_1_58' title='bbox 940 1355 1447 1424; x_wconf 79' lang='lat' dir='ltr'><strong>denominatione</strong></span> <span class='ocrx_word' id='word_1_59' title='bbox 1480 1362 1827 1425; x_wconf 86' lang='lat' dir='ltr'><strong>extrinseca</strong></span> <span class='ocrx_word' id='word_1_60' title='bbox 1874 1363 2060 1425; x_wconf 88' lang='lat' dir='ltr'><strong>tribui</strong></span> 
     </span>
     <span class='ocr_line' id='line_1_12' title="bbox 498 1450 2060 1517; baseline 0.004 -6"><span class='ocrx_word' id='word_1_61' title='bbox 498 1450 654 1512; x_wconf 89' lang='lat' dir='ltr'><strong>aliis.</strong></span> <span class='ocrx_word' id='word_1_62' title='bbox 700 1452 871 1515; x_wconf 86' lang='lat' dir='ltr'><strong>Sicut</strong></span> <span class='ocrx_word' id='word_1_63' title='bbox 904 1452 1167 1515; x_wconf 84' lang='lat' dir='ltr'><strong>dicimus</strong></span> <span class='ocrx_word' id='word_1_64' title='bbox 1220 1454 1543 1517; x_wconf 87' lang='lat' dir='ltr'><strong>hominem</strong></span> <span class='ocrx_word' id='word_1_65' title='bbox 1577 1456 1805 1517; x_wconf 88' lang='lat' dir='ltr'><strong>mereri</strong></span> <span class='ocrx_word' id='word_1_66' title='bbox 1849 1456 2060 1517; x_wconf 87' lang='lat' dir='ltr'><strong>dando</strong></span> 
     </span>
     <span class='ocr_line' id='line_1_13' title="bbox 498 1545 2056 1627; baseline 0.003 -20"><span class='ocrx_word' id='word_1_67' title='bbox 498 1545 991 1627; x_wconf 84' lang='lat' dir='ltr'><strong>eleemosynam,</strong></span> <span class='ocrx_word' id='word_1_68' title='bbox 1042 1547 1393 1622; x_wconf 89' lang='lat' dir='ltr'><strong>scribendo,</strong></span> <span class='ocrx_word' id='word_1_69' title='bbox 1450 1555 1559 1611; x_wconf 89' lang='lat' dir='ltr'><strong>aut</strong></span> <span class='ocrx_word' id='word_1_70' title='bbox 1602 1550 2056 1623; x_wconf 87' lang='lat' dir='ltr'><strong>concionando,</strong></span> 
     </span>
     <span class='ocr_line' id='line_1_14' title="bbox 499 1638 2059 1723; baseline 0.001 -22"><span class='ocrx_word' id='word_1_71' title='bbox 499 1638 645 1713; x_wconf 58' lang='lat' dir='ltr'><strong>eta,</strong></span> <span class='ocrx_word' id='word_1_72' title='bbox 691 1659 837 1701; x_wconf 91' lang='lat' dir='ltr'><strong>cum</strong></span> <span class='ocrx_word' id='word_1_73' title='bbox 890 1650 1103 1703; x_wconf 86' lang='lat' dir='ltr'><strong>tamen</strong></span> <span class='ocrx_word' id='word_1_74' title='bbox 1152 1644 1447 1703; x_wconf 84' lang='lat' dir='ltr'><strong>meritum</strong></span> <span class='ocrx_word' id='word_1_75' title='bbox 1490 1647 1779 1723; x_wconf 84' lang='lat' dir='ltr'><strong>respectu</strong></span> <span class='ocrx_word' id='word_1_76' title='bbox 1821 1644 2059 1722; x_wconf 80' lang='lat' dir='ltr'><strong>proemii</strong></span> 
     </span>
     <span class='ocr_line' id='line_1_15' title="bbox 497 1728 2063 1809; baseline 0.003 -16"><span class='ocrx_word' id='word_1_77' title='bbox 497 1734 846 1795; x_wconf 77' lang='lat' dir='ltr'><strong>essentialis</strong></span> <span class='ocrx_word' id='word_1_78' title='bbox 880 1734 957 1795; x_wconf 89' lang='lat' dir='ltr'><strong>sit</strong></span> <span class='ocrx_word' id='word_1_79' title='bbox 998 1736 1063 1795; x_wconf 79' lang='lat' dir='ltr'><strong>i&#39;n</strong></span> <span class='ocrx_word' id='word_1_80' title='bbox 1112 1736 1255 1797; x_wconf 83' lang='lat' dir='ltr'><strong>actu</strong></span> <span class='ocrx_word' id='word_1_81' title='bbox 1284 1728 1589 1809; x_wconf 82' lang='lat' dir='ltr'><strong>interiori,</strong></span> <span class='ocrx_word' id='word_1_82' title='bbox 1632 1732 1921 1798; x_wconf 77' lang='lat' dir='ltr'><strong>exteriori</strong></span> <span class='ocrx_word' id='word_1_83' title='bbox 1951 1756 2063 1797; x_wconf 88' lang='lat' dir='ltr'><strong>au·</strong></span> 
     </span>
     <span class='ocr_line' id='line_1_16' title="bbox 494 1816 2062 1907; baseline 0 -18"><span class='ocrx_word' id='word_1_84' title='bbox 494 1816 624 1889; x_wconf 67' lang='lat' dir='ltr'><strong>{effi</strong></span> <span class='ocrx_word' id='word_1_85' title='bbox 657 1828 859 1888; x_wconf 87' lang='lat' dir='ltr'><strong>solum</strong></span> <span class='ocrx_word' id='word_1_86' title='bbox 888 1846 1001 1907; x_wconf 89' lang='lat' dir='ltr'><strong>per</strong></span> <span class='ocrx_word' id='word_1_87' title='bbox 1040 1828 1613 1891; x_wconf 81' lang='lat' dir='ltr'><strong>denominationem</strong></span> <span class='ocrx_word' id='word_1_88' title='bbox 1648 1830 2062 1891; x_wconf 83' lang='lat' dir='ltr'><strong>extrinsecam</strong></span> 
     </span>
     <span class='ocr_line' id='line_1_17' title="bbox 496 1922 2064 2001; baseline 0 -18"><span class='ocrx_word' id='word_1_89' title='bbox 496 1922 822 1983; x_wconf 84' lang='lat' dir='ltr'><strong>tribuatur.</strong></span> <span class='ocrx_word' id='word_1_90' title='bbox 850 1922 1028 1981; x_wconf 90' lang='lat' dir='ltr'><strong>Hunc</strong></span> <span class='ocrx_word' id='word_1_91' title='bbox 1058 1940 1207 1983; x_wconf 88' lang='lat' dir='ltr'><strong>vero</strong></span> <span class='ocrx_word' id='word_1_92' title='bbox 1241 1941 1497 1983; x_wconf 89' lang='lat' dir='ltr'><strong>sensum</strong></span> <span class='ocrx_word' id='word_1_93' title='bbox 1526 1940 1851 2001; x_wconf 88' lang='lat' dir='ltr'><strong>nunquam</strong></span> <span class='ocrx_word' id='word_1_94' title='bbox 1884 1923 2064 1984; x_wconf 87' lang='lat' dir='ltr'><strong>divus</strong></span> 
     </span>
     <span class='ocr_line' id='line_1_18' title="bbox 492 2014 2064 2096; baseline 0 -19"><span class='ocrx_word' id='word_1_95' title='bbox 492 2014 766 2077; x_wconf 87' lang='lat' dir='ltr'><strong>Thomas</strong></span> <span class='ocrx_word' id='word_1_96' title='bbox 829 2015 1189 2087; x_wconf 79' lang='lat' dir='ltr'><strong>declaravit,</strong></span> <span class='ocrx_word' id='word_1_97' title='bbox 1244 2022 1305 2077; x_wconf 88' lang='lat' dir='ltr'><strong>et</strong></span> <span class='ocrx_word' id='word_1_98' title='bbox 1348 2036 1450 2077; x_wconf 88' lang='lat' dir='ltr'><strong>res</strong></span> <span class='ocrx_word' id='word_1_99' title='bbox 1486 2017 1619 2096; x_wconf 83' lang='lat' dir='ltr'><strong>ipsa</strong></span> <span class='ocrx_word' id='word_1_100' title='bbox 1668 2018 1730 2077; x_wconf 92' lang='lat' dir='ltr'><strong>in</strong></span> <span class='ocrx_word' id='word_1_101' title='bbox 1786 2034 1853 2077; x_wconf 90' lang='lat' dir='ltr'><strong>se</strong></span> <span class='ocrx_word' id='word_1_102' title='bbox 1910 2017 2064 2077; x_wconf 90' lang='lat' dir='ltr'><strong>mihi</strong></span> 
     </span>
     <span class='ocr_line' id='line_1_19' title="bbox 494 2107 2064 2189; baseline 0.001 -22"><span class='ocrx_word' id='word_1_103' title='bbox 494 2108 833 2189; x_wconf 88' lang='lat' dir='ltr'><strong>probabilis</strong></span> <span class='ocrx_word' id='word_1_104' title='bbox 862 2115 969 2169; x_wconf 89' lang='lat' dir='ltr'><strong>aut</strong></span> <span class='ocrx_word' id='word_1_105' title='bbox 993 2107 1341 2169; x_wconf 80' lang='lat' dir='ltr'><strong>verisimilis</strong></span> <span class='ocrx_word' id='word_1_106' title='bbox 1370 2128 1497 2169; x_wconf 90' lang='lat' dir='ltr'><strong>non</strong></span> <span class='ocrx_word' id='word_1_107' title='bbox 1532 2116 1663 2170; x_wconf 72' lang='lat' dir='ltr'><strong>est:</strong></span> <span class='ocrx_word' id='word_1_108' title='bbox 1694 2110 1891 2189; x_wconf 88' lang='lat' dir='ltr'><strong>primo</strong></span> <span class='ocrx_word' id='word_1_109' title='bbox 1922 2127 2064 2189; x_wconf 86' lang='lat' dir='ltr'><strong>pro—</strong></span> 
     </span>
     <span class='ocr_line' id='line_1_20' title="bbox 494 2193 2062 2287; baseline 0.002 -27"><span class='ocrx_word' id='word_1_110' title='bbox 494 2198 897 2287; x_wconf 18' lang='lat' dir='ltr'><strong>pterlomnia</strong></span> <span class='ocrx_word' id='word_1_111' title='bbox 944 2193 1109 2262; x_wconf 80' lang='lat' dir='ltr'><strong>dicta</strong></span> <span class='ocrx_word' id='word_1_112' title='bbox 1149 2199 1541 2275; x_wconf 85' lang='lat' dir='ltr'><strong>testimonia,</strong></span> <span class='ocrx_word' id='word_1_113' title='bbox 1580 2218 1720 2282; x_wconf 82' lang='lat' dir='ltr'><strong>quae</strong></span> <span class='ocrx_word' id='word_1_114' title='bbox 1770 2204 2062 2265; x_wconf 90' lang='lat' dir='ltr'><strong>omnibus</strong></span> 
     </span>
     <span class='ocr_line' id='line_1_21' title="bbox 496 2286 2060 2374; baseline 0.001 -18"><span class='ocrx_word' id='word_1_115' title='bbox 496 2286 791 2373; x_wconf 69' lang='lat' dir='ltr'><strong>operibus</strong></span> <span class='ocrx_word' id='word_1_116' title='bbox 836 2294 1041 2367; x_wconf 72' lang='lat' dir='ltr'><strong>bonis,</strong></span> <span class='ocrx_word' id='word_1_117' title='bbox 1089 2297 1399 2374; x_wconf 81' lang='lat' dir='ltr'><strong>quatenus</strong></span> <span class='ocrx_word' id='word_1_118' title='bbox 1437 2288 1603 2356; x_wconf 88' lang='lat' dir='ltr'><strong>bona</strong></span> <span class='ocrx_word' id='word_1_119' title='bbox 1658 2298 1827 2369; x_wconf 87' lang='lat' dir='ltr'><strong>sunt,</strong></span> <span class='ocrx_word' id='word_1_120' title='bbox 1876 2300 1938 2357; x_wconf 91' lang='lat' dir='ltr'><strong>et</strong></span> <span class='ocrx_word' id='word_1_121' title='bbox 1987 2316 2060 2357; x_wconf 82' lang='lat' dir='ltr'><strong>ex</strong></span> 
     </span>
     <span class='ocr_line' id='line_1_22' title="bbox 494 2378 2063 2468; baseline 0.002 -20"><span class='ocrx_word' id='word_1_122' title='bbox 494 2382 695 2467; x_wconf 68' lang='lat' dir='ltr'><strong>gratia</strong></span> <span class='ocrx_word' id='word_1_123' title='bbox 740 2378 927 2461; x_wconf 74' lang='lat' dir='ltr'><strong>sacta,</strong></span> <span class='ocrx_word' id='word_1_124' title='bbox 975 2390 1345 2468; x_wconf 88' lang='lat' dir='ltr'><strong>promittunt</strong></span> <span class='ocrx_word' id='word_1_125' title='bbox 1382 2390 1778 2451; x_wconf 83' lang='lat' dir='ltr'><strong>essentialem</strong></span> <span class='ocrx_word' id='word_1_126' title='bbox 1820 2408 2063 2452; x_wconf 83' lang='lat' dir='ltr'><strong>merce-</strong></span> 
     </span>
     <span class='ocr_line' id='line_1_23' title="bbox 494 2481 2064 2563; baseline 0.001 -21"><span class='ocrx_word' id='word_1_127' title='bbox 494 2481 661 2542; x_wconf 87' lang='lat' dir='ltr'><strong>dem.</strong></span> <span class='ocrx_word' id='word_1_128' title='bbox 691 2482 980 2543; x_wconf 88' lang='lat' dir='ltr'><strong>Secundo</strong></span> <span class='ocrx_word' id='word_1_129' title='bbox 1010 2484 1157 2561; x_wconf 90' lang='lat' dir='ltr'><strong>quia</strong></span> <span class='ocrx_word' id='word_1_130' title='bbox 1186 2483 1343 2543; x_wconf 84' lang='lat' dir='ltr'><strong>alias</strong></span> <span class='ocrx_word' id='word_1_131' title='bbox 1372 2502 1697 2563; x_wconf 88' lang='lat' dir='ltr'><strong>nunquam</strong></span> <span class='ocrx_word' id='word_1_132' title='bbox 1725 2485 1915 2545; x_wconf 90' lang='lat' dir='ltr'><strong>homo</strong></span> <span class='ocrx_word' id='word_1_133' title='bbox 1949 2501 2064 2561; x_wconf 91' lang='lat' dir='ltr'><strong>per</strong></span> 
     </span>
     <span class='ocr_line' id='line_1_24' title="bbox 495 2575 2064 2656; baseline -0.001 -18"><span class='ocrx_word' id='word_1_134' title='bbox 495 2593 655 2654; x_wconf 90' lang='lat' dir='ltr'><strong>opus</strong></span> <span class='ocrx_word' id='word_1_135' title='bbox 712 2575 967 2637; x_wconf 89' lang='lat' dir='ltr'><strong>moralis</strong></span> <span class='ocrx_word' id='word_1_136' title='bbox 1022 2578 1268 2639; x_wconf 77' lang='lat' dir='ltr'><strong>virtutis</strong></span> <span class='ocrx_word' id='word_1_137' title='bbox 1320 2584 1463 2638; x_wconf 88' lang='lat' dir='ltr'><strong>actu</strong></span> <span class='ocrx_word' id='word_1_138' title='bbox 1512 2584 1863 2639; x_wconf 87' lang='lat' dir='ltr'><strong>mereretur</strong></span> <span class='ocrx_word' id='word_1_139' title='bbox 1913 2596 2064 2656; x_wconf 63' lang='lat' dir='ltr'><strong>prae·-</strong></span> 
     </span>
     <span class='ocr_line' id='line_1_25' title="bbox 494 2670 2064 2751; baseline 0 -20"><span class='ocrx_word' id='word_1_140' title='bbox 494 2671 691 2731; x_wconf 89' lang='lat' dir='ltr'><strong>mium</strong></span> <span class='ocrx_word' id='word_1_141' title='bbox 722 2670 1051 2733; x_wconf 81' lang='lat' dir='ltr'><strong>essentiale</strong></span> <span class='ocrx_word' id='word_1_142' title='bbox 1080 2689 1347 2745; x_wconf 84' lang='lat' dir='ltr'><strong>novum,</strong></span> <span class='ocrx_word' id='word_1_143' title='bbox 1394 2690 1509 2733; x_wconf 89' lang='lat' dir='ltr'><strong>seu</strong></span> <span class='ocrx_word' id='word_1_144' title='bbox 1550 2672 1799 2751; x_wconf 86' lang='lat' dir='ltr'><strong>proprie</strong></span> <span class='ocrx_word' id='word_1_145' title='bbox 1840 2690 1913 2731; x_wconf 89' lang='lat' dir='ltr'><strong>ac</strong></span> <span class='ocrx_word' id='word_1_146' title='bbox 1943 2672 2064 2733; x_wconf 83' lang='lat' dir='ltr'><strong>for-</strong></span> 
     </span>
     <span class='ocr_line' id='line_1_26' title="bbox 494 2762 2064 2843; baseline 0.001 -20"><span class='ocrx_word' id='word_1_147' title='bbox 494 2762 763 2835; x_wconf 87' lang='lat' dir='ltr'><strong>maliter,</strong></span> <span class='ocrx_word' id='word_1_148' title='bbox 786 2762 907 2824; x_wconf 90' lang='lat' dir='ltr'><strong>nisi</strong></span> <span class='ocrx_word' id='word_1_149' title='bbox 946 2764 1199 2843; x_wconf 87' lang='lat' dir='ltr'><strong>quando</strong></span> <span class='ocrx_word' id='word_1_150' title='bbox 1228 2772 1439 2825; x_wconf 89' lang='lat' dir='ltr'><strong>actum</strong></span> <span class='ocrx_word' id='word_1_151' title='bbox 1472 2765 1744 2825; x_wconf 86' lang='lat' dir='ltr'><strong>elicitum</strong></span> <span class='ocrx_word' id='word_1_152' title='bbox 1782 2784 1819 2825; x_wconf 92' lang='lat' dir='ltr'><strong>a</strong></span> <span class='ocrx_word' id='word_1_153' title='bbox 1864 2766 2064 2826; x_wconf 86' lang='lat' dir='ltr'><strong>chari-</strong></span> 
     </span>
     <span class='ocr_line' id='line_1_27' title="bbox 494 2858 2062 2937; baseline 0.001 -20"><span class='ocrx_word' id='word_1_154' title='bbox 494 2860 622 2917; x_wconf 84' lang='lat' dir='ltr'><strong>tate</strong></span> <span class='ocrx_word' id='word_1_155' title='bbox 654 2862 995 2929; x_wconf 86' lang='lat' dir='ltr'><strong>exerceret,</strong></span> <span class='ocrx_word' id='word_1_156' title='bbox 1028 2875 1153 2936; x_wconf 91' lang='lat' dir='ltr'><strong>quo</strong></span> <span class='ocrx_word' id='word_1_157' title='bbox 1190 2858 1529 2937; x_wconf 87' lang='lat' dir='ltr'><strong>imperaret</strong></span> <span class='ocrx_word' id='word_1_158' title='bbox 1568 2862 1777 2919; x_wconf 88' lang='lat' dir='ltr'><strong>actum</strong></span> <span class='ocrx_word' id='word_1_159' title='bbox 1804 2860 2062 2920; x_wconf 89' lang='lat' dir='ltr'><strong>moralis</strong></span> 
     </span>
     <span class='ocr_line' id='line_1_28' title="bbox 494 2942 2064 3031; baseline 0.002 -20"><span class='ocrx_word' id='word_1_160' title='bbox 494 2942 759 3021; x_wconf 72' lang='lat' dir='ltr'><strong>virtutis,</strong></span> <span class='ocrx_word' id='word_1_161' title='bbox 798 2946 957 3011; x_wconf 83' lang='lat' dir='ltr'><strong>sicut</strong></span> <span class='ocrx_word' id='word_1_162' title='bbox 986 2968 1113 3011; x_wconf 91' lang='lat' dir='ltr'><strong>non</strong></span> <span class='ocrx_word' id='word_1_163' title='bbox 1152 2954 1431 3013; x_wconf 82' lang='lat' dir='ltr'><strong>meretur</strong></span> <span class='ocrx_word' id='word_1_164' title='bbox 1460 2969 1573 3031; x_wconf 89' lang='lat' dir='ltr'><strong>per</strong></span> <span class='ocrx_word' id='word_1_165' title='bbox 1610 2958 1822 3013; x_wconf 87' lang='lat' dir='ltr'><strong>actum</strong></span> <span class='ocrx_word' id='word_1_166' title='bbox 1862 2960 2064 3014; x_wconf 83' lang='lat' dir='ltr'><strong>exter-</strong></span> 
     </span>
     <span class='ocr_line' id='line_1_29' title="bbox 494 3044 2064 3124; baseline 0.001 -19"><span class='ocrx_word' id='word_1_167' title='bbox 494 3060 649 3105; x_wconf 90' lang='lat' dir='ltr'><strong>num</strong></span> <span class='ocrx_word' id='word_1_168' title='bbox 676 3049 963 3105; x_wconf 82' lang='lat' dir='ltr'><strong>cessante</strong></span> <span class='ocrx_word' id='word_1_169' title='bbox 995 3044 1265 3118; x_wconf 91' lang='lat' dir='ltr'><strong>interno,</strong></span> <span class='ocrx_word' id='word_1_170' title='bbox 1294 3045 1409 3105; x_wconf 90' lang='lat' dir='ltr'><strong>nisi</strong></span> <span class='ocrx_word' id='word_1_171' title='bbox 1438 3044 1701 3106; x_wconf 80' lang='lat' dir='ltr'><strong>fortasse</strong></span> <span class='ocrx_word' id='word_1_172' title='bbox 1732 3064 1845 3124; x_wconf 89' lang='lat' dir='ltr'><strong>per</strong></span> <span class='ocrx_word' id='word_1_173' title='bbox 1872 3044 2064 3107; x_wconf 87' lang='lat' dir='ltr'><strong>deno-</strong></span> 
     </span>
     <span class='ocr_line' id='line_1_30' title="bbox 496 3137 2066 3218; baseline 0.001 -20"><span class='ocrx_word' id='word_1_174' title='bbox 496 3137 907 3199; x_wconf 86' lang='lat' dir='ltr'><strong>minationem</strong></span> <span class='ocrx_word' id='word_1_175' title='bbox 946 3138 1397 3211; x_wconf 83' lang='lat' dir='ltr'><strong>extrinsecam,</strong></span> <span class='ocrx_word' id='word_1_176' title='bbox 1446 3139 1613 3218; x_wconf 89' lang='lat' dir='ltr'><strong>quod</strong></span> <span class='ocrx_word' id='word_1_177' title='bbox 1664 3139 1897 3200; x_wconf 91' lang='lat' dir='ltr'><strong>nullius</strong></span> <span class='ocrx_word' id='word_1_178' title='bbox 1933 3158 2066 3200; x_wconf 90' lang='lat' dir='ltr'><strong>mo·</strong></span> 
     </span>
     <span class='ocr_line' id='line_1_31' title="bbox 496 3232 2066 3314; baseline 0.001 -21"><span class='ocrx_word' id='word_1_179' title='bbox 496 3232 693 3293; x_wconf 90' lang='lat' dir='ltr'><strong>menti</strong></span> <span class='ocrx_word' id='word_1_180' title='bbox 744 3237 857 3305; x_wconf 87' lang='lat' dir='ltr'><strong>est,</strong></span> <span class='ocrx_word' id='word_1_181' title='bbox 906 3251 1115 3312; x_wconf 87' lang='lat' dir='ltr'><strong>neque</strong></span> <span class='ocrx_word' id='word_1_182' title='bbox 1167 3233 1312 3294; x_wconf 90' lang='lat' dir='ltr'><strong>inde</strong></span> <span class='ocrx_word' id='word_1_183' title='bbox 1360 3235 1587 3296; x_wconf 85' lang='lat' dir='ltr'><strong>crescit</strong></span> <span class='ocrx_word' id='word_1_184' title='bbox 1628 3253 1861 3296; x_wconf 86' lang='lat' dir='ltr'><strong>novum</strong></span> <span class='ocrx_word' id='word_1_185' title='bbox 1906 3253 2066 3314; x_wconf 61' lang='lat' dir='ltr'><strong>pras-</strong></span> 
     </span>
     <span class='ocr_line' id='line_1_32' title="bbox 498 3325 2065 3405; baseline 0.002 -19"><span class='ocrx_word' id='word_1_186' title='bbox 498 3325 695 3386; x_wconf 90' lang='lat' dir='ltr'><strong>mium</strong></span> <span class='ocrx_word' id='word_1_187' title='bbox 728 3325 1060 3386; x_wconf 87' lang='lat' dir='ltr'><strong>essentiale</strong></span> <span class='ocrx_word' id='word_1_188' title='bbox 1096 3343 1110 3384; x_wconf 90' lang='lat'><strong>:</strong></span> <span class='ocrx_word' id='word_1_189' title='bbox 1144 3344 1544 3405; x_wconf 87' lang='lat' dir='ltr'><strong>consequens</strong></span> <span class='ocrx_word' id='word_1_190' title='bbox 1578 3332 1789 3388; x_wconf 83' lang='lat' dir='ltr'><strong>autem</strong></span> <span class='ocrx_word' id='word_1_191' title='bbox 1830 3334 1925 3389; x_wconf 90' lang='lat' dir='ltr'><strong>est</strong></span> <span class='ocrx_word' id='word_1_192' title='bbox 1954 3328 2065 3389; x_wconf 91' lang='lat' dir='ltr'><strong>du-</strong></span> 
     </span>
     <span class='ocr_line' id='line_1_33' title="bbox 496 3417 2063 3496; baseline 0.001 -17"><span class='ocrx_word' id='word_1_193' title='bbox 496 3417 815 3480; x_wconf 86' lang='lat' dir='ltr'><strong>rissimum</strong></span> <span class='ocrx_word' id='word_1_194' title='bbox 844 3461 859 3489; x_wconf 92' lang='lat'><strong>,</strong></span> <span class='ocrx_word' id='word_1_195' title='bbox 894 3421 956 3478; x_wconf 93' lang='lat' dir='ltr'><strong>et</strong></span> <span class='ocrx_word' id='word_1_196' title='bbox 982 3423 1211 3496; x_wconf 80' lang='lat' dir='ltr'><strong>praeter</strong></span> <span class='ocrx_word' id='word_1_197' title='bbox 1252 3437 1653 3482; x_wconf 88' lang='lat' dir='ltr'><strong>communem</strong></span> <span class='ocrx_word' id='word_1_198' title='bbox 1691 3422 2063 3482; x_wconf 89' lang='lat' dir='ltr'><strong>sententiam</strong></span> 
     </span>
     <span class='ocr_line' id='line_1_34' title="bbox 496 3509 2068 3592; baseline 0.002 -21"><span class='ocrx_word' id='word_1_199' title='bbox 496 3509 987 3590; x_wconf 83' lang='lat' dir='ltr'><strong>Theologorum,</strong></span> <span class='ocrx_word' id='word_1_200' title='bbox 1026 3515 1089 3571; x_wconf 90' lang='lat' dir='ltr'><strong>et</strong></span> <span class='ocrx_word' id='word_1_201' title='bbox 1118 3516 1343 3588; x_wconf 82' lang='lat' dir='ltr'><strong>proeter</strong></span> <span class='ocrx_word' id='word_1_202' title='bbox 1366 3512 1579 3574; x_wconf 89' lang='lat' dir='ltr'><strong>omnia</strong></span> <span class='ocrx_word' id='word_1_203' title='bbox 1608 3531 1747 3592; x_wconf 73' lang='lat' dir='ltr'><strong>qum</strong></span> <span class='ocrx_word' id='word_1_204' title='bbox 1783 3533 1860 3574; x_wconf 87' lang='lat' dir='ltr'><strong>ex</strong></span> <span class='ocrx_word' id='word_1_205' title='bbox 1902 3514 2068 3574; x_wconf 84' lang='lat' dir='ltr'><strong>Scri-</strong></span> 
     </span>
     <span class='ocr_line' id='line_1_35' title="bbox 497 3602 2068 3684; baseline 0.003 -20"><span class='ocrx_word' id='word_1_206' title='bbox 497 3609 683 3684; x_wconf 83' lang='lat' dir='ltr'><strong>ptura</strong></span> <span class='ocrx_word' id='word_1_207' title='bbox 730 3602 1140 3676; x_wconf 80' lang='lat' dir='ltr'><strong>adduximus3</strong></span> <span class='ocrx_word' id='word_1_208' title='bbox 1190 3605 1499 3684; x_wconf 88' lang='lat' dir='ltr'><strong>nobisque</strong></span> <span class='ocrx_word' id='word_1_209' title='bbox 1546 3607 1831 3668; x_wconf 85' lang='lat' dir='ltr'><strong>sufficere</strong></span> <span class='ocrx_word' id='word_1_210' title='bbox 1878 3607 2068 3668; x_wconf 85' lang='lat' dir='ltr'><strong>debet</strong></span> 
     </span>
     <span class='ocr_line' id='line_1_36' title="bbox 500 3695 2066 3778; baseline 0.003 -22"><span class='ocrx_word' id='word_1_211' title='bbox 500 3695 673 3776; x_wconf 88' lang='lat' dir='ltr'><strong>quod</strong></span> <span class='ocrx_word' id='word_1_212' title='bbox 704 3695 1137 3758; x_wconf 86' lang='lat' dir='ltr'><strong>Tridentinum</strong></span> <span class='ocrx_word' id='word_1_213' title='bbox 1183 3697 1525 3759; x_wconf 89' lang='lat' dir='ltr'><strong>Concilium</strong></span> <span class='ocrx_word' id='word_1_214' title='bbox 1558 3700 1723 3760; x_wconf 87' lang='lat' dir='ltr'><strong>inter</strong></span> <span class='ocrx_word' id='word_1_215' title='bbox 1766 3700 2066 3778; x_wconf 87' lang='lat' dir='ltr'><strong>requisita</strong></span> 
     </span>
     <span class='ocr_line' id='line_1_37' title="bbox 498 3789 2068 3869; baseline 0.001 -19"><span class='ocrx_word' id='word_1_216' title='bbox 498 3789 584 3850; x_wconf 89' lang='lat' dir='ltr'><strong>ad</strong></span> <span class='ocrx_word' id='word_1_217' title='bbox 612 3789 986 3850; x_wconf 89' lang='lat' dir='ltr'><strong>merendum</strong></span> <span class='ocrx_word' id='word_1_218' title='bbox 1024 3791 1349 3869; x_wconf 68' lang='lat' dir='ltr'><strong>praemium</strong></span> <span class='ocrx_word' id='word_1_219' title='bbox 1392 3793 1723 3854; x_wconf 86' lang='lat' dir='ltr'><strong>essentiale</strong></span> <span class='ocrx_word' id='word_1_220' title='bbox 1768 3793 1887 3854; x_wconf 89' lang='lat' dir='ltr'><strong>hoc</strong></span> <span class='ocrx_word' id='word_1_221' title='bbox 1939 3811 2068 3853; x_wconf 88' lang='lat' dir='ltr'><strong>non</strong></span> 
     </span>
     <span class='ocr_line' id='line_1_38' title="bbox 502 3880 2072 3962; baseline 0.003 -21"><span class='ocrx_word' id='word_1_222' title='bbox 502 3881 734 3962; x_wconf 88' lang='lat' dir='ltr'><strong>posuit,</strong></span> <span class='ocrx_word' id='word_1_223' title='bbox 754 3887 815 3943; x_wconf 90' lang='lat' dir='ltr'><strong>et</strong></span> <span class='ocrx_word' id='word_1_224' title='bbox 842 3880 1102 3954; x_wconf 82' lang='lat' dir='ltr'><strong>addidit,</strong></span> <span class='ocrx_word' id='word_1_225' title='bbox 1138 3884 1431 3961; x_wconf 87' lang='lat' dir='ltr'><strong>operibus</strong></span> <span class='ocrx_word' id='word_1_226' title='bbox 1452 3885 1828 3946; x_wconf 87' lang='lat' dir='ltr'><strong>habentibus</strong></span> <span class='ocrx_word' id='word_1_227' title='bbox 1858 3885 2072 3946; x_wconf 89' lang='lat' dir='ltr'><strong>condi-</strong></span> 
     </span>
     <span class='ocr_line' id='line_1_39' title="bbox 500 3974 2072 4056; baseline 0.001 -19"><span class='ocrx_word' id='word_1_228' title='bbox 500 3974 705 4038; x_wconf 88' lang='lat' dir='ltr'><strong>tiones</strong></span> <span class='ocrx_word' id='word_1_229' title='bbox 746 3974 829 4035; x_wconf 88' lang='lat' dir='ltr'><strong>ab</strong></span> <span class='ocrx_word' id='word_1_230' title='bbox 862 3975 999 4054; x_wconf 86' lang='lat' dir='ltr'><strong>ipso</strong></span> <span class='ocrx_word' id='word_1_231' title='bbox 1030 3977 1263 4054; x_wconf 90' lang='lat' dir='ltr'><strong>positas</strong></span> <span class='ocrx_word' id='word_1_232' title='bbox 1292 3977 1447 4038; x_wconf 89' lang='lat' dir='ltr'><strong>nihil</strong></span> <span class='ocrx_word' id='word_1_233' title='bbox 1488 3977 1730 4038; x_wconf 87' lang='lat' dir='ltr'><strong>deesse.</strong></span> <span class='ocrx_word' id='word_1_234' title='bbox 1785 3979 1891 4038; x_wconf 89' lang='lat' dir='ltr'><strong>Est</strong></span> <span class='ocrx_word' id='word_1_235' title='bbox 1924 3996 2072 4056; x_wconf 89' lang='lat' dir='ltr'><strong>pro-</strong></span> 
     </span>
     <span class='ocr_line' id='line_1_40' title="bbox 500 4067 2072 4149; baseline 0.003 -21"><span class='ocrx_word' id='word_1_236' title='bbox 500 4073 723 4148; x_wconf 84' lang='lat' dir='ltr'><strong>pterea</strong></span> <span class='ocrx_word' id='word_1_237' title='bbox 763 4067 927 4128; x_wconf 86' lang='lat' dir='ltr'><strong>ultra</strong></span> <span class='ocrx_word' id='word_1_238' title='bbox 972 4069 1315 4129; x_wconf 86' lang='lat' dir='ltr'><strong>humanam</strong></span> <span class='ocrx_word' id='word_1_239' title='bbox 1352 4070 1773 4132; x_wconf 89' lang='lat' dir='ltr'><strong>conditionem</strong></span> <span class='ocrx_word' id='word_1_240' title='bbox 1821 4089 2072 4149; x_wconf 85' lang='lat' dir='ltr'><strong>semper</strong></span> 
     </span>
     <span class='ocr_line' id='line_1_41' title="bbox 502 4161 2071 4242; baseline 0.001 -20"><span class='ocrx_word' id='word_1_241' title='bbox 502 4165 647 4222; x_wconf 88' lang='lat' dir='ltr'><strong>actu</strong></span> <span class='ocrx_word' id='word_1_242' title='bbox 699 4179 993 4222; x_wconf 88' lang='lat' dir='ltr'><strong>exercere</strong></span> <span class='ocrx_word' id='word_1_243' title='bbox 1034 4161 1361 4222; x_wconf 78' lang='lat' dir='ltr'><strong>formalem</strong></span> <span class='ocrx_word' id='word_1_244' title='bbox 1396 4181 1719 4238; x_wconf 85' lang='lat' dir='ltr'><strong>amorem,</strong></span> <span class='ocrx_word' id='word_1_245' title='bbox 1770 4164 2071 4242; x_wconf 86' lang='lat' dir='ltr'><strong>quamdiu</strong></span> 
     </span>
     <span class='ocr_line' id='line_1_42' title="bbox 504 4253 2072 4334; baseline 0.003 -20"><span class='ocrx_word' id='word_1_246' title='bbox 504 4253 566 4315; x_wconf 93' lang='lat' dir='ltr'><strong>in</strong></span> <span class='ocrx_word' id='word_1_247' title='bbox 598 4254 827 4315; x_wconf 87' lang='lat' dir='ltr'><strong>actuali</strong></span> <span class='ocrx_word' id='word_1_248' title='bbox 878 4255 1173 4316; x_wconf 85' lang='lat' dir='ltr'><strong>exercitio</strong></span> <span class='ocrx_word' id='word_1_249' title='bbox 1210 4255 1475 4316; x_wconf 83' lang='lat' dir='ltr'><strong>aliarum</strong></span> <span class='ocrx_word' id='word_1_250' title='bbox 1522 4257 1817 4334; x_wconf 83' lang='lat' dir='ltr'><strong>virtutum</strong></span> <span class='ocrx_word' id='word_1_251' title='bbox 1866 4275 2072 4318; x_wconf 85' lang='lat' dir='ltr'><strong>mora·</strong></span> 
     </span>
     <span class='ocr_line' id='line_1_43' title="bbox 502 4337 2072 4426; baseline 0.001 -20"><span class='ocrx_word' id='word_1_252' title='bbox 502 4345 657 4406; x_wconf 88' lang='lat' dir='ltr'><strong>lium</strong></span> <span class='ocrx_word' id='word_1_253' title='bbox 674 4351 983 4416; x_wconf 64' lang='lat' dir='ltr'><strong>versatum</strong></span> <span class='ocrx_word' id='word_1_254' title='bbox 1008 4346 1319 4426; x_wconf 88' lang='lat' dir='ltr'><strong>nimisque</strong></span> <span class='ocrx_word' id='word_1_255' title='bbox 1338 4347 1657 4408; x_wconf 88' lang='lat' dir='ltr'><strong>illiberalis</strong></span> <span class='ocrx_word' id='word_1_256' title='bbox 1672 4337 1891 4410; x_wconf 80' lang='lat' dir='ltr'><strong>fuisset</strong></span> <span class='ocrx_word' id='word_1_257' title='bbox 1904 4350 2072 4411; x_wconf 91' lang='lat' dir='ltr'><strong>Deus</strong></span> 
     </span>
     <span class='ocr_line' id='line_1_44' title="bbox 506 4437 2078 4517; baseline 0.003 -18"><span class='ocrx_word' id='word_1_258' title='bbox 506 4439 569 4500; x_wconf 93' lang='lat' dir='ltr'><strong>in</strong></span> <span class='ocrx_word' id='word_1_259' title='bbox 595 4437 1013 4517; x_wconf 89' lang='lat' dir='ltr'><strong>promittenda</strong></span> <span class='ocrx_word' id='word_1_260' title='bbox 1040 4439 1357 4509; x_wconf 80' lang='lat' dir='ltr'><strong>mercede,</strong></span> <span class='ocrx_word' id='word_1_261' title='bbox 1382 4441 1433 4502; x_wconf 90' lang='lat' dir='ltr'><strong>si</strong></span> <span class='ocrx_word' id='word_1_262' title='bbox 1465 4441 1629 4502; x_wconf 85' lang='lat' dir='ltr'><strong>hanc</strong></span> <span class='ocrx_word' id='word_1_263' title='bbox 1656 4442 2078 4503; x_wconf 85' lang='lat' dir='ltr'><strong>conditionem</strong></span> 
     </span>
     <span class='ocr_line' id='line_1_45' title="bbox 508 4530 2080 4611; baseline 0.002 -19"><span class='ocrx_word' id='word_1_264' title='bbox 508 4549 547 4592; x_wconf 84' lang='lat' dir='ltr'><strong>a</strong></span> <span class='ocrx_word' id='word_1_265' title='bbox 580 4530 761 4591; x_wconf 87' lang='lat' dir='ltr'><strong>nobis</strong></span> <span class='ocrx_word' id='word_1_266' title='bbox 798 4531 1128 4610; x_wconf 82' lang='lat' dir='ltr'><strong>exegisset.</strong></span> <span class='ocrx_word' id='word_1_267' title='bbox 1178 4535 1251 4593; x_wconf 91' lang='lat' dir='ltr'><strong>Et</strong></span> <span class='ocrx_word' id='word_1_268' title='bbox 1302 4538 1607 4611; x_wconf 64' lang='lat' dir='ltr'><strong>praeterea</strong></span> <span class='ocrx_word' id='word_1_269' title='bbox 1647 4535 1966 4596; x_wconf 81' lang='lat' dir='ltr'><strong>debuisset</strong></span> <span class='ocrx_word' id='word_1_270' title='bbox 2015 4535 2080 4595; x_wconf 90' lang='lat' dir='ltr'><strong>il-</strong></span> 
     </span>
     <span class='ocr_line' id='line_1_46' title="bbox 508 4621 2080 4706; baseline 0.003 -22"><span class='ocrx_word' id='word_1_271' title='bbox 508 4621 633 4684; x_wconf 84' lang='lat' dir='ltr'><strong>lam</strong></span> <span class='ocrx_word' id='word_1_272' title='bbox 668 4629 883 4701; x_wconf 89' lang='lat' dir='ltr'><strong>aperte</strong></span> <span class='ocrx_word' id='word_1_273' title='bbox 918 4630 981 4684; x_wconf 88' lang='lat' dir='ltr'><strong>et</strong></span> <span class='ocrx_word' id='word_1_274' title='bbox 1010 4625 1176 4685; x_wconf 85' lang='lat' dir='ltr'><strong>clare</strong></span> <span class='ocrx_word' id='word_1_275' title='bbox 1211 4625 1275 4685; x_wconf 89' lang='lat' dir='ltr'><strong>in</strong></span> <span class='ocrx_word' id='word_1_276' title='bbox 1304 4627 1439 4705; x_wconf 89' lang='lat' dir='ltr'><strong>ipso</strong></span> <span class='ocrx_word' id='word_1_277' title='bbox 1470 4635 1650 4705; x_wconf 90' lang='lat' dir='ltr'><strong>pacto</strong></span> <span class='ocrx_word' id='word_1_278' title='bbox 1680 4646 1793 4688; x_wconf 89' lang='lat' dir='ltr'><strong>seu</strong></span> <span class='ocrx_word' id='word_1_279' title='bbox 1820 4629 2080 4706; x_wconf 88' lang='lat' dir='ltr'><strong>promis-</strong></span> 
     </span>
     <span class='ocr_line' id='line_1_47' title="bbox 510 4717 1874 4795; baseline 0.003 -19"><span class='ocrx_word' id='word_1_280' title='bbox 510 4717 689 4776; x_wconf 89' lang='lat' dir='ltr'><strong>sione</strong></span> <span class='ocrx_word' id='word_1_281' title='bbox 716 4733 1091 4794; x_wconf 87' lang='lat' dir='ltr'><strong>proponere,</strong></span> <span class='ocrx_word' id='word_1_282' title='bbox 1119 4718 1289 4795; x_wconf 88' lang='lat' dir='ltr'><strong>quod</strong></span> <span class='ocrx_word' id='word_1_283' title='bbox 1314 4724 1529 4780; x_wconf 86' lang='lat' dir='ltr'><strong>tamen</strong></span> <span class='ocrx_word' id='word_1_284' title='bbox 1558 4739 1683 4780; x_wconf 87' lang='lat' dir='ltr'><strong>non</strong></span> <span class='ocrx_word' id='word_1_285' title='bbox 1706 4721 1874 4782; x_wconf 84' lang='lat' dir='ltr'><strong>fecit.</strong></span> 
     </span>
    </p>

    <p class='ocr_par' dir='ltr' id='par_1_3' title="bbox 510 4809 2082 5444">
     <span class='ocr_line' id='line_1_48' title="bbox 590 4809 2080 4892; baseline 0.004 -24"><span class='ocrx_word' id='word_1_286' title='bbox 590 4810 693 4869; x_wconf 77' lang='lat'><strong>45.</strong></span> <span class='ocrx_word' id='word_1_287' title='bbox 766 4809 923 4868; x_wconf 89' lang='lat' dir='ltr'><strong>Item</strong></span> <span class='ocrx_word' id='word_1_288' title='bbox 994 4809 1259 4870; x_wconf 80' lang='lat' dir='ltr'><strong>multum</strong></span> <span class='ocrx_word' id='word_1_289' title='bbox 1336 4811 1599 4891; x_wconf 82' lang='lat' dir='ltr'><strong>derogat</strong></span> <span class='ocrx_word' id='word_1_290' title='bbox 1664 4813 1948 4892; x_wconf 73' lang='lat' dir='ltr'><strong>dignitati</strong></span> <span class='ocrx_word' id='word_1_291' title='bbox 2017 4821 2080 4874; x_wconf 92' lang='lat' dir='ltr'><strong>et</strong></span> 
     </span>
     <span class='ocr_line' id='line_1_49' title="bbox 510 4901 2076 4978; baseline 0.003 -14"><span class='ocrx_word' id='word_1_292' title='bbox 510 4901 773 4964; x_wconf 85' lang='lat' dir='ltr'><strong>bonitati</strong></span> <span class='ocrx_word' id='word_1_293' title='bbox 840 4901 1105 4962; x_wconf 87' lang='lat' dir='ltr'><strong>aliarum</strong></span> <span class='ocrx_word' id='word_1_294' title='bbox 1180 4903 1475 4966; x_wconf 68' lang='lat' dir='ltr'><strong>virtutum</strong></span> <span class='ocrx_word' id='word_1_295' title='bbox 1537 4905 1902 4967; x_wconf 65' lang='lat' dir='ltr'><strong>infusarum.</strong></span> <span class='ocrx_word' id='word_1_296' title='bbox 1961 4907 2076 4978; x_wconf 87' lang='lat' dir='ltr'><strong>Qui</strong></span> 
     </span>
     <span class='ocr_line' id='line_1_50' title="bbox 512 4993 2078 5060; baseline 0.003 -4"><span class='ocrx_word' id='word_1_297' title='bbox 512 4995 684 5056; x_wconf 90' lang='lat' dir='ltr'><strong>enim</strong></span> <span class='ocrx_word' id='word_1_298' title='bbox 736 4993 1031 5055; x_wconf 87' lang='lat' dir='ltr'><strong>credibile</strong></span> <span class='ocrx_word' id='word_1_299' title='bbox 1071 5000 1167 5055; x_wconf 89' lang='lat' dir='ltr'><strong>e&#39;st</strong></span> <span class='ocrx_word' id='word_1_300' title='bbox 1200 4995 1583 5058; x_wconf 82' lang='lat' dir='ltr'><strong>voluntatem</strong></span> <span class='ocrx_word' id='word_1_301' title='bbox 1624 4999 1917 5060; x_wconf 85' lang='lat' dir='ltr'><strong>credendi</strong></span> <span class='ocrx_word' id='word_1_302' title='bbox 1947 5000 2078 5060; x_wconf 91' lang='lat' dir='ltr'><strong>Deo</strong></span> 
     </span>
     <span class='ocr_line' id='line_1_51' title="bbox 512 5087 2078 5174; baseline 0.003 -26"><span class='ocrx_word' id='word_1_303' title='bbox 512 5088 575 5148; x_wconf 91' lang='lat' dir='ltr'><strong>in</strong></span> <span class='ocrx_word' id='word_1_304' title='bbox 608 5087 861 5174; x_wconf 79' lang='lat' dir='ltr'><strong>homine</strong></span> <span class='ocrx_word' id='word_1_305' title='bbox 892 5087 1061 5166; x_wconf 86' lang='lat' dir='ltr'><strong>justo</strong></span> <span class='ocrx_word' id='word_1_306' title='bbox 1094 5106 1225 5148; x_wconf 90' lang='lat' dir='ltr'><strong>non</strong></span> <span class='ocrx_word' id='word_1_307' title='bbox 1278 5108 1417 5149; x_wconf 90' lang='lat' dir='ltr'><strong>esse</strong></span> <span class='ocrx_word' id='word_1_308' title='bbox 1446 5108 1559 5167; x_wconf 90' lang='lat' dir='ltr'><strong>pcr</strong></span> <span class='ocrx_word' id='word_1_309' title='bbox 1586 5109 1653 5151; x_wconf 90' lang='lat' dir='ltr'><strong>se</strong></span> <span class='ocrx_word' id='word_1_310' title='bbox 1692 5093 2078 5154; x_wconf 87' lang='lat' dir='ltr'><strong>meritoriam</strong></span> 
     </span>
     <span class='ocr_line' id='line_1_52' title="bbox 510 5179 2082 5260; baseline 0.004 -22"><span class='ocrx_word' id='word_1_311' title='bbox 510 5179 770 5240; x_wconf 77' lang='lat' dir='ltr'><strong>visionis</strong></span> <span class='ocrx_word' id='word_1_312' title='bbox 818 5179 1077 5251; x_wconf 82' lang='lat' dir='ltr'><strong>divinae,</strong></span> <span class='ocrx_word' id='word_1_313' title='bbox 1128 5180 1387 5258; x_wconf 80' lang='lat' dir='ltr'><strong>proeciso</strong></span> <span class='ocrx_word' id='word_1_314' title='bbox 1444 5183 1721 5260; x_wconf 88' lang='lat' dir='ltr'><strong>quolibet</strong></span> <span class='ocrx_word' id='word_1_315' title='bbox 1775 5184 1897 5246; x_wconf 88' lang='lat' dir='ltr'><strong>alio</strong></span> <span class='ocrx_word' id='word_1_316' title='bbox 1937 5191 2082 5246; x_wconf 77' lang='lat' dir='ltr'><strong>actu</strong></span> 
     </span>
     <span class='ocr_line' id='line_1_53' title="bbox 512 5272 2082 5352; baseline 0.003 -18"><span class='ocrx_word' id='word_1_317' title='bbox 512 5274 888 5352; x_wconf 87' lang='lat' dir='ltr'><strong>imperante,</strong></span> <span class='ocrx_word' id='word_1_318' title='bbox 944 5289 1089 5332; x_wconf 90' lang='lat' dir='ltr'><strong>cum</strong></span> <span class='ocrx_word' id='word_1_319' title='bbox 1136 5272 1237 5333; x_wconf 89' lang='lat' dir='ltr'><strong>ille</strong></span> <span class='ocrx_word' id='word_1_320' title='bbox 1270 5280 1445 5334; x_wconf 87' lang='lat' dir='ltr'><strong>actus</strong></span> <span class='ocrx_word' id='word_1_321' title='bbox 1474 5276 1808 5338; x_wconf 87' lang='lat' dir='ltr'><strong>intrinsece</strong></span> <span class='ocrx_word' id='word_1_322' title='bbox 1860 5296 1936 5338; x_wconf 89' lang='lat' dir='ltr'><strong>ac</strong></span> <span class='ocrx_word' id='word_1_323' title='bbox 1963 5277 2082 5338; x_wconf 80' lang='lat' dir='ltr'><strong>for·</strong></span> 
     </span>
     <span class='ocr_line' id='line_1_54' title="bbox 514 5366 2082 5444; baseline 0.003 -17"><span class='ocrx_word' id='word_1_324' title='bbox 514 5366 763 5428; x_wconf 87' lang='lat' dir='ltr'><strong>maliter</strong></span> <span class='ocrx_word' id='word_1_325' title='bbox 789 5366 1283 5444; x_wconf 88' lang='lat' dir='ltr'><strong>supernaturalis</strong></span> <span class='ocrx_word' id='word_1_326' title='bbox 1300 5367 1399 5439; x_wconf 88' lang='lat' dir='ltr'><strong>sit,</strong></span> <span class='ocrx_word' id='word_1_327' title='bbox 1430 5375 1492 5429; x_wconf 91' lang='lat' dir='ltr'><strong>et</strong></span> <span class='ocrx_word' id='word_1_328' title='bbox 1522 5369 1719 5430; x_wconf 89' lang='lat' dir='ltr'><strong>Deum</strong></span> <span class='ocrx_word' id='word_1_329' title='bbox 1750 5389 1865 5431; x_wconf 91' lang='lat' dir='ltr'><strong>suo</strong></span> <span class='ocrx_word' id='word_1_330' title='bbox 1892 5371 2082 5433; x_wconf 90' lang='lat' dir='ltr'><strong>modo</strong></span> 
     </span>
    </p>
   </div>
   <div class='ocr_carea' id='block_1_3' title="bbox 1078 416 3132 476">
    <p class='ocr_par' dir='ltr' id='par_1_4' title="bbox 1078 416 3132 476">
     <span class='ocr_line' id='line_1_55' title="bbox 1078 416 3132 476; baseline 0 -5"><span class='ocrx_word' id='word_1_331' title='bbox 1078 417 1293 471; x_wconf 81' lang='lat' dir='ltr'><strong>OPUSC.</strong></span> <span class='ocrx_word' id='word_1_332' title='bbox 1328 421 1385 473; x_wconf 78' lang='lat' dir='ltr'><strong>V.</strong></span> <span class='ocrx_word' id='word_1_333' title='bbox 1422 420 1725 475; x_wconf 65' lang='lat' dir='ltr'><strong>naht-:cuo</strong></span> <span class='ocrx_word' id='word_1_334' title='bbox 1758 422 1838 475; x_wconf 80' lang='lat' dir='ltr'><strong>DE</strong></span> <span class='ocrx_word' id='word_1_335' title='bbox 1868 420 2346 476; x_wconf 66' lang='lat' dir='ltr'><strong>nnvlvlscsmla</strong></span> <span class='ocrx_word' id='word_1_336' title='bbox 2378 418 2759 475; x_wconf 66' lang='lat' dir='ltr'><strong>marronmt.</strong></span> <span class='ocrx_word' id='word_1_337' title='bbox 2795 416 3034 471; x_wconf 73' lang='lat' dir='ltr'><strong>msrur.</strong></span> <span class='ocrx_word' id='word_1_338' title='bbox 3071 416 3132 472; x_wconf 83' lang='lat'><strong>11.</strong></span> 
     </span>
    </p>
   </div>
   <div class='ocr_carea' id='block_1_4' title="bbox 2135 515 3704 3029">
    <p class='ocr_par' dir='ltr' id='par_1_5' title="bbox 2135 515 3704 3029">
     <span class='ocr_line' id='line_1_56' title="bbox 2149 515 3700 601; baseline -0.006 -18"><span class='ocrx_word' id='word_1_339' title='bbox 2149 527 2212 583; x_wconf 89' lang='lat' dir='ltr'><strong>et</strong></span> <span class='ocrx_word' id='word_1_340' title='bbox 2241 520 2472 601; x_wconf 83' lang='lat' dir='ltr'><strong>alioqui</strong></span> <span class='ocrx_word' id='word_1_341' title='bbox 2505 522 2585 583; x_wconf 86' lang='lat' dir='ltr'><strong>sit</strong></span> <span class='ocrx_word' id='word_1_342' title='bbox 2611 538 2842 599; x_wconf 83' lang='lat' dir='ltr'><strong>magna</strong></span> <span class='ocrx_word' id='word_1_343' title='bbox 2873 518 3188 598; x_wconf 84' lang='lat' dir='ltr'><strong>proportio</strong></span> <span class='ocrx_word' id='word_1_344' title='bbox 3215 518 3380 579; x_wconf 83' lang='lat' dir='ltr'><strong>inter</strong></span> <span class='ocrx_word' id='word_1_345' title='bbox 3407 515 3566 577; x_wconf 90' lang='lat' dir='ltr'><strong>illud</strong></span> <span class='ocrx_word' id='word_1_346' title='bbox 3585 534 3700 576; x_wconf 87' lang='lat' dir='ltr'><strong>me-</strong></span> 
     </span>
     <span class='ocr_line' id='line_1_57' title="bbox 2147 616 3696 699; baseline -0.005 -18"><span class='ocrx_word' id='word_1_347' title='bbox 2147 618 2335 681; x_wconf 79' lang='lat' dir='ltr'><strong>ritum</strong></span> <span class='ocrx_word' id='word_1_348' title='bbox 2373 622 2436 681; x_wconf 89' lang='lat' dir='ltr'><strong>et</strong></span> <span class='ocrx_word' id='word_1_349' title='bbox 2463 618 2819 699; x_wconf 75' lang='lat' dir='ltr'><strong>proemium3</strong></span> <span class='ocrx_word' id='word_1_350' title='bbox 2855 632 3026 690; x_wconf 87' lang='lat' dir='ltr'><strong>nam,</strong></span> <span class='ocrx_word' id='word_1_351' title='bbox 3049 622 3118 677; x_wconf 90' lang='lat' dir='ltr'><strong>ut</strong></span> <span class='ocrx_word' id='word_1_352' title='bbox 3146 617 3210 677; x_wconf 87' lang='lat' dir='ltr'><strong>in</strong></span> <span class='ocrx_word' id='word_1_353' title='bbox 3232 619 3260 676; x_wconf 98' lang='grc'><strong>1</strong></span> <span class='ocrx_word' id='word_1_354' title='bbox 3275 660 3290 675; x_wconf 95' lang='grc'><strong>.</strong></span> <span class='ocrx_word' id='word_1_355' title='bbox 3315 616 3377 686; x_wconf 77' lang='lat'><strong>2,</strong></span> <span class='ocrx_word' id='word_1_356' title='bbox 3399 617 3622 693; x_wconf 78' lang='lat' dir='ltr'><strong>qnaest.</strong></span> <span class='ocrx_word' id='word_1_357' title='bbox 3645 616 3696 683; x_wconf 84' lang='lat'><strong>3,</strong></span> 
     </span>
     <span class='ocr_line' id='line_1_58' title="bbox 2146 706 3698 789; baseline -0.007 -13"><span class='ocrx_word' id='word_1_358' title='bbox 2146 714 2222 776; x_wconf 89' lang='lat' dir='ltr'><strong>D.</strong></span> <span class='ocrx_word' id='word_1_359' title='bbox 2277 714 2550 775; x_wconf 87' lang='lat' dir='ltr'><strong>Thomas</strong></span> <span class='ocrx_word' id='word_1_360' title='bbox 2591 710 2765 781; x_wconf 79' lang='lat' dir='ltr'><strong>dixit,</strong></span> <span class='ocrx_word' id='word_1_361' title='bbox 2823 710 2976 771; x_wconf 82' lang='lat' dir='ltr'><strong>visio</strong></span> <span class='ocrx_word' id='word_1_362' title='bbox 3025 710 3258 789; x_wconf 86' lang='lat' dir='ltr'><strong>optima</strong></span> <span class='ocrx_word' id='word_1_363' title='bbox 3309 706 3698 787; x_wconf 75' lang='lat' dir='ltr'><strong>proportione</strong></span> 
     </span>
     <span class='ocr_line' id='line_1_59' title="bbox 2145 798 3698 887; baseline -0.006 -19"><span class='ocrx_word' id='word_1_364' title='bbox 2145 806 2489 887; x_wconf 88' lang='lat' dir='ltr'><strong>respondet</strong></span> <span class='ocrx_word' id='word_1_365' title='bbox 2511 804 2682 867; x_wconf 86' lang='lat' dir='ltr'><strong>fidei.</strong></span> <span class='ocrx_word' id='word_1_366' title='bbox 2725 803 2960 865; x_wconf 86' lang='lat' dir='ltr'><strong>Eadem</strong></span> <span class='ocrx_word' id='word_1_367' title='bbox 2987 802 3118 865; x_wconf 80' lang='lat' dir='ltr'><strong>fere</strong></span> <span class='ocrx_word' id='word_1_368' title='bbox 3147 802 3310 863; x_wconf 86' lang='lat' dir='ltr'><strong>ratio</strong></span> <span class='ocrx_word' id='word_1_369' title='bbox 3339 804 3438 861; x_wconf 88' lang='lat' dir='ltr'><strong>est</strong></span> <span class='ocrx_word' id='word_1_370' title='bbox 3465 798 3548 859; x_wconf 89' lang='lat' dir='ltr'><strong>de</strong></span> <span class='ocrx_word' id='word_1_371' title='bbox 3573 806 3698 859; x_wconf 85' lang='lat' dir='ltr'><strong>actu</strong></span> 
     </span>
     <span class='ocr_line' id='line_1_60' title="bbox 2147 892 3701 979; baseline -0.007 -19"><span class='ocrx_word' id='word_1_372' title='bbox 2147 900 2306 979; x_wconf 89' lang='lat' dir='ltr'><strong>spei,</strong></span> <span class='ocrx_word' id='word_1_373' title='bbox 2347 902 2453 978; x_wconf 87' lang='lat' dir='ltr'><strong>qui</strong></span> <span class='ocrx_word' id='word_1_374' title='bbox 2505 898 2697 960; x_wconf 89' lang='lat' dir='ltr'><strong>etiam</strong></span> <span class='ocrx_word' id='word_1_375' title='bbox 2725 895 3218 976; x_wconf 86' lang='lat' dir='ltr'><strong>supernaturalis</strong></span> <span class='ocrx_word' id='word_1_376' title='bbox 3245 898 3366 969; x_wconf 84' lang='lat' dir='ltr'><strong>est,</strong></span> <span class='ocrx_word' id='word_1_377' title='bbox 3395 894 3598 954; x_wconf 85' lang='lat' dir='ltr'><strong>Deum</strong></span> <span class='ocrx_word' id='word_1_378' title='bbox 3627 892 3701 970; x_wconf 89' lang='lat' dir='ltr'><strong>ip-</strong></span> 
     </span>
     <span class='ocr_line' id='line_1_61' title="bbox 2149 986 3702 1072; baseline -0.005 -19"><span class='ocrx_word' id='word_1_379' title='bbox 2149 1010 2288 1053; x_wconf 89' lang='lat' dir='ltr'><strong>sum</strong></span> <span class='ocrx_word' id='word_1_380' title='bbox 2329 991 2574 1072; x_wconf 83' lang='lat' dir='ltr'><strong>attingit</strong></span> <span class='ocrx_word' id='word_1_381' title='bbox 2601 998 2672 1053; x_wconf 86' lang='lat' dir='ltr'><strong>ut</strong></span> <span class='ocrx_word' id='word_1_382' title='bbox 2697 990 2988 1052; x_wconf 88' lang='lat' dir='ltr'><strong>ultimum</strong></span> <span class='ocrx_word' id='word_1_383' title='bbox 3023 988 3215 1049; x_wconf 83' lang='lat' dir='ltr'><strong>finem</strong></span> <span class='ocrx_word' id='word_1_384' title='bbox 3269 986 3458 1047; x_wconf 87' lang='lat' dir='ltr'><strong>nobis</strong></span> <span class='ocrx_word' id='word_1_385' title='bbox 3501 1002 3702 1045; x_wconf 85' lang='lat' dir='ltr'><strong>aman-</strong></span> 
     </span>
     <span class='ocr_line' id='line_1_62' title="bbox 2149 1077 3700 1165; baseline -0.005 -20"><span class='ocrx_word' id='word_1_386' title='bbox 2149 1084 2324 1157; x_wconf 89' lang='lat' dir='ltr'><strong>dum,</strong></span> <span class='ocrx_word' id='word_1_387' title='bbox 2370 1086 2470 1146; x_wconf 84' lang='lat' dir='ltr'><strong>vel</strong></span> <span class='ocrx_word' id='word_1_388' title='bbox 2503 1084 2928 1165; x_wconf 77' lang='lat' dir='ltr'><strong>sperandum:</strong></span> <span class='ocrx_word' id='word_1_389' title='bbox 2959 1083 3066 1162; x_wconf 85' lang='lat' dir='ltr'><strong>qui</strong></span> <span class='ocrx_word' id='word_1_390' title='bbox 3117 1082 3310 1143; x_wconf 88' lang='lat' dir='ltr'><strong>etiam</strong></span> <span class='ocrx_word' id='word_1_391' title='bbox 3345 1086 3444 1141; x_wconf 84' lang='lat' dir='ltr'><strong>est</strong></span> <span class='ocrx_word' id='word_1_392' title='bbox 3489 1077 3700 1157; x_wconf 79' lang='lat' dir='ltr'><strong>dignas</strong></span> 
     </span>
     <span class='ocr_line' id='line_1_63' title="bbox 2143 1174 3698 1260; baseline -0.005 -20"><span class='ocrx_word' id='word_1_393' title='bbox 2143 1180 2437 1260; x_wconf 80' lang='lat' dir='ltr'><strong>praem&#39;io;</strong></span> <span class='ocrx_word' id='word_1_394' title='bbox 2463 1186 2522 1241; x_wconf 90' lang='lat' dir='ltr'><strong>et</strong></span> <span class='ocrx_word' id='word_1_395' title='bbox 2547 1180 2789 1239; x_wconf 89' lang='lat' dir='ltr'><strong>nullum</strong></span> <span class='ocrx_word' id='word_1_396' title='bbox 2819 1185 2914 1239; x_wconf 83' lang='lat' dir='ltr'><strong>est</strong></span> <span class='ocrx_word' id='word_1_397' title='bbox 2929 1177 3014 1238; x_wconf 91' lang='lat' dir='ltr'><strong>ibi</strong></span> <span class='ocrx_word' id='word_1_398' title='bbox 3037 1176 3584 1255; x_wconf 84' lang='lat' dir='ltr'><strong>proportionatum</strong></span> <span class='ocrx_word' id='word_1_399' title='bbox 3599 1174 3698 1233; x_wconf 87' lang='lat' dir='ltr'><strong>nisi</strong></span> 
     </span>
     <span class='ocr_line' id='line_1_64' title="bbox 2145 1269 3699 1353; baseline -0.007 -18"><span class='ocrx_word' id='word_1_400' title='bbox 2145 1274 2626 1353; x_wconf 85' lang='lat' dir='ltr'><strong>comprehensio</strong></span> <span class='ocrx_word' id='word_1_401' title='bbox 2659 1278 2722 1333; x_wconf 87' lang='lat' dir='ltr'><strong>et</strong></span> <span class='ocrx_word' id='word_1_402' title='bbox 2761 1272 2966 1333; x_wconf 88' lang='lat' dir='ltr'><strong>tensio</strong></span> <span class='ocrx_word' id='word_1_403' title='bbox 2997 1271 3190 1349; x_wconf 84' lang='lat' dir='ltr'><strong>ipsius</strong></span> <span class='ocrx_word' id='word_1_404' title='bbox 3217 1269 3370 1339; x_wconf 83' lang='lat' dir='ltr'><strong>Dei;</strong></span> <span class='ocrx_word' id='word_1_405' title='bbox 3405 1284 3540 1327; x_wconf 87' lang='lat' dir='ltr'><strong>non</strong></span> <span class='ocrx_word' id='word_1_406' title='bbox 3579 1272 3699 1325; x_wconf 77' lang='lat' dir='ltr'><strong>tan·</strong></span> 
     </span>
     <span class='ocr_line' id='line_1_65' title="bbox 2143 1362 3700 1446; baseline -0.005 -19"><span class='ocrx_word' id='word_1_407' title='bbox 2143 1372 2276 1428; x_wconf 87' lang='lat' dir='ltr'><strong>tum</strong></span> <span class='ocrx_word' id='word_1_408' title='bbox 2307 1367 2392 1427; x_wconf 86' lang='lat' dir='ltr'><strong>oh</strong></span> <span class='ocrx_word' id='word_1_409' title='bbox 2431 1366 2768 1446; x_wconf 90' lang='lat' dir='ltr'><strong>imperium</strong></span> <span class='ocrx_word' id='word_1_410' title='bbox 2821 1363 3159 1433; x_wconf 86' lang='lat' dir='ltr'><strong>charitatis,</strong></span> <span class='ocrx_word' id='word_1_411' title='bbox 3205 1362 3324 1423; x_wconf 89' lang='lat' dir='ltr'><strong>sed</strong></span> <span class='ocrx_word' id='word_1_412' title='bbox 3347 1365 3596 1421; x_wconf 88' lang='lat' dir='ltr'><strong>tantum</strong></span> <span class='ocrx_word' id='word_1_413' title='bbox 3635 1377 3700 1419; x_wconf 84' lang='lat' dir='ltr'><strong>ex</strong></span> 
     </span>
     <span class='ocr_line' id='line_1_66' title="bbox 2141 1452 3699 1532; baseline -0.005 -11"><span class='ocrx_word' id='word_1_414' title='bbox 2141 1460 2382 1521; x_wconf 88' lang='lat' dir='ltr'><strong>ratione</strong></span> <span class='ocrx_word' id='word_1_415' title='bbox 2414 1478 2551 1532; x_wconf 87' lang='lat' dir='ltr'><strong>sua,</strong></span> <span class='ocrx_word' id='word_1_416' title='bbox 2583 1465 2652 1521; x_wconf 86' lang='lat' dir='ltr'><strong>ut</strong></span> <span class='ocrx_word' id='word_1_417' title='bbox 2680 1478 2758 1521; x_wconf 82' lang='lat' dir='ltr'><strong>ex</strong></span> <span class='ocrx_word' id='word_1_418' title='bbox 2785 1457 3068 1519; x_wconf 85' lang='lat' dir='ltr'><strong>doctrina</strong></span> <span class='ocrx_word' id='word_1_419' title='bbox 3089 1458 3160 1517; x_wconf 90' lang='lat' dir='ltr'><strong>D.</strong></span> <span class='ocrx_word' id='word_1_420' title='bbox 3187 1456 3448 1515; x_wconf 79' lang='lat' dir='ltr'><strong>Thomae</strong></span> <span class='ocrx_word' id='word_1_421' title='bbox 3483 1452 3550 1513; x_wconf 89' lang='lat' dir='ltr'><strong>in</strong></span> <span class='ocrx_word' id='word_1_422' title='bbox 3579 1452 3699 1513; x_wconf 87' lang='lat' dir='ltr'><strong>loco</strong></span> 
     </span>
     <span class='ocr_line' id='line_1_67' title="bbox 2142 1544 3698 1631; baseline -0.005 -18"><span class='ocrx_word' id='word_1_423' title='bbox 2142 1552 2422 1631; x_wconf 80' lang='lat' dir='ltr'><strong>proxime</strong></span> <span class='ocrx_word' id='word_1_424' title='bbox 2452 1553 2640 1616; x_wconf 89' lang='lat' dir='ltr'><strong>citato</strong></span> <span class='ocrx_word' id='word_1_425' title='bbox 2695 1551 2860 1613; x_wconf 89' lang='lat' dir='ltr'><strong>sumi</strong></span> <span class='ocrx_word' id='word_1_426' title='bbox 2887 1556 3114 1629; x_wconf 84' lang='lat' dir='ltr'><strong>potest.</strong></span> <span class='ocrx_word' id='word_1_427' title='bbox 3149 1550 3284 1611; x_wconf 92' lang='lat' dir='ltr'><strong>Imo</strong></span> <span class='ocrx_word' id='word_1_428' title='bbox 3337 1564 3472 1607; x_wconf 87' lang='lat' dir='ltr'><strong>non</strong></span> <span class='ocrx_word' id='word_1_429' title='bbox 3513 1544 3698 1605; x_wconf 86' lang='lat' dir='ltr'><strong>solum</strong></span> 
     </span>
     <span class='ocr_line' id='line_1_68' title="bbox 2141 1641 3700 1717; baseline -0.005 -10"><span class='ocrx_word' id='word_1_430' title='bbox 2141 1646 2228 1707; x_wconf 83' lang='lat' dir='ltr'><strong>ita</strong></span> <span class='ocrx_word' id='word_1_431' title='bbox 2273 1652 2368 1706; x_wconf 91' lang='lat' dir='ltr'><strong>est</strong></span> <span class='ocrx_word' id='word_1_432' title='bbox 2411 1646 2792 1717; x_wconf 85' lang='lat' dir='ltr'><strong>meritorius,</strong></span> <span class='ocrx_word' id='word_1_433' title='bbox 2823 1643 2936 1705; x_wconf 91' lang='lat' dir='ltr'><strong>sed</strong></span> <span class='ocrx_word' id='word_1_434' title='bbox 2977 1642 3168 1704; x_wconf 89' lang='lat' dir='ltr'><strong>etiam</strong></span> <span class='ocrx_word' id='word_1_435' title='bbox 3222 1641 3349 1701; x_wconf 90' lang='lat' dir='ltr'><strong>alia</strong></span> <span class='ocrx_word' id='word_1_436' title='bbox 3382 1658 3604 1717; x_wconf 85' lang='lat' dir='ltr'><strong>opera,</strong></span> <span class='ocrx_word' id='word_1_437' title='bbox 3635 1658 3700 1699; x_wconf 84' lang='lat' dir='ltr'><strong>ex</strong></span> 
     </span>
     <span class='ocr_line' id='line_1_69' title="bbox 2147 1734 3702 1819; baseline -0.005 -19"><span class='ocrx_word' id='word_1_438' title='bbox 2147 1740 2285 1818; x_wconf 87' lang='lat' dir='ltr'><strong>ejus</strong></span> <span class='ocrx_word' id='word_1_439' title='bbox 2312 1740 2615 1801; x_wconf 87' lang='lat' dir='ltr'><strong>relatione</strong></span> <span class='ocrx_word' id='word_1_440' title='bbox 2645 1738 3072 1819; x_wconf 86' lang='lat' dir='ltr'><strong>procedentia,</strong></span> <span class='ocrx_word' id='word_1_441' title='bbox 3103 1736 3188 1797; x_wconf 89' lang='lat' dir='ltr'><strong>ad</strong></span> <span class='ocrx_word' id='word_1_442' title='bbox 3209 1734 3512 1795; x_wconf 87' lang='lat' dir='ltr'><strong>meritum</strong></span> <span class='ocrx_word' id='word_1_443' title='bbox 3549 1734 3702 1793; x_wconf 85' lang='lat' dir='ltr'><strong>suffi-</strong></span> 
     </span>
     <span class='ocr_line' id='line_1_70' title="bbox 2147 1828 3698 1911; baseline -0.006 -16"><span class='ocrx_word' id='word_1_444' title='bbox 2147 1832 2342 1905; x_wconf 80' lang='lat' dir='ltr'><strong>cient3</strong></span> <span class='ocrx_word' id='word_1_445' title='bbox 2377 1850 2526 1893; x_wconf 85' lang='lat' dir='ltr'><strong>nam</strong></span> <span class='ocrx_word' id='word_1_446' title='bbox 2555 1833 2804 1911; x_wconf 87' lang='lat' dir='ltr'><strong>operari</strong></span> <span class='ocrx_word' id='word_1_447' title='bbox 2831 1832 3058 1893; x_wconf 86' lang='lat' dir='ltr'><strong>intuitu</strong></span> <span class='ocrx_word' id='word_1_448' title='bbox 3084 1828 3402 1891; x_wconf 84' lang='lat' dir='ltr'><strong>mercedis</strong></span> <span class='ocrx_word' id='word_1_449' title='bbox 3435 1832 3698 1895; x_wconf 79' lang='lat' dir='ltr'><strong>aeternae,</strong></span> 
     </span>
     <span class='ocr_line' id='line_1_71' title="bbox 2147 1919 3704 1998; baseline -0.006 -11"><span class='ocrx_word' id='word_1_450' title='bbox 2147 1944 2276 1987; x_wconf 90' lang='lat' dir='ltr'><strong>non</strong></span> <span class='ocrx_word' id='word_1_451' title='bbox 2325 1926 2528 1987; x_wconf 90' lang='lat' dir='ltr'><strong>solum</strong></span> <span class='ocrx_word' id='word_1_452' title='bbox 2583 1926 2824 1987; x_wconf 89' lang='lat' dir='ltr'><strong>bonum</strong></span> <span class='ocrx_word' id='word_1_453' title='bbox 2871 1931 2988 1998; x_wconf 90' lang='lat' dir='ltr'><strong>est,</strong></span> <span class='ocrx_word' id='word_1_454' title='bbox 3058 1923 3171 1985; x_wconf 87' lang='lat' dir='ltr'><strong>sed</strong></span> <span class='ocrx_word' id='word_1_455' title='bbox 3223 1922 3417 1983; x_wconf 88' lang='lat' dir='ltr'><strong>etiam</strong></span> <span class='ocrx_word' id='word_1_456' title='bbox 3469 1919 3704 1979; x_wconf 87' lang='lat' dir='ltr'><strong>merito-</strong></span> 
     </span>
     <span class='ocr_line' id='line_1_72' title="bbox 2143 2013 3699 2099; baseline -0.006 -18"><span class='ocrx_word' id='word_1_457' title='bbox 2143 2020 2306 2082; x_wconf 91' lang='lat' dir='ltr'><strong>rium</strong></span> <span class='ocrx_word' id='word_1_458' title='bbox 2343 2020 2628 2099; x_wconf 88' lang='lat' dir='ltr'><strong>ejusdem</strong></span> <span class='ocrx_word' id='word_1_459' title='bbox 2679 2025 2930 2080; x_wconf 80' lang='lat' dir='ltr'><strong>aetcrnae</strong></span> <span class='ocrx_word' id='word_1_460' title='bbox 2969 2017 3130 2089; x_wconf 75' lang='lat' dir='ltr'><strong>vitae,</strong></span> <span class='ocrx_word' id='word_1_461' title='bbox 3155 2017 3334 2095; x_wconf 87' lang='lat' dir='ltr'><strong>juxta</strong></span> <span class='ocrx_word' id='word_1_462' title='bbox 3367 2013 3699 2075; x_wconf 86' lang='lat' dir='ltr'><strong>doctrinam</strong></span> 
     </span>
     <span class='ocr_line' id='line_1_73' title="bbox 2143 2112 3697 2187; baseline -0.008 -12"><span class='ocrx_word' id='word_1_463' title='bbox 2143 2113 2396 2175; x_wconf 80' lang='lat' dir='ltr'><strong>Consilii</strong></span> <span class='ocrx_word' id='word_1_464' title='bbox 2417 2112 2784 2184; x_wconf 86' lang='lat' dir='ltr'><strong>Tridentini,</strong></span> <span class='ocrx_word' id='word_1_465' title='bbox 2821 2130 2976 2173; x_wconf 86' lang='lat' dir='ltr'><strong>sess.</strong></span> <span class='ocrx_word' id='word_1_466' title='bbox 3023 2113 3083 2179; x_wconf 84' lang='lat'><strong>6,</strong></span> <span class='ocrx_word' id='word_1_467' title='bbox 3131 2128 3271 2187; x_wconf 89' lang='lat' dir='ltr'><strong>cap.</strong></span> <span class='ocrx_word' id='word_1_468' title='bbox 3321 2112 3422 2179; x_wconf 89' lang='grc'><strong>11,</strong></span> <span class='ocrx_word' id='word_1_469' title='bbox 3465 2112 3529 2167; x_wconf 87' lang='lat' dir='ltr'><strong>et</strong></span> <span class='ocrx_word' id='word_1_470' title='bbox 3573 2124 3697 2169; x_wconf 87' lang='lat' dir='ltr'><strong>can.</strong></span> 
     </span>
     <span class='ocr_line' id='line_1_74' title="bbox 2143 2202 3700 2278; baseline -0.005 -9"><span class='ocrx_word' id='word_1_471' title='bbox 2143 2209 2254 2278; x_wconf 80' lang='grc'><strong>31,</strong></span> <span class='ocrx_word' id='word_1_472' title='bbox 2299 2213 2362 2267; x_wconf 91' lang='lat' dir='ltr'><strong>et</strong></span> <span class='ocrx_word' id='word_1_473' title='bbox 2411 2207 2566 2269; x_wconf 89' lang='lat' dir='ltr'><strong>illud</strong></span> <span class='ocrx_word' id='word_1_474' title='bbox 2603 2206 2768 2267; x_wconf 88' lang='lat' dir='ltr'><strong>Psal.</strong></span> <span class='ocrx_word' id='word_1_475' title='bbox 2819 2206 2938 2267; x_wconf 84' lang='grc'><strong>118</strong></span> <span class='ocrx_word' id='word_1_476' title='bbox 2989 2223 3003 2264; x_wconf 91' lang='lat'>:</span> <span class='ocrx_word' id='word_1_477' title='bbox 3051 2202 3366 2267; x_wconf 63' lang='lat' dir='ltr'><strong>Inclinant·</strong></span> <span class='ocrx_word' id='word_1_478' title='bbox 3393 2220 3700 2263; x_wconf 68' lang='lat' dir='ltr'><strong>cormeum</strong></span> 
     </span>
     <span class='ocr_line' id='line_1_75' title="bbox 2141 2296 3698 2379; baseline -0.006 -16"><span class='ocrx_word' id='word_1_479' title='bbox 2141 2302 2226 2363; x_wconf 80' lang='lat' dir='ltr'><strong>ad</strong></span> <span class='ocrx_word' id='word_1_480' title='bbox 2246 2298 2556 2374; x_wconf 75' lang='lat' dir='ltr'><strong>faciendas</strong></span> <span class='ocrx_word' id='word_1_481' title='bbox 2589 2300 3076 2379; x_wconf 72' lang='lat' dir='ltr'><strong>justificationes</strong></span> <span class='ocrx_word' id='word_1_482' title='bbox 3131 2302 3272 2361; x_wconf 73' lang='lat' dir='ltr'><strong>tuas</strong></span> <span class='ocrx_word' id='word_1_483' title='bbox 3313 2296 3386 2357; x_wconf 69' lang='lat' dir='ltr'><strong>is</strong></span> <span class='ocrx_word' id='word_1_484' title='bbox 3421 2300 3698 2357; x_wconf 64' lang='lat' dir='ltr'><strong>aeternum</strong></span> 
     </span>
     <span class='ocr_line' id='line_1_76' title="bbox 2135 2389 3690 2477; baseline -0.005 -23"><span class='ocrx_word' id='word_1_485' title='bbox 2135 2400 2389 2477; x_wconf 74' lang='lat' dir='ltr'><strong>propter</strong></span> <span class='ocrx_word' id='word_1_486' title='bbox 2411 2394 2885 2458; x_wconf 67' lang='lat' dir='ltr'><strong>retributionem.</strong></span> <span class='ocrx_word' id='word_1_487' title='bbox 2905 2392 3144 2455; x_wconf 89' lang='lat' dir='ltr'><strong>Deinde</strong></span> <span class='ocrx_word' id='word_1_488' title='bbox 3169 2396 3351 2451; x_wconf 88' lang='lat' dir='ltr'><strong>actus</strong></span> <span class='ocrx_word' id='word_1_489' title='bbox 3371 2389 3690 2467; x_wconf 78' lang='lat' dir='ltr'><strong>religionis„</strong></span> 
     </span>
     <span class='ocr_line' id='line_1_77' title="bbox 2143 2486 3690 2566; baseline -0.005 -18"><span class='ocrx_word' id='word_1_490' title='bbox 2143 2488 2374 2566; x_wconf 89' lang='lat' dir='ltr'><strong>quibus</strong></span> <span class='ocrx_word' id='word_1_491' title='bbox 2401 2488 2624 2549; x_wconf 89' lang='lat' dir='ltr'><strong>colitur</strong></span> <span class='ocrx_word' id='word_1_492' title='bbox 2649 2488 2814 2547; x_wconf 89' lang='lat' dir='ltr'><strong>Deus</strong></span> <span class='ocrx_word' id='word_1_493' title='bbox 2853 2486 2920 2546; x_wconf 89' lang='lat' dir='ltr'><strong>in</strong></span> <span class='ocrx_word' id='word_1_494' title='bbox 2951 2486 3156 2565; x_wconf 88' lang='lat' dir='ltr'><strong>seipso</strong></span> <span class='ocrx_word' id='word_1_495' title='bbox 3185 2490 3252 2545; x_wconf 88' lang='lat' dir='ltr'><strong>et.</strong></span> <span class='ocrx_word' id='word_1_496' title='bbox 3291 2490 3361 2544; x_wconf 92' lang='lat' dir='ltr'><strong>ut</strong></span> <span class='ocrx_word' id='word_1_497' title='bbox 3401 2501 3690 2561; x_wconf 84' lang='lat' dir='ltr'><strong>superna-</strong></span> 
     </span>
     <span class='ocr_line' id='line_1_78' title="bbox 2145 2575 3692 2657; baseline -0.005 -15"><span class='ocrx_word' id='word_1_498' title='bbox 2145 2581 2328 2642; x_wconf 81' lang='lat' dir='ltr'><strong>turali</strong></span> <span class='ocrx_word' id='word_1_499' title='bbox 2371 2580 2496 2641; x_wconf 89' lang='lat' dir='ltr'><strong>fide</strong></span> <span class='ocrx_word' id='word_1_500' title='bbox 2540 2580 2879 2652; x_wconf 76' lang='lat' dir='ltr'><strong>revelatus,</strong></span> <span class='ocrx_word' id='word_1_501' title='bbox 2929 2577 3234 2657; x_wconf 86' lang='lat' dir='ltr'><strong>aptissimi</strong></span> <span class='ocrx_word' id='word_1_502' title='bbox 3263 2581 3410 2637; x_wconf 90' lang='lat' dir='ltr'><strong>sunt</strong></span> <span class='ocrx_word' id='word_1_503' title='bbox 3457 2575 3537 2636; x_wconf 85' lang='lat' dir='ltr'><strong>ad</strong></span> <span class='ocrx_word' id='word_1_504' title='bbox 3575 2594 3692 2654; x_wconf 88' lang='lat' dir='ltr'><strong>pro-</strong></span> 
     </span>
     <span class='ocr_line' id='line_1_79' title="bbox 2144 2669 3692 2751; baseline -0.004 -16"><span class='ocrx_word' id='word_1_505' title='bbox 2144 2674 2520 2735; x_wconf 89' lang='lat' dir='ltr'><strong>merendum</strong></span> <span class='ocrx_word' id='word_1_506' title='bbox 2566 2675 2770 2734; x_wconf 89' lang='lat' dir='ltr'><strong>Deum</strong></span> <span class='ocrx_word' id='word_1_507' title='bbox 2803 2674 3034 2751; x_wconf 88' lang='lat' dir='ltr'><strong>ipsum,</strong></span> <span class='ocrx_word' id='word_1_508' title='bbox 3065 2676 3136 2731; x_wconf 83' lang='lat' dir='ltr'><strong>ut</strong></span> <span class='ocrx_word' id='word_1_509' title='bbox 3183 2669 3519 2731; x_wconf 89' lang='lat' dir='ltr'><strong>essentiale</strong></span> <span class='ocrx_word' id='word_1_510' title='bbox 3555 2686 3692 2747; x_wconf 81' lang='lat' dir='ltr'><strong>prae-</strong></span> 
     </span>
     <span class='ocr_line' id='line_1_80' title="bbox 2143 2762 3690 2839; baseline -0.005 -11"><span class='ocrx_word' id='word_1_511' title='bbox 2143 2768 2364 2839; x_wconf 87' lang='lat' dir='ltr'><strong>mium,</strong></span> <span class='ocrx_word' id='word_1_512' title='bbox 2383 2784 2528 2827; x_wconf 87' lang='lat' dir='ltr'><strong>cum</strong></span> <span class='ocrx_word' id='word_1_513' title='bbox 2551 2766 2714 2827; x_wconf 88' lang='lat' dir='ltr'><strong>illius</strong></span> <span class='ocrx_word' id='word_1_514' title='bbox 2739 2766 3022 2827; x_wconf 89' lang='lat' dir='ltr'><strong>debitum</strong></span> <span class='ocrx_word' id='word_1_515' title='bbox 3051 2764 3290 2825; x_wconf 84' lang='lat' dir='ltr'><strong>cultum</strong></span> <span class='ocrx_word' id='word_1_516' title='bbox 3315 2770 3380 2823; x_wconf 89' lang='lat' dir='ltr'><strong>et</strong></span> <span class='ocrx_word' id='word_1_517' title='bbox 3406 2762 3690 2823; x_wconf 86' lang='lat' dir='ltr'><strong>honorem</strong></span> 
     </span>
     <span class='ocr_line' id='line_1_81' title="bbox 2145 2855 3694 2937; baseline -0.005 -16"><span class='ocrx_word' id='word_1_518' title='bbox 2145 2860 2529 2921; x_wconf 87' lang='lat' dir='ltr'><strong>contineant.</strong></span> <span class='ocrx_word' id='word_1_519' title='bbox 2563 2858 2870 2937; x_wconf 82' lang='lat' dir='ltr'><strong>idemque</strong></span> <span class='ocrx_word' id='word_1_520' title='bbox 2907 2863 3003 2919; x_wconf 89' lang='lat' dir='ltr'><strong>est</strong></span> <span class='ocrx_word' id='word_1_521' title='bbox 3031 2857 3109 2917; x_wconf 90' lang='lat' dir='ltr'><strong>de</strong></span> <span class='ocrx_word' id='word_1_522' title='bbox 3135 2856 3380 2919; x_wconf 82' lang='lat' dir='ltr'><strong>actibus</strong></span> <span class='ocrx_word' id='word_1_523' title='bbox 3403 2855 3694 2934; x_wconf 84' lang='lat' dir='ltr'><strong>poeniten-</strong></span> 
     </span>
     <span class='ocr_line' id='line_1_82' title="bbox 2144 2949 3694 3029; baseline -0.003 -15"><span class='ocrx_word' id='word_1_524' title='bbox 2144 2954 2272 3027; x_wconf 87' lang='lat' dir='ltr'><strong>tiae,</strong></span> <span class='ocrx_word' id='word_1_525' title='bbox 2306 2959 2370 3014; x_wconf 92' lang='lat' dir='ltr'><strong>et</strong></span> <span class='ocrx_word' id='word_1_526' title='bbox 2405 2953 2733 3013; x_wconf 84' lang='lat' dir='ltr'><strong>similibus.</strong></span> <span class='ocrx_word' id='word_1_527' title='bbox 2763 2956 2852 3014; x_wconf 78' lang='lat' dir='ltr'><strong>Ac</strong></span> <span class='ocrx_word' id='word_1_528' title='bbox 2871 2951 3146 3029; x_wconf 89' lang='lat' dir='ltr'><strong>denique</strong></span> <span class='ocrx_word' id='word_1_529' title='bbox 3173 2950 3254 3011; x_wconf 90' lang='lat' dir='ltr'><strong>de</strong></span> <span class='ocrx_word' id='word_1_530' title='bbox 3281 2949 3574 3010; x_wconf 81' lang='lat' dir='ltr'><strong>omnibns</strong></span> <span class='ocrx_word' id='word_1_531' title='bbox 3603 2966 3694 3009; x_wconf 87' lang='lat' dir='ltr'><strong>ac-</strong></span> 
     </span>
    </p>
   </div>
   <div class='ocr_carea' id='block_1_5' title="bbox 2143 3032 3801 3128">
    <p class='ocr_par' dir='ltr' id='par_1_6' title="bbox 2143 3032 3801 3128">
     <span class='ocr_line' id='line_1_83' title="bbox 2143 3032 3801 3128; baseline -0.005 -19"><span class='ocrx_word' id='word_1_532' title='bbox 2143 3048 2310 3109; x_wconf 91' lang='lat' dir='ltr'><strong>tibus</strong></span> <span class='ocrx_word' id='word_1_533' title='bbox 2335 3046 2938 3128; x_wconf 77' lang='lat' dir='ltr'><strong>supernaturalibus,</strong></span> <span class='ocrx_word' id='word_1_534' title='bbox 2977 3044 3222 3105; x_wconf 82' lang='lat' dir='ltr'><strong>etiamsi</strong></span> <span class='ocrx_word' id='word_1_535' title='bbox 3263 3042 3538 3103; x_wconf 88' lang='lat' dir='ltr'><strong>morales</strong></span> <span class='ocrx_word' id='word_1_536' title='bbox 3563 3042 3690 3113; x_wconf 89' lang='lat' dir='ltr'><strong>sint,</strong></span> <span class='ocrx_word' id='word_1_537' title='bbox 3800 3032 3801 3077; x_wconf 64' lang='grc' dir='ltr'>ἕ</span> 
     </span>
    </p>
   </div>
   <div class='ocr_carea' id='block_1_6' title="bbox 2147 3136 3693 3314">
    <p class='ocr_par' dir='ltr' id='par_1_7' title="bbox 2147 3136 3693 3314">
     <span class='ocr_line' id='line_1_84' title="bbox 2147 3136 3692 3221; baseline -0.005 -19"><span class='ocrx_word' id='word_1_538' title='bbox 2147 3149 2242 3202; x_wconf 90' lang='lat' dir='ltr'><strong>est</strong></span> <span class='ocrx_word' id='word_1_539' title='bbox 2285 3139 2596 3221; x_wconf 80' lang='lat' dir='ltr'><strong>generalis</strong></span> <span class='ocrx_word' id='word_1_540' title='bbox 2645 3141 2834 3213; x_wconf 88' lang='lat' dir='ltr'><strong>ratio;</strong></span> <span class='ocrx_word' id='word_1_541' title='bbox 2879 3140 3026 3218; x_wconf 89' lang='lat' dir='ltr'><strong>quia</strong></span> <span class='ocrx_word' id='word_1_542' title='bbox 3077 3138 3236 3199; x_wconf 85' lang='lat' dir='ltr'><strong>sicut</strong></span> <span class='ocrx_word' id='word_1_543' title='bbox 3285 3136 3628 3217; x_wconf 89' lang='lat' dir='ltr'><strong>procedunt</strong></span> <span class='ocrx_word' id='word_1_544' title='bbox 3661 3153 3692 3194; x_wconf 84' lang='lat' dir='ltr'><strong>a</strong></span> 
     </span>
     <span class='ocr_line' id='line_1_85' title="bbox 2148 3232 3693 3314; baseline -0.005 -19"><span class='ocrx_word' id='word_1_545' title='bbox 2148 3233 2612 3314; x_wconf 87' lang='lat' dir='ltr'><strong>supernaturali</strong></span> <span class='ocrx_word' id='word_1_546' title='bbox 2651 3233 2978 3312; x_wconf 90' lang='lat' dir='ltr'><strong>principio,</strong></span> <span class='ocrx_word' id='word_1_547' title='bbox 3023 3232 3104 3292; x_wconf 77' lang='lat' dir='ltr'><strong>ite</strong></span> <span class='ocrx_word' id='word_1_548' title='bbox 3161 3236 3390 3291; x_wconf 87' lang='lat' dir='ltr'><strong>natura</strong></span> <span class='ocrx_word' id='word_1_549' title='bbox 3427 3249 3544 3290; x_wconf 88' lang='lat' dir='ltr'><strong>sua</strong></span> <span class='ocrx_word' id='word_1_550' title='bbox 3581 3234 3693 3290; x_wconf 84' lang='lat' dir='ltr'><strong>ten·</strong></span> 
     </span>
    </p>
   </div>
   <div class='ocr_carea' id='block_1_7' title="bbox 2147 3322 3799 3497">
    <p class='ocr_par' dir='ltr' id='par_1_8' title="bbox 2147 3322 3799 3497">
     <span class='ocr_line' id='line_1_86' title="bbox 2147 3322 3799 3414; baseline -0.004 -27"><span class='ocrx_word' id='word_1_551' title='bbox 2147 3327 2305 3387; x_wconf 86' lang='lat' dir='ltr'><strong>dunt</strong></span> <span class='ocrx_word' id='word_1_552' title='bbox 2371 3327 2434 3386; x_wconf 91' lang='lat' dir='ltr'><strong>in</strong></span> <span class='ocrx_word' id='word_1_553' title='bbox 2505 3325 3046 3405; x_wconf 86' lang='lat' dir='ltr'><strong>supernaturalem</strong></span> <span class='ocrx_word' id='word_1_554' title='bbox 3115 3323 3308 3384; x_wconf 88' lang='lat' dir='ltr'><strong>finem</strong></span> <span class='ocrx_word' id='word_1_555' title='bbox 3381 3322 3650 3382; x_wconf 82' lang='lat' dir='ltr'><strong>ultimum</strong></span> <span class='ocrx_word' id='word_1_556' title='bbox 3671 3369 3684 3390; x_wconf 84' lang='lat'><strong>,</strong></span> <span class='ocrx_word' id='word_1_557' title='bbox 3798 3379 3799 3414; x_wconf 23' lang='grc' dir='ltr'>ἶ</span> 
     </span>
     <span class='ocr_line' id='line_1_87' title="bbox 2149 3415 3799 3497; baseline -0.004 -18"><span class='ocrx_word' id='word_1_558' title='bbox 2149 3420 2396 3480; x_wconf 89' lang='lat' dir='ltr'><strong>etiamsi</strong></span> <span class='ocrx_word' id='word_1_559' title='bbox 2453 3437 2532 3480; x_wconf 83' lang='lat' dir='ltr'><strong>ex</strong></span> <span class='ocrx_word' id='word_1_560' title='bbox 2578 3419 2830 3497; x_wconf 87' lang='lat' dir='ltr'><strong>speciali</strong></span> <span class='ocrx_word' id='word_1_561' title='bbox 2887 3418 3232 3480; x_wconf 87' lang='lat' dir='ltr'><strong>intentione</strong></span> <span class='ocrx_word' id='word_1_562' title='bbox 3289 3417 3604 3494; x_wconf 83' lang='lat' dir='ltr'><strong>operantis</strong></span> <span class='ocrx_word' id='word_1_563' title='bbox 3641 3415 3693 3474; x_wconf 88' lang='lat' dir='ltr'><strong>in</strong></span> <span class='ocrx_word' id='word_1_564' title='bbox 3798 3429 3799 3455; x_wconf 60' lang='lat'>¹</span> 
     </span>
    </p>
   </div>
   <div class='ocr_carea' id='block_1_8' title="bbox 2148 3509 3793 5164">
    <p class='ocr_par' dir='ltr' id='par_1_9' title="bbox 2148 3509 3793 5164">
     <span class='ocr_line' id='line_1_88' title="bbox 2148 3509 3692 3589; baseline -0.003 -16"><span class='ocrx_word' id='word_1_565' title='bbox 2148 3514 2326 3574; x_wconf 89' lang='lat' dir='ltr'><strong>illum</strong></span> <span class='ocrx_word' id='word_1_566' title='bbox 2373 3530 2502 3573; x_wconf 91' lang='lat' dir='ltr'><strong>non</strong></span> <span class='ocrx_word' id='word_1_567' title='bbox 2551 3511 2937 3584; x_wconf 62' lang='lat' dir='ltr'><strong>referentum</strong></span> <span class='ocrx_word' id='word_1_568' title='bbox 2985 3515 3258 3589; x_wconf 87' lang='lat' dir='ltr'><strong>suntque</strong></span> <span class='ocrx_word' id='word_1_569' title='bbox 3287 3509 3494 3570; x_wconf 83' lang='lat' dir='ltr'><strong>media</strong></span> <span class='ocrx_word' id='word_1_570' title='bbox 3537 3525 3692 3570; x_wconf 80' lang='lat' dir='ltr'><strong>exse</strong></span> 
     </span>
     <span class='ocr_line' id='line_1_89' title="bbox 2149 3601 3694 3686; baseline -0.003 -19"><span class='ocrx_word' id='word_1_571' title='bbox 2149 3611 2294 3686; x_wconf 87' lang='lat' dir='ltr'><strong>apta</strong></span> <span class='ocrx_word' id='word_1_572' title='bbox 2327 3609 2390 3666; x_wconf 88' lang='lat' dir='ltr'><strong>et</strong></span> <span class='ocrx_word' id='word_1_573' title='bbox 2415 3605 2886 3684; x_wconf 86' lang='lat' dir='ltr'><strong>proportionata</strong></span> <span class='ocrx_word' id='word_1_574' title='bbox 2933 3603 3016 3664; x_wconf 88' lang='lat' dir='ltr'><strong>ad</strong></span> <span class='ocrx_word' id='word_1_575' title='bbox 3053 3603 3229 3663; x_wconf 85' lang='lat' dir='ltr'><strong>illum</strong></span> <span class='ocrx_word' id='word_1_576' title='bbox 3269 3601 3464 3664; x_wconf 88' lang='lat' dir='ltr'><strong>finem</strong></span> <span class='ocrx_word' id='word_1_577' title='bbox 3497 3619 3694 3662; x_wconf 84' lang='lat' dir='ltr'><strong>conse-</strong></span> 
     </span>
     <span class='ocr_line' id='line_1_90' title="bbox 2149 3695 3692 3776; baseline -0.003 -19"><span class='ocrx_word' id='word_1_578' title='bbox 2149 3697 2506 3776; x_wconf 90' lang='lat' dir='ltr'><strong>quendum;</strong></span> <span class='ocrx_word' id='word_1_579' title='bbox 2541 3715 2692 3776; x_wconf 80' lang='lat' dir='ltr'><strong>ergo</strong></span> <span class='ocrx_word' id='word_1_580' title='bbox 2714 3714 2856 3758; x_wconf 91' lang='lat' dir='ltr'><strong>cum</strong></span> <span class='ocrx_word' id='word_1_581' title='bbox 2878 3697 3034 3757; x_wconf 85' lang='lat' dir='ltr'><strong>alias</strong></span> <span class='ocrx_word' id='word_1_582' title='bbox 3059 3715 3136 3756; x_wconf 87' lang='lat' dir='ltr'><strong>ex</strong></span> <span class='ocrx_word' id='word_1_583' title='bbox 3165 3695 3449 3776; x_wconf 86' lang='lat' dir='ltr'><strong>generali</strong></span> <span class='ocrx_word' id='word_1_584' title='bbox 3477 3695 3692 3754; x_wconf 85' lang='lat' dir='ltr'><strong>ratione</strong></span> 
     </span>
     <span class='ocr_line' id='line_1_91' title="bbox 2149 3787 3690 3866; baseline -0.004 -14"><span class='ocrx_word' id='word_1_585' title='bbox 2149 3797 2326 3852; x_wconf 88' lang='lat' dir='ltr'><strong>actus</strong></span> <span class='ocrx_word' id='word_1_586' title='bbox 2355 3789 2628 3851; x_wconf 86' lang='lat' dir='ltr'><strong>morales</strong></span> <span class='ocrx_word' id='word_1_587' title='bbox 2655 3791 2803 3850; x_wconf 89' lang='lat' dir='ltr'><strong>boni</strong></span> <span class='ocrx_word' id='word_1_588' title='bbox 2845 3791 2968 3851; x_wconf 88' lang='lat' dir='ltr'><strong>sint</strong></span> <span class='ocrx_word' id='word_1_589' title='bbox 3003 3789 3342 3858; x_wconf 87' lang='lat' dir='ltr'><strong>meritorii,</strong></span> <span class='ocrx_word' id='word_1_590' title='bbox 3367 3789 3544 3866; x_wconf 85' lang='lat' dir='ltr'><strong>juxta</strong></span> <span class='ocrx_word' id='word_1_591' title='bbox 3571 3787 3690 3848; x_wconf 87' lang='lat' dir='ltr'><strong>doc-</strong></span> 
     </span>
     <span class='ocr_line' id='line_1_92' title="bbox 2149 3880 3688 3962; baseline -0.004 -18"><span class='ocrx_word' id='word_1_592' title='bbox 2149 3883 2380 3944; x_wconf 88' lang='lat' dir='ltr'><strong>trinam</strong></span> <span class='ocrx_word' id='word_1_593' title='bbox 2421 3885 2494 3944; x_wconf 89' lang='lat' dir='ltr'><strong>D.</strong></span> <span class='ocrx_word' id='word_1_594' title='bbox 2548 3884 2826 3956; x_wconf 81' lang='lat' dir='ltr'><strong>Thomoe,</strong></span> <span class='ocrx_word' id='word_1_595' title='bbox 2869 3887 3089 3962; x_wconf 74' lang='lat' dir='ltr'><strong>quaest.</strong></span> <span class='ocrx_word' id='word_1_596' title='bbox 3121 3884 3224 3954; x_wconf 71' lang='lat'><strong>2⁴,</strong></span> <span class='ocrx_word' id='word_1_597' title='bbox 3257 3887 3322 3942; x_wconf 85' lang='lat' dir='ltr'><strong>et</strong></span> <span class='ocrx_word' id='word_1_598' title='bbox 3365 3880 3590 3959; x_wconf 86' lang='lat' dir='ltr'><strong>alioqui</strong></span> <span class='ocrx_word' id='word_1_599' title='bbox 3627 3897 3688 3939; x_wconf 86' lang='lat' dir='ltr'><strong>ex</strong></span> 
     </span>
     <span class='ocr_line' id='line_1_93' title="bbox 2151 3975 3688 4056; baseline -0.003 -20"><span class='ocrx_word' id='word_1_600' title='bbox 2151 3983 2328 4056; x_wconf 86' lang='lat' dir='ltr'><strong>parte</strong></span> <span class='ocrx_word' id='word_1_601' title='bbox 2365 3993 2652 4054; x_wconf 58' lang='lat' dir='ltr'><strong>personas</strong></span> <span class='ocrx_word' id='word_1_602' title='bbox 2701 3977 3020 4055; x_wconf 88' lang='lat' dir='ltr'><strong>operantis</strong></span> <span class='ocrx_word' id='word_1_603' title='bbox 3045 3975 3324 4036; x_wconf 86' lang='lat' dir='ltr'><strong>babeant</strong></span> <span class='ocrx_word' id='word_1_604' title='bbox 3351 3975 3688 4052; x_wconf 75' lang='lat' dir='ltr'><strong>dignitatem</strong></span> 
     </span>
     <span class='ocr_line' id='line_1_94' title="bbox 2153 4065 3688 4149; baseline -0.003 -20"><span class='ocrx_word' id='word_1_605' title='bbox 2153 4069 2394 4149; x_wconf 80' lang='lat' dir='ltr'><strong>gratiae,</strong></span> <span class='ocrx_word' id='word_1_606' title='bbox 2441 4069 2596 4130; x_wconf 90' lang='lat' dir='ltr'><strong>nihil</strong></span> <span class='ocrx_word' id='word_1_607' title='bbox 2639 4069 2758 4130; x_wconf 88' lang='lat' dir='ltr'><strong>illis</strong></span> <span class='ocrx_word' id='word_1_608' title='bbox 2796 4069 3020 4130; x_wconf 89' lang='lat' dir='ltr'><strong>deesse</strong></span> <span class='ocrx_word' id='word_1_609' title='bbox 3063 4071 3270 4146; x_wconf 76' lang='lat' dir='ltr'><strong>potest</strong></span> <span class='ocrx_word' id='word_1_610' title='bbox 3295 4069 3380 4128; x_wconf 87' lang='lat' dir='ltr'><strong>ad</strong></span> <span class='ocrx_word' id='word_1_611' title='bbox 3405 4069 3598 4146; x_wconf 86' lang='lat' dir='ltr'><strong>ipsum</strong></span> <span class='ocrx_word' id='word_1_612' title='bbox 3633 4065 3688 4124; x_wconf 85' lang='lat' dir='ltr'><strong>fi·</strong></span> 
     </span>
     <span class='ocr_line' id='line_1_95' title="bbox 2153 4159 3688 4241; baseline -0.003 -19"><span class='ocrx_word' id='word_1_613' title='bbox 2153 4180 2304 4222; x_wconf 88' lang='lat' dir='ltr'><strong>nem</strong></span> <span class='ocrx_word' id='word_1_614' title='bbox 2345 4161 2628 4224; x_wconf 80' lang='lat' dir='ltr'><strong>ultimum</strong></span> <span class='ocrx_word' id='word_1_615' title='bbox 2659 4162 3173 4241; x_wconf 88' lang='lat' dir='ltr'><strong>promerendum,</strong></span> <span class='ocrx_word' id='word_1_616' title='bbox 3219 4179 3362 4222; x_wconf 90' lang='lat' dir='ltr'><strong>cum</strong></span> <span class='ocrx_word' id='word_1_617' title='bbox 3407 4179 3530 4222; x_wconf 89' lang='lat' dir='ltr'><strong>non</strong></span> <span class='ocrx_word' id='word_1_618' title='bbox 3557 4159 3688 4219; x_wconf 87' lang='lat' dir='ltr'><strong>desit</strong></span> 
     </span>
     <span class='ocr_line' id='line_1_96' title="bbox 2155 4253 3688 4333; baseline -0.002 -19"><span class='ocrx_word' id='word_1_619' title='bbox 2155 4255 2246 4315; x_wconf 90' lang='lat' dir='ltr'><strong>eis</strong></span> <span class='ocrx_word' id='word_1_620' title='bbox 2273 4255 2626 4333; x_wconf 87' lang='lat' dir='ltr'><strong>promissio,</strong></span> <span class='ocrx_word' id='word_1_621' title='bbox 2657 4261 2727 4315; x_wconf 89' lang='lat' dir='ltr'><strong>ut</strong></span> <span class='ocrx_word' id='word_1_622' title='bbox 2751 4261 3074 4316; x_wconf 88' lang='lat' dir='ltr'><strong>ostensum</strong></span> <span class='ocrx_word' id='word_1_623' title='bbox 3103 4259 3198 4316; x_wconf 88' lang='lat' dir='ltr'><strong>est</strong></span> <span class='ocrx_word' id='word_1_624' title='bbox 3215 4273 3231 4326; x_wconf 89' lang='lat'>;</span> <span class='ocrx_word' id='word_1_625' title='bbox 3251 4253 3482 4314; x_wconf 87' lang='lat' dir='ltr'><strong>mereri</strong></span> <span class='ocrx_word' id='word_1_626' title='bbox 3509 4259 3688 4312; x_wconf 87' lang='lat' dir='ltr'><strong>autem</strong></span> 
     </span>
     <span class='ocr_line' id='line_1_97' title="bbox 2159 4346 3688 4427; baseline -0.003 -19"><span class='ocrx_word' id='word_1_627' title='bbox 2159 4347 2367 4427; x_wconf 89' lang='lat' dir='ltr'><strong>ipsum</strong></span> <span class='ocrx_word' id='word_1_628' title='bbox 2417 4347 2612 4408; x_wconf 80' lang='lat' dir='ltr'><strong>finem</strong></span> <span class='ocrx_word' id='word_1_629' title='bbox 2671 4347 2958 4408; x_wconf 88' lang='lat' dir='ltr'><strong>ultimum</strong></span> <span class='ocrx_word' id='word_1_630' title='bbox 3017 4346 3574 4426; x_wconf 81' lang='lat' dir='ltr'><strong>supernaturalem,</strong></span> <span class='ocrx_word' id='word_1_631' title='bbox 3613 4349 3688 4404; x_wconf 65' lang='lat' dir='ltr'><strong>est</strong></span> 
     </span>
     <span class='ocr_line' id='line_1_98' title="bbox 2159 4442 3793 4520; baseline -0.002 -18"><span class='ocrx_word' id='word_1_632' title='bbox 2159 4443 2390 4502; x_wconf 89' lang='lat' dir='ltr'><strong>mereri</strong></span> <span class='ocrx_word' id='word_1_633' title='bbox 2417 4442 2748 4520; x_wconf 81' lang='lat' dir='ltr'><strong>praemium</strong></span> <span class='ocrx_word' id='word_1_634' title='bbox 2777 4443 3132 4503; x_wconf 86' lang='lat' dir='ltr'><strong>essentiale.</strong></span> <span class='ocrx_word' id='word_1_635' title='bbox 3792 4503 3793 4506; x_wconf 51' lang='lat'><strong>,</strong></span> 
     </span>
     <span class='ocr_line' id='line_1_99' title="bbox 2243 4533 3688 4615; baseline -0.006 -19"><span class='ocrx_word' id='word_1_636' title='bbox 2243 4537 2345 4596; x_wconf 67' lang='lat'><strong>46.</strong></span> <span class='ocrx_word' id='word_1_637' title='bbox 2391 4533 2771 4615; x_wconf 70' lang='lat' dir='ltr'><strong>Emplioatur</strong></span> <span class='ocrx_word' id='word_1_638' title='bbox 2805 4553 2972 4597; x_wconf 69' lang='lat' dir='ltr'><strong>mas</strong></span> <span class='ocrx_word' id='word_1_639' title='bbox 2999 4536 3083 4596; x_wconf 91' lang='lat' dir='ltr'><strong>D.</strong></span> <span class='ocrx_word' id='word_1_640' title='bbox 3125 4533 3389 4598; x_wconf 58' lang='lat' dir='ltr'><strong>ssim,</strong></span> <span class='ocrx_word' id='word_1_641' title='bbox 3419 4565 3500 4580; x_wconf 91' lang='lat'>—</span> <span class='ocrx_word' id='word_1_642' title='bbox 3524 4535 3688 4592; x_wconf 84' lang='lat' dir='ltr'><strong>Verus</strong></span> 
     </span>
     <span class='ocr_line' id='line_1_100' title="bbox 2163 4627 3688 4705; baseline -0.005 -17"><span class='ocrx_word' id='word_1_643' title='bbox 2163 4645 2316 4705; x_wconf 80' lang='lat' dir='ltr'><strong>ergo</strong></span> <span class='ocrx_word' id='word_1_644' title='bbox 2365 4629 2435 4687; x_wconf 93' lang='lat' dir='ltr'><strong>D.</strong></span> <span class='ocrx_word' id='word_1_645' title='bbox 2471 4627 2726 4687; x_wconf 68' lang='lat' dir='ltr'><strong>Thomas</strong></span> <span class='ocrx_word' id='word_1_646' title='bbox 2771 4645 2994 4688; x_wconf 85' lang='lat' dir='ltr'><strong>sensus</strong></span> <span class='ocrx_word' id='word_1_647' title='bbox 3045 4634 3161 4699; x_wconf 87' lang='lat' dir='ltr'><strong>est,</strong></span> <span class='ocrx_word' id='word_1_648' title='bbox 3215 4643 3410 4704; x_wconf 87' lang='lat' dir='ltr'><strong>quem</strong></span> <span class='ocrx_word' id='word_1_649' title='bbox 3461 4627 3688 4703; x_wconf 86' lang='lat' dir='ltr'><strong>ipsemet</strong></span> 
     </span>
     <span class='ocr_line' id='line_1_101' title="bbox 2159 4719 3685 4794; baseline 0 -13"><span class='ocrx_word' id='word_1_650' title='bbox 2159 4721 2296 4781; x_wconf 88' lang='lat' dir='ltr'><strong>aliis</strong></span> <span class='ocrx_word' id='word_1_651' title='bbox 2341 4721 2492 4780; x_wconf 88' lang='lat' dir='ltr'><strong>locis</strong></span> <span class='ocrx_word' id='word_1_652' title='bbox 2523 4719 2878 4781; x_wconf 86' lang='lat' dir='ltr'><strong>declarasse</strong></span> <span class='ocrx_word' id='word_1_653' title='bbox 2929 4720 3199 4794; x_wconf 84' lang='lat' dir='ltr'><strong>videtur,</strong></span> <span class='ocrx_word' id='word_1_654' title='bbox 3247 4719 3502 4791; x_wconf 85' lang='lat' dir='ltr'><strong>scilicet,</strong></span> <span class='ocrx_word' id='word_1_655' title='bbox 3545 4723 3596 4780; x_wconf 88' lang='grc'><strong>1.</strong></span> <span class='ocrx_word' id='word_1_656' title='bbox 3635 4721 3685 4781; x_wconf 71' lang='grc' dir='ltr'><strong>Ξ.</strong></span> 
     </span>
     <span class='ocr_line' id='line_1_102' title="bbox 2159 4813 3687 4895; baseline 0 -21"><span class='ocrx_word' id='word_1_657' title='bbox 2159 4820 2378 4894; x_wconf 79' lang='lat' dir='ltr'><strong>quoest.</strong></span> <span class='ocrx_word' id='word_1_658' title='bbox 2417 4815 2556 4883; x_wconf 73' lang='grc'><strong>114,</strong></span> <span class='ocrx_word' id='word_1_659' title='bbox 2591 4821 2705 4874; x_wconf 87' lang='lat' dir='ltr'><strong>art.</strong></span> <span class='ocrx_word' id='word_1_660' title='bbox 2739 4815 2800 4888; x_wconf 73' lang='lat'><strong>4,</strong></span> <span class='ocrx_word' id='word_1_661' title='bbox 2849 4813 2958 4875; x_wconf 90' lang='lat' dir='ltr'><strong>ubi</strong></span> <span class='ocrx_word' id='word_1_662' title='bbox 2989 4813 3078 4874; x_wconf 90' lang='lat' dir='ltr'><strong>sic</strong></span> <span class='ocrx_word' id='word_1_663' title='bbox 3105 4815 3193 4874; x_wconf 85' lang='lat' dir='ltr'><strong>ait</strong></span> <span class='ocrx_word' id='word_1_664' title='bbox 3225 4832 3242 4872; x_wconf 89' lang='lat'><strong>:</strong></span> <span class='ocrx_word' id='word_1_665' title='bbox 3273 4814 3687 4895; x_wconf 70' lang='lat' dir='ltr'><strong>principalitas</strong></span> 
     </span>
     <span class='ocr_line' id='line_1_103' title="bbox 2157 4899 3791 4988; baseline -0.005 -18"><span class='ocrx_word' id='word_1_666' title='bbox 2157 4907 2365 4970; x_wconf 64' lang='lat' dir='ltr'><strong>nur-its*</strong></span> <span class='ocrx_word' id='word_1_667' title='bbox 2393 4923 2574 4988; x_wconf 72' lang='lat' dir='ltr'><strong>pem</strong></span> <span class='ocrx_word' id='word_1_668' title='bbox 2627 4907 2984 4970; x_wconf 59' lang='lat' dir='ltr'><strong>alaricum</strong></span> <span class='ocrx_word' id='word_1_669' title='bbox 3033 4907 3357 4976; x_wconf 45' lang='lat' dir='ltr'><strong>consistin-</strong></span> <span class='ocrx_word' id='word_1_670' title='bbox 3397 4913 3461 4968; x_wconf 91' lang='lat' dir='ltr'><strong>et</strong></span> <span class='ocrx_word' id='word_1_671' title='bbox 3507 4905 3682 4966; x_wconf 80' lang='lat' dir='ltr'><strong>infra:</strong></span> <span class='ocrx_word' id='word_1_672' title='bbox 3790 4899 3791 4904; x_wconf 76' lang='grc'>’</span> 
     </span>
     <span class='ocr_line' id='line_1_104' title="bbox 2159 4998 3690 5080; baseline -0.001 -19"><span class='ocrx_word' id='word_1_673' title='bbox 2159 5001 2456 5062; x_wconf 74' lang='lat' dir='ltr'><strong>Meritum</strong></span> <span class='ocrx_word' id='word_1_674' title='bbox 2485 4998 2629 5062; x_wconf 59' lang='grc' dir='ltr'><strong>εὔιε</strong></span> <span class='ocrx_word' id='word_1_675' title='bbox 2652 5003 2894 5060; x_wconf 72' lang='lat' dir='ltr'><strong>oeterme</strong></span> <span class='ocrx_word' id='word_1_676' title='bbox 2929 4999 3126 5080; x_wconf 63' lang='lat' dir='ltr'><strong>primo</strong></span> <span class='ocrx_word' id='word_1_677' title='bbox 3165 4999 3432 5080; x_wconf 71' lang='lat' dir='ltr'><strong>pertinet</strong></span> <span class='ocrx_word' id='word_1_678' title='bbox 3471 5001 3548 5062; x_wconf 74' lang='lat' dir='ltr'><strong>ad</strong></span> <span class='ocrx_word' id='word_1_679' title='bbox 3577 5000 3690 5060; x_wconf 69' lang='lat' dir='ltr'><strong>oka-</strong></span> 
     </span>
     <span class='ocr_line' id='line_1_105' title="bbox 2161 5087 3685 5164; baseline -0.003 -10"><span class='ocrx_word' id='word_1_680' title='bbox 2161 5091 2446 5164; x_wconf 74' lang='lat' dir='ltr'><strong>ritatom;</strong></span> <span class='ocrx_word' id='word_1_681' title='bbox 2487 5093 2570 5154; x_wconf 79' lang='lat' dir='ltr'><strong>ad</strong></span> <span class='ocrx_word' id='word_1_682' title='bbox 2611 5090 2772 5154; x_wconf 69' lang='lat' dir='ltr'><strong>alias</strong></span> <span class='ocrx_word' id='word_1_683' title='bbox 2807 5097 3006 5155; x_wconf 72' lang='lat' dir='ltr'><strong>autem</strong></span> <span class='ocrx_word' id='word_1_684' title='bbox 3053 5091 3314 5156; x_wconf 73' lang='lat' dir='ltr'><strong>virtutes</strong></span> <span class='ocrx_word' id='word_1_685' title='bbox 3368 5087 3685 5156; x_wconf 61' lang='lat' dir='ltr'><strong>emmam</strong></span> 
     </span>
    </p>
   </div>
   <div class='ocr_carea' id='block_1_9' title="bbox 2164 5185 3789 5264">
    <p class='ocr_par' dir='ltr' id='par_1_10' title="bbox 2164 5185 3789 5264">
     <span class='ocr_line' id='line_1_106' title="bbox 2164 5185 3789 5264; baseline -0.003 -17"><span class='ocrx_word' id='word_1_686' title='bbox 2164 5186 2488 5248; x_wconf 71' lang='lat' dir='ltr'><strong>secundum</strong></span> <span class='ocrx_word' id='word_1_687' title='bbox 2515 5185 2672 5264; x_wconf 70' lang='lat' dir='ltr'><strong>quoa</strong></span> <span class='ocrx_word' id='word_1_688' title='bbox 2704 5202 2916 5247; x_wconf 70' lang='lat' dir='ltr'><strong>aarum</strong></span> <span class='ocrx_word' id='word_1_689' title='bbox 2944 5190 3120 5248; x_wconf 72' lang='lat' dir='ltr'><strong>acm</strong></span> <span class='ocrx_word' id='word_1_690' title='bbox 3161 5203 3236 5248; x_wconf 67' lang='grc' dir='ltr'><strong>ιω</strong></span> <span class='ocrx_word' id='word_1_691' title='bbox 3279 5187 3572 5248; x_wconf 69' lang='lat' dir='ltr'><strong>charitate</strong></span> <span class='ocrx_word' id='word_1_692' title='bbox 3601 5185 3684 5244; x_wconf 78' lang='lat' dir='ltr'><strong>im·</strong></span> <span class='ocrx_word' id='word_1_693' title='bbox 3788 5249 3789 5256; x_wconf 7' lang='grc' dir='ltr'>χ</span> 
     </span>
    </p>
   </div>
   <div class='ocr_carea' id='block_1_10' title="bbox 2157 5263 3789 5451">
    <p class='ocr_par' dir='ltr' id='par_1_11' title="bbox 2157 5263 3789 5451">
     <span class='ocr_line' id='line_1_107' title="bbox 2157 5263 3789 5360; baseline -0.006 -20"><span class='ocrx_word' id='word_1_694' title='bbox 2157 5281 2479 5360; x_wconf 61' lang='lat' dir='ltr'><strong>parantur.</strong></span> <span class='ocrx_word' id='word_1_695' title='bbox 2505 5277 2622 5340; x_wconf 89' lang='lat' dir='ltr'><strong>Ubi</strong></span> <span class='ocrx_word' id='word_1_696' title='bbox 2650 5295 2780 5337; x_wconf 89' lang='lat' dir='ltr'><strong>non</strong></span> <span class='ocrx_word' id='word_1_697' title='bbox 2803 5277 2934 5357; x_wconf 78' lang='lat' dir='ltr'><strong>agit</strong></span> <span class='ocrx_word' id='word_1_698' title='bbox 2959 5277 3038 5338; x_wconf 88' lang='lat' dir='ltr'><strong>de</strong></span> <span class='ocrx_word' id='word_1_699' title='bbox 3068 5279 3292 5338; x_wconf 87' lang='lat' dir='ltr'><strong>merito</strong></span> <span class='ocrx_word' id='word_1_700' title='bbox 3327 5275 3682 5338; x_wconf 82' lang='lat' dir='ltr'><strong>accidentalis</strong></span> <span class='ocrx_word' id='word_1_701' title='bbox 3788 5263 3789 5287; x_wconf 65' lang='lat'><strong>³</strong></span> 
     </span>
     <span class='ocr_line' id='line_1_108' title="bbox 2163 5369 3683 5451; baseline -0.003 -19"><span class='ocrx_word' id='word_1_702' title='bbox 2163 5371 2424 5451; x_wconf 54' lang='lat' dir='ltr'><strong>praemii,</strong></span> <span class='ocrx_word' id='word_1_703' title='bbox 2443 5369 2558 5431; x_wconf 89' lang='lat' dir='ltr'><strong>sed</strong></span> <span class='ocrx_word' id='word_1_704' title='bbox 2581 5371 2963 5444; x_wconf 87' lang='lat' dir='ltr'><strong>essentialis;</strong></span> <span class='ocrx_word' id='word_1_705' title='bbox 2985 5370 3250 5450; x_wconf 83' lang='lat' dir='ltr'><strong>ejusque</strong></span> <span class='ocrx_word' id='word_1_706' title='bbox 3271 5371 3552 5432; x_wconf 81' lang='lat' dir='ltr'><strong>meritum</strong></span> <span class='ocrx_word' id='word_1_707' title='bbox 3569 5387 3683 5447; x_wconf 87' lang='lat' dir='ltr'><strong>pro-</strong></span> 
     </span>
    </p>
   </div>
   <div class='ocr_carea' id='block_1_11' title="bbox 514 5457 3787 5543">
    <p class='ocr_par' dir='ltr' id='par_1_12' title="bbox 514 5457 3787 5543">
     <span class='ocr_line' id='line_1_109' title="bbox 514 5457 3787 5543; baseline 0.002 -22"><span class='ocrx_word' id='word_1_708' title='bbox 514 5460 803 5538; x_wconf 80' lang='lat' dir='ltr'><strong>attingat,</strong></span> <span class='ocrx_word' id='word_1_709' title='bbox 828 5464 891 5519; x_wconf 89' lang='lat' dir='ltr'><strong>et</strong></span> <span class='ocrx_word' id='word_1_710' title='bbox 928 5457 993 5517; x_wconf 91' lang='lat' dir='ltr'><strong>in</strong></span> <span class='ocrx_word' id='word_1_711' title='bbox 1037 5459 1175 5537; x_wconf 87' lang='lat' dir='ltr'><strong>ejus</strong></span> <span class='ocrx_word' id='word_1_712' title='bbox 1200 5459 1459 5522; x_wconf 87' lang='lat' dir='ltr'><strong>laudem</strong></span> <span class='ocrx_word' id='word_1_713' title='bbox 1488 5463 1757 5523; x_wconf 82' lang='lat' dir='ltr'><strong>maxime</strong></span> <span class='ocrx_word' id='word_1_714' title='bbox 1789 5464 1992 5535; x_wconf 85' lang='lat' dir='ltr'><strong>cedat,</strong></span> <span class='ocrx_word' id='word_1_715' title='bbox 2023 5469 2086 5526; x_wconf 87' lang='lat' dir='ltr'><strong>et</strong></span> <span class='ocrx_word' id='word_1_716' title='bbox 2163 5465 2372 5543; x_wconf 88' lang='lat' dir='ltr'><strong>prium</strong></span> <span class='ocrx_word' id='word_1_717' title='bbox 2403 5463 2616 5525; x_wconf 86' lang='lat' dir='ltr'><strong>tribuit</strong></span> <span class='ocrx_word' id='word_1_718' title='bbox 2659 5464 2756 5524; x_wconf 89' lang='lat' dir='ltr'><strong>his</strong></span> <span class='ocrx_word' id='word_1_719' title='bbox 2789 5464 3086 5542; x_wconf 89' lang='lat' dir='ltr'><strong>operibus</strong></span> <span class='ocrx_word' id='word_1_720' title='bbox 3111 5465 3473 5536; x_wconf 77' lang='lat' dir='ltr'><strong>moralibuS,</strong></span> <span class='ocrx_word' id='word_1_721' title='bbox 3503 5469 3558 5524; x_wconf 89' lang='lat' dir='ltr'><strong>et</strong></span> <span class='ocrx_word' id='word_1_722' title='bbox 3587 5461 3682 5520; x_wconf 84' lang='lat' dir='ltr'><strong>dis-</strong></span> <span class='ocrx_word' id='word_1_723' title='bbox 3785 5525 3787 5528; x_wconf 19' lang='lat'><em>⁴</em></span> 
     </span>
    </p>
   </div>
   <div class='ocr_carea' id='block_1_12' title="bbox 514 5551 2080 5638">
    <p class='ocr_par' dir='ltr' id='par_1_13' title="bbox 514 5551 2080 5638">
     <span class='ocr_line' id='line_1_110' title="bbox 514 5551 2080 5638; baseline 0.003 -24"><span class='ocrx_word' id='word_1_724' title='bbox 514 5551 673 5626; x_wconf 71' lang='lat' dir='ltr'><strong>alias</strong></span> <span class='ocrx_word' id='word_1_725' title='bbox 705 5553 1097 5638; x_wconf 86' lang='lat' dir='ltr'><strong>supponatur</strong></span> <span class='ocrx_word' id='word_1_726' title='bbox 1131 5552 1403 5634; x_wconf 78' lang='lat' dir='ltr'><strong>dig-nitas</strong></span> <span class='ocrx_word' id='word_1_727' title='bbox 1428 5555 1641 5636; x_wconf 62' lang='lat' dir='ltr'><strong>gratias</strong></span> <span class='ocrx_word' id='word_1_728' title='bbox 1678 5556 1743 5618; x_wconf 88' lang='lat' dir='ltr'><strong>in</strong></span> <span class='ocrx_word' id='word_1_729' title='bbox 1768 5573 2038 5636; x_wconf 84' lang='lat' dir='ltr'><strong>persona</strong></span> <span class='ocrx_word' id='word_1_730' title='bbox 2063 5602 2080 5630; x_wconf 91' lang='lat'><strong>,</strong></span> 
     </span>
    </p>
   </div>
   <div class='ocr_carea' id='block_1_13' title="bbox 2165 5556 3787 5646">
    <p class='ocr_par' dir='ltr' id='par_1_14' title="bbox 2165 5556 3787 5646">
     <span class='ocr_line' id='line_1_111' title="bbox 2165 5556 3787 5646; baseline 0.001 -27"><span class='ocrx_word' id='word_1_731' title='bbox 2165 5558 2430 5628; x_wconf 80' lang='lat' dir='ltr'><strong>tinctum</strong></span> <span class='ocrx_word' id='word_1_732' title='bbox 2459 5556 2541 5618; x_wconf 88' lang='lat' dir='ltr'><strong>ab</strong></span> <span class='ocrx_word' id='word_1_733' title='bbox 2569 5557 2700 5630; x_wconf 87' lang='lat' dir='ltr'><strong>illo,</strong></span> <span class='ocrx_word' id='word_1_734' title='bbox 2731 5556 2899 5646; x_wconf 85' lang='lat' dir='ltr'><strong>quod</strong></span> <span class='ocrx_word' id='word_1_735' title='bbox 2925 5556 3286 5628; x_wconf 82' lang='lat' dir='ltr'><strong>immediate</strong></span> <span class='ocrx_word' id='word_1_736' title='bbox 3333 5563 3428 5630; x_wconf 80' lang='lat' dir='ltr'><strong>est</strong></span> <span class='ocrx_word' id='word_1_737' title='bbox 3453 5556 3682 5620; x_wconf 77' lang='lat' dir='ltr'><strong>elicitum</strong></span> <span class='ocrx_word' id='word_1_738' title='bbox 3785 5585 3787 5594; x_wconf 63' lang='lat'>2</span> 
     </span>
    </p>
   </div>
  </div>
 </body>
</html>
