3850 6225
862 350 999 403 cAP.
1036 350 1118 403 lx.
1154 347 1449 411 Quonono
1482 346 1907 401 PRAESCIENTIA
1941 348 2043 400 DEI
2075 348 2566 415 NECESSITATEM,
2597 352 2734 405 E‘rc.

170 450 503 513 sustineri.
536 452 761 523 Primo,
794 450 940 529 quia
970 450 1053 511 ad
1082 451 1467 529 praeteritum
1497 468 1627 509 non
1658 452 1754 510 est

168 544 503 619 potentian
539 562 686 625 ergo
714 543 1057 623 propositio
1083 543 1161 605 de
1181 543 1497 623 praeterito
1524 548 1619 603 est
1646 542 1753 601 ali-

169 638 441 715 quando
472 639 869 711 necessaria;
908 638 1017 699 illa
1066 643 1297 713 autem,
1344 639 1507 701 Deus
1546 637 1747 709 scivit,

169 728 251 789 de
280 732 609 809 praeterito
640 735 755 792 est.
783 731 979 809 Major
1005 730 1348 792 certissima
1378 736 1493 802 est,
1526 733 1596 789 ut
1628 729 1751 789 late

168 827 491 884 tractatur
528 824 597 883 in
633 825 834 903 prima
864 827 1062 902 parte,
1112 828 1335 903 quaest.
1388 824 1489 892 25,
1536 828 1752 883 contra

170 914 581 995 Gregorium,
612 917 675 975 in
708 920 767 987 l,
798 916 939 976 dist.
967 918 1071 987 42,
1096 916 1201 995 qui
1234 916 1435 976 solum
1465 916 1582 977 sub
1608 933 1755 994 pro-

170 1008 465 1069 blemate
520 1010 875 1089 oppositum
932 1009 1229 1069 defendit.
1278 1011 1353 1071 Et
1404 1014 1749 1088 praeterea,

172 1099 495 1178 quidquid
522 1103 585 1162 in
616 1104 751 1163 aliis
772 1102 961 1163 rebus
987 1102 1150 1162 circa
1180 1120 1319 1163 eam
1346 1101 1755 1180 quaestionem

174 1196 515 1270 sentiatur,
558 1203 771 1257 tamen
814 1198 877 1257 in
928 1198 1025 1257 his
1054 1216 1193 1275 quae
1222 1197 1303 1259 ad
1343 1200 1542 1258 Deum
1578 1214 1755 1276 spee-

173 1293 343 1363 tant,
374 1308 487 1350 seu
526 1291 591 1349 in
634 1291 770 1370 ipso
813 1296 981 1365 sunt,
1012 1290 1184 1351 nulla
1215 1289 1751 1351 verisimilitudine

174 1382 439 1443 defendi
468 1389 674 1462 potest
700 1390 959 1463 propter
986 1384 1261 1444 divinam
1286 1382 1757 1444 immutabilita-

175 1482 335 1535 tem.
368 1477 549 1539 Unde
600 1496 729 1538 non
780 1478 967 1538 etiam
1018 1478 1224 1539 obstat
1269 1477 1437 1557 quod
1482 1476 1749 1551 Ferrar.,

176 1576 355 1629 cont.
380 1569 593 1643 Gent.‚
624 1589 764 1650 cap.
794 1573 894 1645 67,
926 1577 989 1632 et
1026 1571 1129 1631 alii
1158 1571 1395 1642 dieunt,
1420 1570 1591 1630 illam
1615 1588 1757 1649 pro-

175 1663 561 1739 positionem
621 1684 747 1725 non
788 1682 924 1725 esse
969 1664 1223 1743 proprie
1276 1664 1353 1724 de
1404 1664 1751 1741 praeterito,

176 1756 288 1815 scd
337 1756 419 1816 de
465 1758 759 1835 prae-senti
786 1805 801 1830 ,
859 1759 1007 1836 quia
1054 1758 1307 1817 scientia
1355 1758 1465 1819 Dei
1507 1775 1757 1835 semper

176 1856 293 1909 cst.
332 1851 566 1924 Primo,
586 1853 731 1929 quia
757 1853 901 1913 licet
930 1852 1189 1911 scientia
1207 1850 1320 1912 Dei
1347 1870 1473 1911 non
1504 1851 1582 1911 sit-
1600 1868 1757 1930 proe-

174 1943 367 2003 tcrita
417 1944 479 2003 in
523 1945 645 2005 hoe
683 1963 895 2017 sensu,
944 1950 1009 2005 ut
1058 1945 1194 2023 jam
1235 1962 1364 2004 non
1398 1944 1497 2015 sit,
1541 1948 1757 2003 tamen

176 2036 397 2114 quoad
436 2037 639 2097 solam
681 2038 1165 2099 affirmationem
1207 2056 1353 2099 vere
1401 2037 1537 2110 fuit,
1569 2036 1632 2096 id
1664 2042 1759 2096 est

176 2131 463 2191 coextitit
494 2131 761 2210 tempori
792 2131 1129 2210 praeterito,
1160 2136 1220 2190 et
1244 2130 1366 2190 1100
1394 2129 1545 2189 satis
1568 2134 1663 2189 est
1691 2134 1761 2189 ut

176 2222 421 2283 habeat
444 2228 685 2283 tantam
728 2209 1191 2299 necessitatem,
1233 2228 1533 2302 quantam
1568 2221 1761 2283 habet

177 2317 489 2394 quaelibet
514 2317 860 2396 propositio
895 2317 975 2377 de
994 2318 1333 2395 praeterite,
1356 2320 1428 2376 ut
1454 2321 1623 2377 recte
1645 2317 1760 2376 Ca-

172 2411 439 2488 30101105
469 2410 642 2482 dixit,
671 2411 835 2472 dicto
866 2413 1038 2471 artic.
1072 2412 1167 2471 13.
1202 2410 1513 2483 Secundo,
1538 2409 1759 2469 saltem

179 2521 313 2561 non
340 2508 549 2581 potest
578 2505 792 2582 negari
836 2504 1176 2566 necessitas
1219 2502 1755 2575 immutabilitatiS,

180 2600 249 2655 ut
294 2596 722 2657 Ferrariensis
776 2598 1099 2673 concedit,
1148 2598 1472 2677 supposita
1526 2594 1761 2657 scilicet

178 2690 449 2749 veritate
474 2690 640 2749 illius
667 2690 1105 2769 propositionis
1134 2690 1214 2751 de
1240 2689 1528 2769 proesenti
1553 2709 1565 2749 ε
1594 2690 1757 2751 Deus

178 2783 303 2845 scit
336 2784 599 2845 Petrum
619 2788 1008 2865 peccaturum
1032 2828 1047 2855 ,
1081 2800 1269 2861 quam
1302 2785 1435 2863 Jam
1477 2784 1539 2843 in
1570 2802 1759 2861 argu-

178 2884 401 2935 mento
458 2876 893 2955 supponimus
960 2877 1103 2937 Haec
1158 2882 1372 2937 autem
1418 2877 1759 2937 necessitas

179 2968 449 3047 aequalis
478 2976 595 3041 est,
622 2969 1037 3048 eamdemque
1080 2968 1507 3031 difficultatem
1537 2970 1723 3030 infert
1738 2988 1759 3042 3-

180 3062 335 3142 quia
386 3062 443 3122 si
495 3062 913 3124 determinata
961 3062 1075 3123 fuit
1129 3062 1210 3123 ab
1262 3067 1495 3124 aeterno
1552 3062 1759 3124 divina

180 3156 453 3216 scientia
481 3156 561 3216 ad
578 3156 991 3234 judicandum
1018 3157 1137 3218 hoc
1159 3156 1292 3217 fore
1320 3157 1419 3216 vel
1446 3175 1573 3216 non
1601 3156 1757 3230 fore,

181 3270 341 3329 crgo
368 3251 435 3309 in
458 3269 560 3324 eo,
602 3249 771 3329 quod
802 3252 996 3311 semel
1018 3251 1337 3330 judicavit,
1376 3251 1629 3312 omnino
1658 3269 1763 3311 ne-

181 3343 465 3404 cessario
497 3344 563 3403 in
595 3349 897 3404 aeternum
938 3343 1175 3404 stabilis
1213 3349 1597 3422 perseverat,
1622 3344 1763 3422 jux-

182 3445 243 3496 ta
270 3437 433 3497 illud
459 3437 657 3507 Pauli,
686 3439 725 3498 2
758 3437 841 3497 ad
862 3438 1129 3498 Timoth.
1172 3440 1213 3497 Ξ
1244 3457 1256 3496 :
1285 3437 1569 3498 Firmum
1615 3441 1765 3514 sun—

180 3532 536 3592 clamantum
578 3531 695 3592 Dei
721 3535 873 3597 scat.
926 3529 1089 3592 novit
1132 3529 1426 3592 Dominus
1474 3530 1579 3610 qui
1616 3533 1764 3592 sunt

182 3625 325 3702 ejus
340 3649 367 3695 ;
400 3641 531 3682 non
562 3629 657 3684 est
692 3641 841 3702 ergo
870 3621 1147 3702 potentia
1192 3623 1256 3683 in
1286 3623 1435 3696 Deo,
1476 3630 1544 3685 ut
1588 3641 1625 3682 a
1663 3641 1759 3684 se-

182 3718 325 3794 ipso
370 3715 643 3789 auferat,
689 3724 759 3777 ut
798 3717 883 3777 ita
939 3717 1182 3793 dicam,
1235 3717 1561 3778 seientiam
1590 3763 1605 3789 ‚
1656 3717 1759 3778 vel

184 3811 465 3870 scientim
509 3808 1118 3883 determinationem,
1164 3827 1357 3890 quam
1408 3810 1605 3872 semel
1652 3811 1759 3870 ha-

186 3901 353 3972 buit;
382 3921 537 3980 crgo
570 3903 757 3962 habet
782 3902 885 3962 illa
910 3903 1137 3964 veritas
1158 3904 1595 3965 necessitatem
1624 3921 1760 3964 om-

185 3993 515 4054 nimodam
558 4013 635 4055 ex
658 3995 1103 4074 suppositione.
1134 3998 1207 4056 Et
1234 4003 1539 4075 praeterea
1568 4003 1659 4058 est
1693 3997 1757 4056 in

186 4087 293 4146 illa
314 4088 746 4165 suppositione
768 4088 874 4146 illa
894 4089 1237 4149 necessitas
1266 4090 1753 4168 compositionis,‚

186 4179 541 4240 secundum
566 4199 751 4259 quam
780 4181 929 4242 dixit
956 4181 1315 4242 Aristoteles
1343 4184 1497 4246 :Res
1523 4185 1758 4264 quando

186 4277 303 4346 est,
330 4272 671 4336 necessario
696 4279 807 4337 est.
842 4273 1020 4336 Unde
1052 4275 1239 4334 etiarn
1268 4275 1335 4334 in
1362 4275 1551 4336 rebus
1583 4295 1758 4337 crea-

186 4367 291 4438 tis,
326 4368 668 4445 propositio
710 4368 787 4428 de
844 4368 1169 4446 praesenti‘,
1230 4369 1546 4447 supposito
1586 4369 1755 4449 quod

190 4460 271 4518 sit
297 4479 445 4520 vera
474 4479 589 4539 pro
622 4461 829 4540 aliquo
856 4463 1133 4534 instanti,
1166 4479 1295 4522 non
1323 4469 1530 4542 potest
1568 4465 1755 4525 etiam

191 4554 271 4613 de
313 4555 596 4632 potentia
646 4555 932 4617 absoluta
970 4573 1109 4616 esse
1162 4555 1319 4616 falsa
1366 4575 1479 4635 pro
1532 4559 1756 4619 eodem

191 4646 483 4718 instanti;
524 4666 696 4727 ergo,
744 4650 795 4709 si
835 4650 1003 4710 Deus
1030 4648 1093 4708 in
1129 4667 1241 4710 sua
1272 4651 1616 4710 aeternitate
1646 4651 1755 4710 ali·

193 4740 345 4819 quid
397 4741 547 4814 scit,
588 4760 715 4802 non
763 4747 968 4822 potest
1006 4743 1213 4804 facere
1252 4749 1324 4804 ut
1368 4763 1482 4822 pro
1533 4744 1756 4806 eodem

194 4833 449 4894 instanti
477 4833 635 4894 illud
668 4853 799 4896 non
836 4837 1103 4909 sciverit,
1144 4853 1352 4916 neque
1381 4837 1569 4897 etiam
1598 4843 1665 4897 ut
1692 4837 1755 4896 in

194 4933 497 4988 aeternum
528 4947 655 4988 non
696 4930 881 5001 sciat3
915 4929 1061 5008 quia
1101 4929 1258 4990 illud
1296 4930 1535 4991 instans
1582 4937 1754 4992 aeter-

192 5023 403 5082 nitatis
444 5022 508 5080 in
540 5041 607 5082 se
634 5029 731 5083 est
780 5023 1148 5084 indivisibile
1193 5031 1445 5103 propter
1473 5023 1757 5084 intrinse-

194 5133 327 5174 cam
372 5114 965 5176 immutabilitatem.
1010 5117 1315 5190 Tandem,
1357 5118 1410 5178 si
1455 5117 1541 5198 id,
1588 5117 1758 5196 quod

194 5209 359 5268 Deus
416 5210 615 5270 semel
650 5209 863 5284 seivit,
918 5211 1106 5271 etiam
1156 5210 1580 5289 suppositione
1638 5210 1755 5269 1100

192 5300 355 5361 facta
402 5301 599 5380 possit
654 5321 786 5362 non
841 5305 1124 5378 scivisse,
1189 5309 1557 5384 sequeretur
1603 5303 1755 5362 nihil

194 5412 331 5455 esse
352 5395 553 5456 fixum
578 5403 643 5456 et
670 5401 911 5457 certum
938 5399 1001 5458 in
1032 5398 1289 5458 scientia
1309 5397 1419 5458 Dei
1438 5418 1456 5471 ;
1478 5395 1625 5474 quia
1653 5395 1759 5456 ad·

194 5485 315 5550 huc
344 5495 511 5552 esset
531 5491 848 5550 incertum
886 5507 969 5550 011
996 5495 1162 5552 05501
1192 5489 1468 5551 facturus
1508 5507 1589 5550 ne
1641 5489 1759 5550 sci-

3285 350 3402 413 335

1832 450 1996 512 verit
2021 451 2191 529 quod
2215 453 2466 513 scivisse
2496 455 2888 533 supponitur.
2923 455 3100 527 Quod
3128 456 3192 516 in
3222 476 3403 518 reve-

1833 544 2066 604 latione
2101 545 2183 606 ad
2213 552 2388 607 extra
2433 548 2798 626 explicatur,
2845 567 2994 609 nam
3037 550 3259 610 eadem
3308 556 3402 613 est

1833 637 1991 697 ratio
2047 637 2126 698 de
2175 639 2292 700 hac
2339 640 2764 719 propositione
2802 659 2816 699 ε
2864 642 3028 704 Deus
3078 642 3258 704 scivit
3283 642 3404 705 Pe-

1834 734 2001 793 trum
2029 737 2443 813 peccaturum,
2475 738 2537 793 et
2570 733 2648 793 tle.
2679 734 2798 794 hae
2834 752 2846 791 :
2880 733 3158 797 Christus
3195 733 3354 797 discit
3375 758 3403 807 ,-

1836 824 1886 883 si
1908 842 2059 903 ergo
2083 831 2336 905 propter
2367 827 2858 907 contingentiam
2880 827 2971 888 rei
3003 827 3170 889 scitoe
3195 832 3403 908 potest

1834 922 2003 979 Deus
2028 919 2235 980 facere
2279 926 2342 981 ut
2380 939 2506 981 non
2539 920 2786 983 sciverit
2819 923 2988 1002 quod
3020 923 3195 983 scivit
3215 968 3230 995 ‚
3263 940 3404 1001 pro·

1837 1018 1976 1091 pter
2001 1014 2492 1093 contingentiam
2542 1016 2634 1076 rei
2679 1016 2966 1077 revelatae
2997 1021 3200 1096 potest
3235 1017 3402 1077 Deus

1838 1106 2045 1168 facere
2087 1112 2158 1169 ut
2206 1126 2333 1168 non
2362 1108 2606 1181 dixerit,
2639 1109 2808 1189 quod
2837 1110 3024 1182 dixit3
3061 1128 3208 1189 ergo
3239 1128 3314 1171 ex
3342 1109 3402 1169 vi

1839 1199 2004 1259 illius
2064 1201 2463 1261 revelationis
2524 1219 2652 1261 nou
2711 1209 2925 1263 manet
2971 1209 3210 1264 certum
3266 1201 3402 1263 fore

1839 1292 2008 1370 quod
2039 1292 2209 1365 dixit,
2251 1312 2400 1353 nam
2429 1293 2691 1355 fortasse
2734 1294 2919 1356 faciet
2961 1302 3032 1355 ut
3069 1314 3196 1355 non
3232 1295 3404 1355 dixe-

1838 1384 1936 1446 rit.
1972 1386 2136 1464 Ergo
2185 1387 2320 1448 haec
2367 1387 2588 1459 saltem
2630 1387 2970 1448 necessitas
3017 1406 3144 1447 non
3201 1392 3406 1467 potest

1837 1480 2096 1559 negari3
2153 1480 2290 1539 haec
2335 1486 2549 1541 autem
2591 1479 2805 1541 videre
2855 1480 3138 1541 sufficere
3169 1481 3249 1541 ad
3277 1480 3404 1541 vim

1840 1574 2230 1651 argumenti3
2268 1591 2437 1645 nam,
2472 1572 2524 1632 si
2550 1574 2717 1633 Deus
2745 1573 2876 1653 ipse
2903 1592 3029 1634 non
3059 1579 3263 1652 potest
3287 1575 3406 1635 hoc

1838 1672 2108 1738 mutare,
2143 1683 2293 1747 ergo
2351 1684 2469 1726 nec
2514 1666 2782 1725 liberum
2816 1666 3140 1727 arbitrium
3183 1668 3407 1728 huma-

1838 1777 1990 1819 num
2033 1763 2237 1837 potest
2265 1758 2500 1836 aliquid
2530 1758 2737 1819 facere
2769 1777 2892 1837 quo
2923 1760 3042 1821 hoc
3086 1766 3402 1833 mutetur;

1839 1869 1990 1931 ergo
2019 1870 2147 1912 non
2186 1858 2401 1912 manet
2427 1852 2693 1913 liberum
2745 1852 2826 1913 ad
2873 1854 3225 1931 oppositum
3269 1854 3405 1933 ejus

1838 1945 2009 2023 quod
2030 1946 2196 2005 Deus
2225 1945 2418 2006 scivit.

2380 2142 2622 2207 Solutio
2652 2142 2858 2207 tertia.

1924 2318 2021 2376 10.
2053 2316 2259 2376 Tertio
2279 2316 2470 2395 igitur
2490 2317 2616 2392 alii,
2643 2334 2941 2379 concesso
2967 2317 3402 2390 antecedente,

1841 2416 2076 2489 negant
2110 2410 2642 2487 consequentiam.
2695 2411 2771 2470 Et
2816 2410 2936 2470 1100
2973 2410 3219 2471 videtur
3262 2429 3408 2471 sen-

1840 2505 1995 2565 sisse
2023 2503 2095 2563 D.
2129 2503 2400 2562 Thomas
2430 2520 2639 2581 suprn,
2680 2502 2785 2562 ubi
2827 2503 3095 2563 admittit
3122 2504 3408 2583 proposi-

1840 2598 2115 2657 tionem:
2151 2597 2314 2657 Deus
2341 2596 2522 2657 scivit
2545 2595 2803 2657 Petrum
2822 2600 3234 2677 peccatwmm,
3267 2612 3405 2656 esse

1839 2690 2264 2751 necessariam
2307 2688 2627 2761 absolute;
2680 2689 2758 2749 de
2799 2690 2904 2749 illa
2941 2708 3090 2750 vero
3125 2690 3410 2769 proposi-

1840 2784 2008 2845 tione
2045 2802 2058 2843 :
2101 2784 2329 2845 Petrus
2361 2781 2648 2863 peccabit,
2693 2787 2882 2861 negat
2930 2798 3067 2843 esse
3115 2801 3408 2843 necessa-

1838 2876 1999 2939 riam
2029 2878 2336 2938 absolute.
2385 2875 2559 2937 Unde
2601 2876 2678 2935 ad
2711 2882 3150 2955 argumentum
3181 2877 3407 2938 virtute

1840 2971 2162 3050 respondit
2179 2968 2471 3049 negando
2493 2969 3027 3046 consequentiam,
3049 2970 3194 3047 quia
3213 2986 3407 3047 quan·

1842 3064 1921 3126 do
1970 3063 2350 3126 antecedens
2396 3080 2519 3122 non
2569 3068 2664 3124 est
2705 3078 2895 3123 causa
2939 3062 3401 3140 consequenti3‚

1845 3155 1963 3243 sed
1987 3159 2264 3218 continet
2304 3155 2539 3234 aliquid
2566 3156 2886 3234 pertinens
2917 3155 2998 3216 ad
3032 3161 3242 3216 actum
3272 3157 3408 3216 ani-

1846 3271 1986 3325 mae,
2023 3269 2151 3310 non
2179 3258 2425 3330 oportet
2450 3255 2519 3309 ut
2549 3267 2944 3328 consequens
2974 3249 3054 3309 sit
3079 3250 3164 3309 ita
3193 3267 3408 3310 neces-

1844 3345 2116 3415 sarium,
2167 3344 2324 3404 sicut
2371 3343 2799 3414 antecedens;
2850 3341 2966 3402 sed
3001 3341 3150 3402 satis
3195 3347 3288 3402 est
3343 3348 3411 3402 111

1844 3443 2154 3516 quatenus
2217 3437 2456 3496 substat
2509 3435 2940 3508 antecedenti,
2995 3435 3072 3495 sit
3120 3452 3408 3495 necessa-

1842 3532 2028 3590 rium.

1924 3626 2024 3684 11.
2076 3623 2267 3697 Quam
2290 3623 2378 3686 sit
2401 3622 2671 3703 difficilis
2695 3621 2913 3684 solutio
2940 3623 3146 3684 tertia.
3164 3655 3246 3666 —
3266 3623 3408 3683 Haec

1838 3735 1989 3778 vero
2030 3717 2354 3796 responsio
2395 3734 2659 3795 magnas
2704 3715 2936 3794 patitur
2973 3714 3402 3789 difficultates3

1840 3829 1988 3870 nam
2017 3811 2121 3870 illa
2150 3811 2466 3890 proposito
2495 3829 2507 3869 :
2537 3810 2700 3871 Deus
2722 3809 2908 3871 scivit
2931 3807 3186 3870 Petrum
3203 3827 3410 3890 pecca-

1840 3908 2068 3976 turum,
2103 3921 2229 3962 non
2255 3909 2455 3982 potest
2481 3919 2616 3962 csse
2640 3901 2998 3980 simpliciter
3025 3903 3400 3962 necessaria.

1840 3996 2071 4068 Primo,
2101 3996 2246 4074 quia
2278 3997 2383 4056 illa
2413 3983 2544 4056 5010
2573 3995 2912 4074 propositlo
2936 4000 3030 4055 est
3051 3995 3410 4075 simpliciter

1838 4089 2194 4150 necessaria
2219 4133 2234 4162 ‚
2282 4107 2420 4168 quae
2456 4105 2531 4149 ex
2561 4088 2973 4148 terminorum
3016 4089 3404 4149 connexione

1840 4183 2244 4243 intrinsecam
2293 4181 2482 4242 habet
2523 4181 2992 4253 necessitatem3
3043 4180 3148 4240 illa
3189 4187 3406 4241 autem

1837 4275 2178 4358 propositio
2209 4294 2338 4335 non
2373 4281 2468 4336 est
2507 4274 2909 4353 hujusmodi,
2954 4279 3025 4333 ut
3053 4291 3165 4352 per
3193 4293 3259 4334 se
3293 4293 3404 4334 no-

1836 4377 1970 4433 tum
2003 4374 2116 4429 est.
2171 4369 2458 4430 Secundo
2489 4367 2772 4429 absolute
2799 4368 3155 4446 loquend0,
3203 4369 3406 4446 potuit

1836 4466 2004 4525 Deus
2045 4461 2126 4522 ab
2167 4467 2402 4522 aeterno
2443 4480 2570 4521 non
2619 4461 2854 4520 habere
2898 4461 3223 4521 scientiam
3264 4460 3404 4520 talis

1836 4556 2027 4618 futuri
2063 4575 2078 4628 ;
2113 4574 2264 4634 ergo
2294 4554 2634 4634 propositio
2663 4555 2726 4613 in
2756 4573 2882 4633 qua
2911 4553 3284 4633 praedicatur
3312 4560 3406 4615 ta-

1837 4651 1911 4712 lis
1941 4649 2199 4711 scicntia
2231 4649 2308 4710 de
2338 4650 2493 4722 Dee,
2523 4666 2650 4708 non
2681 4651 2774 4708 est
2799 4649 3162 4727 simpliciter
3190 4667 3405 4708 neces-

1838 4744 2024 4806 saria.
2059 4741 2451 4802 Antecedens
2487 4746 2678 4819 patet,
2721 4741 2870 4819 quia
2900 4740 3264 4820 simpliciter
3292 4759 3405 4820 po-

1838 4837 1956 4900 tuit
1981 4836 2134 4898 illud
2157 4835 2435 4896 futurum
2458 4853 2587 4895 non
2617 4853 2755 4895 esse
2777 4834 3090 4908 futurum3
3121 4835 3169 4894 si
3193 4841 3402 4896 autem

1835 4950 1968 4992 non
2015 4930 2233 4990 fuisset
2286 4928 2588 5003 futurum,
2637 4946 2768 4989 non
2817 4929 3038 4989 fuisset
3092 4929 3311 4988 scitum
3362 4947 3400 4988 a

1835 5025 2002 5097 Deo;
2041 5041 2192 5102 ergo
2233 5021 2594 5101 simpliciter
2629 5021 2831 5100 potuit
2867 5023 3036 5082 Deus
3071 5040 3200 5082 non
3242 5021 3398 5082 scire

1837 5117 1991 5178 illud
2025 5135 2161 5176 esse
2191 5115 2491 5175 futurum.
2537 5115 2741 5175 Prima
2769 5133 2920 5176 vero
2954 5114 3398 5191 consequentia

1838 5228 1952 5289 per
1977 5227 2044 5270 se
2076 5216 2220 5269 nota
2255 5215 2368 5280 est,
2401 5209 2550 5286 quia
2580 5208 2685 5268 illa
2709 5209 3048 5288 propositio
3079 5227 3204 5268 non
3234 5207 3401 5267 affir-

1838 5307 1970 5363 mat
2000 5303 2234 5381 aliquid
2275 5302 2627 5363 necessario
2666 5302 3044 5362 conveniens
3073 5300 3394 5380 subject03

1842 5401 1905 5456 et
1940 5401 2399 5473 consequenter
2427 5414 2634 5474 neque
2667 5394 2856 5454 habet
2887 5395 3215 5454 veritatem
3245 5394 3395 5452 sim-

1839 5487 2083 5569 pliciter
2112 5489 2553 5548 necessariam.
2595 5487 2824 5561 Terti0‚
2863 5486 3008 5565 quia
3037 5485 3089 5545 si
3117 5486 3220 5546 illa
3247 5485 3398 5547 fuis-
