3850 6225
513 407 634 471 :374

515 532 592 575 eo
617 514 796 592 signo
829 528 992 571 nova
1014 508 1120 569 illa
1146 508 1452 570 connexio
1479 508 1678 569 libera
1713 506 1852 568 sciri
1882 505 2080 587 possit

512 606 578 669 in
607 605 924 667 voluntate
955 607 1187 676 creata,
1221 620 1348 663 non
1380 604 1594 661 autem
1621 601 1684 660 in
1715 600 2017 661 increata.

675 802 780 867 Aa
799 801 1196 881 fundannum
1221 797 1548 864 contrarioe
1575 800 1908 863 eontentioe.

595 977 657 1037 9.
703 976 919 1053 Neque
963 978 1178 1035 contra
1225 972 1344 1034 hoc
1385 973 1636 1033 obstant
1672 972 1947 1043 rationes
1978 990 2082 1032 su·-

515 1068 728 1149 perius
775 1068 952 1128 factae
996 1112 1012 1139 ,
1067 1064 1180 1127 sed
1234 1082 1452 1125 earum
1499 1065 1707 1143 potius
1751 1065 2081 1143 responsio

515 1162 840 1223 veritatem
875 1162 1037 1222 hanc
1067 1159 1332 1237 amplius
1373 1158 1786 1219 confirmabit.
1834 1156 1931 1219 Ad
1957 1157 2083 1235 pri-

515 1272 687 1315 mam
717 1272 866 1333 ergo
904 1258 968 1313 et
995 1253 1398 1333 praecipuam,
1445 1269 1522 1311 ex
1551 1249 1745 1329 signis
1769 1250 2083 1311 aeternita-

517 1348 596 1409 tis
623 1347 1021 1426 desumptam
1041 1390 1056 1418 ,
1106 1343 1466 1407 dicendum‘
1491 1343 1792 1421 imprimis
1833 1349 1929 1405 est
1956 1361 2081 1403 non

518 1460 655 1503 esse
701 1440 1155 1512 universalem;
1203 1436 1486 1517 procedit
1527 1438 1692 1499 enim
1745 1436 1823 1497 de
1870 1436 2083 1497 liberis

517 1535 784 1596 decretis
829 1552 968 1612 quae
1005 1534 1171 1593 Deus
1211 1530 1426 1605 habet,
1475 1548 1606 1593 non
1647 1548 1796 1591 vero
1843 1530 1922 1589 de
1960 1528 2082 1589 illis

517 1646 658 1705 quoe
685 1626 918 1687 habere
957 1630 1193 1705 posset,
1239 1624 1338 1685 vel
1366 1624 1694 1685 habiturus
1725 1628 1889 1685 esset
1916 1622 2081 1683 circa

519 1722 761 1801 aliquas
787 1740 923 1793 rea,
965 1720 1016 1780 si
1043 1720 1364 1799 quippiam
1395 1717 1566 1779 aliud
1595 1718 1756 1779 cirea
1793 1717 1932 1778 illas
1960 1716 2082 1777 dis·

519 1816 852 1897 posuisset,
876 1814 974 1875 vel
997 1814 1046 1875 si
1067 1814 1184 1873 illae
1211 1812 1388 1873 aliter
1415 1830 1481 1872 se
1513 1811 1871 1891 gessissent.
1903 1810 2082 1871 Dein-

521 1912 598 1973 de
639 1909 864 1970 dicitur
901 1907 1089 1969 etiam
1121 1906 1186 1966 in
1224 1905 1344 1966 illis
1371 1904 1638 1966 decretis
1677 1904 1910 1977 liberis,
1938 1921 2082 1983 quoe

519 2021 688 2065 nunc
723 2002 915 2063 habet
952 2002 1156 2074 Deua,
1200 2016 1328 2059 non
1371 2004 1540 2059 recte
1571 1996 1914 2077 procedere
1958 1996 2086 2057 dis-

521 2112 774 2157 cursum
801 2094 886 2154 ibi
916 2093 1169 2153 factum.
1217 2090 1396 2163 Quod
1421 2096 1490 2151 ut
1518 2090 1744 2151 melius
1774 2090 2086 2169 intelliga-

523 2195 644 2261 tur,
673 2186 1126 2249 advertendum
1153 2190 1246 2245 est
1265 2185 1402 2245 haec
1431 2184 1610 2265 signa
1635 2182 1913 2258 rationis,
1942 2199 2083 2262 quoe

521 2282 588 2343 in
616 2280 958 2343 aeternitate
988 2278 1450 2358 distinguimuS,
1487 2296 1617 2338 non
1643 2294 1781 2339 esse
1805 2276 2089 2357 cogitan-

523 2376 604 2437 da
633 2380 932 2453 tanquam
958 2372 1242 2453 quasdam
1264 2371 1558 2433 instantia
1580 2370 1642 2431 in
1665 2388 1937 2449 quorum
1956 2388 2085 2431 uno

524 2468 761 2548 aliquid
787 2466 1152 2545 intelligitur
1179 2484 1343 2541 esse,
1373 2462 1544 2544 quod
1573 2482 1701 2525 non
1725 2469 1818 2525 est
1847 2464 1912 2523 in
1936 2463 2083 2538 alic,

526 2561 639 2624 sed
665 2560 872 2639 potius
901 2558 1268 2638 explicanda
1297 2576 1434 2619 esse
1465 2557 1641 2636 quasi
1671 2575 1785 2637 per
1812 2556 2089 2619 abstrac-

525 2654 760 2716 tionem
796 2653 1215 2733 praecisivam,
1263 2651 1362 2711 vel
1391 2668 1508 2729 per
1533 2649 2087 2729 independentiam

527 2752 636 2809 aut
688 2746 1315 2825 praesuppositionem
1369 2742 1719 2805 secundum
1775 2744 2088 2805 rationem

525 2840 854 2903 formalem
885 2839 1252 2919 praecisam;
1301 2837 1420 2898 hoc
1454 2854 1604 2915 ergo
1647 2854 1838 2897 sensu
1867 2852 2085 2897 verum

529 2940 624 2996 est
654 2932 1000 3005 scientiam,
1045 2949 1161 3011 per
1198 2948 1390 3011 quam
1419 2929 1690 2989 Verbum
1725 2936 2087 3009 generatur,

527 3029 769 3091 ratione
785 3026 1158 3089 antecedere
1175 3024 1498 3087 scientiam
1513 3023 1868 3084 futurorum
1897 3022 2088 3085 etiam

529 3122 1046 3193 conditionatam;
1093 3127 1156 3181 et
1193 3119 1255 3181 in
1301 3118 1406 3178 illo
1449 3117 1630 3197 signo
1676 3135 1803 3178 non
1846 3115 2087 3178 habere

524 3218 734 3280 futura
761 3215 1206 3295 contingentia,
1249 3219 1375 3276 tam
1403 3210 1692 3274 absoluta
1721 3229 1914 3291 quam
1944 3229 2091 3272 eon-

527 3309 828 3372 ditionata
849 3353 866 3381 ‚
930 3308 1412 3370 determinatam
1464 3305 1792 3367 veritatem
1821 3349 1838 3378 ,
1892 3322 2090 3382 quan-

529 3420 720 3483 quam
747 3400 902 3463 illud
928 3419 1058 3463 non
1081 3403 1210 3462 tam
1241 3399 1320 3461 sit
1348 3399 1598 3478 signum
1627 3397 1692 3458 in
1721 3415 1868 3478 quo,
1898 3413 2093 3478 quam

529 3517 568 3558 a
599 3515 746 3576 quo,
781 3513 894 3556 seu
919 3493 1420 3574 independentiae
1449 3497 1512 3554 et
1538 3493 1794 3572 maj0ris
1817 3491 2094 3553 necessi-

529 3591 693 3654 tatis.
731 3590 852 3652 Per
883 3590 1020 3650 haec
1062 3606 1213 3669 ergo
1261 3587 1415 3648 nihil
1460 3586 1631 3649 aliud
1681 3585 2087 3666 significatur,

529 3702 722 3766 quam
769 3683 978 3744 futura
1019 3681 1441 3762 contingentia
1486 3699 1614 3742 non
1647 3681 1881 3742 habere
1919 3679 2093 3740 illam

527 3777 968 3840 necessitatem
995 3793 1186 3855 quam
1217 3775 1406 3837 habet
1427 3774 1714 3848 scientia,
1759 3791 1872 3853 per
1900 3789 2093 3852 quam

529 3871 806 3934 Verbum
835 3870 1238 3950 producam-3
1277 3876 1490 3932 tamen
1523 3869 1588 3930 in
1619 3868 1844 3930 eodem
1873 3885 2087 3944 sensu,

527 3983 750 4027 verum
779 3965 968 4026 etiam
993 3969 1088 4027 est
1105 3981 1292 4043 posse
1313 3962 1702 4025 intercedere
1724 3961 1973 4040 signum
1996 3978 2092 4020 ra·

526 4059 713 4122 tionis
733 4057 806 4118 'in
837 4059 1184 4120 aeternitate
1216 4101 1232 4132 ,
1277 4058 1442 4118 inter
1484 4055 1638 4116 illud
1675 4053 1951 4134 primum
1978 4071 2093 4116 ne-

527 4155 814 4216 cessarie
845 4151 1144 4227 scientiae,
1186 4157 1249 4212 et
1273 4149 1445 4211 aliud
1473 4149 1538 4210 in
1569 4167 1694 4229 quo
1726 4148 1973 4209 videtur
1996 4148 2093 4209 in-

525 4247 741 4310 tuitive
770 4245 1096 4308 decretum
1125 4243 1392 4306 liberum
1413 4287 1428 4316 ‚
1463 4249 1766 4321 tanquam
1790 4246 1935 4302 actu
1955 4242 2091 4322 jam

523 4339 808 4403 habitum
833 4356 946 4400 seu
975 4337 1285 4410 existens3
1319 4335 1443 4398 tale
1473 4339 1686 4396 autem
1713 4335 1965 4415 signum
1996 4338 2091 4395 est

523 4435 678 4496 illud
705 4435 770 4495 in
801 4451 925 4512 quo
955 4435 1416 4512 cognoscuntur
1441 4429 1652 4490 futura
1673 4428 1868 4489 libera
1899 4427 2091 4490 etiam

524 4528 589 4589 in
627 4528 945 4590 voluntate
986 4527 1122 4605 ipsa
1169 4523 1304 4596 Dei,
1357 4541 1434 4584 ex
1474 4523 1686 4601 aliqua
1728 4522 2085 4601 hypothesi,

523 4639 668 4702 quae
691 4621 742 4682 si
771 4636 1098 4698 nunquam
1125 4618 1202 4678 sit
1226 4615 1518 4696 ponenda
1547 4616 1610 4676 in
1636 4633 1798 4688 esse,
1829 4614 2089 4676 seientia

525 4719 740 4776 manet
767 4731 924 4793 pure
953 4711 1410 4780 conditionata;
1447 4710 1496 4770 si
1526 4727 1678 4772 vero
1707 4708 1982 4772 conditio
2012 4709 2091 4770 sit

518 4801 652 4888 ja'm
681 4805 904 4886 posita,
937 4805 1040 4864 illa
1064 4803 1322 4864 scientia
1353 4803 1583 4864 desinit
1615 4821 1752 4864 esse
1785 4801 2089 4863 conditio·

520 4903 692 4970 nata,
727 4905 791 4960 et
825 4897 1046 4959 transit
1075 4897 1139 4956 in
1169 4895 1542 4958 absolutam.
1585 4896 1764 4958 Ratio
1791 4913 1941 4956 vero
1972 4895 2090 4956 hu-

514 4993 620 5072 jus
649 4990 984 5071 prioritatis
1013 4988 1362 5050 secundum
1391 4989 1719 5062 rationem,
1746 4989 1882 5067 jam
1908 5007 1945 5049 a
1976 5006 2089 5050 no·

521 5085 620 5146 bis
667 5084 972 5166 explicata
1023 5086 1117 5144 est
1161 5099 1238 5144 ex
1282 5081 1770 5161 independentia
1813 5081 2089 5161 objecto-

520 5195 706 5250 rum;
740 5194 890 5238 nam
935 5175 1164 5237 veritas
1206 5175 1310 5236 illa
1353 5181 1423 5236 ut
1463 5174 1694 5249 futura,
1737 5180 1799 5236 et
1825 5173 2087 5236 fundata

524 5271 730 5333 solum
761 5271 825 5330 in
861 5268 966 5331 tali
999 5267 1387 5330 connexione
1429 5273 1888 5341 extremorum,
1927 5285 2089 5346 prae·

521 5363 864 5427 scindendo
917 5363 1000 5426 ab
1041 5361 1270 5424 actuali
1329 5360 1656 5422 existentia
1697 5377 1810 5440 pro
1861 5360 2087 5422 eadem

522 5476 818 5520 mensura
849 5457 952 5520 vel
979 5456 1203 5518 eodem
1235 5454 1436 5536 signo,
1481 5459 1576 5516 est
1601 5453 1679 5515 de
1711 5471 1778 5515 se
1807 5453 2087 5516 abstrac-

519 5552 664 5628 tior,
695 5557 757 5616 et
783 5549 1215 5631 independens
1243 5548 1326 5611 ab
1351 5549 1452 5611 illa
1483 5547 1638 5610 reali
1667 5548 2079 5630 prescientia,

1021 408 1234 463 OPUSC.
1269 408 1330 471 11,
1367 409 1482 461 ue.
1519 410 1582 463 11.
1617 406 1698 461 DE
1729 406 2017 461 somnus
2050 404 2511 463 connmomu
2543 406 2767 461 ruma.
2804 408 3212 465 commeant

2160 515 2226 569 et
2250 508 2393 571 ideo
2420 515 2489 571 ut
2517 509 2606 571 sic
2636 516 2733 571 est
2770 510 2946 589 prius
2981 512 3225 573 ratione
3264 513 3725 591 cognoscibilis.

2160 601 2337 673 Quod
2378 620 2523 663 vero
2570 602 2893 665 decretum
2925 604 3195 666 liberum
3222 622 3353 666 non
3394 604 3592 687 addat
3628 624 3729 667 vo-

2157 694 2381 757 luntati
2406 696 2519 757 Dei
2548 696 2784 775 aliquid
2808 697 2923 770 rei,
2952 696 3065 759 sed
3090 704 3451 775 respectum
3470 698 3731 759 rationis

2158 794 2404 851 tantum
2434 788 2523 867 (in
2564 808 2689 869 quo
2728 790 2923 869 aliqui
2958 792 3083 851 vim
3118 792 3403 867 faciunt),
3444 791 3609 853 nihil
3654 793 3729 853 ad

2160 888 2539 963 praesentem
2566 902 2825 945 causam
2852 883 3065 957 refert,
3098 883 3245 964 quia
3272 886 3443 947 Deus
3470 904 3609 945 non
3634 904 3731 945 co-

2162 976 2405 1055 gnoscit
2441 976 2575 1037 haec
2620 976 2875 1037 decreta
2912 976 3207 1057 fingendo
3248 983 3633 1057 respectus:
3674 984 3731 1039 et

2162 1068 2305 1132 licet
2329 1070 2448 1131 hoc
2470 1076 2635 1131 esset
2660 1071 3112 1144 necessarium,
3142 1078 3357 1151 posset
3384 1076 3461 1131 ut
3486 1071 3730 1131 futurus

2164 1162 2425 1243 intelligi
2452 1164 2595 1224 talis
2621 1170 2967 1243 respectus.

2246 1257 2345 1317 10.
2390 1255 2492 1321 Aa
2521 1256 2789 1338 primam
2838 1257 3365 1335 confirmationem.
3426 1288 3515 1305 —
3560 1259 3727 1320 Unde

2164 1349 2365 1428 prima
2394 1349 2783 1411 confirmatio
2812 1394 2829 1424 ,
2874 1366 3016 1429 quae
3052 1367 3133 1410 ex
3158 1349 3411 1411 formali
3448 1351 3731 1412 libertate
3817 1354 3818 1367 ¹

2164 1442 2499 1504 voluntatis
2544 1442 2913 1503 sumebatur
2936 1487 2955 1516 ,
3010 1442 3219 1522 potius
3262 1444 3497 1505 suadet
3544 1462 3731 1523 oppo-

2164 1536 2389 1607 situm;
2420 1536 2591 1615 quia,
2636 1536 2755 1597 hoc
2786 1535 2920 1615 ipso
2962 1536 3134 1615 quod
3180 1537 3445 1597 scientia
3478 1554 3615 1597 non
3648 1542 3733 1597 est

2162 1629 2227 1689 in
2264 1648 2333 1689 se
2368 1628 2565 1689 libera
2585 1673 2602 1701 ‚
2649 1628 2763 1689 sed
2795 1628 3153 1691 necessario
3192 1628 3395 1691 fertur
3428 1629 3493 1689 in
3532 1630 3728 1709 objec-

2162 1728 2319 1796 tum,
2358 1728 2543 1802 prout
2579 1722 2997 1803 cognoscibile
3036 1727 3150 1796 est,
3192 1722 3633 1802 intelligimus,
3664 1742 3727 1783 eo
3817 1740 3818 1747 ¹

2164 1818 2355 1879 etiam
2398 1817 2617 1879 ordine
2662 1816 3007 1881 secundum
3044 1817 3355 1879 rationem
3394 1817 3576 1889 terri,
3614 1834 3727 1893 quo
3817 1812 3818 1819 '

2166 1910 2484 1991 objectum
2526 1917 2622 1972 est
2652 1908 3112 1990 cognoscibile3
3152 1916 3217 1971 et
3252 1911 3403 1989 quia
3442 1928 3529 1971 ex
3568 1916 3728 1987 parte
3817 1940 3818 1943 ¹

2168 2004 2398 2083 objecti
2429 2003 2602 2083 prius
2638 2003 2967 2083 magisque
3008 2004 3441 2065 necessarium
3476 2009 3578 2064 est
3604 2021 3727 2063 esse

2167 2096 2497 2177 possibile,
2542 2097 2686 2158 ideo
2714 2098 2794 2159 ad
2832 2099 2953 2157 hoc
2990 2098 3251 2159 scientia
3278 2098 3493 2177 primo
3528 2097 3731 2156 termi-

2164 2198 2372 2253 natur.
2416 2190 2679 2263 Deinde,
2720 2190 2866 2269 quia
2912 2191 3101 2251 etiam
3156 2191 3471 2261 futurum,
3518 2196 3589 2250 ut
3628 2190 3725 2255 sic,

2166 2285 2338 2365 prius
2382 2284 2623 2345 ratione
2666 2290 2763 2345 est
2803 2302 2994 2361 quarn
3042 2290 3189 2345 actu
3232 2284 3558 2357 existens,
3600 2282 3727 2341 ideo

2167 2378 2341 2459 prius
2374 2376 2563 2439 etiam
2594 2376 2943 2438 secundum
2970 2378 3281 2439 rationem
3312 2375 3397 2438 ad
3430 2374 3591 2435 illud
3620 2382 3727 2435 ter·
3817 2374 3818 2385 ³

2166 2470 2396 2578 minari
2422 2470 2806 2549 intelligitur.

2244 2562 2349 2627 Ad
2371 2564 2709 2627 secundam.
2742 2596 2823 2611 -
2848 2564 2945 2625 Ad
2970 2562 3313 2625 secundam
3346 2570 3565 2625 autem
3594 2582 3724 2623 con-

2166 2654 2612 2729 firmationem,
2634 2675 2779 2719 cum
2812 2656 3095 2731 infertur,
3114 2656 3286 2736 quod
3310 2658 3511 2718 etiam
3532 2674 3725 2733 respe-

2168 2756 2274 2811 ctu
2310 2754 2742 2810 creaturarum
2771 2750 3029 2811 scientia
3058 2748 3349 2811 absoluta
3386 2749 3724 2809 futurorum

2168 2842 2569 2903 antecederet
2600 2842 2683 2903 ad
2718 2842 3043 2905 decretum
3068 2842 3339 2903 liberum
3370 2842 3601 2903 divinae
3634 2861 3726 2901 ro·
3817 2898 3818 2923 ἶ

2167 2936 2446 3008 luntatiS‚
2478 2935 2863 3015 distinguere
2894 2942 3160 3015 oportet.
3208 2935 3634 2997 Antecederet
3656 2936 3725 2995 ad

2170 3028 2325 3090 illud
2347 3033 2415 3089 ut
2441 3028 2785 3109 cognitum,
2812 3028 3041 3091 falsum
3066 3032 3183 3101 est,
3210 3028 3365 3107 quia
3382 3028 3611 3089 saltem
3636 3046 3727 3087 ne·
3817 3062 3818 3103 3

2170 3123 2513 3186 cessarium
2544 3129 2638 3184 est
2674 3140 3183 3202 praecognoscere
3215 3123 3549 3186 decretum
3580 3123 3727 3184 libe-

2170 3235 2312 3278 rum
2329 3215 2663 3278 voluntatis
2690 3215 2940 3288 divinae,
2968 3220 3039 3277 ut
3060 3216 3413 3277 secundum
3432 3217 3725 3278 rationem
3817 3271 3818 3278 ,

2170 3311 2447 3372 futurum
2480 3311 2761 3389 proxime
2792 3316 2935 3389 post
2970 3311 3159 3372 talem
3185 3310 3559 3382 scientiam3
3596 3329 3727 3370 nam

2172 3423 2251 3466 ex
2276 3404 2383 3466 illo
2416 3403 2695 3484 pendent
2736 3404 3018 3466 absolute
3054 3405 3259 3464 futura
3304 3403 3375 3464 in
3410 3405 3725 3465 creaturis.
3817 3407 3818 3478 f

2174 3498 2233 3560 Si
2268 3515 2419 3558 vero
2452 3496 2757 3558 inferatur
2782 3498 2956 3576 quod
2988 3497 3093 3558 illa
3124 3497 3389 3558 scientia
3426 3495 3729 3556 antecedit

2174 3589 2254 3651 ad
2284 3589 2437 3650 illud
2464 3589 2809 3674 decretum,
2840 3597 2912 3652 ut
2938 3597 3085 3652 actu
3112 3590 3179 3651 in
3204 3608 3278 3652 re
3306 3590 3613 3668 positum,
3644 3608 3731 3648 se-

2173 3683 2450 3744 cundum
2478 3684 2735 3744 rationis
2760 3683 3067 3756 ordinem,
3102 3683 3191 3744 sic
3214 3682 3625 3744 concedenda
3648 3687 3727 3740 est

2172 3775 2451 3857 sequela.
2498 3778 2714 3856 Neque
2741 3777 2889 3838 hinc
2916 3777 3201 3855 sequitur
3224 3775 3489 3855 aliquod
3530 3777 3725 3835 incon-

2170 3870 2454 3945 venienS,
2499 3887 2709 3948 neque
2752 3876 2845 3931 est
2874 3869 3261 3950 imperfectio
3290 3869 3441 3943 ulla,
3490 3869 3605 3929 sed
3634 3885 3727 3945 po·
3817 3869 3818 3874 ’

2172 3963 2295 4024 tius
2332 3961 2605 4024 maxima
2642 3962 2942 4041 perfectio
2968 4007 2983 4035 ,
3026 3962 3195 4042 quod
3236 3962 3545 4024 nimirum
3574 3963 3723 4021 Deus
3817 4003 3818 4014 ,

2172 4056 2357 4116 variis
2383 4055 2587 4118 modis
2610 4055 2853 4118 ratione
2886 4055 3189 4118 distinctis
3226 4056 3366 4116 hoec
3394 4055 3611 4116 futura
3634 4071 3723 4113 co-

2172 4167 2474 4230 gnoscere
2521 4147 2901 4229 intelligatur
2923 4194 2939 4223 ,
2991 4149 3221 4228 quibus
3266 4150 3405 4210 haec
3446 4167 3593 4209 esse
3636 4166 3721 4207 co-

2172 4241 2537 4322 gnoscibilia
2567 4241 2904 4322 excogitari
2932 4248 3160 4322 potest.

2254 4339 2352 4397 ss.
2400 4335 2691 4410 Quomodo
2721 4337 2845 4400 Iaoec
2888 4337 3147 4400 scientia
3186 4337 3458 4400 divinam
3492 4334 3721 4398 liberta·
3817 4363 3818 4398 ÷

2170 4435 2285 4494 tem
2310 4447 2431 4492 non
2456 4430 2765 4510 impediat.
2787 4461 2871 4475 —
2904 4428 3000 4491 Ad
3046 4429 3337 4491 ultimum
3377 4437 3595 4492 autem
3638 4430 3719 4488 in-
3817 4501 3818 4512 ἢ

2170 4521 2549 4586 conveniens
2574 4521 2806 4583 ibidem
2829 4520 3167 4584 deductum
3183 4569 3199 4596 ,
3217 4523 3391 4602 quod
3414 4523 3575 4586 solet
3596 4541 3719 4584 esse

2171 4617 2558 4696 praecipuum
2596 4615 3074 4678 fundamentum
3115 4619 3444 4678 contrariae
3482 4623 3721 4678 senteu-
3817 4611 3818 4674 3

2168 4710 2290 4782 τίω,
2310 4709 2607 4770 nimirum
2636 4709 2783 4789 quia
2806 4728 2920 4789 per
2937 4709 3101 4770 hanc
3128 4711 3511 4772 sententiam
3538 4711 3719 4788 impe-

2171 4801 2287 4863 diri
2304 4801 2548 4864 videtur
2568 4821 2719 4863 usus
2746 4802 3048 4864 libertatis
3070 4803 3134 4864 in
3152 4803 3363 4864 divina
3388 4803 3716 4870 voluntate,

2168 4895 2585 4974 respondetur
2612 4895 2905 4972 negando
2934 4896 3468 4958 consecutionem.
3512 4897 3585 4956 Et
3614 4895 3717 4954 im-

2168 4989 2385 5066 primis
2422 4989 2647 5050 eadem
2674 4987 2809 5049 fieri
2832 4994 3039 5068 potest
3066 4988 3131 5050 in
3160 4989 3425 5051 scientia
3452 4993 3515 5050 et
3544 4988 3716 5049 liber-

2168 5085 2294 5142 tate
2322 5081 2545 5142 animae
2572 5081 2813 5153 Christi,
2848 5086 2911 5142 et
2938 5081 3015 5142 ah
3049 5081 3341 5143 omnibus
3375 5081 3713 5144 necessario

2169 5175 2466 5236 solvenda
2508 5181 2623 5236 est.
2666 5176 2917 5237 Certum
2950 5174 3243 5236 est'enim
3278 5177 3533 5238 beatam
3560 5174 3716 5236 Chri-

2169 5268 2247 5330 sti
2286 5269 2585 5342 animam,
2614 5269 2695 5328 ab
2718 5267 2989 5330 instante
3012 5287 3143 5330 suae
3170 5270 3613 5349 conceptionis,
3641 5267 3715 5326 vi·

2166 5361 2333 5424 disse
2376 5361 2683 5441 quidquid
2705 5363 2874 5424 Deus
2900 5362 3053 5423 vidit
3082 5361 3343 5424 scientia
3363 5363 3631 5435 visionis,
3660 5368 3713 5421 et

2164 5460 2625 5534 consequenter
2670 5455 2919 5529 vidisse,
2958 5473 3331 5534 semperque
3382 5458 3705 5535 praesentes
3817 5523 3818 5530 ἵ

2162 5547 2458 5611 habuisse
2502 5565 2723 5610 omnes
2768 5554 2947 5612 actus
2997 5567 3126 5612 suoe
3162 5549 3516 5623 voluntatis,
3560 5563 3701 5626 quos
3817 5545 3818 5548 ’
