3850 6225
530 402 653 464 216

529 511 766 593 aliquos,
792 513 862 571 ut
879 527 1010 573 eam
1022 511 1368 593 suscipiant
1392 510 1918 574 illuminationem.
1953 510 2097 571 Pro-

529 609 672 684 pter
716 619 857 682 quae
904 604 1096 664 verba
1127 611 1188 666 et
1221 605 1468 678 similia,
1501 623 1642 684 quse
1673 605 1735 666 in
1765 603 1902 664 aliis
1942 602 2098 664 locis

531 715 610 758 ex
649 696 850 758 citatis
891 697 1084 758 habet
1127 698 1608 778 chrysostomus
1635 744 1650 770 ‚
1706 695 1991 759 nonnulli
2038 697 2098 758 ei

527 790 892 868 imponunt,
929 789 1101 869 quod
1141 793 1406 852 senserit
1451 791 1718 852 liberum
1773 789 2095 850 arbitrium

531 883 798 963 gratiam
845 883 952 943 Dei
993 884 1364 962 proevenire,
1403 889 1590 964 atque
1640 885 1723 944 ita
1771 882 2099 944 exordium

530 976 750 1037 salutis
778 994 814 1036 a
844 974 1041 1036 libero
1071 977 1327 1038 arbitrio
1358 977 1554 1048 sumi;
1606 976 1844 1054 absque
1873 975 2099 1036 hoeresi

527 1073 772 1137 tamen,
796 1068 939 1146 quia
963 1086 1039 1129 eo
1065 1073 1350 1148 tempore
1377 1087 1502 1130 non
1527 1075 1664 1130 erat
1689 1068 1918 1130 veritas
1938 1067 2099 1129 adeo

531 1160 864 1240 patefacta,
895 1161 1178 1221 nondum
1211 1169 1448 1235 exorta,
1483 1163 1858 1232 examinata,
1897 1181 1971 1222 ae
2000 1179 2101 1222 re-

532 1253 798 1331 probata
836 1253 1170 1333 Pelagiana
1188 1255 1434 1316 haeresi.
1467 1257 1600 1333 Ego
1633 1273 1782 1316 vero
1811 1272 1940 1316 non
1968 1272 2098 1315 cre-

529 1345 679 1408 dam
707 1348 870 1408 hanc
908 1346 1100 1408 fuisse
1152 1349 1576 1428 chrysostomi
1603 1355 1904 1424 mentem,
1946 1365 2095 1408 nam

529 1439 700 1516 apud
725 1440 926 1514 illum,
955 1441 1174 1502 homil.
1211 1443 1286 1503 13
1309 1442 1372 1502 in
1401 1442 1656 1516 Joann.,
1682 1442 1850 1522 lego:
1875 1440 2100 1507 Gratia

529 1533 646 1596 Dei
695 1552 926 1616 semper
964 1535 1036 1597 in
1091 1535 1394 1613 benefieiis
1435 1537 1677 1618 priores
1715 1536 1834 1598 sibi
1884 1540 2100 1615 partes

530 1625 816 1700 vindicat,
851 1620 968 1690 vion
1007 1629 1167 1690 enim
1219 1629 1453 1693 nostris
1483 1629 1949 1709 proeeedentibus
1982 1645 2101 1691 me-

531 1721 680 1784 ritis
719 1721 872 1783 lianc
893 1721 1232 1801 accepimus
1271 1722 1834 1796 remuneratum,
1865 1738 1987 1782 non
2002 1737 2101 1782 eo-

531 1813 661 1874 lum
703 1815 863 1894 quod
882 1814 1034 1892 facti
1063 1815 1256 1878 simus
1304 1833 1377 1878 eze
1409 1813 1622 1886 nihilo,
1661 1816 1769 1877 sed
1797 1815 1957 1896 quod
1974 1817 2106 1890 fao-

534 1905 606 1978 ti,
647 1910 706 1969 et
729 1905 1006 1984 facienda
1032 1912 1091 1970 et
1121 1907 1386 1974 vitanda.
1411 1905 1814 1982 didicerimus,
1847 1913 1966 1967 etc.
1992 1926 2007 1978 3
2044 1911 2106 1966 et

535 1997 732 2060 infra:
785 1999 1023 2062 Iterum
1067 2000 1415 2064 emundandi
1456 2001 1753 2063 medicina
1805 1999 2102 2073 adhibita,

533 2109 653 2154 non
681 2092 876 2155 dehita
893 2093 1142 2173 quidem,
1177 2094 1284 2156 sed
1304 2113 1342 2156 a
1365 2094 1788 2156 misericordia
1813 2097 1872 2155 et
1889 2093 2106 2172 qratia

531 2186 931 2267 provenient»,-
979 2193 1042 2248 ct
1069 2187 1284 2248 homil.
1333 2189 1401 2248 71
1463 2187 1526 2247 in
1557 2187 1887 2261 Joannem‚
1940 2187 2104 2247 circa

535 2279 640 2340 illa
671 2279 864 2341 verba
891 2297 904 2339 ε
950 2279 1136 2346 Sicut
1161 2299 1264 2362 eqo
1300 2281 1490 2344 dilecti
1517 2300 1642 2348 vos,
1675 2281 1914 2360 inquit:
1962 2281 2107 2345 Non

533 2373 694 2436 enim
745 2372 966 2435 vestris
1021 2375 1495 2455 pra-cedentibus
1551 2374 1788 2436 meritis
1851 2373 2109 2437 debitum

531 2466 824 2548 persolvi,
863 2467 968 2529 sed
991 2485 1094 2548 φο
1120 2465 1338 2546 ineoepi
1361 2493 1382 2538 ,-
1411 2474 1471 2527 et
1491 2467 1664 2528 hom.
1695 2468 1774 2527 22
1801 2466 1866 2527 in
1903 2467 2059 2528 Gen.
2087 2484 2101 2526 ε

537 2560 622 2621 In
655 2565 872 2622 nostra
899 2561 1210 2623 voluntate
1238 2561 1256 2636 (
1285 2559 1485 2638 inquit
1509 2561 1530 2638 )
1553 2564 1698 2640 post
1725 2559 1997 2640 qratiam
2018 2564 2109 2622 to·-

539 2657 667 2714 tum
693 2653 1042 2716 derelictum
1069 2657 1181 2715 est.
1216 2652 1364 2724 Quae
1391 2653 1582 2713 verba
1620 2659 1767 2713 sunt
1795 2652 1975 2713 valde
1998 2669 2108 2712 no·

537 2745 765 2818 tanda3
799 2763 945 2806 nam
977 2745 1130 2807 dum
1156 2747 1262 2818 ait,
1291 2753 1434 2826 post
1460 2747 1749 2824 gratiam,
1781 2746 1870 2806 illi
1890 2745 2107 2807 tribuit

537 2837 803 2910 initium,
839 2844 899 2900 et
927 2839 1162 2918 primas
1198 2845 1408 2917 partes
1439 2838 1624 2912 3dum
1651 2857 1800 2899 vero
1831 2839 1939 2912 ait,
1964 2844 2107 2918 post

536 2932 804 3011 gratiam
840 2938 1038 2993 totum
1069 2931 1436 2992 derelictum
1468 2949 1607 2992 esse
1648 2931 1712 2992 in
1751 2937 1967 2992 nostra
2002 2949 2105 2991 vo-

532 3025 796 3098 luntate,
818 3024 985 3086 clare
1021 3025 1204 3087 docet
1232 3026 1500 3102 gratiam
1521 3042 1649 3084 non
1672 3042 1925 3084 movere
1954 3041 2105 3102 prae-

533 3118 1010 3181 detcrminando
1029 3120 1282 3180 omnino
1319 3138 1392 3179 ac
1417 3119 1672 3197 physice
1689 3119 2099 3179 voluntatem.

535 3212 844 3292 Denique,
891 3213 1054 3274 dicta
1089 3212 1303 3272 homil.
1333 3214 1412 3273 56
1450 3210 1512 3271 in
1563 3212 1810 3283 matth„
1855 3211 2097 3289 inquit:

535 3306 686 3369 Non.
723 3306 880 3368 enim
903 3306 1084 3387 probe
1109 3322 1180 3369 ac
1200 3310 1272 3368 ut
1299 3308 1529 3384 oportet
1559 3322 1734 3385 ayere
1753 3320 2101 3385 possumus,

533 3396 662 3461 nisi
679 3400 886 3481 ,qratia
897 3398 1013 3462 illa
1037 3397 1253 3477 repleti
1275 3396 1594 3475 fuerimus.
1633 3394 1784 3468 Quis
1807 3396 1967 3457 enim
1994 3413 2106 3475 po-

536 3496 654 3556 test
692 3508 968 3574 qenerose
993 3491 1318 3572 quidquam
1346 3491 1570 3565 faeere,
1591 3488 1718 3550 nisi
1749 3487 1981 3551 Christi
1994 3506 2106 3551 na-

537 3590 640 3649 tus
673 3585 959 3648 accedat?
984 3584 1054 3645 In
1102 3582 1416 3662 prioribus
1463 3600 1614 3661 ergo
1669 3581 1876 3642 verbis
1914 3599 2105 3660 super

541 3679 640 3739 Ps.
675 3682 814 3753 115,
835 3695 1058 3738 sensus
1084 3676 1508 3756 chrysostomi
1533 3677 1625 3751 (ut
1641 3674 1949 3752 existimo)
1983 3680 2097 3747 est,

535 3772 679 3833 ideo
703 3772 992 3832 homines
1020 3788 1282 3849 peccare
1313 3788 1440 3831 non
1469 3768 1808 3839 credendo,
1841 3772 2101 3827 autnon

539 3864 786 3944 agendo
825 3864 1284 3943 poenitentiam,
1311 3863 1456 3939 quia
1486 3861 1764 3922 divinam
1785 3860 2103 3921 illumina-

535 3957 772 4017 tionem
815 3975 940 4017 non
980 3956 1324 4034 suscipiunt
1360 3955 1556 4015 libere
1597 3952 2050 4016 consentiendo
2074 3997 2095 4027 ,

537 4049 636 4111 vel
665 4050 1048 4121 immediate,
1082 4048 1132 4109 si
1160 4048 1401 4110 vocatio
1449 4047 1528 4109 sit
1551 4046 1846 4127 perfecta,
1879 4044 2003 4117 vel,
2046 4044 2098 4105 si

536 4143 826 4205 inchoata
869 4149 1109 4205 tantum
1156 4141 1236 4203 sit
1262 4146 1324 4201 et
1355 4146 1616 4211 remota,
1659 4139 1867 4217 aliquo
1907 4139 2097 4201 modo

533 4235 620 4297 illi
646 4236 1062 4315 cooperando,
1098 4240 1168 4297 ut
1190 4235 1496 4313 majorem
1533 4232 1837 4311 recipiant
1869 4251 1885 4303 ;
1927 4231 2097 4294 unde

533 4330 794 4391 inferius
828 4330 951 4389 ait:
984 4328 1138 4391 Etsi
1171 4326 1329 4389 enim
1355 4327 1486 4404 ejus
1523 4329 1614 4388 est
1653 4326 1892 4389 trahere
1917 4330 1973 4388 et
2001 4324 2097 4385 in-

536 4426 746 4488 ducere
759 4469 775 4497 ,
831 4424 1100 4487 animam
1129 4428 1330 4485 tamen
1377 4420 1661 4501 requirit,
1705 4438 1838 4499 quoe
1875 4435 2098 4481 morem

535 4524 732 4600 gerat,
763 4522 822 4579 et
851 4517 1031 4596 facile
1065 4520 1308 4596 pareat.
1351 4514 1552 4591 Atque
1579 4514 1698 4574 hoc
1741 4512 1929 4573 modo
1958 4530 2101 4572 con-

534 4611 744 4673 firmat
767 4610 1142 4672 sententiam
1173 4624 1364 4687 quam
1381 4624 1550 4665 nunc
1574 4609 1942 4676 tractamus;
1971 4604 2102 4664 vult

539 4704 705 4765 enim
749 4704 936 4764 etiam
965 4702 1030 4762 in
1062 4700 1358 4779 operibus
1399 4700 1612 4777 gratiae
1637 4695 2103 4758 determinatio-

537 4814 687 4857 nem
713 4794 976 4857 liberam
1017 4794 1250 4855 debere
1290 4810 1428 4853 esse
1471 4791 1597 4851 ab
1583 4810 1716 4869 ipsa
1757 4789 2099 4860 voluntate,

539 4894 888 4969 praeparata
929 4894 1144 4947 tamen
1187 4892 1249 4946 et
1277 4883 1493 4979 adjuta
1523 4883 1732 4944 divina
1762 4882 1996 4961 gratian
2042 4888 2105 4942 et

539 4982 660 5044 hoc
689 4979 978 5059 estquod
1009 4978 1241 5039 ibidem
1271 4956 1517 5039 subdit:
1551 4976 1761 5056 Neque
1787 4977 1945 5037 enim
1972 4976 2104 5036 vir-

539 5080 664 5147 tus,
697 5092 804 5137 uec
849 5072 1020 5135 salus
1055 5076 1268 5134 nostra
1292 5070 1570 5153 coquin-,-
1599 5087 1764 5141 nam,
1819 5068 1937 5131 etei
1978 5086 2103 5130 ma

536 5170 709 5231 mima
731 5184 907 5248 pars,
935 5171 1112 5245 atque
1133 5164 1274 5227 culeo
1301 5166 1422 5241 fere
1449 5166 1638 5225 totum
1663 5162 1794 5239 ejus
1835 5162 1945 5233 sit,
1980 5162 2105 5223 exi-

537 5278 730 5342 quum
767 5260 918 5342 quid
960 5261 1161 5321 tamen
1197 5254 1365 5318 nobie
1401 5254 1672 5335 reliquit,
1697 5259 1773 5317 ut
1795 5268 1916 5313 nou
1954 5252 2041 5315 sit
2065 5272 2109 5317 a

531 5368 796 5435 persona
835 5353 1068 5413 remota
1105 5364 1290 5410 cauea
1315 5362 1569 5409 corona.

617 5444 900 5524 Denique
967 5440 1194 5503 similia
1261 5438 1664 5519 reperiuntur
1737 5437 2105 5517 frequenter

539 5538 708 5619 apud
737 5538 949 5599 Patres
989 5534 1258 5607 Graecos,
1298 5540 1364 5594 ut
1390 5530 1876 5603 Theodoretum,
1904 5532 2103 5593 Theo-

1373 407 1584 460 OPUSC.
1623 410 1660 470 Ι,
1695 407 1812 459 LlB.
1847 407 1931 458 111.
1966 407 2049 458 DF.
2080 405 2353 460 isumus
2384 405 2617 460 121leAE
2647 403 2913 458 onum.

2175 511 2562 590 phylactum,
2618 507 3092 579 OEcumenium,
3154 513 3217 568 et
3266 507 3581 587 origenem
3622 518 3681 578 ad

2176 606 2354 665 Rom.
2386 606 2427 666 8
2466 611 2529 665 et
2554 605 2617 679 9,
2650 621 2688 663 a
2732 621 2871 680 cap.
2911 604 3009 662 Η.
3056 600 3497 680 Theophylact.
3540 606 3683 668 etiam

2178 698 2261 758 ad
2300 699 2527 778 Ephes.
2564 703 2622 768 l,
2655 703 2719 758 et
2742 697 2935 756 Mare.
2966 699 3027 767 4,
3062 694 3431 774 explicando
3472 699 3685 772 parabo·

2176 791 2305 852 lam
2334 790 2721 852 seminantis.
2752 790 2969 869 Neque
3001 790 3227 850 horum
3256 789 3503 849 Pan-um
3520 798 3685 854 aucto-

2178 883 2329 946 ritas
2362 883 2686 957 minuitur,
2731 899 2807 943 eo
2855 881 3025 963 quod
3074 899 3151 942 eo
3196 885 3474 960 tempore
3500 887 3555 942 et
3584 883 3685 946 loco

2180 977 2559 1056 scripserint,
2614 995 2739 1056 quo
2788 975 3123 1054 pelagiana
3160 974 3415 1036 haeresis
3458 976 3684 1040 noudum

2180 1071 2320 1132 illos
2338 1070 2623 1140 vexabat,
2652 1069 2763 1130 sed
2794 1069 3000 1148 potius
3026 1067 3507 1130 Manichaeorum
3530 1087 3683 1142 error,

2178 1165 2545 1245 negantium
2578 1163 2934 1224 libertatem
2977 1161 3242 1232 arbitrii,
3268 1178 3419 1220 nam
3460 1161 3565 1222 hoc
3584 1165 3683 1242 qui·

2178 1257 2324 1318 dem
2368 1257 2430 1316 in
2473 1274 2663 1317 causa
2702 1255 2842 1327 fuit,
2872 1260 2944 1317 ut
2972 1253 3199 1316 clarius
3228 1259 3292 1316 et
3320 1253 3607 1333 copiosius
3630 1258 3685 1318 de

2178 1351 2463 1412 libertate
2482 1367 2671 1429 quam
2700 1347 2781 1410 de
2803 1349 3005 1428 gratia
3022 1345 3417 1427 scripserint,
3446 1365 3561 1407 non
3574 1367 3687 1412 vero

2180 1442 2351 1524 quod
2369 1442 2604 1523 aliquid
2630 1441 2861 1504 falsum
2882 1441 3231 1512 docuerint,
3262 1439 3365 1500 vel
3388 1440 3523 1518 plus
3540 1441 3687 1506 libero

2179 1537 2458 1609 arbitrio,
2520 1536 2621 1596 vel
2684 1535 2894 1596 minus
2946 1533 3163 1614 gratiae
3212 1533 3326 1594 Dei
3384 1533 3687 1607 tribuendo,

2184 1647 2376 1710 quam
2402 1629 2493 1690 eis
2518 1627 2871 1690 conveniat.

2268 1725 2365 1783 ⁴8.
2410 1724 2613 1801 Atque
2650 1721 2819 1782 idem
2854 1719 3161 1800 judicium
3204 1725 3300 1780 est
3338 1718 3418 1780 de
3466 1721 3691 1782 Patribus

2186 1815 2416 1878 Latinis
2448 1816 2793 1895 Augustino
2822 1813 3311 1893 antiquioribuS,
3342 1819 3415 1873 ut
3438 1813 3545 1874 fuit
3568 1816 3691 1875 Hila-

2184 1910 2339 1982 rius,
2370 1908 2479 1986 qui
2514 1926 2706 1986 super
2739 1907 2967 1968 Psalm.
2992 1908 3069 1966 2:
3112 1905 3447 1988 Unicuique
3474 1913 3691 1969 nostrum

2188 2003 2433 2082 (inquit)
2484 2001 2817 2064 libertatem
2860 2001 3006 2063 vitoe
3045 2017 3403 2081 sensumque
3440 2001 3687 2081 pervinit,

2186 2113 2305 2159 non
2362 2096 2781 2159 necessitatem
2830 2094 2899 2155 in
2940 2093 3307 2156 alterutrim
3364 2097 3626 2172 ἠθικα,-
3650 2100 3693 2152 et

2185 2189 2343 2249 infra
2394 2207 2407 2247 :
2456 2187 2615 2261 Quid
2658 2186 2901 2249 honoris
2942 2205 3015 2249 ac
3049 2186 3297 2266 proemii
3344 2185 3607 2249 bonitatis
3626 2205 3693 2247 se-

2188 2284 2440 2346 cessitas
2482 2282 2831 2354 mereretur,
2888 2297 3021 2342 cum
3060 2279 3257 2340 malos
3310 2297 3433 2340 uon
3481 2297 3591 2341 em
3630 2281 3694 2342 tis

2190 2377 2463 2458 quoedam
2514 2375 2683 2436 uobis
2740 2375 3014 2434 conserta
3064 2389 3185 2432 non
3240 2372 3516 2434 sineret?
3562 2371 3693 2442 Quod

2191 2469 2361 2530 enim
2404 2485 2520 2546 per
2560 2466 2843 2536 nomina,
2888 2468 2986 2528 vis
3028 2463 3127 2524 vel
3164 2465 3572 2536 necessitatis,
3598 2465 3693 2541 ipso

2189 2560 2359 2629 dicit,
2392 2559 2471 2620 de
2501 2559 2759 2638 physica
2786 2557 3437 2636 proedeterminatione
3464 2557 3693 2618 eamdem

2186 2655 2497 2716 rationem
2548 2651 2781 2712 habeut
2802 2695 2817 2722 ,
2870 2661 2939 2712 ut
2982 2651 3397 2712 ostendimus.
3453 2650 3695 2730 Hierony·

2185 2765 2329 2807 mus
2382 2747 2595 2818 etiam,
2628 2745 2773 2804 licet
2802 2762 2879 2805 ex
2909 2744 3191 2824 professo
3226 2749 3445 2804 contra
3472 2743 3695 2822 Pelagia-

2186 2857 2302 2899 nos
2339 2836 2674 2916 scripserit,
2708 2838 2905 2898 multa
2948 2843 3161 2898 tamen
3198 2836 3388 2897 docet
3424 2853 3555 2915 quae
3590 2836 3697 2894 huic

2186 2931 2511 2992 sententiae
2572 2929 2913 3010 plurimum
2964 2930 3208 3001 favent,
3262 2927 3599 3009 praesertim
3652 2930 3693 2988 in

2185 3023 2441 3103 Epistol.
2492 3026 2611 3084 ¹4¹.)
2660 3023 2741 3083 ad
2792 3023 3151 3094 Hedibiam,
3206 3029 3429 3101 quaest.
3482 3025 3573 3094 ¹0,
3618 3022 3697 3082 nbi

2186 3118 2376 3179 etiam
2404 3118 2467 3177 in
2500 3134 2639 3179 eam
2684 3124 3027 3177 extremam
3066 3117 3445 3178 sententiam
3471 3116 3693 3188 inclinat,

2184 3212 2353 3291 quod
2414 3210 2615 3293 omnis
2652 3209 2945 3271 discretio
2994 3212 3155 3271 inter
3202 3211 3407 3271 bonos
3452 3217 3513 3269 et
3546 3208 3695 3269 malos

2184 3304 2256 3365 fit
2298 3323 2375 3365 ex
2404 3322 2529 3364 usu
2553 3303 2922 3376 voluntatis;
2954 3302 3043 3363 sic
3072 3302 3243 3365 enim
3270 3304 3361 3363 ait
3390 3320 3405 3362 :
3436 3302 3569 3365 Nou
3592 3320 3695 3384 yen-

2184 3403 2277 3461 tee
2309 3398 2475 3479 eliyi,
2520 3398 2628 3460 sed
2668 3397 2975 3458 lior-vinum
3000 3396 3344 3459 voluntates
3364 3420 3391 3469 ;
3420 3412 3519 3457 nec
3548 3396 3697 3457 Deua

2184 3490 2427 3553 salvare
2484 3490 2701 3571 absque
2747 3488 2977 3569 judicii
3028 3489 3285 3552 veritate
3310 3533 3329 3560 ,
3388 3489 3491 3551 sed
3543 3486 3697 3547 causis

2180 3582 2671 3662 praecedentibus,
2718 3584 2863 3662 quia
2912 3580 3027 3645 alii
3068 3600 3189 3643 nou
3232 3584 3603 3661 susceperunt
3624 3578 3699 3639 Fi-

2184 3675 2337 3737 lium
2377 3676 2514 3747 Dei,
2560 3674 2673 3737 alii
2701 3682 2899 3747 aulem,
2942 3672 3199 3754 recipere
3246 3690 3367 3737 sua
3406 3676 3596 3755 sponte
3624 3689 3699 3733 το-

2182 3770 2443 3831 lues-unt.
2484 3768 2663 3840 Quod
2689 3770 2789 3829 vel
2816 3768 2937 3829 dici
2977 3786 3105 3828 nou
3142 3768 3468 3846 potuisset,
3494 3766 3583 3825 vel
3606 3765 3697 3825 sal-

2182 3868 2311 3923 tem
2352 3880 2480 3921 non
2530 3862 2613 3921 ita
2664 3860 2999 3933 diceretur,
3052 3864 3123 3921 ut
3171 3860 3547 3921 satisfactum
3574 3862 3697 3919 esset

2182 3956 2511 4035 quaestioni
2562 3956 2919 4034 propositae,
2966 3954 3015 4014 si
3062 3954 3230 4033 ipsas
3276 3954 3585 4014 hominum
3618 3970 3695 4011 vo-

2178 4048 2451 4109 luntates
2479 4047 2689 4108 divina
2720 4046 3011 4108 voluntas
3040 4066 3154 4107 suo
3192 4052 3440 4107 tantum
3488 4052 3622 4105 nutu
3654 4050 3696 4103 ct

2180 4140 2435 4203 arbitrio
2483 4140 2951 4202 determinaret.
3004 4140 3183 4201 Unde
3226 4139 3395 4200 idem
3446 4137 3695 4213 Hierony-

2179 4252 2343 4304 muS‚
2376 4234 2442 4294 in
2470 4233 2725 4313 Epistol.
2758 4232 2841 4293 ad
2872 4232 3285 4311 Ctesiphont.,
3320 4233 3439 4293 col.
3470 4234 3505 4292 6
3532 4250 3543 4289 :
3580 4230 3697 4296 Velle

2182 4327 2426 4405 (inquit)
2460 4333 2517 4389 et
2556 4344 2797 4391 currere
2826 4344 3019 4389 meum
3062 4331 3175 4399 eet,
3204 4328 3313 4389 sed
3332 4326 3525 4407 ipsum
3546 4342 3695 4385 meum

2178 4422 2311 4483 siue
2360 4418 2477 4482 Dei
2514 4438 2749 4502 semper
2786 4420 3020 4481 auxilio
3064 4436 3184 4481 nou
3228 4420 3352 4482 erit
3402 4436 3614 4487 nieuw
3652 4420 3697 4475 el

2182 4513 2287 4573 lib.
2344 4514 2381 4573 3
2418 4518 2617 4575 contr.
2652 4514 2999 4592 Pelagium,
3028 4516 3215 4593 paulo
3254 4520 3399 4590 post
3442 4510 3693 4577 medium,

2182 4605 2329 4667 dicit
2362 4624 2375 4665 :
2424 4607 2544 4669 Ubi
2566 4606 2987 4670 misericordia
3018 4613 3075 4671 et
3100 4608 3311 4690 ⁴qratia
3336 4613 3450 4678 est,
3492 4606 3697 4667 liberum

2182 4718 2257 4762 ex
2290 4705 2468 4781 parte
2506 4708 2704 4763 cessat
2735 4699 3078 4771 arbitrium,
3125 4702 3285 4781 quod
3322 4700 3393 4763 in
3410 4718 3471 4762 eo
3504 4702 3695 4761 tantum

2183 4798 2275 4855 est
2310 4796 2382 4855 ut
2412 4791 2665 4854 velimus
2702 4796 2881 4872 atque
2922 4793 3257 4873 cupiamus,
3282 4797 3341 4855 et
3360 4790 3594 4875 pladttae
3612 4786 3695 4851 tn·-

2186 4886 2437 4947 beamus
2466 4901 2801 4947 assensum.
2834 4886 3069 4945 Dicitur
3096 4885 3263 4945 enim
3296 4904 3375 4945 ex
3414 4890 3574 4964 parte
3598 4898 3695 4941 ces-

2186 4995 2327 5037 sare
2370 4976 2635 5037 liberum
2694 4976 3019 5037 arbitrium
3080 4996 3195 5057 per
3254 4978 3512 5053 gratiam
3534 5022 3548 5047 ,
3584 4973 3695 5053 quia

2185 5068 2333 5129 dum
2368 5087 2481 5146 per
2536 5069 2801 5146 gratiam
2850 5071 3231 5149 praevenitur
3284 5076 3347 5131 et
3392 5071 3689 5135 inclinatur.

2186 5161 2649 5241 quodammodo
2676 5162 3095 5224 indifferentia
3124 5165 3259 5243 ejus
3282 5164 3597 5233 minuitur3
3620 5158 3695 5217 vel

2186 5252 2385 5327 aliter,
2420 5258 2480 5313 et
2508 5252 2773 5317 fortasse
2808 5256 3073 5326 melius,
3102 5258 3249 5335 quia
3290 5258 3499 5335 gratiae
3526 5270 3695 5313 neces·

2184 5345 2333 5407 sitas
2379 5352 2473 5407 est
2526 5346 2609 5407 ob
2664 5347 3095 5427 impotentiam
3150 5348 3327 5409 liberi
3374 5347 3609 5409 arbitrii.
3646 5342 3693 5403 Si

2184 5456 2334 5519 ergo
2366 5439 2563 5518 gratia
2593 5442 2849 5503 omnino
2872 5442 3445 5522 praedeterminaret
3472 5442 3691 5503 liberum

2182 5533 2530 5607 arbitrium,
2560 5539 2621 5595 et
2652 5534 2786 5597 sine
2835 5538 2952 5597 hac
2981 5535 3603 5614 praedeterminatione
3624 5530 3691 5591 ni-
