3850 6225
505 477 665 540 vinae
690 478 1149 558 reprobationis
1176 479 1408 542 indicat
1428 530 1446 558 ‚
1496 481 1602 561 qui
1632 479 1765 542 sine
1796 479 1923 540 ullo
1955 479 2073 539 du-

506 571 611 632 bio
647 571 1123 651 praefinitionem
1162 576 1405 654 peccati
1452 574 1727 636 involvit.
1768 575 1857 636 Ac
1894 573 2072 636 deni-

508 681 657 743 que,
686 664 794 726 lih.
822 665 903 728 de
930 667 1191 730 Perfect.
1214 669 1443 748 Justit„
1486 671 1573 730 ait
1598 667 1903 748 quosdam
1931 685 2070 730 esse

506 757 979 838 praedestinatos
1010 761 1092 821 ad
1122 760 1464 823 interitum.

594 852 831 928 Quarta
843 871 917 920 σω
934 854 1345 919 consimilibus
1372 855 1678 936 effectibus
1698 854 1919 920 divina
1929 871 2072 937 pro-

506 947 805 1012 videntioe.
840 979 917 994 —
959 947 1189 1020 Quarta
1218 949 1485 1028 obJectio
1520 949 1802 1010 sumitur·
1822 967 1903 1009 ex
1933 947 2072 1008 aliis

508 1039 831 1102 effectibus
864 1040 1089 1102 divinae
1129 1043 1551 1122 providentiis,
1586 1060 1745 1122 quos
1784 1040 2074 1122 praedefi-

506 1135 670 1196 nitos
716 1152 755 1194 a
796 1135 930 1195 Deo
980 1153 1119 1196 esse
1156 1135 1495 1210 credimus,
1544 1141 1607 1198 et
1653 1133 2076 1196 necessariam

506 1228 745 1289 habent
762 1228 1217 1290 connexionem
1232 1248 1375 1291 cum
1392 1231 1633 1292 actibus
1648 1233 2070 1308 peccatorum,

505 1320 675 1382 unde
702 1337 961 1382 necesse
986 1320 1175 1382 etiam
1198 1327 1291 1384 est
1308 1329 1486 1384 actus
1510 1327 1911 1402 peccatorum
1935 1339 2073 1382 esse

504 1411 967 1492 praedefinitos3
994 1431 1141 1476 nam
1170 1415 1223 1476 ei
1264 1415 1407 1476 finis
1435 1415 1879 1496 praedefinitur,
1912 1429 2076 1494 prae-

506 1506 894 1568 definiuntur
932 1507 1121 1569 etiam
1164 1509 1521 1572 necessaria
1562 1508 1793 1580 media,
1822 1525 1966 1587 quae
2007 1507 2074 1568 in

504 1599 632 1662 fine
686 1599 1031 1662 virtualiter
1083 1601 1506 1664 includuntur.
1565 1601 1744 1674 Quod
1800 1600 2074 1662 maxime

506 1694 933 1756 necessarium
968 1694 1033 1755 in
1059 1695 1189 1756 Deo
1230 1699 1356 1768 est;
1390 1701 1523 1758 tum
1551 1695 1699 1774 quia
1726 1700 1875 1757 ante
1915 1711 2078 1773 prae-

504 1787 855 1850 finitionem
882 1788 1025 1850 finis
1057 1790 1357 1868 praevidet
1386 1790 1807 1852 necessariam
1840 1805 2076 1850 conne-

504 1881 757 1942 xionem
796 1899 939 1942 cum
976 1882 1227 1958 mediis;
1258 1889 1393 1945 tum
1434 1884 1623 1944 etiam
1656 1882 1805 1962 quia
1830 1881 2076 1960 perfec-

506 1973 743 2036 tissime
772 1973 905 2036 vult
930 1980 994 2036 et
1020 1975 1294 2054 disponit
1320 1977 1562 2049 omnia;
1594 1975 1763 2037 unde
1786 1994 1915 2038 non
1942 1975 2076 2036 vult

506 2067 700 2128 finem
728 2067 1001 2147 aliquem
1022 2068 1143 2130 nisi
1170 2087 1285 2148 per
1302 2067 1561 2132 definita
1581 2074 1644 2130 et
1662 2069 2076 2130 determinata

507 2160 741 2234 media,
765 2168 954 2240 atque
984 2161 1071 2222 ita
1096 2162 1281 2223 simul
1308 2162 1572 2242 praefinit
1594 2161 1787 2224 finem
1812 2180 1925 2242 per
1947 2179 2078 2222 me-

502 2252 631 2328 dia,
654 2260 717 2315 et
744 2253 951 2316 media
978 2272 1125 2314 cum
1146 2255 1295 2316 fine.
1326 2255 1531 2318 Prima
1557 2273 1709 2318 vero
1736 2254 2078 2334 propositio

502 2355 827 2426 assumpta
880 2349 1079 2409 tribus
1136 2349 1439 2429 exemplis
1492 2347 1797 2413 declarari
1850 2353 2076 2428 potest.

504 2441 781 2503 Primum
816 2446 915 2502 est
942 2442 1023 2504 de
1052 2443 1295 2504 actibus
1320 2443 1709 2506 contritionis
1744 2449 1806 2504 et
1838 2441 2082 2503 virtutis

500 2535 935 2613 poenitentiae:
980 2536 1100 2597 hos
1148 2537 1321 2598 enim
1360 2555 1529 2617 saepe
1578 2537 1743 2600 Deus
1790 2535 2078 2616 praefinit,

502 2627 850 2707 proesertim
900 2627 966 2689 in
1020 2628 1495 2708 praedestinatis
1528 2647 1802 2710 quorum
1844 2627 2076 2702 media,

503 2737 620 2800 per
642 2739 782 2800 quae
804 2721 1085 2783 salvandi
1106 2727 1275 2794 sunt,
1296 2724 1467 2784 Deus
1486 2723 1773 2802 praefinit,
1798 2727 1861 2784 et
1881 2739 2082 2782 unum

506 2832 587 2876 ex
624 2815 723 2876 his
751 2814 975 2876 mediis
1000 2832 1169 2895 saepe
1196 2817 1381 2878 estin
1408 2815 1809 2896 poenitentia;
1842 2820 1909 2876 at
1933 2832 2082 2875 vero

503 2906 875 2986 poenitentia
893 2908 1249 2970 necessario
1280 2909 1573 2988 supponit
1592 2909 1841 2988 culpam
1860 2927 1877 2980 ;
1902 2925 2078 2986 erge.

506 2999 865 3062 Secundum
894 3001 1255 3081 exemplum
1284 3007 1378 3064 est
1396 2999 1475 3064 de
1505 3002 1803 3063 Passieno
1828 2998 2074 3074 Christi,

507 3110 702 3172 quam
746 3094 917 3155 Deus
963 3093 1043 3157 ad
1072 3100 1355 3157 nostram
1390 3093 1889 3175 redemptionem
1920 3110 2080 3173 prae·

505 3186 726 3247 finivit.
752 3186 1030 3249 Tertium
1056 3194 1151 3249 est
1180 3186 1259 3249 de
1284 3188 1683 3250 passionibus
1699 3194 2076 3267 martyrum,

507 3297 668 3358 quos
693 3280 863 3340 Deus
890 3281 973 3341 ad
1011 3280 1333 3341 aureolam
1358 3281 1645 3361 martyrii
1672 3281 2079 3361 praedestina-

506 3372 617 3446 vit,
652 3378 717 3435 et
744 3379 959 3435 tamen
996 3373 1132 3437 sine
1161 3374 1433 3454 peccatis
1458 3378 1873 3454 tyrannorum
1910 3392 2080 3435 mar-

506 3469 677 3545 tyres
720 3483 859 3527 esse
899 3484 1027 3529 non
1057 3472 1335 3547 possent.
1364 3466 1543 3531 Unde
1568 3484 1697 3528 non
1726 3466 1948 3529 satisfit
1984 3466 2080 3527 his

507 3557 755 3621 duobus
796 3558 1029 3621 ultimis
1072 3559 1399 3639 exemplis,
1443 3560 1709 3623 dicendo
1755 3559 2082 3640 passiones

509 3670 651 3715 esse
698 3652 920 3727 bonas,
974 3659 1037 3715 et
1080 3654 1196 3715 has
1240 3654 1635 3735 praedefinire
1680 3655 1902 3729 Deum,
1954 3672 2083 3715 non

514 3765 665 3809 vero
708 3748 1008 3811 actiones.
1049 3750 1260 3812 Passio
1304 3750 1478 3811 enim
1514 3766 1643 3811 non
1690 3756 1897 3829 potest
1945 3766 2086 3811 esse

512 3840 647 3901 sine
682 3840 927 3903 actione
954 3860 970 3915 ς
1004 3842 1085 3904 ab
1118 3842 1227 3905 illa
1252 3842 1421 3904 enim
1451 3841 1757 3922 procedit,
1787 3842 1888 3903 vel
1916 3842 1983 3903 in
2013 3860 2086 3904 re

512 3938 607 3995 est
652 3933 822 3996 idem
850 3952 995 3997 cum
1034 3935 1178 4013 illa;
1208 3935 1402 4009 unde,
1436 3934 1543 4013 qui
1583 3934 1757 3996 illam
1789 3934 2082 4015 praefinit,

512 4026 678 4089 hanc
706 4028 897 4089 etiam
919 4028 1230 4107 praefiniat
1256 4046 1517 4091 necesse
1546 4034 1641 4091 est
1668 4029 1751 4091 ob
1776 4028 2088 4091 rationem

510 4118 765 4181 factam.

598 4214 825 4288 Quinta
852 4214 1209 4294 objectio.—
1224 4213 1451 4287 Quinta
1475 4214 1633 4277 ratio
1662 4214 1727 4275 in
1754 4214 1927 4275 hunc
1953 4230 2090 4273 mo-

514 4309 667 4369 dum
696 4307 951 4369 formari
982 4314 1211 4387 potest,
1239 4308 1387 4387 quia
1423 4308 1525 4370 vel
1554 4326 1633 4371 ex
1670 4307 2088 4388 permissione

514 4400 755 4482 peccati
808 4418 922 4461 seu
968 4418 1047 4461 ex
1090 4400 1509 4482 denegatione
1556 4400 1768 4461 auxilii
1816 4399 2090 4463 efficacis

514 4495 599 4557 ad
626 4510 753 4555 non
771 4492 1161 4573 peccandum
1185 4493 1587 4557 infallibiliter
1604 4495 1887 4573 sequitur
1910 4500 2088 4557 actus

514 4586 779 4668 peccati,
812 4586 911 4647 vel
948 4604 1075 4649 non
1106 4586 1389 4665 sequitur
1430 4586 1850 4649 infallibiliter.
1886 4586 1952 4649 si
1993 4586 2090 4647 di-

515 4688 695 4743 catur
729 4680 1025 4759 primum,
1055 4683 1125 4741 ut
1152 4678 1331 4742 multi
1368 4679 1677 4753 sentiunt,
1708 4698 1887 4761 ergo,
1916 4679 2090 4759 quod

518 4775 601 4839 ad
638 4792 775 4837 rem
818 4774 1059 4847 attinet,
1100 4779 1164 4835 et
1194 4779 1487 4854 respectu
1522 4774 1659 4848 Dei,
1690 4774 2088 4836 tantumdem

519 4876 617 4932 est
660 4868 823 4931 velle
871 4868 1231 4948 permittere
1284 4871 1637 4947 peccatum,
1679 4886 1809 4929 non
1858 4868 2088 4929 subve-

517 4962 751 5025 niendo
780 4960 1019 5022 homini
1050 4979 1165 5039 per
1204 4960 1507 5023 auxilium
1544 4960 1781 5036 efficax,
1817 4978 1891 5021 ac
1929 4960 2094 5021 velle

520 5061 731 5119 actum
766 5054 941 5134 ejus;
976 5072 1151 5135 ergo,
1184 5055 1345 5117 sicut
1373 5053 1531 5115 illud
1556 5054 1729 5133 prius
1768 5058 1975 5133 potest
2001 5053 2096 5113 fa-

522 5168 665 5213 cere
702 5154 765 5211 et
808 5149 977 5222 facit,
1009 5150 1239 5228 poterit
1284 5150 1505 5211 et.hoc
1550 5148 1881 5227 posterius.
1914 5148 2095 5219 Quod

520 5244 572 5305 si
600 5246 829 5323 potest,
860 5248 1031 5305 certe
1060 5242 1235 5319 facit3
1265 5233 1410 5321 quia
1438 5242 1545 5305 ille
1576 5246 1671 5303 est
1694 5242 1921 5303 modus
1950 5258 2096 5321 pro-

520 5336 813 5400 videntiae
862 5335 1229 5415 perfectior,
1262 5340 1325 5397 et
1376 5335 1525 5413 quia
1565 5334 1777 5397 divina
1805 5334 2096 5395 voluntas

520 5450 651 5493 non
686 5435 904 5492 manet
930 5429 1111 5509 quasi
1148 5448 1455 5509 suspensa
1496 5434 1789 5510 respectu
1830 5428 2096 5506 alicujus

524 5524 753 5605 objecti
800 5527 979 5589 extra
1006 5542 1097 5599 se,
1144 5522 1261 5587 sed
1294 5525 1395 5586 vel
1434 5523 1587 5585 illud
1631 5523 1764 5584 vult
1788 5540 1954 5596 esse,
1985 5528 2095 5584 aut

1058 377 1273 432 OPUSC.
1306 379 1345 443 1,
1382 380 1501 435 ΗΒ.
1540 382 1599 434 u.
1637 381 1717 432 DE
1748 377 2072 433 CONCURSU
2103 378 2210 433 0131
2239 379 2326 432 Ab
2357 378 2556 432 ACTUS
2587 379 2832 433 onmms
2863 377 3152 434 numm.

2150 479 2282 540 vult
2307 497 2436 540 non
2467 495 2638 552 esse;
2671 483 2880 540 actum
2905 485 3119 540 tamen
3159 481 3400 558 peccati
3428 499 3556 542 non
3581 485 3688 546 vult

2149 589 2279 634 non
2305 591 2446 634 esse
2473 591 2620 634 cum
2649 572 2894 634 futurus
2921 579 3046 646 est;
3075 591 3224 654 ergo
3247 573 3382 635 vult
3409 581 3475 636 et
3507 574 3688 655 dispo-

2151 666 2242 728 nit
2271 671 2342 728 ut
2379 667 2478 728 sit.
2507 666 2748 728 sivero
2787 666 3032 728 dicatur
3055 667 3430 740 secundum,
3461 669 3686 741 scilicet,

2151 779 2230 822 ex
2253 759 2360 820 illa
2395 760 2732 841 negatione
2775 777 2902 822 non
2933 760 3110 840 sequi
3153 761 3560 822 infallibiliter
3581 762 3688 824 fore

2151 857 2500 933 peccatum,
2531 853 2816 932 sequitur
2852 871 2980 914 non
3027 871 3212 933 posse
3247 855 3458 916 Deum
3485 855 3692 917 habere

2151 945 2494 1026 perfectam
2537 946 2996 1024 providentiam
3035 946 3117 1008 de
3155 947 3346 1009 rebus
3399 947 3688 1021 omnibus»,

2151 1039 2272 1100 nisi
2309 1037 2388 1100 de
2437 1039 2675 1101 actibus
2723 1039 2874 1120 ipsis
2899 1045 3300 1120 peccatorum
3327 1041 3614 1120 disponat
3645 1051 3694 1104 et

2155 1131 2462 1210 praefiniat
2498 1137 2564 1194 ut
2601 1132 2726 1194 sint
2764 1133 2866 1193 vel
2891 1151 3020 1194 non
3051 1133 3205 1206 sint;
3239 1139 3304 1194 et
3323 1151 3695 1214 consequen-

2153 1231 2252 1288 ter
2295 1225 2650 1288 necessaria
2691 1225 2809 1287 erit
2833 1225 2900 1286 in
2931 1227 3062 1287 Deo
3095 1227 3240 1288 talis
3281 1225 3692 1306 praedefinitio.

2157 1319 2430 1398 Sequela
2477 1318 2869 1392 declaratum
2911 1319 3058 1398 quia
3106 1337 3274 1399 saepe
3315 1320 3517 1381 utitur
3555 1321 3696 1382 Deus

2155 1413 2336 1474 malis
2361 1412 2600 1475 actibus
2623 1417 3022 1491 peccatorum
3045 1412 3127 1472 ad
3145 1429 3294 1474 suos
3313 1412 3480 1472 fines
3497 1413 3694 1487 bonos»,

2157 1511 2220 1568 et
2245 1525 2286 1568 a
2311 1524 2380 1568 se
2407 1505 2786 1586 praefinit083
2819 1523 2948 1567 non
2975 1511 3182 1585 potest
3215 1512 3434 1568 autem
3473 1507 3562 1566 uti
3599 1508 3696 1569 illis

2153 1601 2362 1663 media
2403 1601 2538 1662 sola
2577 1600 3020 1680 permissione,
3047 1602 3196 1680 quia
3235 1607 3408 1663 esset
3445 1603 3696 1664 medinm

2155 1695 2460 1756 incertum
2489 1702 2552 1756 et
2585 1712 2663 1755 ex
2703 1713 2772 1754 se
2815 1693 3133 1767 inefficax,
3175 1695 3352 1756 etita
3381 1695 3556 1756 Deus
3589 1713 3695 1757 non
3799 1743 3801 1746 Α

2153 1793 2324 1851 certa
2363 1791 2426 1850 et
2459 1787 2766 1849 infallibili
2803 1787 3206 1866 dispositione
3245 1787 3612 1867 procederet
3643 1791 3695 1849 in

2153 1901 2268 1944 sua
2297 1881 2710 1961 providentia,
2733 1880 2897 1959 quod
2929 1886 3026 1942 est
3049 1879 3600 1954 absurdissimmm
3621 1889 3698 1942 est
3773 1887 3782 1902 ¹

2155 1994 2306 2057 ergo
2331 1976 2413 2037 ad
2431 1974 2880 2054 perfectionem
2898 1973 3306 2054 providentias
3331 1974 3562 2036 divinae
3587 1976 3697 2034 hoec

2153 2067 2480 2148 praefinitio
2507 2067 2819 2128 malorum
2841 2073 3098 2128 actuum
3123 2066 3508 2128 necessaria.
3801 2055 3803 2066 ¹

2157 2267 2260 2334 Aa
2287 2269 2668 2350 objectionem
2695 2285 2774 2332 aa>
2811 2267 3148 2352 Scriptum
3187 2267 3450 2351 petitam
3485 2267 3695 2332 solun.

2243 2445 2304 2504 2.
2341 2442 2740 2522 Adprimum
2765 2440 3194 2503 testimonium
3225 2441 3346 2502 dici
3373 2445 3606 2521 posset,
3637 2461 3698 2501 ex
3803 2495 3805 2500 .

2160 2537 2219 2598 vi
2237 2537 2492 2597 illorum
2503 2536 2863 2608 verborum,
2885 2535 3038 2596 nihil
3057 2553 3198 2596 esse
3229 2535 3402 2614 quod
3429 2553 3548 2596 nos
3569 2535 3700 2595 fate-

2159 2630 2434 2709 ricogat,
2453 2635 2564 2690 aut
2578 2628 3002 2690 venditionem
3031 2629 3286 2708 Joseph,
3311 2635 3424 2688 aut
3451 2629 3698 2707 aliquem

2163 2724 2452 2786 effectum
2469 2724 2608 2803 ejus
2623 2741 2760 2784 esse
2789 2741 2828 2783 a
2846 2723 2977 2784 Deo
3003 2721 3384 2801 praefinitum
3403 2729 3552 2784 ante
3573 2741 3704 2802 prae-

2163 2817 2486 2880 scientiam
2511 2815 2703 2877 futuri
2731 2816 2972 2894 peccati
3007 2814 3272 2877 fratrum
3300 2815 3578 2898 Joseph3
3614 2817 3702 2874 sed

2162 2910 2368 2972 solum
2401 2927 2480 2970 ex
2535 2907 2924 2988 praescientia
2975 2907 3142 2970 illius
3187 2909 3434 2987 peccati
3491 2907 3702 2986 proetisi
3805 2925 3807 2938 ·

2161 3002 2504 3083 sumpsisse
2557 3003 2757 3064 Deum
2815 3000 3212 3062 occasionem
3269 3000 3584 3061 exaltandi
3624 3001 3706 3062 Jo-

2159 3097 2338 3176 seph,
2371 3100 2436 3157 et
2461 3101 2610 3157 tunc
2637 3093 3088 3175 praedefiniisse
3125 3100 3188 3155 et
3205 3093 3536 3157 ordinasse
3557 3093 3702 3173 prin-

2159 3191 2434 3269 cipatum
2473 3189 2527 3268 ej
2538 3206 2630 3249 us.
2663 3190 2844 3261 Nam,
2877 3193 2948 3248 ut
2971 3188 3152 3249 divus
3177 3188 3456 3247 Thomas
3485 3186 3645 3257 dixit,
3671 3188 3700 3245 3

2159 3288 2580 3364 part.‚-quaest.
2606 3281 2832 3361 prima,
2857 3287 2973 3343 art.
2995 3281 3204 3355 tertio,
3223 3281 3300 3341 ad
3320 3287 3556 3359 quart„
3577 3296 3704 3358 prae-
3808 3282 3809 3319 ³

2161 3377 2494 3440 destinatio
2537 3374 2834 3455 supponit
2855 3374 3316 3454 praescientiam
3333 3374 3670 3434 futurorum
3689 3390 3700 3442 ;

2163 3470 2330 3532 unde
2360 3470 2596 3549 colligit
2627 3486 2703 3529 ex
2737 3466 3132 3547 praescientia
3187 3467 3432 3546 peccati
3473 3464 3704 3525 humani

2163 3563 2414 3644 generis
2455 3562 2794 3641 sumpsisse
2836 3562 3038 3623 Deum
3081 3560 3486 3622 occasionem
3529 3556 3706 3638 praefi-

2165 3657 2378 3719 niendi
2405 3674 2588 3717 suam
2615 3655 3140 3717 incarnationem.
3181 3654 3280 3715 Sic
3323 3670 3480 3732 erg-o
3523 3653 3584 3712 in
3623 3652 3706 3712 Jo-

2167 3751 2348 3829 seph,
2389 3750 2494 3829 qui
2523 3748 2728 3827 figura
2763 3748 2882 3808 fuit
2931 3746 3176 3817 Christi,
3227 3745 3492 3825 intelligi
3533 3750 3710 3824 potest

2165 3846 2368 3906 Deum
2403 3860 2532 3904 non
2583 3840 2952 3922 praefiniisse
2991 3838 3442 3910 venditionem,
3497 3836 3606 3897 sed
3625 3836 3709 3895 illa

2166 3936 2428 4017 praevisa
2471 3934 2835 4016 proefiniisse
2877 3933 3318 3995 exaltationem
3347 3932 3514 4011 ejus.
3544 3932 3614 3991 Et
3641 3927 3706 3987 ad

2167 4031 2336 4091 hunc
2367 4046 2624 4091 sensum
2661 4032 2920 4107 possent
2940 4044 3070 4088 non
3097 4024 3346 4086 difficile
3381 4038 3709 4085 accommo-

2167 4122 2302 4186 dari
2327 4122 2520 4183 verba
2547 4121 2902 4201 Scripturoe.

2247 4214 2472 4277 Melius
2497 4220 2714 4275 tamen
2743 4221 2808 4275 et
2831 4212 3166 4293 Scriptura
3205 4208 3590 4271 conformius
3634 4204 3712 4264 di-

2169 4306 2350 4381 citnr,
2373 4308 2572 4367 Deum
2599 4306 2964 4385 praefiniisse
2991 4303 3248 4384 quidem
3269 4302 3600 4363 transitum
3620 4300 3649 4361 J
3655 4316 3710 4357 o-

2169 4402 2326 4481 seph
2353 4400 2418 4461 in
2442 4402 2810 4479 AEgyptum,
2843 4404 2906 4461 et
2935 4397 3378 4460 exaltationem
3409 4395 3573 4472 ejus,
3603 4408 3711 4452 non

2169 4501 2384 4557 tamen
2417 4493 2880 4565 venditionem3
2917 4491 3030 4553 sed
3055 4492 3220 4551 hanc
3261 4488 3468 4549 solum
3511 4484 3712 4566 permi-

2171 4588 2326 4649 sisse
2361 4606 2438 4647 ex
2469 4592 2641 4647 certa
2677 4585 2940 4647 scientia
2963 4589 3028 4645 et
3051 4580 3384 4653 infallibili,
3413 4578 3586 4659 quod
3631 4594 3714 4636 es·

2169 4688 2266 4744 set
2299 4682 2532 4755 futura,
2566 4680 2618 4741 si
2645 4680 3146 4760 permitteretur;
3193 4682 3258 4737 et
3291 4692 3436 4736 eam
3471 4670 3712 4753 permis-

2169 4776 2410 4837 sionem
2439 4792 2514 4836 ac
2544 4774 2778 4835 malam
2805 4773 3116 4835 actionem
3145 4768 3476 4851 praevisam
3513 4766 3594 4825 ita
3629 4780 3713 4823 or-

2168 4868 2444 4941 dinasse,
2459 4873 2552 4941 ut,
2570 4885 2686 4947 per
2707 4884 2874 4939 eam,
2891 4864 3084 4926 finem
3099 4882 3138 4925 a
3165 4880 3234 4923 se
3259 4862 3570 4923 intentum
3584 4874 3709 4919 con-

2175 4964 2566 5040 sequeretur.
2599 4962 2748 5021 Haec
2767 4960 2932 5020 enim
2959 4954 3361 5037 providentiae
3381 4952 3542 5014 ratio
3569 4966 3714 5011 sum·

2173 5072 2343 5117 mam
2381 5053 2496 5115 Dei
2553 5052 2926 5133 sapientiam
2967 5050 3247 5111 declarat
3295 5065 3444 5109 cum
3491 5059 3712 5106 summa

2174 5148 2474 5221 bonitate,
2503 5164 2652 5226 qua,
2696 5142 3190 5223 unumquodque
3217 5140 3369 5212 vult,
3397 5138 3638 5201 ordinat
3663 5152 3714 5193 et

2174 5242 2496 5323 permittit,
2513 5244 2700 5321 prout
2727 5238 2927 5299 decet.
2951 5234 3130 5308 Quod
3159 5252 3308 5313 ergo
3337 5234 3505 5295 Deus
3532 5226 3716 5310 praefi-

2174 5336 2361 5397 nierit
2381 5335 2714 5396 transitum
2739 5331 2998 5410 Joseph,
3033 5334 3097 5390 et
3121 5326 3566 5389 exaltationem
3597 5321 3715 5399 ejus

2173 5428 2240 5489 in
2275 5428 2572 5508 AEgypto,
2615 5429 2786 5505 patet
2809 5442 2888 5485 ex
2913 5422 3034 5483 iuis
3059 5420 3308 5483 verbis:
3360 5418 3488 5481 Pro
3539 5414 3718 5479 salute

2173 5528 2378 5585 restra
2417 5521 2584 5584 n-isit
2609 5537 2700 5583 me
2729 5518 2892 5581 Deus
2921 5521 3062 5581 ante
3095 5531 3200 5578 tos
3225 5514 3296 5577 in
3331 5512 3672 5594 AE'qyptsm
3695 5528 3714 5575 .·
