3850 6225
555 397 672 460 196

555 491 698 564 cum
728 501 834 563 tali
861 521 1087 577 causa,
1131 503 1386 578 scilicet,
1424 522 1768 566 consensus
1797 504 1977 566 liberi
2010 522 2121 566 vo-

552 596 808 658 luntatis
833 615 974 656 cum
1000 596 1368 658 excitatione
1399 596 1629 672 divina,
1659 617 1736 659 ex
1757 599 1888 660 sola
1911 599 2121 660 effica-

553 690 650 750 cia
693 689 910 750 morali
943 689 1086 750 talis
1129 691 1533 752 excitationis,
1583 694 1671 753 De
1715 710 1840 771 qua
1873 711 1941 752 re
1976 711 2120 772 pos-

555 790 698 846 sent
743 785 934 846 multa
983 784 1048 844 in
1091 790 1422 864 utramque
1469 791 1711 865 partem
1762 787 1916 860 dici;
1980 805 2117 866 quae

553 878 784 960 partim
832 879 1211 958 attingemus
1257 879 1458 958 capite
1510 881 1839 958 sequenti,
1889 882 2118 959 partim

555 973 715 1032 sumi
743 970 922 1032 facile
951 979 1211 1050 possunt
1235 991 1312 1034 ex
1337 973 1433 1032 his
1461 991 1600 1052 quae
1628 975 1933 1035 hactenus
1962 980 2120 1035 trac-

552 1065 844 1126 tavimus.
889 1065 1014 1125 Illis
1043 1083 1194 1146 ergo
1221 1066 1486 1136 omissis,
1525 1066 1862 1128 dicendum
1888 1086 2117 1129 censeo

549 1175 738 1240 posse
765 1159 1075 1237 perveniri
1101 1158 1164 1219 in
1193 1158 1312 1220 hac
1336 1158 1857 1222 determinatione
1881 1160 1965 1222 ad
1990 1178 2120 1222 mo-

552 1251 750 1314 ralem
795 1249 1295 1313 infallibilitatem
1325 1297 1342 1326 ,
1391 1269 1532 1331 quae
1587 1254 1951 1334 simpliciter
2000 1251 2117 1314 dici

555 1343 750 1425 possit
777 1363 1097 1424 nunquam
1127 1344 1437 1419 deficere;
1481 1365 1610 1408 non
1637 1352 1850 1408 tamen
1881 1347 1956 1407 ad
1992 1364 2120 1407 me-

551 1439 946 1519 taphysicam
977 1440 1070 1515 (ut
1097 1439 1184 1500 sic
1220 1439 1448 1517 dicam)
1487 1440 1989 1502 infallibilitatem
2008 1488 2024 1514 ,
2056 1441 2120 1503 id

555 1536 672 1606 est,
712 1535 797 1593 ita
839 1539 1128 1594 exactam
1166 1539 1235 1594 ut
1263 1541 1575 1614 repugnet
1601 1533 1893 1596 deficere.
1940 1535 2119 1596 Ratio

551 1626 778 1706 prioris
825 1628 1017 1707 partis
1061 1633 1194 1701 est,
1244 1629 1392 1706 quia
1438 1629 1602 1690 Deus
1647 1629 2123 1708 comprehendit

554 1721 963 1799 capacitatem
993 1724 1056 1781 et
1079 1721 1550 1784 inclinationem
1573 1724 1868 1783 humanae
1899 1723 2123 1784 volun-

551 1813 718 1886 tatis,
763 1819 825 1874 et
850 1831 1073 1874 omnes
1102 1813 1236 1874 vias
1269 1820 1332 1876 et
1353 1815 1576 1877 modos
1611 1815 1840 1895 quibus
1863 1815 1946 1877 ad
1976 1835 2121 1877 con-

555 1925 812 1968 sensum
859 1906 1144 1968 inclinari
1187 1913 1393 1986 potest
1439 1909 1540 1969 vel
1581 1909 1913 1988 impediri;
1970 1927 2120 1989 ergo

553 2007 760 2080 potest
788 2001 872 2062 ita
898 2001 1348 2062 circumvenire
1377 2020 1490 2063 seu
1524 2021 1878 2083 praeparare
1905 2003 2122 2064 volun·

553 2100 782 2166 tatem,
825 2101 897 2155 ut
923 2094 1328 2156 infallibiliter
1355 2095 1543 2158 faciat
1581 2115 1722 2157 eam
1764 2097 2119 2158 consentire

553 2187 988 2251 infallibilitate
1031 2189 1275 2250 morali.
1327 2191 1487 2250 Nam
1515 2191 1752 2251 morale
1788 2196 1882 2252 est
1917 2196 1985 2251 ut
2014 2208 2123 2250 vo-

553 2281 762 2344 luntas
787 2301 853 2344 se
874 2283 1036 2344 sinat
1054 2282 1200 2344 ferri
1223 2302 1260 2344 a
1278 2283 1653 2347 vehemente
1673 2283 2116 2364 propensione,

553 2376 824 2438 maxime
857 2377 906 2436 si
937 2395 1011 2438 ex
1042 2382 1216 2456 parte
1245 2377 1595 2439 intellectus
1630 2378 1945 2457 objectum
1977 2383 2119 2455 apte

554 2471 946 2551 proponitur,
1000 2477 1060 2532 et
1105 2476 1473 2532 avertuntur
1514 2489 1589 2533 ea
1631 2489 1772 2551 quae
1815 2471 2121 2550 impedire

553 2572 866 2646 possunt;
919 2566 1088 2645 quod
1133 2565 1312 2627 facile
1365 2572 1570 2646 potest
1617 2567 1864 2628 efficere
1912 2565 2122 2628 divina

557 2661 778 2741 gratia.
816 2661 1100 2738 Denique
1143 2659 1262 2722 hoc
1292 2659 1480 2721 modo
1517 2660 1712 2720 multa
1744 2660 1939 2721 libere
1978 2659 2123 2720 faci-

555 2771 697 2814 mus
716 2753 812 2814 vel
832 2754 1196 2825 omittimuS,
1223 2771 1362 2832 quae
1389 2753 1820 2815 infallibilitate
1847 2753 2122 2833 quadam

549 2848 770 2909 morali
811 2865 1182 2926 oper-amum
1231 2852 1293 2908 et
1335 2847 1583 2908 daemon
1627 2867 1740 2908 sua
1777 2847 2121 2920 tentatione

554 2945 761 3019 potest
787 2943 869 3002 ita
903 2941 1216 3002 hominem
1253 2941 1605 3020 opprimere
1634 2987 1650 3014 ,
1692 2948 1762 3002 ut
1789 2941 2123 3002 infallibili-

553 3040 654 3096 ter
691 3041 990 3114 sequatur
1031 3051 1373 3095 consensus
1386 3080 1406 3110 ,
1450 3033 1568 3095 nisi
1613 3036 1811 3115 gratia
1838 3035 1949 3096 Dei
1980 3034 2123 3094 sub-

556 3128 803 3201 veniat3
833 3128 956 3189 imo
983 3134 1040 3189 et
1067 3145 1232 3189 unus
1248 3129 1464 3201 homo,
1495 3129 1546 3189 si
1567 3129 1762 3209 probe
1787 3132 2125 3209 cognoscat

559 3220 812 3281 alterius
839 3220 1163 3301 ingenium
1195 3227 1256 3282 et
1283 3220 1728 3297 conditionem,
1761 3222 1965 3301 sitque
1998 3221 2123 3282 effi·

558 3332 674 3375 cax
693 3314 759 3374 in
785 3313 1241 3394 persuadendo,
1272 3320 1477 3394 potest
1499 3314 1925 3376 efficacissime
1948 3315 2121 3375 illum

557 3407 924 3486 pertrahere
963 3406 1042 3467 ad
1080 3406 1145 3466 id
1188 3405 1360 3485 quod
1398 3406 1567 3480 vult;
1611 3407 1762 3487 quid
1799 3426 1949 3487 ergo
1996 3426 2123 3469 non

563 3501 790 3581 poterit
833 3501 1042 3561 facere
1086 3500 1310 3561 Deus?
1351 3500 1529 3561 Ratio
1572 3518 1722 3563 vero
1762 3500 2125 3581 posterioris

557 3594 754 3674 partis
781 3599 908 3666 est,
951 3593 1098 3672 quia
1128 3611 1271 3654 cum
1297 3599 1426 3654 tota
1455 3593 1575 3656 hac
1606 3594 2125 3657 determinatione

560 3692 776 3747 manet
802 3687 1045 3765 integra
1073 3686 1327 3747 libertas
1359 3706 1375 3759 3
1421 3706 1571 3768 ergo
1603 3693 1664 3748 et
1691 3694 1966 3767 potestas
1998 3705 2127 3748 non

563 3779 1018 3855 consentiendi,
1065 3780 1248 3841 etiam
1282 3780 1346 3840 in
1379 3798 1571 3842 sensu
1601 3782 1969 3862 composito,
2016 3799 2129 3843 seu

561 3873 1020 3954 praesupposita
1066 3874 1176 3933 tali
1223 3874 1422 3954 gratia
1469 3874 1876 3937 antecedente
1911 3894 1926 3947 ;
1978 3893 2128 3957 ergo

561 3968 846 4031 absolute
875 3985 1002 4028 non
1031 3974 1366 4049 repugnat,
1395 3986 1602 4047 neque
1629 3974 1723 4030 est
1744 3968 2128 4049 impossibile

563 4080 692 4123 non
721 4062 897 4141 sequi
938 4062 1130 4123 talem
1157 4064 1449 4124 effectum
1470 4109 1485 4136 ,
1521 4063 1720 4141 posita
1747 4062 1853 4124 tali
1887 4064 2124 4143 gratia;

565 4174 716 4235 ergo
747 4172 953 4234 neque
984 4156 1099 4217 erit
1129 4155 1490 4235 simpliciter
1517 4155 1835 4217 infallibile
1861 4202 1880 4231 ‚
1937 4158 2022 4217 ita
2062 4163 2131 4218 ut

563 4268 692 4310 non
733 4249 929 4329 possit
981 4248 1273 4311 deficere.
1319 4250 1491 4313 Sicut
1536 4268 1614 4310 ex
1651 4256 1826 4329 parte
1873 4249 2129 4312 alterius

567 4343 852 4417 extremi,
877 4343 1129 4416 scilicet,
1155 4342 1406 4422 quando
1431 4342 1716 4405 excitatio
1735 4348 1828 4404 est
1843 4343 2125 4417 minima,

575 4441 637 4497 et
670 4434 1056 4516 indispositio
1082 4455 1193 4497 seu
1227 4436 1554 4499 obduratio
1581 4436 1852 4497 hominis
1871 4455 2127 4515 magna,

568 4528 712 4589 licet
759 4529 1078 4590 moraliter
1113 4529 1192 4591 sit
1230 4528 1549 4591 infallibile
1589 4530 1777 4591 talem
1807 4529 2133 4591 hominem

569 4621 932 4684 induratum
963 4641 1092 4683 non
1121 4623 1421 4697 converti,
1453 4641 1581 4684 non
1609 4629 1822 4686 tamen
1847 4622 2134 4703 simplici-

569 4721 668 4777 ter
689 4734 802 4777 seu
827 4716 1290 4795 metaphysice;
1322 4716 1490 4795 quia,
1521 4716 1573 4776 si
1602 4716 1703 4777 ille
1729 4718 1919 4779 homo
1948 4716 2137 4777 faciat

574 4816 878 4889 quantum
903 4814 1107 4889 potest
1136 4827 1276 4870 cum
1303 4810 1406 4869 illo
1433 4809 1684 4885 auxilio,
1713 4816 1776 4871 et
1798 4810 2133 4891 adjuvante

573 4903 772 4985 gratia
811 4922 950 4982 quae
987 4903 1074 4964 illi
1105 4904 1288 4964 simul
1323 4904 1616 4977 offertur,
1661 4922 1880 4966 revera
1907 4904 2135 4984 poterit

570 4998 730 5059 velle
762 5001 825 5058 et
850 4997 1126 5059 converti
1161 5042 1176 5071 ,
1227 4997 1462 5077 alioqui
1496 4997 1781 5059 excitatio
1812 5016 1941 5059 non
1972 5002 2139 5059 esset

573 5091 906 5153 sufficiens,
937 5090 1218 5151 Tandem
1237 5090 1298 5151 id
1320 5089 1560 5171 explico
1579 5090 1642 5149 in
1656 5091 1828 5152 hunc
1851 5089 2133 5162 modum;

570 5203 742 5260 nam,
787 5184 928 5245 licet
957 5186 1089 5245 haec
1119 5183 1376 5245 moralis
1410 5183 1812 5245 infallibilitas
1849 5183 2133 5257 sufficiat,

571 5286 640 5340 ut
686 5281 875 5341 homo
917 5277 1281 5357 simpliciter
1319 5276 1565 5357 judicet
1612 5276 1800 5338 talem
1847 5276 2138 5337 effectum

573 5392 712 5435 esse
749 5372 1062 5445 futurum,
1109 5371 1308 5450 posita
1344 5370 1454 5431 tali
1493 5388 1681 5430 causa
1703 5415 1718 5443 ,
1760 5387 1888 5429 non
1925 5376 2136 5430 tamen

571 5475 641 5528 ut
679 5468 840 5527 Deus
875 5467 956 5526 ita
987 5466 1350 5545 simpliciter
1383 5464 1645 5545 judicet,
1691 5482 1768 5525 ex
1798 5483 1858 5524 vi
1901 5482 2132 5536 causae,

572 5560 719 5641 quia
755 5560 1060 5641 judicium
1103 5559 1382 5621 divinum
1425 5560 1511 5620 ita
1549 5562 1644 5620 est
1681 5557 2023 5633 infallibile,
2068 5563 2136 5619 ut

1389 403 1600 457 OPUSC.
1635 405 1676 466 l,
1713 407 1830 458 ΜΒ.
1865 405 1949 458 nt.
1986 405 2068 458 DE
2100 404 2373 460 Auxmls
2408 405 2638 460 111leAE
2670 401 2935 458 GRATIAE.

2200 507 2475 588 implicet
2524 507 3077 570 contradictionem
3120 525 3253 570 esse
3290 508 3528 584 falsum
3566 514 3669 578 illud

2200 607 2410 664 autem
2460 603 2775 682 objectum
2816 621 2893 662 ex
2934 602 2993 661 vi
3030 619 3233 662 causae
3272 620 3396 663 non
3432 613 3595 684 potest
3620 615 3669 672 ad
3769 607 3770 610 ’

2199 702 2437 758 tantam
2472 696 2967 758 infallibilitatem
2996 698 3357 776 pervenire;
3402 718 3548 769 nam,
3574 723 3669 765 cum
3768 697 3770 766 ᾗ

2202 791 2263 850 in
2298 791 2619 852 voluntate
2652 795 2905 850 maneat
2940 809 3087 852 vera
3110 836 3125 860 ,
3170 791 3351 850 realis
3384 809 3451 852 ac
3486 795 3673 874 physica
3757 850 3767 871 ,

2200 873 2477 964 potentia
2518 884 2600 943 ad
2626 883 3045 944 resistendum
3075 883 3161 943 illi
3194 884 3555 958 excitationi,
3588 909 3673 950 non
3757 880 3766 949 i

2200 978 2475 1056 implicat
2511 977 3067 1039 contradictionem
3109 977 3285 1037 illum
3325 978 3579 1040 effectum
3600 983 3676 1043 im·
3755 960 3767 1025 i

2199 1070 2441 1149 pediri;
2484 1071 2604 1132 hoc
2632 1072 2820 1151 igitur
2848 1089 3039 1132 sensu
3067 1070 3329 1131 dicimus
3358 1070 3509 1130 illam
3532 1074 3677 1135 deter—
3755 1042 3770 1127 i

2200 1166 2606 1226 minationem
2635 1184 2763 1226 non
2790 1182 2975 1251 posse
3006 1182 3143 1226 esse
3174 1170 3407 1225 tantam
3426 1211 3443 1239 ,
3470 1171 3531 1226 ut
3548 1168 3679 1230 effee—
3757 1209 3765 1250 ,ν

2200 1263 2300 1319 tus
2330 1257 2408 1320 sit
2448 1276 2705 1338 prorsus
2734 1258 3109 1330 infallibilis;
3158 1264 3220 1319 et
3250 1259 3445 1318 solum
3472 1258 3679 1323 humano

2199 1352 2387 1413 modo
2418 1351 2625 1414 dicere
2656 1369 2992 1432 possumus
3020 1352 3188 1432 quod
3216 1369 3459 1430 semper
3481 1357 3678 1425 eveniat.
3757 1369 3764 1432 «ᾗ

2202 1449 2265 1505 et
2302 1447 2431 1506 haec
2460 1445 2741 1506 limitatio
2784 1445 3094 1506 indicatur
3124 1464 3237 1524 per
3265 1444 3415 1505 illud
3449 1446 3679 1515 additum.
3761 1443 3764 1495 ἱ

2204 1557 2347 1599 eum
2388 1539 2651 1600 dicimus
2701 1539 2822 1601 hoc
2862 1557 3001 1600 esse
3052 1539 3373 1602 moraliter
3412 1537 3681 1615 infallibile,

2203 1637 2313 1693 aut
2336 1632 2652 1697 moraliter
2678 1651 2929 1712 semper
2956 1632 3040 1692 ita
3068 1631 3225 1693 fieri.

2761 1870 3013 1934 CAPUT
3056 1871 3155 1931 XI.

2202 2089 2549 2137 soLvtm'rtm
2580 2087 2900 2136 Romus
2924 2087 3309 2134 ommnonsss
3341 2086 3549 2133 nomm
3578 2089 3687 2132 1³11AE-

2622 2181 2939 2230 mmmm!
2970 2181 3338 2228 Decuma.

2286 2385 2342 2444 1.
2390 2379 2757 2458 Priusquam
2787 2380 2865 2441 de
2892 2378 3026 2440 aliis
3054 2377 3305 2439 auxiliis
3332 2377 3601 2450 dicamus,
3622 2399 3692 2439 ne-

2203 2493 2377 2538 cesse
2407 2480 2500 2536 est
2525 2473 2827 2535 nonnulla
2853 2473 3185 2551 Scripturas
3212 2477 3278 2532 et
3303 2473 3599 2551 Augustini
3616 2477 3693 2531 tes

2202 2568 2463 2632 timonia
2493 2567 2908 2646 interpretari,
2948 2583 3088 2644 quae
3116 2566 3195 2626 de
3228 2565 3429 2645 gratia
3460 2566 3695 2625 excitante

2205 2664 2567 2741 loquuntur,
2597 2667 2659 2722 et
2686 2659 2975 2721 videntur
3005 2658 3308 2721 doctrinae
3353 2658 3570 2719 traditae
3596 2678 3698 2717 con·

2202 2755 2415 2817 traria..
2461 2753 2737 2815 Primum
2803 2758 2898 2814 est
2938 2751 3091 2812 illud
3136 2751 3403 2813 «Ioannis
3436 2751 3474 2812 6
3510 2769 3522 2810 :
3562 2749 3698 2812 Nemo

2196 2851 2397 2932 potest
2424 2849 2626 2910 renire
2654 2847 2737 2908 ad
2774 2863 2890 2908 me.
2916 2846 3047 2907 nisi
3076 2844 3272 2934 Pater
3308 2863 3471 2906 meus
3504 2846 3700 2906 tramit

2203 2961 2335 3005 mm
2352 2968 2377 3014 ,·
2410 2941 2517 3002 illa
2548 2940 2715 3002 enim
2742 2939 2984 3012 tractio,
3015 2943 3084 3001 ut
3120 2938 3213 2998 vis
3260 2937 3437 2999 verbi
3482 2939 3606 2998 satis
3638 2937 3700 2996 in-

2204 3033 2391 3109 dicat,
2432 3034 2749 3095 efficacem
2802 3031 3145 3092 motionem
3200 3035 3263 3092 et
3312 3029 3702 3091 determinatio·
3768 3035 3770 3044 ⁴

2203 3146 2350 3189 nem
2374 3127 2708 3188 voluntatis
2732 3124 3071 3205 significan
3091 3124 3162 3185 fit
3187 3130 3405 3185 autem
3434 3124 3618 3185 tractio
3635 3123 3701 3181 illa

2202 3241 2317 3303 per
2363 3223 2740 3284 excitantem
2771 3220 3057 3301 gratiam.
3090 3220 3443 3297 Utrumque
3483 3218 3699 3279 docuisse

2202 3317 2449 3378 videtur
2477 3316 2885 3395 Augustiana,
2916 3318 3099 3375 tract.
3118 3315 3199 3375 26
3216 3312 3285 3374 in
3304 3315 3341 3375 J
3344 3330 3610 3387 oannem,
3633 3308 3701 3369 ubi

2206 3409 2632 3473 difficultatem
2677 3414 2907 3480 movet,
2950 3407 3233 3489 quomodo
3278 3406 3533 3470 volentes
3570 3404 3704 3469 oredi-

2204 3522 2361 3577 mus,
2395 3505 2455 3568 si
2491 3506 2575 3567 ad
2597 3504 2776 3580 fidem
2807 3500 3153 3573 trahimum
3183 3508 3247 3561 et
3294 3499 3361 3561 in
3404 3517 3619 3559 summa
3646 3514 3707 3556 re-

2210 3598 2477 3679 spondet
2502 3598 2873 3659 tractionem
2902 3596 3065 3655 hanc
3084 3612 3222 3655 esse
3246 3593 3518 3654 divinam
3536 3592 3707 3651 revela·

2209 3692 2443 3753 tionem
2484 3709 2593 3753 seu
2623 3690 3037 3761 vocationem,
3072 3705 3211 3766 quae
3253 3687 3345 3748 ita
3393 3686 3709 3747 voluntatem

2210 3782 2421 3856 allicit,
2455 3788 2522 3842 ut
2552 3799 2694 3843 eam
2722 3779 2909 3843 faciat
2933 3779 3249 3840 volentem
3276 3796 3294 3850 ς
3330 3784 3393 3839 et
3410 3778 3512 3838 lib.
3544 3782 3565 3837 1
3592 3782 3707 3835 cont.

2210 3876 2369 3937 duas
2407 3874 2587 3955 epist.
2624 3874 2861 3955 Pelag.,
2896 3890 3033 3953 cap.
3067 3874 3105 3933 3
3132 3878 3193 3933 et
3224 3874 3327 3945 19,
3363 3890 3441 3934 ex
3480 3872 3583 3931 hoc
3618 3870 3712 3928 loeo

2211 3970 2445 4049 colligit
2476 3968 2896 4029 necessariam
2922 3984 3060 4027 esse
3082 3965 3353 4045 gratiam
3377 3966 3712 4033 excitantem,

2210 4068 2275 4125 et
2298 4062 2607 4141 ponderat
2634 4078 2762 4121 non
2782 4060 3009 4121 dixisse
3036 4058 3387 4119 Christum:
3414 4058 3559 4123 Nisi
3574 4056 3714 4117 Pater

2209 4175 2375 4221 meus
2396 4158 2640 4219 duxerit
2666 4174 2798 4219 eum
2808 4183 2833 4227 ;
2864 4173 2937 4217 ne
2956 4160 3321 4235 putaremus
3370 4158 3618 4214 nostram
3650 4166 3715 4209 w

2210 4251 2504 4314 luntatem
2532 4249 2733 4330 aliquo
2752 4249 2923 4311 modo
2940 4249 3281 4330 proeoedere
3297 4272 3324 4320 ,·
3356 4247 3585 4308 ducitur
3606 4242 3713 4302 enim

2209 4342 2392 4408 etiam
2418 4342 2475 4405 is
2499 4343 2603 4424 qui
2612 4344 2751 4421 jam
2774 4342 2909 4404 vult
2926 4369 2950 4415 ,·
2980 4341 3231 4422 proprie
3266 4346 3479 4401 autem
3498 4356 3609 4398 nou
3634 4344 3717 4395 tra-

2211 4436 2380 4497 hitur
2408 4436 2513 4515 qui
2536 4436 2671 4515 jam
2699 4436 2969 4509 volebat,
3006 4434 3118 4495 sed
3159 4434 3465 4495 tractione
3516 4429 3719 4491 efficitur

2210 4528 2452 4591 volens.
2498 4528 2801 4592 Trahitur
2826 4546 2964 4610 eryo
2996 4528 3105 4605 (ait
3150 4526 3555 4606 Augustinus)
3587 4522 3719 4583 miris

2213 4623 2424 4696 modis,
2460 4627 2533 4684 ut
2558 4620 2723 4693 velit,
2756 4621 2827 4683 ab
2863 4620 2973 4683 illo
2995 4621 3103 4703 qui
3130 4618 3297 4683 novit
3324 4618 3496 4682 intus
3517 4616 3579 4677 in
3605 4612 3717 4694 ipsis

2215 4716 2522 4779 hominum
2576 4716 2851 4779 cordibus
2894 4714 3157 4797 operari,
3216 4730 3335 4773 nou
3390 4717 3464 4775 ut
3514 4710 3721 4773 homiues

2218 4810 2397 4891 (quod
2418 4808 2558 4887 fieri
2586 4826 2707 4871 uon
2722 4812 2943 4890 potest)
2974 4808 3237 4871 uolentes
3277 4808 3543 4880 credaut,
3574 4802 3660 4864 sed
3676 4804 3721 4859 ut

2214 4904 2471 4965 volentes
2509 4920 2581 4965 ea:
2626 4902 2968 4965 nolentibus
3003 4902 3200 4979 fian&
3233 4906 3294 4960 et
3336 4899 3417 4960 de
3464 4897 3648 4959 Gratia
3682 4898 3721 4949 ot

2216 4996 2413 5056 libero
2444 4995 2718 5070 arbitrio,
2756 5014 2892 5076 cap.
2931 4996 2999 5067 5,
3032 4996 3101 5057 de
3138 5012 3361 5074 mayna
3392 4997 3453 5055 et
3486 4987 3724 5085 efficacis:

2216 5088 2376 5153 sima
2428 5090 2750 5163 vocatione,
2804 5087 3100 5169 praedicta
3142 5085 3335 5148 verba
3386 5085 3724 5162 interpretari

2217 5181 2482 5243 videtur.

2302 5278 2362 5337 2.
2410 5275 2771 5337 Secundum
2816 5272 3245 5335 testimonium
3270 5316 3285 5345 ,
3339 5264 3627 5349 superiori
3672 5260 3725 5319 si-

2218 5370 2387 5439 mile,
2419 5376 2481 5430 et
2518 5370 2689 5449 quod
2718 5369 2803 5428 illi
2831 5366 3195 5447 frequenter
3222 5362 3597 5443 Augustinus
3621 5369 3729 5457 cou-

2211 5466 2441 5546 jungit,
2470 5472 2564 5525 est
2600 5464 2789 5526 etiam
2825 5465 3007 5526 Joan.
3050 5464 3123 5522 6:
3158 5458 3368 5521 Omnis
3414 5456 3520 5539 qui
3544 5448 3731 5516 audini
3769 5480 3770 5527 3

2218 5576 2257 5620 a
2286 5558 2478 5623 Pam
2506 5564 2562 5621 et
2585 5557 2818 5633 didicit,
2846 5557 3009 5621 mit
3036 5557 3117 5619 aa
3136 5570 3253 5616 mo.
3282 5552 3351 5615 111
3395 5568 3520 5630 quo
3562 5546 3729 5622 aperte
