3850 6225
688 399 822 452 CAP.
859 360 940 452 IV..
975 399 1124 462 Qum
1157 396 1256 449 sn·
1287 394 1590 448 Auximum
1621 393 1946 454 EXCITANS,
1982 395 2128 457 Qum
2161 395 2325 448 VERO
2360 395 2691 448 ADJUVANS.

120 505 528 570 excitationem
557 503 674 562 hoc:
711 503 774 562 in
805 519 880 562 ea
915 501 1008 576 fit,
1047 506 1118 561 ut
1147 504 1290 559 actu
1331 497 1544 574 vigilet
1589 502 1650 556 et

119 598 390 668 attendat,
434 614 508 658 ac
549 597 602 656 si
639 595 882 656 dicatur
921 594 1006 653 illi
1042 612 1056 651 ε
1088 593 1344 672 E'oeuryc
1370 591 1476 671 qui
1515 591 1652 652 dor-

117 697 234 764 mis,
265 696 318 752 et
347 687 722 750 illuminabit
753 694 810 750 to
851 686 1130 750 Christus
1160 710 1182 744 .·
1211 684 1281 744 fit
1323 701 1472 762 ergo
1518 683 1650 743 haec

119 783 372 848 excitatio
399 801 516 861 per
555 787 796 842 motum
841 780 1068 840 animae
1121 777 1373 838 vitalem
1396 821 1412 848 ‚
1455 793 1648 855 quem

117 883 416 959 propterea
463 893 727 936 necesse
769 880 863 934 est
903 873 984 932 ab
1027 872 1161 950 ipsa
1189 869 1347 942 fieri,
1393 874 1565 929 mota
1613 888 1650 928 a

119 975 224 1034 Deo
251 971 438 1047 (Soio,
474 972 502 1028 1
541 969 622 1030 de
651 970 864 1030 Natur.
908 972 970 1026 et
996 971 1182 1044 grat„
1211 983 1268 1026 c.
1302 965 1416 1036 163
1449 963 1646 1040 vega,

120 1073 148 1129 6
183 1067 238 1124 in
262 1062 562 1134 Trident.‚
589 1080 648 1122 c.
670 1063 744 1133 8;
775 1058 1035 1130 Ruard.‚
1065 1064 1180 1119 art.
1217 1059 1298 1136 1).

181 1162 235 1220 4.
265 1159 352 1216 Ex
371 1174 498 1234 quo
523 1155 934 1234 intelligimus
960 1154 1125 1214 hanc
1154 1152 1350 1230 ipsam
1382 1150 1650 1230 gratiam

119 1253 456 1314 excitantem
485 1266 676 1327 posse
718 1245 1123 1317 considerari,
1173 1245 1274 1304 vel
1305 1242 1650 1304 secundum

116 1347 166 1409 id
197 1343 351 1424 quod
389 1343 532 1420 ipsa
577 1347 692 1411 est,
734 1341 834 1400 vel
875 1338 1221 1400 secundum
1249 1337 1313 1397 id
1365 1336 1446 1398 ad
1483 1335 1650 1414 quod

119 1439 438 1505 ordinatum
477 1441 548 1496 et
593 1432 850 1512 quidem
897 1433 1031 1512 ipsa
1069 1429 1416 1492 secundum
1457 1448 1524 1490 se
1555 1432 1652 1488 est

119 1531 242 1613 quid
281 1526 760 1606 supernaturale
811 1527 878 1586 in
918 1525 1130 1585 anima
1174 1523 1407 1584 factum
1449 1527 1508 1582 ct
1556 1539 1650 1580 re-

121 1629 362 1704 ceptum3
399 1621 578 1682 unde
619 1627 688 1681 ut
723 1621 810 1680 sic
853 1618 1056 1698 potius
1095 1623 1190 1678 est
1225 1617 1481 1678 effectus
1508 1633 1652 1692 gra-

119 1722 198 1782 tiae
227 1734 404 1795 quam
433 1713 850 1793 principium;
887 1717 948 1772 et
974 1727 1232 1772 necesse
1265 1713 1359 1770 est
1388 1714 1456 1770 ut
1483 1707 1650 1786 ipsa-

121 1817 222 1872 met
269 1808 492 1868 habeat
553 1824 812 1867 causam
861 1803 1403 1883 supernaturalem
1432 1847 1447 1874 ,
1506 1819 1646 1880 quac

123 1900 502 1984 principaliter
534 1907 632 1960 est
656 1901 855 1970 Deus;
899 1917 980 1958 an
999 1914 1150 1957 vero
1186 1901 1409 1975 praeter
1441 1895 1648 1973 ipsum

123 1997 308 2057 habeat
330 1993 526 2054 aliam
557 2010 815 2054 causam
839 1991 1186 2070 proximam
1208 1994 1648 2068 supernatura-

124 2092 238 2160 lem,
260 2089 318 2148 in
343 2087 762 2165 sequentihus
797 2085 1196 2162 attingemus
1235 2085 1312 2142 At
1339 2100 1486 2143 vero
1519 2082 1650 2140 haec

129 2183 286 2264 gratia
305 2199 428 2242 non
447 2181 644 2241 datur
669 2179 826 2239 utin
851 2196 928 2238 ea
960 2178 1232 2248 sistatur,
1263 2175 1374 2236 sed
1403 2174 1655 2234 ordina-

131 2287 208 2338 tur
229 2277 300 2336 ad
322 2277 404 2350 id,
441 2293 576 2353 quo
605 2273 776 2334 salus
806 2271 1030 2332 animae
1062 2270 1398 2341 obtinetur,
1433 2267 1541 2346 qui
1561 2273 1655 2326 est

131 2373 253 2430 liber
295 2376 354 2429 et
401 2365 909 2446 supernaturalis
973 2381 1319 2425 consensus
1385 2361 1609 2420 animae
1635 2405 1650 2432 ,

128 2482 264 2534 nam,
292 2468 356 2522 ut
388 2463 484 2522 ait
527 2459 906 2530 Bernardus‚
935 2457 1043 2517 lib.
1076 2457 1154 2518 de
1187 2456 1354 2518 Grat.
1385 2461 1445 2515 et
1473 2454 1652 2514 liber.

128 2559 328 2628 arbitr„
353 2557 416 2615 in
448 2555 778 2634 principi0‚
808 2552 1162 2623 consentire,
1193 2549 1429 2614 salvari
1451 2554 1563 2623 est,
1595 2553 1657 2608 et

127 2657 372 2729 respectu
431 2649 598 2708 illius
650 2655 745 2710 est
797 2647 932 2706 haec
987 2643 1186 2724 gratia
1233 2661 1348 2720 per
1397 2641 1656 2702 modum

129 2742 369 2824 principii
405 2761 426 2800 :
469 2760 622 2802 nam
651 2741 788 2800 haec
825 2738 1022 2818 gratia
1054 2741 1168 2808 est,
1203 2754 1242 2796 a
1272 2752 1395 2813 quo
1423 2738 1652 2793 nostrae

133 2838 308 2898 salutis
351 2835 608 2895 initium
658 2833 946 2904 sumitur,
997 2834 1060 2891 et
1110 2847 1247 2908 quae
1302 2834 1396 2889 est
1446 2827 1654 2906 aliquo

131 2930 282 2992 modo
324 2928 508 2988 radix
557 2933 620 2988 et
665 2944 858 2988 causa
899 2928 1270 2986 caeterorum
1318 2921 1656 2982 effectuum

133 3025 332 3104 gratiae3
365 3029 436 3082 et
462 3021 606 3082 ideo
644 3020 724 3080 de
771 3021 890 3080 hac
921 3018 1120 3098 gratia
1153 3016 1301 3076 dicit
1335 3033 1498 3094 saepe
1530 3016 1656 3074 Au-

135 3120 372 3198 gustinus
407 3135 526 3195 per
554 3134 696 3176 eam
739 3114 984 3192 operari
1023 3114 1228 3172 Deum
1279 3109 1340 3169 in
1379 3107 1559 3169 nobis
1589 3111 1656 3167 ut

135 3212 372 3285 velimus,
413 3216 476 3270 et
505 3209 624 3268 alia
666 3208 912 3279 similia,
951 3222 1090 3285 quae
1126 3208 1342 3283 postea
1383 3218 1656 3280 expone-

137 3324 264 3363 mus.

441 3435 602 3509 Quid
624 3435 712 3496 sit
743 3431 952 3513 qratia
981 3433 1301 3513 adjuvans.

197 3589 244 3646 ὃ.
281 3585 484 3647 Gratia
542 3584 848 3663 adjuvans
877 3584 942 3644 in
983 3599 1218 3662 genere
1260 3581 1383 3641 dici
1419 3584 1652 3658 potest,

139 3679 396 3758 quidquid
423 3678 806 3739 intellectum
841 3678 942 3738 vel
967 3675 1354 3737 voluntatem
1370 3673 1549 3752 juvat
1575 3672 1655 3732 ad

139 3771 632 3850 supernaturalem
699 3777 907 3831 actum
976 3770 1324 3828 humanum
1383 3765 1657 3825 efficien-

140 3868 284 3937 dum;
314 3866 476 3945 quod
505 3884 584 3925 ex
609 3864 746 3943 ipso
775 3861 1029 3924 nomine
1063 3861 1212 3921 satis
1245 3864 1438 3937 patet.
1470 3860 1649 3928 Nam,

141 3967 194 4019 ut
213 3960 458 4031 diximus
483 3958 622 4019 duae
651 3956 888 4035 gratim,
923 3955 1202 4015 excitans
1231 3958 1294 4015 et
1319 3952 1650 4031 adjuvans,

142 4053 190 4111 in
216 4054 408 4113 ordine
435 4051 518 4112 ad
542 4042 920 4111 consensum
953 4048 1223 4109 liberum
1261 4052 1324 4107 et
1355 4062 1656 4122 superna-

145 4146 363 4206 turalem
377 4145 883 4219 denominantur,
903 4148 964 4203 et
991 4142 1136 4221 quia
1158 4142 1348 4201 homo
1369 4139 1498 4198 suis
1520 4137 1660 4197 viri-

145 4240 238 4299 bus
259 4240 412 4299 illum
443 4244 744 4318 praestare
769 4254 898 4296 non
919 4239 1145 4313 potest,
1179 4230 1486 4313 quidquid
1513 4248 1658 4291 eum

144 4334 284 4409 juvat
303 4335 376 4395 ad
410 4334 602 4395 talem
648 4332 963 4401 effectum,
982 4334 1215 4409 ‘potest
1246 4327 1445 4407 gratia
1474 4325 1574 4403 adj
1586 4343 1654 4383 u-

147 4444 268 4485 vans
287 4428 502 4487 vocari.
533 4425 666 4498 Qua
691 4422 970 4503 generali
988 4420 1440 4501 significatione
1471 4419 1656 4479 etiam

153 4521 398 4580 auxilium
420 4540 533 4599 per
557 4518 818 4579 modum
840 4534 1182 4575 concursus
1209 4522 1302 4575 est
1322 4513 1524 4591 gratia
1553 4510 1658 4570 ad-

148 4612 352 4688 juvans;
381 4615 506 4673 imo
539 4616 602 4672 et
637 4613 804 4670 Deus
832 4608 988 4687 ipse,
1021 4614 1090 4667 ut
1116 4613 1210 4668 est
1237 4608 1438 4686 prima
1469 4622 1659 4665 causa

155 4704 591 4780 supernaturalis
633 4703 902 4762 influens
937 4701 1002 4761 in
1041 4706 1248 4761 actum
1291 4700 1661 4778 supernatu-

155 4796 325 4871 ralem,
357 4798 548 4877 gratia
593 4796 898 4873 adjuvans
927 4794 1045 4855 dici
1075 4797 1312 4873 potest;
1361 4810 1511 4852 nam
1550 4790 1661 4850 ad-

154 4888 374 4965 juvantis
396 4899 458 4952 et
491 4889 848 4951 auxiliantis
883 4904 1117 4948 nomen
1141 4884 1564 4966 propriissime
1599 4889 1662 4943 et

163 4983 548 5058 perfectissime
585 4982 650 5041 in
681 4981 858 5041 illum
903 4979 1236 5054 convenit,
1283 4978 1430 5055 quia
1459 4976 1660 5053 magis

163 5074 494 5136 efficientiam
522 5092 716 5153 quam
743 5072 912 5133 aliud
937 5091 1137 5153 genus
1162 5088 1368 5131 causae
1395 5068 1655 5139 indicat;

162 5184 344 5228 nomen
379 5169 523 5229 item
571 5168 784 5244 gratiae
825 5165 909 5225 illi
946 5183 1076 5225 non
1117 5168 1458 5243 repugnat,
1507 5162 1664 5221 sicut

164 5276 252 5319 nec
276 5276 486 5321 nomen
525 5260 678 5321 doni
719 5259 986 5338 gratuito
1025 5257 1208 5317 nobis
1247 5256 1478 5331 collati,
1515 5253 1662 5333 quia

167 5354 387 5431 seipsum
423 5354 604 5414 nobis
641 5354 857 5413 donat.
891 5350 1072 5414 Unde
1101 5349 1302 5429 gratia
1328 5350 1394 5409 in
1421 5350 1664 5409 increa-

167 5449 264 5503 tam
285 5452 340 5506 et
362 5452 626 5507 creatam
645 5444 832 5507 dividi
857 5443 1201 5505 consuevit.
1235 5443 1518 5521 Denique
1545 5443 1663 5503 hoc

172 5538 399 5613 generali
430 5537 720 5616 loquendi
757 5538 970 5609 mod0‚
1005 5536 1194 5599 etiam
1230 5536 1481 5597 habitus
1505 5535 1662 5597 infu-

3176 395 3289 454 167

1731 515 1836 556 sus
1865 497 2065 576 gratia
2098 499 2402 577 adjuvans
2421 498 2627 560 vocari
2659 505 2883 578 potest,
2914 501 3073 561 sicut
3098 507 3158 561 et
3184 520 3294 561 vo-

1730 595 1907 650 catur
1938 591 2135 668 gratia
2183 610 2551 670 cooperanS,
2602 598 2670 652 ut
2720 593 2879 652 infra
2908 593 3133 653 dicam.
3177 595 3291 654 Ne-

1730 701 1852 762 que
1883 690 1977 744 est
2004 684 2267 745 dubium
2290 685 2441 764 quin
2466 685 2529 744 hi
2554 685 2724 745 modi
2752 686 2966 762 gratiae
2994 687 3291 766 adjuvan-

1730 777 1808 836 tis
1839 777 2168 850 sufficiant,
2200 783 2271 839 ut
2318 779 2395 839 sit
2442 780 2507 838 in
2554 778 2913 840 universum
2960 799 3176 841 verum
3218 800 3292 840 ac

1731 875 1998 944 certum,
2029 878 2258 950 praeter
2304 871 2683 933 excitantem
2713 872 2978 951 gratiam
3013 891 3149 934 esse
3181 893 3294 934 ne-

1732 964 2065 1044 cessariam
2102 965 2504 1046 adjuvantem
2538 966 2619 1026 ad
2648 967 3155 1044 supernaturales
3192 987 3293 1028 ac-

1731 1063 1832 1118 tus
1863 1058 2225 1134 eliciendos,
2260 1079 2431 1136 nam,
2471 1066 2539 1120 ut
2566 1059 2917 1136 minimum,
2956 1065 3049 1120 est
3074 1079 3295 1120 neces-

1733 1151 1935 1212 sarius
1956 1153 2450 1230 supernaturalis
2480 1171 2819 1214 concursus
2854 1171 2867 1212 :
2905 1159 2966 1214 et
2990 1159 3291 1230 praeterea

1729 1245 1828 1306 vel
1853 1243 2101 1306 habitus
2130 1245 2395 1322 infusuS,
2421 1245 2521 1306 vel
2550 1246 2809 1325 aliquid,
2842 1246 3009 1325 quod
3038 1246 3175 1324 ejus
3200 1245 3293 1306 vi-

1731 1357 1868 1400 cem
1904 1339 2211 1416 suppleat.
2251 1339 2375 1400 Sed
2422 1339 2501 1402 de
2550 1340 2649 1400 his
2702 1340 2915 1418 gratiis
2942 1338 3295 1418 adjuvanti-

1730 1433 1848 1493 bus
1889 1450 2058 1492 nunc
2108 1450 2237 1493 non
2292 1433 2575 1512 agimus;
2628 1433 2800 1511 quia,
2854 1439 3159 1511 quantum
3211 1431 3293 1492 ad

1731 1543 2007 1606 praesens
2038 1531 2297 1604 spectat,
2330 1527 2477 1586 satis
2506 1526 2584 1586 de
2616 1526 2734 1586 illis
2764 1526 2883 1588 sub
2924 1526 3059 1586 aliis
3090 1525 3294 1586 nomi-

1730 1620 1916 1680 nibus
1942 1636 2056 1678 seu
2080 1619 2425 1680 rationibus
2455 1618 2691 1680 dictum
2721 1625 2849 1690 est;
2885 1618 3113 1697 inquiri
3140 1635 3291 1698 ergo

1729 1715 1935 1791 potest
1964 1730 2046 1772 an
2076 1717 2301 1790 praeter
2332 1711 2448 1771 has
2474 1711 2657 1772 detur
2696 1712 2905 1790 aliqua
2946 1709 3069 1771 alia
3094 1711 3293 1791 gratia

1731 1805 2061 1886 adjuvans,
2094 1823 2244 1865 nam
2288 1805 2354 1865 in
2405 1806 2523 1866 hoc
2551 1805 2705 1865 nihil
2742 1824 2879 1868 esse
2924 1806 3173 1868 videtur
3212 1805 3291 1866 de

1727 1898 1854 1960 fide
1883 1905 2148 1972 certum,
2182 1898 2295 1959 sed
2340 1899 2423 1960 ad
2459 1898 2868 1978 Theologicas
2914 1899 3293 1978 quaestiones

1730 1993 1831 2054 vel
1872 1992 2197 2070 opiniones
2222 1993 2535 2072 pertinere
2572 2013 2585 2053 :
2619 1993 2892 2055 breviter
2929 2001 3147 2055 tamen
3194 2012 3294 2054 ex-

1734 2086 1979 2166 plicabo
2008 2086 2177 2164 quod
2216 2086 2297 2147 ad
2323 2104 2602 2165 praesens
2630 2087 2979 2149 institutum
3010 2103 3294 2148 necessa-

1734 2181 1896 2240 rium
1921 2180 2226 2240 existimo.
2650 2245 2661 2256 ‚

1815 2273 1875 2332 6.
1916 2273 2062 2346 Quae
2088 2272 2175 2336 sit
2210 2275 2421 2356 qratia
2449 2275 2750 2356 adjuvans
2780 2276 2863 2336 ad
2886 2279 3060 2338 actus
3088 2273 3193 2354 qui
3222 2291 3294 2334 em

1738 2367 2038 2430 habitibus
2058 2367 2403 2430 eliciuntur.
2428 2400 2509 2414 -—
2528 2367 3055 2446 Distinguendum
3082 2371 3175 2426 est
3200 2383 3295 2426 er-

1739 2478 1818 2538 go
1841 2459 2165 2538 imprimiS,
2204 2461 2368 2521 inter
2396 2464 2571 2522 actus
2600 2461 2707 2540 qui
2742 2461 2901 2522 fiunt
2928 2461 3009 2520 ab
3042 2459 3295 2520 homine

1731 2553 1864 2632 jam
1897 2553 2257 2631 justificatO,
2284 2553 2735 2634 eliciunturque
2763 2555 2841 2614 ab
2870 2553 3205 2624 habitibus,
3235 2557 3299 2612 et

1735 2645 1975 2706 fructus
2011 2646 2266 2724 justitiae
2306 2649 2631 2719 dicuntum
2686 2653 2749 2708 et
2788 2646 2951 2708 inter
2986 2651 3171 2729 actus·
3194 2663 3298 2705 su-

1737 2741 2169 2818 pernaturales
2192 2784 2209 2813 ‚
2267 2741 2371 2820 qui
2418 2746 2563 2802 ante
2612 2740 2942 2822 justitiam·
2966 2739 3145 2810 fiunt,
3197 2738 3295 2798 vel

1736 2832 2019 2912 proxime
2073 2833 2155 2894 ad
2198 2834 2505 2913 justitiam
2550 2831 3039 2912 comparandam
3088 2832 3299 2910 dispo-

1737 2931 1918 2996 nunt,
1952 2928 2021 2985 ut
2050 2932 2143 2986 est
2168 2927 2453 2988 contritio
2480 2926 2779 3006 perfecta,
2810 2927 2911 2986 vel
2938 2930 3199 2998 remote,
3228 2930 3299 2984 ut

1739 3024 1834 3080 est
1877 3018 2263 3096 imperfecta,
2308 3039 2421 3082 seu
2472 3020 2736 3092 attriti03
2772 3027 2835 3082 et
2870 3021 3038 3080 idem
3087 3022 3180 3078 est
3218 3019 3297 3080 de

1734 3114 1940 3193 primo
1984 3118 2126 3174 actu
2166 3114 2312 3176 fidei
2356 3116 2417 3175 in
2462 3115 2696 3189 adulte,
2745 3115 2851 3193 qui
2898 3114 3169 3193 primum
3217 3111 3299 3173 ad

1735 3206 1929 3267 fidem
1959 3207 2357 3269 convertitur.
2402 3210 2639 3269 Rursus
2668 3208 3181 3287 distinguendum
3207 3212 3301 3267 est

1739 3300 1816 3361 de
1864 3300 2093 3361 auxilio
2136 3302 2493 3381 adjuvante,
2536 3302 2638 3363 vel
2680 3302 3042 3380 simpliciter
3084 3318 3300 3361 neces·

1739 3393 1901 3454 sario
1934 3394 2015 3455 ad
2056 3394 2433 3457 eliciendum
2477 3395 3023 3475 supernaturalem
3061 3400 3297 3467 actum,

1737 3487 1835 3547 vel
1876 3486 2006 3547 utili
2039 3493 2283 3549 tantum
2327 3495 2397 3549 ut
2437 3489 2705 3563 faciliuS,
2748 3489 3024 3560 suaviuS,
3074 3487 3301 3567 magis-

1738 3599 1861 3659 que
1897 3589 2375 3660 perseveranter
2416 3581 2548 3642 fiat.
2593 3584 2683 3643 De
2726 3582 2969 3643 actibus
3001 3599 3151 3659 ergo
3194 3578 3300 3659 qui

1737 3675 1818 3735 ab
1869 3675 2185 3736 habitibus
2240 3674 2592 3749 eliciuntur,
2648 3694 2801 3737 vera
2854 3675 3133 3736 doctrina
3182 3678 3297 3745 est,

1734 3774 1961 3846 praeter
2003 3768 2377 3841 excitantem
2427 3770 2693 3847 gratiam
2723 3768 2843 3829 illis
2872 3768 3301 3847 proportiona-

1733 3864 1886 3933 tam,
1915 3860 2153 3921 nullam
2196 3860 2383 3921 aliam
2433 3862 2839 3941 adjuvantem
2886 3866 3114 3940 praeter
3154 3878 3301 3921 con-

1741 3971 1997 4013 cursum
2027 3952 2261 4015 ordinis
2290 3954 2503 4033 gratiae
2529 3972 2667 4015 esse
2696 3954 3056 4033 simpliciter
3082 3972 3305 4014 neces-

1741 4047 1993 4120 sariam,
2024 4052 2093 4108 ut
2123 4064 2199 4105 ex
2235 4046 2516 4107 doctrina
2543 4048 2617 4107 D.
2653 4048 2909 4107 Thomae
2938 4047 3153 4125 (quam
3186 4063 3303 4107 sae-

1740 4158 1818 4219 pe
1849 4140 2056 4217 citavi)
2091 4143 2147 4200 1.
2200 4142 2261 4211 2,
2308 4158 2369 4219 q.
2404 4143 2543 4216 109,
2586 4142 2760 4202 artic.
2794 4144 2852 4213 1,
2899 4142 2938 4201 2
2986 4146 3047 4200 et
3078 4142 3137 4213 3,
3168 4139 3307 4218 pla-

1739 4252 1820 4294 ne
1851 4232 2179 4311 colligitur.
2214 4232 2369 4305 Quia
2399 4252 2511 4312 per
2542 4234 2824 4294 habitum
2852 4233 3042 4293 habet
3083 4238 3304 4311 poten-

1739 4326 1821 4387 tia
1861 4326 2276 4388 sufficientem
2310 4326 2437 4387 vim
2474 4328 2539 4387 in
2582 4328 2823 4388 ratione
2864 4345 3069 4388 causae
3101 4328 3302 4404 proxi-

1739 4438 1884 4490 mae,
1911 4425 1973 4479 et
2000 4437 2115 4497 per
2143 4438 2516 4481 concursum
2546 4421 3089 4499 supernaturalem
3114 4420 3308 4481 habet

1741 4512 1844 4573 illa
1865 4530 2057 4573 causa
2084 4513 2369 4591 proxima
2396 4513 2711 4573 sufficiens
2740 4512 3120 4591 adjutorium
3158 4531 3307 4573 cau-

1743 4623 1828 4665 soe
1848 4606 2065 4683 primae.
2096 4606 2162 4665 in
2192 4606 2295 4667 illo
2326 4606 2544 4669 ordine
2568 4626 2583 4679 3
2618 4606 2769 4685 quid
2794 4626 2943 4687 ergo
2970 4605 3140 4667 aliud
3166 4626 3304 4669 esse

1741 4702 1948 4776 potest
1977 4699 2447 4759 necessarium?

1823 4795 1881 4851 ’7.
1934 4790 2295 4855 Occurritur
2331 4794 2661 4874 obsectioni.
2688 4824 2771 4841 —-
2797 4794 3017 4855 Dicent
3042 4794 3305 4856 fortasse

1741 4884 1977 4963 requiri
2008 4886 2252 4946 actuale
2282 4888 2814 4965 complementum
2839 4887 3078 4949 virtutis
3100 4906 3305 4949 causae

1742 4978 2063 5057 proximae,
2091 4996 2239 5038 nam
2268 4980 2388 5040 hoc
2420 4980 2753 5059 (inquiunt)
2791 4998 2921 5040 non
2959 4981 3143 5041 datur
3180 4981 3309 5041 suf-

1741 5072 2026 5133 ficienter
2054 5088 2169 5149 per
2203 5072 2405 5131 solum
2452 5073 2774 5144 habitum;
2820 5074 2967 5150 quia
2997 5080 3172 5134 actus
3210 5092 3309 5134 se-

1744 5164 1989 5225 cundus
2022 5170 2116 5225 est
2144 5164 2476 5243 perfectior
2504 5171 2566 5225 et
2592 5166 2793 5244 magis
2827 5165 3086 5227 actualis
3116 5184 3308 5244 quam

1743 5258 2018 5336 primus;
2053 5258 2330 5336 potentia
2360 5261 2569 5319 autem
2596 5276 2738 5319 cum
2766 5258 2983 5319 habitu
3022 5264 3117 5319 est
3160 5276 3309 5318 con-

1745 5350 1955 5413 stituta
1997 5357 2237 5413 tantum
2274 5352 2339 5413 in
2370 5358 2513 5413 actu
2551 5353 2789 5432 prim03
2841 5371 2991 5432 ergo
3026 5351 3309 5412 nondum

1741 5444 1933 5505 habet
1996 5446 2372 5522 completam
2434 5445 2723 5507 virtutem
2786 5446 2867 5506 ad
2936 5445 3308 5507 eliciendum

1745 5544 1979 5611 actum,
2014 5537 2217 5599 donec
2244 5538 2415 5598 illam
2464 5539 2729 5618 gratiam
2757 5540 3087 5611 actualem,
3131 5538 3306 5617 quasi
