3850 6225
749 383 886 436 GAP.
921 380 1048 433 vm.
1085 378 1209 442 QUO
1241 377 1496 430 TANDEM
1529 375 1696 428 MODO
1729 375 2091 432 COGNOSCAT
2128 376 2287 429 DEUS
2318 376 2587 438 FUTURA,
2623 376 2755 428 ETC.

151 487 378 567 jectum
411 489 500 546 est
527 483 966 545 secundarium
993 487 1280 561 respectu
1326 480 1488 540 illius
1515 480 1718 540 scien-

157 581 248 642 tiae
280 579 620 641 secundum
649 595 740 651 se,
775 583 836 638 et
864 578 946 638 ita
977 576 1187 655 quoad
1220 576 1340 635 hoc
1369 579 1574 635 cessat
1602 571 1720 634 dif-

161 673 414 734 ficultas.
439 671 764 734 Posteriori
784 675 994 730 autem
1015 669 1204 730 modo
1227 672 1491 747 possunt
1509 667 1719 727 futura

161 763 572 844 contIngentia
636 763 992 824 terminare·
1037 761 1312 822 divinam
1361 760 1714 827 scientiam,

163 859 392 920 etiamsi
447 858 526 918 ab
552 860 786 917 aeterno
837 875 968 916 non
1015 856 1292 916 habeant
1325 852 1716 914 existentiam

162 959 440 1012 aeternam
471 949 553 1010 ad
590 951 812 1023 Deum,
846 947 958 1010 sed
987 952 1228 1010 tantum
1259 965 1374 1027 pro
1407 945 1534 1006 suis
1558 951 1718 1005 tem-

163 1045 438 1124 poribus;
491 1041 636 1120 quia
668 1043 786 1102 hoc
824 1041 1160 1102 terminare
1194 1059 1321 1101 non
1355 1044 1450 1100 est
1480 1037 1715 1116 aliquid

167 1138 318 1198 reale
372 1137 774 1196 intrinsecum
822 1135 886 1195 in
949 1135 1194 1214 objecto
1254 1131 1710 1194 determinante

165 1230 490 1302 scientiam,
514 1229 627 1290 sed
657 1235 752 1290 est
765 1228 1189 1289 denominatio
1213 1226 1558 1287 extrinseca
1575 1241 1714 1303 pro-

166 1325 407 1384 veniens
431 1324 512 1384 ab
535 1323 670 1402 ipsa
689 1322 968 1383 scientia.
997 1321 1175 1384 Unde
1194 1320 1246 1380 si
1261 1319 1494 1398 alioqui
1519 1318 1715 1378 scien-

164 1419 234 1476 tia
251 1419 374 1496 ipsa
392 1436 469 1478 ex
486 1437 553 1477 se
567 1416 796 1476 habeat
811 1415 1220 1476 sufficientem
1233 1413 1356 1473 vim
1371 1410 1718 1491 attingendi

167 1509 546 1570 infallibiliter
590 1511 716 1570 tale
764 1509 1102 1587 objectum,
1155 1511 1360 1586 potest
1397 1503 1717 1566 terminari

165 1605 234 1666 ad
265 1603 432 1676 illud,
465 1604 710 1664 etiamsi
737 1603 804 1662 in
837 1603 941 1662 illo
971 1601 1144 1661 nulla
1173 1601 1250 1660 sit
1276 1599 1538 1660 actualis
1566 1597 1719 1658 enti-

167 1707 271 1768 taS,
302 1715 410 1758 seu
453 1696 780 1756 existentia
809 1713 924 1774 per
974 1711 1163 1774 quam
1193 1693 1486 1754 terminet
1524 1691 1718 1752 talem

167 1799 376 1850 actum,
423 1791 500 1851 Et
549 1789 670 1849 hoc
697 1795 866 1849 recte
897 1787 1240 1866 explicatur
1265 1785 1565 1864 exemplis
1607 1783 1719 1844 ad-

168 1886 349 1946 ductis
373 1885 449 1944 de
481 1882 743 1943 scientia
768 1899 980 1942 rerum
1002 1879 1478 1959 praeteritarum,
1501 1882 1572 1938 ut
1601 1876 1712 1946 sic;

167 1997 298 2037 nam
323 1977 508 2038 etiam
561 1975 968 2054 praeteritum,
1023 1977 1092 2034 ut
1137 1971 1544 2050 praeteritum,
1579 1968 1720 2030 nul-

166 2073 278 2130 lam
298 2069 686 2130 existentiam
716 2068 812 2128 vel
847 2067 1174 2128 entitatem
1198 2071 1342 2126 actu
1371 2065 1562 2124 habet
1587 2081 1721 2123 res-

169 2172 334 2244 pectu
363 2165 522 2225 illius
567 2162 888 2242 temporie,
924 2178 1038 2239 pro
1069 2178 1193 2238 quo
1221 2158 1602 2237 praeteritum
1631 2157 1719 2216 di-

169 2261 328 2318 citur.
355 2260 510 2320 Item
536 2258 619 2318 de
647 2275 716 2318 re
745 2253 1045 2334 possibili,
1079 2253 1158 2313 de
1187 2271 1312 2331 qua
1343 2269 1532 2329 supra
1559 2249 1714 2310 dixi-

169 2369 314 2424 mus,
338 2351 677 2412 terminare
703 2349 888 2410 etiam
919 2345 1338 2426 cognitionem
1375 2361 1487 2404 seu
1517 2343 1716 2402 scien-

171 2447 324 2516 tiam,
369 2461 511 2506 cum
545 2449 755 2504 tamen
779 2439 1126 2502 secundum
1160 2455 1306 2500 eum
1331 2441 1561 2497 statum
1589 2454 1718 2496 non

171 2539 380 2598 habeat
401 2539 464 2597 in
488 2556 562 2598 se
595 2535 915 2615 propriam
942 2538 1004 2594 et
1032 2530 1341 2592 actualem
1369 2529 1713 2602 entitatem,

172 2631 354 2692 sedin
383 2648 598 2693 causa.

355 2825 744 2889 Collectiones
771 2840 846 2888 οε
862 2821 1046 2886 dictis
1075 2821 1143 2884 in
1170 2823 1278 2885 Ιιοσ
1302 2821 1515 2903 capito.

245 3004 297 3062 7.
327 3002 574 3064 Prima.
599 3030 680 3044 —
707 2999 909 3076 Atque
941 2997 1084 3056 hinc
1105 2996 1471 3076 intelligitur
1494 2995 1722 3074 prim0,

175 3096 464 3176 quomodo
491 3092 654 3155 illud
683 3110 843 3166 esse,
873 3091 1043 3170 quod
1069 3089 1327 3152 effectus
1357 3091 1728 3170 contingens

175 3192 345 3252 habet
372 3236 388 3263 ,
441 3189 552 3250 vel
603 3188 930 3248 habiturus
980 3192 1076 3248 est
1128 3185 1196 3245 in
1247 3204 1361 3246 suo
1418 3191 1725 3264 tempore,

175 3286 392 3345 etiamsi
423 3284 504 3345 ab
547 3288 782 3343 aeterno
831 3297 1052 3341 revera
1093 3297 1222 3340 non
1267 3280 1366 3352 sit,
1423 3295 1500 3337 ex
1552 3281 1728 3356 parte

173 3377 375 3456 objecti
424 3375 627 3456 possit
682 3392 820 3435 esse
875 3373 1188 3433 sufficiens
1243 3372 1726 3432 fundamentum

175 3478 232 3530 ut
267 3488 371 3549 per
414 3469 704 3547 aliquam
745 3465 1072 3527 scientiam
1111 3470 1414 3527 aeternam
1458 3468 1522 3525 et
1578 3462 1728 3523 emi-

173 3568 592 3628 nentissimam
631 3564 922 3644 cognosci
955 3563 1173 3643 possit,
1211 3566 1274 3623 et
1303 3564 1430 3623 tam
1449 3558 1725 3639 perfecte

175 3660 244 3719 ab
271 3666 492 3721 aeterno
527 3657 750 3731 videri,
782 3676 858 3717 ac
887 3658 938 3717 si
959 3658 1094 3737 jam
1126 3661 1327 3727 essen
1361 3654 1529 3733 quia,
1571 3651 1729 3713 scili-

177 3759 281 3826 cet,
309 3754 457 3814 illud
485 3752 640 3814 satis
671 3758 766 3813 est
797 3758 863 3812 ut
887 3757 1064 3812 actus
1091 3748 1434 3811 intuitionis
1467 3747 1548 3807 ad
1572 3744 1728 3807 illud

65 3860 82 3873 ‘
176 3847 472 3907 terminari
505 3846 728 3925 possit,
781 3844 834 3905 si
877 3842 1130 3905 aliunde
1170 3862 1248 3903 ex
1284 3846 1460 3920 parte
1500 3858 1730 3918 coguo-

179 3940 381 4000 scentis
396 3940 474 4001 sit
501 3938 824 4000 sufficiens
845 3937 1064 3997 virtus,

246 4031 298 4091 8.
349 4030 634 4095 Secunda
661 4056 682 4091 .·
710 4048 988 4111 quoenam
1013 4026 1097 4090 sit
1143 4025 1540 4091 determinata
1575 4024 1744 4099 veri<

177 4127 282 4196 tas,
309 4142 482 4203 quam
507 4124 725 4187 liabent
750 4124 876 4187 hoec
915 4125 1154 4201 futura.
1176 4151 1259 4166 —
1283 4117 1596 4190 Secundo,
1624 4118 1723 4177 in-

179 4217 446 4295 telligitur
465 4218 773 4297 quidnam
801 4216 880 4277 sit
901 4214 1194 4276 veritates
1215 4215 1354 4286 haS,
1385 4230 1497 4273 seu
1527 4230 1729 4272 enun-

177 4309 450 4371 ciationes
475 4312 554 4373 de
587 4311 795 4371 futuro
821 4308 1205 4385 contingenti
1251 4324 1390 4369 esse
1420 4306 1500 4366 ab
1545 4310 1728 4365 aeter-

177 4419 248 4460 no
274 4409 330 4463 et
354 4404 764 4465 determinate
797 4420 1000 4474 verast,
1034 4407 1096 4462 et
1123 4401 1426 4480 quidnam
1447 4398 1526 4459 sit
1549 4402 1727 4457 aeter-

178 4510 248 4553 na
269 4514 478 4557 earum
510 4498 762 4565 verium,
795 4513 938 4555 cum
968 4495 1103 4573 ipsa
1131 4512 1232 4554 res
1261 4500 1410 4553 tunc
1438 4491 1591 4551 nihil
1622 4490 1718 4561 sit;

179 4590 404 4666 proprie
445 4590 614 4649 enim
641 4589 871 4650 veritas
913 4588 1016 4647 illa
1045 4604 1118 4647 ac
1150 4584 1492 4647 formaliter
1521 4584 1725 4643 solum

181 4681 342 4741 estin
386 4682 703 4743 intellectu
751 4681 984 4753 divino,
1031 4686 1098 4740 ut
1127 4682 1296 4740 recte
1338 4679 1409 4738 D.
1452 4677 1725 4737 Thomas

181 4791 346 4850 supra
385 4776 613 4848 docuit,
645 4775 990 4855 praesertim
1027 4774 1174 4835 dict.
1215 4778 1434 4851 quaest.
1472 4774 1572 4845 16,
1603 4776 1718 4831 art.

181 4866 232 4935 Ἰ,
258 4867 403 4927 etde
427 4870 684 4944 veritate
718 4870 782 4927 in
812 4866 1129 4928 communi
1161 4864 1532 4947 significavit
1557 4864 1726 4924 Aris-

182 4960 400 5034 toteles,
431 4962 470 5021 6
495 4962 771 5042 Metaph.
802 4962 894 5021 Ex
924 4967 1103 5040 parte
1129 4978 1278 5020 vero
1309 4957 1720 5036 objectorum,

182 5052 316 5111 nihil
356 5055 524 5116 aliud
583 5062 677 5115 est
729 5055 866 5115 haec
914 5054 1146 5115 veritas
1199 5069 1390 5130 quam
1446 5049 1724 5130 aptitudo

183 5146 470 5220 quaedam,
503 5167 612 5209 seu
647 5167 776 5209 non
801 5145 1244 5227 repugnantia,
1277 5150 1348 5204 ut
1374 5144 1754 5211 intellectus

183 5235 400 5298 habens
463 5242 752 5303 virtutem
819 5238 1207 5318 intelligendi
1267 5238 1678 5299 sufficientem
1706 5280 1724 5310 ,

183 5332 356 5405 possit
381 5333 457 5394 de
496 5336 606 5395 tali
633 5336 876 5414 objecto
908 5352 1054 5395 vere
1084 5331 1446 5403 enunciare,
1481 5348 1593 5390 seu
1623 5329 1727 5407 ju-

183 5420 395 5497 dicare,
437 5444 573 5506 quae
619 5427 898 5509 aptitudo
948 5426 1202 5489 realiter
1251 5441 1379 5484 non
1419 5429 1512 5484 est
1556 5421 1724 5482 aliud

187 5523 390 5592 proeter
416 5519 617 5601 ipsum
642 5538 804 5595 esse,
835 5520 1006 5603 quod
1030 5536 1133 5581 res
1167 5536 1281 5581 suo
1313 5522 1593 5598 tempore
1628 5518 1726 5577 est

3240 368 3361 432 329

1797 481 2111 550 habitura,
2161 478 2401 540 ratione
2446 478 2623 557 cujus
2652 476 2999 556 comparari
3026 480 3231 555 potest
3280 474 3363 536 ad

1799 575 1973 654 prius
2001 580 2269 652 tempus,
2306 579 2367 634 et
2392 572 2479 634 sic
2505 572 2731 633 dicitur
2760 572 3039 631 futurum
3064 591 3079 642 ;
3110 569 3189 629 ad
3218 569 3363 630 suh-

1801 686 2097 748 seqnem,
2139 675 2201 728 et
2229 669 2317 729 sic
2352 672 2558 747 potest
2598 665 2897 745 appellari
2926 664 3311 744 praeteritum
3344 680 3360 734 ;

1803 763 2069 842 ideoque
2101 761 2327 822 veritas
2372 761 2508 820 haec
2554 777 2633 820 ex
2668 766 2843 839 parte
2874 757 3098 836 objecti
3140 755 3366 816 funda-

1797 855 2089 918 mentalis
2118 853 2419 934 appellari
2447 853 2625 924 solet,
2656 870 2796 930 quae
2828 869 2953 911 non
2986 867 3236 928 semper
3268 866 3365 908 re-

1797 949 1988 1028 quirit
2016 947 2406 1008 existentiam
2434 945 2673 1006 realem
2701 944 2765 1004 in
2795 951 2961 1017 actn,
2983 943 3095 1004 sed
3123 961 3236 1022 pro
3264 960 3365 1002 ra·-

1797 1043 1967 1102 tione
1982 1041 2278 1102 veritatis.
2304 1039 2480 1102 Unde
2504 1038 2781 1109 Aristot.,
2814 1039 2852 1097 5
2880 1037 3181 1116 Metaph.‚
3206 1041 3354 1097 text.

1795 1137 1894 1206 14,
1956 1141 2017 1196 et
2070 1134 2211 1194 libr.
2245 1135 2307 1206 6,
2358 1132 2421 1192 in
2462 1131 2599 1203 fin„
2628 1129 2903 1191 distinxit
2936 1129 3167 1209 duplex
3196 1148 3309 1190 ens
3346 1147 3359 1188 ε

1793 1247 1991 1288 unum
2016 1227 2185 1306 quod
2209 1244 2354 1286 vere
2374 1231 2499 1298 est;
2533 1224 2701 1285 aliud
2717 1223 2907 1302 quod,
2938 1225 3084 1285 licet
3111 1241 3239 1284 non
3261 1223 3359 1296 sit,

1797 1322 2023 1383 sufficit
2054 1320 2137 1380 ad
2166 1319 2495 1382 veritatem
2522 1319 2991 1398 proposi·tionis;
3036 1319 3120 1378 ita
3148 1317 3249 1379 hic
3274 1317 3363 1378 di·

1799 1433 1941 1476 cere
1985 1431 2319 1493 possumus
2356 1413 2477 1474 hoc
2516 1413 2704 1473 etiam
2730 1413 3034 1487 futurum,
3078 1411 3365 1489 quamvis

1799 1508 1880 1569 ab
1908 1515 2141 1568 aeterno
2184 1525 2314 1566 non
2351 1507 2451 1576 sit,
2499 1506 2735 1566 habere
2762 1512 2975 1566 tamen
3026 1504 3365 1584 quemdam

1797 1601 2056 1661 modum
2081 1600 2261 1670 entiS,
2282 1599 2343 1660 in
2372 1605 2676 1680 quantum
2693 1600 3072 1660 sufficienter
3097 1598 3364 1658 fundare

1796 1699 2001 1774 potest
2041 1693 2364 1754 veritatem
2406 1692 2621 1772 judicii
2648 1693 2863 1753 oeterni
2920 1711 3035 1753 seu
3064 1692 3365 1752 enuncia-

1797 1788 2005 1858 tioniS‚
2042 1790 2104 1846 et
2124 1786 2459 1848 terminare
2490 1792 2697 1847 actum
2727 1786 3137 1866 intelligendi,
3174 1785 3365 1866 quivi

1799 1899 1914 1941 sua
1942 1879 2263 1940 terminari
2311 1885 2517 1959 potest
2561 1880 2641 1939 ad
2670 1879 3012 1958 quodlibet,
3064 1898 3365 1958 quacum-

1799 1993 1922 2056 que
1966 1975 2205 2036 ratione
2240 1973 2620 2053 participans
2668 1973 2977 2034 rationem
3019 1973 3203 2047 entiS,
3236 1974 3365 2034 sive

1797 2070 2120 2149 praesentis
2178 2068 2305 2129 sive
2366 2066 2604 2141 futuri,
2658 2067 2955 2146 praeteriti
3004 2073 3113 2128 aut
3168 2067 3366 2146 possi-

1797 2164 1963 2224 bilis.

1878 2259 1937 2318 9.
1973 2257 2187 2319 Tertia
2215 2281 2237 2316 .·
2263 2255 2413 2337 quid
2441 2254 2525 2318 sit
2544 2257 2878 2335 praesentia
2908 2255 3197 2336 objectiva
3228 2253 3370 2316 illo-

1797 2367 1957 2412 rum.
1997 2381 2080 2396 -
2117 2349 2324 2410 Tertio
2370 2348 2738 2427 intelligitur
2779 2368 2857 2410 ex
2884 2349 3060 2411 dictis
3102 2349 3253 2428 quid
3290 2347 3369 2408 sit

1797 2442 2132 2522 praesentia
2162 2442 2490 2521 objectiva,
2529 2442 2607 2504 de
2648 2461 2773 2522 qua
2804 2461 2994 2523 supra
3032 2443 3219 2503 locuti
3262 2459 3369 2502 su-

1797 2555 1975 2598 mus:
2010 2535 2255 2596 duobus
2302 2536 2471 2596 enim
2520 2536 2725 2598 modis
2770 2535 3107 2616 excogitari
3134 2539 3362 2613 potest.

1801 2629 2006 2691 Primo
2047 2629 2112 2688 in
2158 2633 2299 2688 actu
2328 2628 2627 2702 secundo,
2674 2647 2789 2690 seu
2837 2631 3043 2708 potius
3077 2633 3369 2706 respectu

1743 2775 1752 2786 .
1803 2728 1980 2784 actus
2026 2721 2283 2782 secundi
2328 2728 2389 2783 et
2436 2723 2657 2782 ultimi.
2697 2724 2775 2783 Et
2812 2724 2931 2782 hoc
2977 2741 3165 2782 sensu
3214 2720 3370 2782 nihil

1805 2815 1975 2876 aliud
2006 2821 2101 2876 est
2131 2833 2269 2875 esse
2322 2814 2625 2892 objective
2654 2833 2957 2896 praesen8‚
3003 2833 3195 2894 quam
3224 2820 3369 2875 actu

1803 2909 2032 2981 videri;
2090 2915 2151 2970 et
2182 2908 2261 2970 de
2312 2908 2639 2986 praesentia
2680 2909 2799 2970 hoc
2846 2909 3033 2970 modo
3066 2908 3370 2987 explicata

1805 3002 2129 3064 verissime
2146 3002 2369 3064 dicitur
2398 3021 2526 3063 non
2548 3003 2921 3064 antecedere
2946 3003 3133 3064 etiam
3154 3019 3372 3063 secun-

1808 3098 1959 3159 dum
1989 3097 2297 3159 rationem
2328 3097 2529 3177 ipsam
2568 3097 2923 3169 scientiam;
2968 3103 3028 3159 et
3070 3097 3209 3159 ideo
3243 3114 3373 3157 non

1809 3209 1993 3273 posse
2028 3210 2105 3251 ex
2127 3190 2231 3251 tali
2252 3192 2587 3269 praesentia
2606 3191 2913 3251 rationem
2939 3190 3211 3251 scientiae
3236 3189 3373 3250 red-

1810 3288 1896 3358 di,
1942 3304 2085 3347 cum
2136 3302 2251 3363 per
2294 3284 2461 3345 illam
2504 3284 2849 3347 formaliter
2892 3284 3021 3345 fiat.
3082 3282 3371 3345 Secundo

1807 3380 1996 3441 modo
2014 3380 2174 3440 sumi
2190 3384 2394 3459 potest
2411 3378 2777 3457 aptitudine,
2804 3383 2871 3439 ut
2893 3378 2961 3439 in
2974 3377 3373 3438 sensibilibus

1807 3473 2033 3535 dicitur
2053 3472 2393 3551 objectum,
2418 3471 2701 3549 quamvis
2729 3477 2873 3532 actu
2900 3490 3032 3531 non
3059 3470 3370 3541 videatur,

1811 3584 1951 3628 esse
2000 3565 2303 3644 objective
2349 3582 2660 3643 praesenS‚
2699 3564 2952 3643 quando
2995 3564 3081 3625 ita
3114 3568 3207 3625 est
3232 3581 3378 3643 pro-

1809 3660 2117 3737 pinquum
2142 3703 2158 3731 ,
2204 3659 2622 3719 illuminatum
2645 3703 2661 3730 ,
2716 3663 2777 3718 et
2838 3655 3207 3735 dispositum
3234 3700 3249 3730 ,
3308 3659 3377 3716 ut

1811 3758 2115 3831 quantum
2162 3758 2256 3812 est
2284 3770 2361 3811 ex
2388 3769 2457 3811 se
2482 3750 2677 3811 videri
2723 3750 2938 3830 possit.
2966 3751 3039 3811 In
3084 3748 3377 3829 praesenti

1811 3863 1989 3927 ergo,
2021 3845 2071 3905 si
2100 3846 2219 3907 hoc
2242 3843 2431 3905 modo
2459 3842 2724 3904 velimus
2753 3843 3149 3922 praesentiam
3167 3842 3377 3921 objec-

1809 3940 2001 4001 tivam
2052 3939 2383 4017 explicare,
2426 3936 2583 3997 nihil
2614 3936 2787 3997 aliud
2829 3942 2922 3997 est
2952 3954 3143 4015 quam
3170 3936 3375 4014 ipsum

1809 4053 1971 4107 esse,
1992 4032 2161 4113 quod
2176 4051 2275 4093 res
2292 4035 2386 4092 est
2404 4050 2517 4092 suo
2539 4037 2821 4109 tempore
2852 4030 3172 4102 habitura;
3207 4028 3378 4109 quod
3432 4043 3440 4053 ’

1808 4128 2033 4189 dicitur
2062 4126 2338 4205 praesens
2368 4123 2715 4184 secundum
2764 4123 3155 4183 existent-iam
3179 4123 3247 4181 in
3278 4140 3378 4182 or-

1808 4221 1957 4281 dine
2000 4219 2082 4281 ad
2108 4225 2356 4298 tempus
2396 4218 2463 4277 in
2504 4234 2627 4294 quo
2670 4221 2813 4276 actu
2841 4216 3067 4287 existit,
3097 4216 3377 4276 futurum

1805 4319 2017 4374 tamen
2062 4318 2189 4373 toto
2217 4318 2503 4389 tempore
2533 4305 2861 4387 superiori,
2893 4326 3066 4382 vere,
3094 4308 3196 4369 vel
3220 4308 3377 4367 ima-

1807 4407 2071 4487 ginario,
2093 4411 2428 4483 antequam
2448 4404 2578 4464 liat.
2608 4402 2769 4463 Illud
2799 4420 2949 4482 ergo
2978 4420 3137 4475 esse,
3161 4405 3377 4481 quate-

1805 4520 1924 4561 nus
1959 4506 2051 4561 est
2077 4500 2391 4560 sufficiens
2432 4496 2909 4557 fundamentum
2946 4514 3023 4557 ex
3058 4502 3234 4575 parte
3270 4494 3377 4555 ob-

1799 4594 1948 4673 jecti
1976 4591 2373 4664 terminativi,
2395 4595 2465 4650 ut
2498 4588 2693 4649 videri
2724 4589 2919 4668 possit
2966 4608 3001 4649 a
3035 4590 3167 4649 Deo
3194 4588 3377 4667 (sicut

1807 4687 2181 4765 explicatum
2230 4686 2371 4762 est),
2406 4689 2501 4744 est
2526 4681 2843 4743 sufficiens
2882 4682 3038 4743 ratio
3085 4701 3163 4753 ex
3199 4687 3377 4761 parte

1805 4780 2091 4859 ejusdem
2124 4778 2371 4857 objecti,
2400 4782 2469 4836 ut
2512 4775 2707 4853 possit
2740 4794 2877 4836 esse
2906 4793 3183 4855 praesens
3208 4775 3373 4838 actui

1804 4873 2100 4934 intuitivae
2117 4872 2413 4933 scientiae.
2442 4871 2590 4930 Haec
2610 4869 2800 4947 igitur
2818 4867 3099 4948 aptitudo
3132 4888 3209 4930 ex
3237 4888 3379 4948 par-

1806 4972 1870 5027 te
1898 4968 1989 5027 rei
2020 4963 2472 5045 cognoscendae
2500 4963 2619 5025 dici
2650 4968 2878 5041 potest,
2902 4980 2977 5023 ex
3008 4966 3183 5040 parte
3214 4962 3374 5040 ejuS‚

1807 5059 2142 5139 praesentia
2168 5058 2497 5137 objectiva,
2530 5055 2808 5134 nihilque
2838 5054 3011 5115 aliud
3040 5055 3375 5133 excogitari

1808 5157 2034 5231 potest.

1893 5248 1992 5308 10.
2051 5244 2283 5319 Quarta
2303 5270 2323 5305 :
2374 5236 2559 5324 quare
2600 5240 2914 5303 oeteruitas
2942 5247 2999 5304 et
3040 5258 3243 5303 rerum
3281 5257 3379 5303 co-

1808 5341 2138 5403 existentia
2162 5356 2297 5402 owm
2326 5338 2443 5401 illa
2464 5334 2816 5415 requirerem·
2840 5335 2922 5397 ad
2943 5335 3128 5397 istam
3174 5330 3381 5417 009πί-

1805 5434 2045 5496 tivum.
2072 5432 2385 5503 —Quarto
2412 5426 2779 5505 intelligitur
2807 5444 2885 5485 ex
2910 5426 3088 5487 dictis
3112 5444 3379 5507 quomo-

1807 5527 1888 5589 do
1913 5528 2249 5607 aeternitaS,
2278 5544 2391 5589 seu
2421 5520 2827 5586 coexistentia
2854 5522 2935 5582 ad
2966 5521 3377 5583 aeternitatem
