3850 6225
1498 121 1529 144 C

526 331 609 394 96

524 441 675 504 bero
700 439 803 500 hic
850 445 913 502 et
954 455 1125 500 nunc
1159 437 1299 500 fieri
1340 442 1562 518 potest.
1602 434 1917 500 Moraliter
1943 452 2092 512 ergo

523 533 694 596 idem
721 550 971 613 prorsus
994 537 1090 593 est
1100 531 1403 593 inducere
1427 549 1537 592 seu
1562 528 1931 610 persuadere
1952 545 2092 608 pec-

524 633 755 702 catum,
786 630 849 687 et
866 625 1165 686 inclinare
1186 623 1571 685 voluntatem
1599 621 1872 683 hominis
1892 620 1973 682 ad
2001 625 2094 681 ta-

522 715 649 778 lem
688 721 893 776 actum
934 731 1120 794 quem
1150 731 1277 774 non
1304 718 1508 793 potest
1540 711 1761 774 elicere
1806 710 1926 771 nisi
1953 727 2092 789 pec-

524 811 719 872 cando
733 826 753 886 3
798 809 955 870 sicut
989 825 1137 885 ergo
1171 813 1263 868 est
1294 806 1371 866 de
1392 805 1517 867 fide
1556 805 1757 866 Deum
1787 821 1915 864 non
1961 819 2091 864 esse

524 909 841 964 auctorem
876 901 1132 980 peccati,
1178 916 1383 980 neque
1426 896 1729 959 inclinare
1772 895 2092 958 moraliter

522 997 843 1057 hominem
870 995 949 1056 ad
971 997 1313 1073 peccatum,
1353 992 1442 1052 ita
1469 998 1561 1054 cst
1596 991 1786 1052 etiam
1830 989 1907 1051 de
1941 988 2091 1064 fide,

522 1107 651 1151 non
680 1105 928 1150 movere
963 1086 1083 1148 hoc
1130 1085 1316 1147 modo
1354 1084 1431 1146 ad
1460 1089 1671 1145 actum
1710 1082 1946 1143 malum
1962 1103 1980 1158 3
2026 1080 2091 1142 id

524 1189 640 1258 est,
688 1198 874 1262 quem
925 1179 1117 1240 homo
1164 1181 1297 1240 sine
1342 1177 1565 1238 morali
1616 1175 1855 1238 malitia
1896 1173 2090 1236 libere

522 1293 805 1337 exercere
832 1291 962 1335 non
988 1277 1209 1354 potest.

522 1423 626 1486 Ad
646 1423 833 1486 malos
861 1427 1030 1485 actus
1058 1425 1320 1484 creatam
1338 1417 1699 1482 voluntatem
1726 1415 1891 1480 nullo
1914 1415 2084 1478 modo

942 1516 1107 1578 Deus
1146 1513 1666 1592 proedeterminat.

601 1654 662 1713 9.
697 1649 927 1712 L'ltimo
956 1646 1312 1710 addendum
1348 1651 1440 1706 est
1468 1645 1663 1707 Deum
1692 1661 1821 1706 non
1849 1642 2084 1722 praede-

518 1746 854 1809 terminare
870 1743 1118 1825 physcie
1138 1748 1407 1804 creatam
1422 1739 1804 1802 voluntatem
1820 1738 1899 1798 ad
1913 1750 2086 1800 actus

518 1840 715 1902 malos
742 1838 1117 1900 efficiendos.
1148 1837 1511 1916 Priusquam
1550 1834 1876 1896 veritatem
1920 1833 2086 1895 hanc

518 1933 881 1996 auctoritate
918 1929 1303 2005 confirmem,
1334 1929 1525 1990 variis
1548 1927 1747 1988 modis
1782 1933 1843 1988 ει
1894 1928 2084 1988 ratio·

518 2026 703 2088 nibus
724 2025 897 2086 illam
940 2021 1346 2104 persuadebo,
1377 2027 1441 2082 et
1484 2038 1559 2082 ex
1590 2020 1908 2100 principiis
1935 2018 2083 2081 fidei

518 2120 737 2182 elicere
770 2116 1039 2179 conabor
1064 2132 1085 2194 3
1117 2116 1201 2176 sic
1236 2115 1407 2176 enim
1434 2115 1549 2189 vis,
1580 2131 1795 2175 sensus
1820 2118 1883 2175 et
1929 2129 2084 2192 pon·

516 2213 635 2274 dus
672 2209 1053 2274 auctoritatis
1082 2209 1305 2270 melius
1328 2206 1732 2286 intelligetur.

596 2307 781 2371 Ratio
824 2306 1051 2385 prima.
1082 2335 1166 2350 -
1190 2303 1471 2364 Primum
1516 2301 1713 2380 igitur
1748 2298 2080 2380 proedeter·

516 2399 926 2461 minationem
973 2397 1137 2458 hanc
1202 2394 1608 2457 necessariam
1651 2410 1779 2454 non
1822 2410 1950 2454 esse
1998 2391 2076 2452 ad

516 2491 869 2574 generalem
896 2507 1285 2564 concursum,
1321 2505 1509 2567 quem
1544 2488 1731 2566 Deus,
1784 2492 1855 2547 ιιι
1876 2485 2078 2566 prima

516 2605 721 2663 causa,
752 2585 831 2647 ad
852 2582 1211 2664 hujusmodi
1238 2589 1409 2642 actus
1446 2585 1736 2661 praestare
1762 2577 1972 2654 debet,
1999 2595 2079 2639 ex

516 2681 695 2743 dictis
740 2683 808 2742 in
844 2677 1144 2760 superiori
1189 2675 1350 2737 libro
1408 2675 1557 2735 satis
1617 2677 1718 2751 (ιιι
1760 2671 2074 2752 existimo)

515 2779 779 2836 constat.
810 2774 943 2847 Quo
982 2770 1319 2851 supposito,
1372 2767 1502 2830 fere
1530 2766 1781 2829 evidens
1828 2772 2076 2827 estnon

513 2887 691 2950 posse
718 2869 843 2929 Deo
871 2864 1127 2927 attribui
1142 2863 1317 2924 illam
1333 2859 2072 2942 proedeterminationem,

515 2963 661 3042 quia
688 2962 870 3036 Deus,
904 2975 1045 3020 cum
1070 2957 1150 3018 sit
1175 2973 1420 3017 summe
1456 2953 1681 3029 bonus,
1724 2970 1852 3013 non
1896 2952 2075 3014 adhi-

513 3057 620 3119 bet
656 3055 1031 3137 peculiarem
1064 3069 1277 3114 curam
1305 3057 1415 3113 aut
1452 3047 1714 3131 speciale
1742 3047 2071 3124 auxilium,

514 3158 583 3213 ut
611 3150 764 3211 fiant
782 3148 987 3210 mala·
968 3192 990 3225 ,
1021 3145 1128 3209 sed
1148 3144 1373 3221 solum,
1395 3148 1645 3225 propter
1666 3142 2076 3203 necessarium

514 3250 577 3307 ει
602 3241 889 3323 generale
918 3258 1147 3303 munus
1172 3240 1269 3317 (ut
1304 3238 1393 3299 sic
1438 3236 1665 3313 dicam)
1696 3235 1912 3315 primae
1935 3252 2078 3296 cau·

511 3352 617 3413 sae,
650 3353 831 3397 suum
863 3333 1044 3395 offert
1094 3328 1511 3392 universalem
1566 3344 1958 3404 concursum,
2013 3333 2078 3390 et

510 3429 709 3491 libero
758 3428 1013 3489 arbitrio
1064 3422 1371 3506 permittit
1424 3422 1530 3484 illo
1580 3422 1671 3482 uti
1692 3466 1713 3496 ,
1755 3422 1903 3501 quia
1957 3422 2076 3483 hoe

512 3525 701 3585 etiam
733 3522 814 3584 ad
868 3537 1121 3583 suavem
1150 3518 1285 3597 ejus
1309 3515 1761 3597 providentiam
1804 3521 2074 3595 spectat3

511 3617 711 3680 solum
742 3633 890 3695 ergo
912 3612 1148 3696 proebet
1175 3613 1335 3673 Deus
1362 3610 1441 3671 ad
1478 3614 1687 3672 aetum
1728 3610 1961 3689 peccati
1990 3610 2072 3669 il-

509 3710 643 3774 lum
676 3725 1066 3783 concursum,
1096 3706 1207 3787 qui
1228 3702 1601 3766 necessarius
1624 3708 1715 3765 est
1740 3720 1818 3764 ex
1838 3702 1904 3764 vi
1931 3701 2074 3763 sub·

502 3803 791 3883 jectionis
830 3818 1029 3863 causae
1060 3796 1343 3861 secundat
1384 3796 1462 3859 ad
1499 3797 1767 3877 primam
1779 3812 1799 3874 3
1848 3796 1901 3857 si
1924 3812 2073 3875 ergo

508 3896 619 3958 illa
644 3895 963 3977 praemotio
1018 3912 1145 3956 non
1192 3897 1283 3956 est
1321 3890 1687 3966 necessaria,
1717 3908 1845 3951 non
1873 3896 2074 3971 potest

507 3992 633 4052 Deo
661 3991 937 4052 attribui.

591 4087 689 4148 10.
738 4086 921 4149 Ratio
961 4082 1236 4146 secunda.
1263 4112 1347 4128 —
1372 4078 1655 4143 Secundo
1698 4077 1847 4139 hinc
1888 4076 1983 4153 fit,
2017 4078 2070 4139 si

507 4178 665 4242 Deus
688 4178 914 4241 efficiat
942 4174 1304 4255 hujusmodi
1329 4171 2066 4253 praedeterminationem,

506 4291 637 4336 esse
664 4278 977 4333 auctorem
1002 4268 1256 4349 peccati.
1294 4266 1466 4340 Quod
1498 4266 1586 4327 ita
1612 4264 1886 4339 ostendo,
1923 4263 2072 4343 quia

506 4365 814 4446 imprimis
829 4366 989 4426 Deus
1016 4367 1109 4423 est
1132 4361 1358 4422 directe
1386 4366 1449 4419 et
1472 4376 1583 4439 per
1609 4376 1673 4419 se
1694 4374 1876 4419 causa
1900 4356 2068 4417 illius

506 4461 685 4521 malae
716 4456 1078 4531 voluntatis,
1120 4470 1245 4534 qua
1261 4451 1476 4528 sudas,
1506 4450 1681 4515 verbi
1716 4450 1939 4529 gratia,
1966 4467 2073 4511 vo-

504 4552 623 4615 luit
639 4552 907 4614 vendere
928 4548 1239 4612 Christum
1264 4560 1287 4625 3
1312 4551 1375 4606 et
1392 4561 1520 4605 non
1548 4543 1749 4605 solum
1774 4549 1869 4605 est
1888 4560 2072 4604 causa

503 4646 832 4729 praebendo
860 4660 936 4706 ex
965 4660 1029 4703 se
1050 4638 1403 4720 generalem
1438 4655 1829 4728 concursu-m,
1858 4636 1966 4699 sed
1993 4654 2071 4699 ex

503 4740 850 4802 intentione
912 4754 1025 4797 sua
1094 4730 1696 4813 praedeterminando
1757 4731 2070 4792 influxum

500 4851 687 4895 suum
716 4832 795 4894 ad
822 4830 1012 4893 talem
1034 4826 1419 4900 volitionem,
1444 4825 1571 4884 imo
1594 4829 1655 4884 et
1682 4822 2067 4884 voluntatem

501 4926 678 4988 Judoe
708 4926 787 4987 ad
813 4924 991 4986 illum
1018 4925 1226 4982 actum
1261 4915 1889 4998 praedeteminand03
1920 4917 2072 4996 quid

502 5038 651 5100 ergo
701 5018 970 5099 amplius
1020 5012 1253 5094 requiri
1281 5016 1501 5093 potest,
1542 5016 1615 5071 ιιι
1646 5028 1791 5071 vere
1835 5028 1908 5071 ac
1934 5026 2073 5089 pro-

502 5116 635 5195 prie
658 5114 897 5175 dicatur
916 5126 1099 5172 causa
1128 5106 1295 5167 illius
1316 5107 1551 5185 peccati
1569 5107 1597 5164 ἲ
1623 5104 1687 5165 Si
1724 5104 1892 5165 enim
1912 5102 2072 5183 phy·-

502 5209 624 5271 sice
647 5227 749 5269 res
776 5204 1217 5277 consideretur,
1250 5200 1378 5279 ipse
1402 5199 1535 5277 agit
1578 5203 1779 5259 totum
1806 5196 1974 5276 quod
2003 5197 2070 5259 in

500 5301 609 5363 illo
634 5309 775 5363 actu
807 5298 967 5361 effici
994 5299 1231 5377 potcst3
1262 5298 1346 5368 et,
1377 5298 1447 5353 ut
1475 5290 1629 5367 dixi,
1656 5308 1784 5351 non
1812 5308 2069 5353 concur-

500 5414 575 5457 su
602 5413 677 5456 ex
700 5413 764 5455 se
792 5390 1208 5464 indifferente,
1240 5392 1425 5467 prout
1470 5384 1549 5445 ab
1600 5384 1735 5465 ipso
1780 5382 2060 5461 offertur,

501 5489 610 5553 sed
659 5508 737 5552 ex
764 5506 829 5549 se
858 5491 921 5549 et
964 5501 1040 5546 ex
1078 5482 1423 5544 intentione
1477 5498 1592 5541 sua
1648 5478 2062 5541 determinato

1086 333 1298 390 UPUSC.
1332 335 1373 399 1,
1408 335 1525 388 LlB.
1561 335 1623 387 u.
1660 333 1742 386 ΒΕ
1774 331 2094 386 CONGURSU
2125 331 2230 386 DE!
2261 333 2346 386 An
2379 333 2578 387 Acrns
2609 333 2856 388 onmms
2885 331 3174 386 Num.

2173 433 2252 494 ad
2285 433 2473 496 talem
2501 440 2733 496 actum.
2767 434 2834 494 Si
2861 451 3008 494 vero
3031 450 3130 493 res
3155 431 3568 494 consideretur
3593 454 3693 496 mo·
3776 403 3777 442 ἶ

2171 527 2402 602 raliter,
2439 529 2598 590 Deus
2623 534 2686 589 ει
2712 525 3088 588 determinat
3106 524 3488 587 voluntatem
3529 526 3695 588 homi·

2171 623 2268 684 nis
2295 623 2374 685 ad
2393 623 2583 685 talem
2609 629 2844 697 actum,
2873 627 2939 682 et
2964 637 3094 681 non
3109 639 3188 682 ex
3213 621 3566 684 necessitate
3581 643 3695 684 con-
3776 639 3777 648 ³

2171 733 2386 776 cursus
2411 716 2630 796 primae
2649 733 2875 790 oausae,
2901 720 2975 774 ιιι
2991 719 3305 776 ostensum
3323 719 3420 774 est
3436 736 3454 789 3
3483 731 3616 794 ergo
3635 735 3694 778 ex
3776 757 3777 768 ι

2169 808 2300 869 solo
2319 809 2546 870 affectu
2573 815 2636 870 et
2657 807 2998 884 voluntate,
3029 806 3196 887 quod
3215 806 3356 868 talis
3381 813 3548 870 actus
3585 809 3690 872 fiat.
3776 835 3777 838 ¹

2171 901 2448 982 Denique
2487 903 2620 982 ipse
2646 906 2740 963 est
2766 902 2972 982 prima
3013 900 3200 962 radix·
3223 905 3286 961 ει
3329 919 3535 977 causa,
3561 904 3693 980 quod
3776 915 3777 974 ᾗ

2169 995 2358 1058 homo
2391 998 2493 1060 hic
2519 1006 2580 1062 ει
2601 1015 2791 1073 ιιιιιιε,
2823 1014 2966 1057 cum
2992 995 3110 1058 hac
3136 994 3536 1072 advertentia,
3573 1004 3690 1074 etc,

2169 1089 2286 1152 hoc
2313 1089 2627 1170 objectum
2647 1089 2836 1167 velit3
2868 1087 2975 1150 sed
2999 1089 3191 1150 homo
3215 1107 3342 1150 non
3369 1095 3574 1170 peccat
3599 1093 3693 1153 nisi

2167 1183 2288 1246 hoc
2351 1184 2655 1260 volend03
2715 1201 2866 1264 ergo
2919 1182 3080 1246 Deus
3131 1188 3224 1244 est
3279 1181 3374 1242 illi
3425 1201 3598 1244 causa
3639 1193 3694 1246 ut
3776 1193 3777 1202 ’

2167 1286 2400 1360 peccet.
3776 1287 3777 1328 ἐ

2253 1377 2354 1435 Η.
2397 1375 2656 1438 Eversio.
2679 1375 3134 1452 —Refutatun
3165 1405 3249 1420 -
3271 1371 3490 1432 Dicent
3509 1369 3694 1432 fortas-

2161 1486 2226 1530 se
2268 1470 2461 1530 Deum
2489 1487 2620 1530 non
2645 1485 2774 1530 esse
2813 1483 3062 1528 eausam
3111 1463 3367 1545 peccati,
3407 1464 3548 1543 quia
3593 1483 3692 1526 non

2163 1569 2374 1644 peccat
2399 1563 2488 1624 ita
2529 1559 3006 1624 determinando
3047 1559 3396 1620 humanam
3441 1557 3692 1619 volunta·

2163 1663 2324 1718 tem:
2357 1673 2506 1718 nam
2529 1673 2646 1718 nec
2665 1653 2954 1716 subditur
2979 1653 3126 1732 legi,
3147 1658 3220 1713 ut
3237 1667 3494 1732 peccare
3520 1652 3690 1728 possit,

2164 1767 2280 1811 nec
2311 1767 2350 1812 a
2379 1767 2492 1812 sua
2513 1754 2683 1810 recta
2723 1747 2967 1810 ratione
2993 1745 3320 1819 discordat,
3365 1743 3600 1822 quando
3638 1753 3690 1806 ut
3776 1727 3777 1812 Ῐ

2163 1843 2367 1922 prima
2407 1859 2594 1904 causa
2647 1842 2734 1902 sic
2781 1845 3089 1921 operatur.
3139 1837 3261 1900 Sed
3309 1837 3604 1918 imprimis
3629 1839 3690 1898 ad
3776 1845 3777 1918 g

2163 1935 2518 2015 argumenti
2541 1935 2666 1998 vim
2687 1933 2846 1996 nihil
2881 1931 3094 2008 refert,
3123 1931 3254 1993 sive
3289 1929 3527 1992 dicatur
3562 1930 3690 1992 Deus

2161 2047 2438 2109 peccare,
2469 2027 2600 2092 sive
2627 2045 2796 2102 non;
2825 2043 2972 2088 nam
2987 2070 3010 2103 ,
3061 2025 3310 2087 etiamsi
3335 2024 3478 2104 quis
3495 2023 3690 2086 diceret

2162 2124 2356 2186 Deum
2392 2141 2520 2185 esse
2551 2128 2867 2184 auctorem
2915 2120 3176 2202 peccati,
3219 2137 3351 2180 non
3391 2119 3686 2198 peccando,

2160 2216 2268 2278 sed
2295 2216 2580 2278 faciendo
2611 2219 2860 2276 tantum
2877 2221 2950 2276 ut
2981 2213 3142 2276 alius
3165 2217 3402 2293 peccet,
3441 2211 3506 2272 in
3531 2211 3688 2276 haere·

2157 2309 2276 2371 sim
2319 2309 2632 2372 laberetur
2643 2325 2664 2387 3
2711 2313 3156 2386 argumentum
3211 2315 3426 2368 autem
3489 2305 3686 2366 factum

2159 2403 2471 2464 convincit
2500 2403 2700 2464 Deum
2719 2401 3047 2463 efficaciter
3073 2398 3280 2461 facere
3303 2404 3379 2459 ut
3411 2398 3562 2460 alius
3578 2418 3690 2479 pec·

2158 2501 2274 2572 cet,
2319 2501 2383 2558 et
2405 2502 2846 2574 consequenter
2863 2495 3070 2574 ipsum
3089 2510 3221 2554 esse
3245 2497 3556 2554 auctorem
3577 2511 3688 2572 pec·

2161 2588 2306 2663 cati,
2333 2587 2464 2649 sive
2491 2587 2737 2650 dicatur
2763 2605 3040 2668 peccare,
3071 2587 3200 2648 sive
3221 2604 3376 2647 non.

2237 2681 2492 2758 Deinde,
2517 2683 2804 2762 quamvis
2823 2699 3096 2762 peccare,
3127 2685 3201 2742 ut
3217 2679 3508 2760 intrigore
3531 2680 3688 2758 signi·

2157 2773 2302 2836 ficat
2325 2775 2877 2855 transgressionem
2903 2773 3082 2854 legis,
3109 2791 3240 2834 non
3259 2773 3455 2852 possit
3469 2773 3687 2832 attribui

2156 2870 2280 2931 Deo
2329 2870 2418 2930 sic
2443 2871 2753 2950 operanti,
2797 2869 2949 2949 quia
2975 2886 3104 2928 non
3129 2875 3226 2929 est
3269 2866 3544 2928 subditus
3569 2867 3686 2944 legi,

2155 2969 2390 3038 tamen,
2431 2970 2504 3024 ut
2530 2981 2786 3044 peccare
2815 2961 3168 3042 significare
3211 2968 3419 3042 potest
3467 2978 3686 3038 genera·

2154 3057 2269 3119 tim
2316 3055 2640 3121 deflectere
2687 3055 2770 3118 ab
2817 3073 2893 3118 eo
2944 3054 3114 3136 quod
3138 3059 3380 3117 rectum
3407 3061 3501 3116 cst
3525 3058 3582 3115 et
3601 3053 3688 3115 ho-

2155 3157 2428 3226 nestum,
2473 3151 2560 3212 sic
2611 3168 2827 3212 revera
2865 3155 3144 3230 peccaret
3181 3150 3367 3225 Deus,
3427 3148 3564 3210 data
3601 3148 3686 3207 illa

2156 3244 2508 3325 hypothesi.
2562 3245 2736 3307 Sicut
2787 3245 2877 3322 si,
2935 3261 3046 3325 per
3099 3242 3483 3324 impossibile
3496 3287 3516 3318 ,
3555 3244 3686 3303 Deus

2156 3336 2554 3401 mendacium
2583 3336 2836 3413 diceret,
2869 3336 3052 3417 plane
3079 3342 3383 3417 peccaret,
3423 3352 3545 3397 non
3569 3352 3685 3395 con-

2157 3444 2255 3493 tra
2272 3430 2505 3510 legem,
2537 3428 2644 3491 sed
2667 3436 2884 3491 contra
2905 3447 3082 3491 suam
3101 3428 3458 3491 naturalem
3475 3429 3682 3488 rectitu-

2155 3524 2399 3586 dinem:
2437 3529 2500 3586 et
2540 3523 2690 3603 quia
2733 3521 2814 3584 ab
2841 3522 2960 3583 hac
3001 3520 3264 3584 deficere
3317 3539 3448 3582 non
3493 3526 3684 3601 potest,

2155 3616 2296 3677 ideo
2319 3616 2571 3678 mentiri
2593 3633 2720 3677 non
2743 3620 2962 3696 potest.
2993 3616 3071 3675 Et
3089 3614 3230 3677 ideo
3249 3616 3442 3677 etiam
3461 3632 3579 3674 non
3601 3630 3686 3691 po·

2153 3714 2414 3772 testesse
2435 3716 2780 3789 peccatum,
2811 3708 2936 3769 nisi
2953 3707 3294 3770 deficiendo
3317 3726 3358 3769 a
3377 3706 3542 3786 legc3
3567 3704 3686 3784 quia

2152 3802 2208 3864 is
2229 3802 2340 3882 qui
2371 3801 2578 3881 legem
2598 3820 2728 3863 non
2757 3801 2967 3877 habet,
3005 3806 3100 3863 est
3121 3818 3232 3881 per
3258 3816 3326 3862 se
3349 3806 3570 3875 rectus,
3596 3816 3687 3858 nec
3776 3866 3777 3875 ἵ

2154 3894 2235 3957 ab
2255 3913 2328 3957 ea
2341 3894 2712 3957 rectitudine
2735 3894 2999 3957 deficere
3017 3898 3255 3975 potest3
3275 3893 3330 3955 si
3351 3900 3557 3954 tamen
3573 3909 3686 3971 pos·
3776 3876 3777 3907 ³

2151 3992 2268 4065 set,
2295 3992 2499 4069 posset
2525 3987 2711 4049 etiam
2741 4004 2996 4068 peecare
3018 3988 3152 4048 sine
3177 3986 3340 4065 lege.
3373 3986 3468 4047 Sic
3485 3982 3684 4063 ergcin
3776 4054 3777 4061 χ

2151 4080 2463 4161 praesenti,
2495 4081 2693 4161 posita
2719 4080 2828 4142 illa
2851 4080 3180 4161 hypothesi
3207 4078 3367 4141 falsa
3389 4084 3452 4141 et
3481 4078 3681 4157 impos-
3776 4082 3777 4147 ἶ

2149 4173 2336 4250 sibili,
2367 4175 2528 4236 Deus
2551 4179 2931 4257 repugnaret
2973 4172 3206 4253 regulae
3245 4190 3374 4233 suae
3401 4169 3683 4233 rectitudi-

2150 4269 2274 4345 nis,
2297 4274 2361 4331 et
2383 4267 2502 4331 hoc
2523 4286 2708 4331 sensu
2733 4274 3039 4350 peccaret.
3086 4267 3492 4347 Assumptum
3517 4270 3682 4345 patet,

2152 4362 2300 4442 quia
2329 4366 2546 4423 contra
2573 4362 2882 4423 rationem
2921 4360 3150 4423 summi
3193 4360 3345 4421 boni
3385 4366 3480 4422 est
3503 4373 3684 4419 amare

2151 4462 2329 4519 actus
2353 4456 2573 4533 malos,
2615 4464 2680 4517 et
2731 4455 2812 4519 ad
2853 4454 2992 4519 illos
3027 4454 3358 4517 eliciendos
3399 4452 3682 4553 impellere
3776 4534 3777 4541 ἵ

2154 4550 2473 4611 homines·
2454 4592 2476 4627 ‚
2531 4548 2804 4611 maxime
2857 4566 3002 4610 cum
3039 4548 3243 4610 Deus'
3227 4566 3294 4609 ιιι
3321 4546 3440 4608 hoc
3474 4563 3592 4607 non
3631 4560 3683 4601 se
3776 4554 3777 4559 ’

2151 4648 2394 4721 gereret
2423 4641 2675 4723 praecise
2703 4647 2774 4701 ut
2800 4641 3006 4721 prima
3027 4658 3232 4716 causa,
3263 4640 3344 4702 ad
3369 4640 3540 4719 cujus
3563 4652 3777 4701 con-1

2153 4753 2410 4797 cursum
2442 4733 2562 4797 hoc
2587 4752 2714 4795 non
2749 4739 2843 4796 est
2871 4734 3311 4809 necessarium,
3349 4733 3453 4794 sed
3477 4737 3544 4791 ut
3569 4746 3683 4809 pro-

2149 4829 2322 4909 prius
2345 4834 2408 4890 et
2431 4826 2758 4909 peculiaris
2793 4827 3123 4905 instigator
3149 4825 3228 4887 ad
3250 4826 3502 4887 malum.

2237 4924 2335 4983 12.
2381 4920 2536 4983 Alia
2559 4920 2754 4983 evasio
2783 4922 3142 4985 excluditur.
3167 4954 3244 4966 -
3271 4920 3388 4985 Sed
3415 4919 3582 4979 aiunt
3613 4916 3681 4991 (et

2151 5012 2284 5075 haec
2323 5020 2418 5075 est
2459 5013 2847 5092 frequentior
2897 5014 3140 5091 solutio)
3183 5014 3375 5075 Deum
3411 5030 3532 5073 non
3570 5024 3680 5069 esse

2152 5112 2470 5169 auctorem
2505 5107 2766 5186 peccati,
2801 5107 2952 5187 quia
2977 5106 3350 5169 determinat
3385 5106 3463 5167 ad
3509 5108 3678 5165 mate·

2151 5200 2326 5275 riale,
2357 5205 2422 5260 ει
2443 5216 2572 5260 non
2599 5198 2676 5259 ad
2707 5199 2967 5261 formale
3004 5200 3262 5279 peccati.
3291 5200 3408 5263 Sed
3429 5198 3555 5259 haec
3575 5194 3680 5255 dis·
3776 5254 3777 5257 ,

2147 5294 2366 5355 tinctio
2414 5312 2541 5355 non
2568 5300 2734 5355 recte
2769 5294 2848 5355 ad
2879 5312 3144 5374 proesens
3187 5292 3674 5355 accommodatur.
3776 5320 3777 5379 j

2146 5387 2306 5462 Quid
2327 5385 2502 5449 enim
2537 5391 2632 5449 est
2656 5386 2852 5447 Deum
2899 5404 3030 5449 esse
3069 5403 3320 5448 causam
3373 5380 3677 5447 materialis
3776 5404 3777 5445 4

2143 5480 2400 5563 peccati,
2427 5486 2492 5544 et
2521 5499 2648 5543 non
2674 5479 2982 5543 formalis?
3033 5482 3155 5542 Aut
3199 5480 3366 5543 enim
3409 5483 3499 5541 est
3531 5472 3674 5557 quod
3776 5514 3777 5523 ι
