3850 6225
509 386 630 447 uo

507 495 608 555 vel
635 492 836 553 tribus
877 492 1082 553 modis
1125 494 1510 573 respondere
1551 512 1908 575 possumne.
1944 494 2075 555 Pri-

507 604 650 647 mus
679 590 796 659 est,
825 584 1092 646 Paulum
1125 586 1394 649 scribere
1425 586 1506 649 ad
1532 595 1730 650 lotum
1770 588 2073 667 populum

509 680 939 753 Hebraeorum,
959 680 1024 741 in
1049 698 1200 759 que,
1221 688 1292 741 ut
1317 700 1504 761 supra
1527 682 1912 753 dicebamu8‚
1931 682 2077 743 licet

509 772 691 833 multi
725 776 936 833 esseut
967 780 1353 853 peccatoreS,
1385 782 1448 835 et
1475 776 1630 855 lapsi
1660 781 1802 855 post
1839 774 2076 853 baptis-

511 884 712 938 mum,
743 872 956 927 tamen
987 867 1164 927 multi
1195 867 1384 929 etiam
1413 886 1554 929 esse
1585 872 1874 948 poterant
1893 866 2071 947 justi,

507 977 778 1038 quorum
801 976 996 1037 opera
1031 960 1218 1021 etiam
1246 965 1395 1021 tunc
1437 960 1753 1022 meritoria
1785 966 1965 1026 erant
1992 959 2073 1021 de

505 1052 854 1133 condigno;
885 1058 956 1113 ut
1001 1070 1151 1131 ergo
1195 1059 1603 1133 utrorumque
1633 1054 1856 1115 merita
1899 1070 2073 1115 com-

507 1150 847 1218 memoret,
893 1150 956 1205 et
1003 1150 1330 1225 utrosque·
1353 1145 1618 1221 alliciat,
1659 1152 2071 1225 utrorumque

509 1254 792 1317 operum,
820 1238 1276 1316 praeteritorum
1319 1243 1382 1298 et
1421 1238 1852 1317 praesentium,
1897 1255 2075 1299 men·

507 1330 744 1391 tionem
781 1329 950 1403 facit,
987 1335 1054 1390 ut
1087 1348 1203 1410 per
1247 1330 1366 1392 hoc
1405 1331 1596 1391 etiam
1625 1332 1880 1405 indicet,
1915 1332 2075 1393 sicut

508 1422 591 1483 ad
619 1422 924 1502 justitiam
951 1423 1064 1485 Dei
1091 1424 1358 1503 pertinet
1387 1424 1712 1503 praemiare
1746 1424 2075 1504 praesentia

509 1532 702 1595 opera
726 1515 1062 1595 justorum,
1097 1517 1182 1578 ita
1213 1516 1402 1577 etiam
1431 1518 1768 1595 praeterita,
1795 1518 1850 1578 si
1873 1517 2077 1597 impe-

507 1607 852 1670 dimentum
897 1609 1138 1689 peccati
1179 1609 1497 1671 sublatum
1537 1610 1636 1672 sit.
1682 1611 1891 1672 Altera
1940 1628 2077 1673 res·

506 1702 728 1781 ponsio
759 1707 876 1775 est,
911 1702 1298 1764 admittendo
1344 1702 1608 1764 Paulum
1654 1703 1826 1782 loqui
1883 1704 2075 1764 etiam

506 1794 586 1857 de
617 1794 1032 1874 praesentibus
1057 1796 1354 1875 operibus
1383 1797 1702 1858 charitatis
1729 1802 1902 1858 extra
1927 1814 2074 1875 gra-

505 1887 658 1948 tiam
675 1888 876 1961 factis,
899 1906 1028 1949 non
1057 1890 1203 1967 quia
1229 1888 1350 1949 illis
1379 1888 1719 1951 deberetur
1744 1888 2073 1968 praemium

507 1980 588 2042 de
625 1981 958 2061 condigno,
991 1982 1076 2042 ita
1125 1987 1193 2042 ut
1241 1988 1406 2043 esset
1449 1983 1720 2062 injustus
1755 1984 1918 2043 Deus
1966 1982 2071 2042 illa

509 2091 638 2135 non
665 2073 1083 2152 praemiando,
1115 2074 1228 2135 sed
1273 2074 1478 2135 solum
1511 2080 1580 2137 ut
1617 2074 1868 2136 illorum
1905 2092 2074 2137 com-

509 2168 962 2229 memoratione
991 2168 1155 2229 facta
1191 2169 1396 2249 magis
1433 2186 1544 2231 eos
1585 2168 1812 2231 excitet
1847 2168 1929 2229 ad
1970 2187 2077 2231 re-

509 2261 894 2341 surgendum
921 2280 959 2323 a
987 2269 1270 2341 peccate,
1299 2262 1518 2324 dicens
1554 2263 1772 2323 talium
1811 2280 2076 2341 operum

509 2354 699 2415 etiam
725 2357 924 2417 Deum
951 2374 1081 2417 non
1103 2356 1360 2417 omnino
1383 2354 1682 2431 oblivisci,
1709 2355 1862 2435 quin
1886 2355 2079 2417 ratio-

507 2466 590 2509 ne
633 2466 851 2509 eorum
891 2466 1056 2528 soepe
1099 2449 1382 2511 conferat
1408 2450 1648 2529 majora
1675 2448 1956 2509 subsidia
1994 2447 2077 2508 ad

509 2541 967 2620 resurgendum
1009 2560 1048 2602 a
1083 2549 1362 2621 peccate.
1401 2544 1616 2621 Neque
1661 2542 1866 2604 obstat
1905 2540 2075 2621 quod

509 2633 628 2695 hoc
657 2634 834 2696 titulo
863 2652 991 2695 non
1019 2642 1186 2695 esset
1213 2636 1378 2696 Deus
1411 2636 1702 2715 injustuS,
1744 2634 1987 2696 etiamsi
2010 2632 2074 2695 id

507 2744 636 2787 non
667 2727 920 2803 faceret,
955 2728 1100 2807 quia
1141 2729 1292 2790 satis
1321 2735 1415 2789 est
1451 2729 1620 2808 quod
1645 2729 1888 2790 ratione
1915 2728 2073 2789 alte·-

510 2821 638 2880 rius
665 2822 881 2899 partis,
913 2838 1052 2900 quse
1083 2838 1121 2881 a
1151 2821 1342 2882 Paulo
1371 2827 1507 2883 erat
1533 2821 1957 2902 principaliter
1976 2820 2069 2880 in-

509 2916 706 2993 tenta,
762 2913 866 2973 illa
915 2913 1184 2975 causalis
1228 2914 1604 2975 verificetur.
1642 2914 1920 2993 Denique
1960 2913 2075 2974 ad-

509 3005 662 3067 dere
689 3024 1023 3087 possumus
1053 3006 1317 3068 Paulum
1345 3008 1598 3087 quidem
1633 3008 1912 3068 animare
1952 3008 2073 3069 illis

510 3100 719 3161 verbis
763 3100 974 3181 lapsos
1019 3106 1160 3180 post
1205 3100 1618 3180 baptismum,
1679 3120 1806 3163 non
1859 3106 2073 3163 tamen

517 3199 804 3272 oportere
825 3201 894 3256 ut
917 3211 1138 3256 omnes
1164 3194 1255 3254 illi
1275 3196 1338 3255 in
1369 3199 1532 3256 statu
1563 3195 1798 3272 peccati
1827 3211 2078 3274 perma-

515 3293 766 3360 nerent;
795 3288 1060 3350 fortasse
1103 3290 1272 3349 enim
1315 3287 1492 3349 multi
1533 3289 1666 3366 jam
1715 3305 2073 3348 resurrexe-

513 3387 686 3456 rant,
733 3387 798 3443 et
840 3382 1095 3462 justitiae
1145 3400 1338 3462 opera
1383 3383 1783 3458 exercebant,
1819 3388 2077 3461 propter

519 3491 678 3551 quos
711 3475 918 3536 dicere
955 3479 1234 3554 poterat:
1283 3475 1724 3549 ministrastis,
1769 3480 1828 3538 et
1865 3473 2079 3539 minis-

515 3569 727 3641 tratis,
751 3574 820 3629 ut
839 3585 966 3629 nou
987 3569 1192 3630 solum
1209 3569 1288 3630 de
1305 3569 1746 3648 praesentihuS,
1765 3568 1876 3629 sed
1888 3568 2079 3634 etiam

515 3658 596 3720 de
625 3660 950 3739 praeteritis
985 3663 1556 3723 remunerationem
1587 3667 1935 3742 sperarent.

597 3755 698 3814 27.
744 3753 1088 3816 Solvuntur
1147 3755 1546 3830 fundamenta
1603 3755 1874 3819 semare
1940 3770 2079 3817 son-

516 3845 740 3911 tentioe.
767 3877 850 3894 —
879 3846 974 3907 Ad
995 3845 1406 3909 fundamenta
1429 3847 1720 3909 secundm
1751 3847 2077 3908 sententiae

515 3939 1022 4020 respondendum
1047 3946 1351 4019 superest.
1381 3940 1656 4012 Quorum
1675 3939 1951 4020 primum
1976 3957 2079 4001 ex-

513 4032 796 4114 peditum
815 4038 1010 4095 estex
1033 4031 1236 4106 dictis,
1267 4049 1416 4094 nam
1453 4038 1776 4096 ostensum
1791 4040 1888 4095 est
1921 4033 2077 4094 Pau-

513 4127 644 4188 lum
691 4127 768 4187 ad
799 4125 1094 4187 Hebroeoe
1143 4123 1440 4200 scribere,
1495 4127 1602 4206 qui
1643 4145 1683 4187 a
1721 4126 2075 4206 baptismali

515 4219 714 4300 gratia
741 4218 1122 4280 exciderant.
1165 4219 1290 4280 Nec
1313 4220 1820 4299 Theophylactus
1857 4225 1922 4282 et
1949 4221 2075 4280 An-

515 4314 748 4375 selmus
772 4311 856 4374 ibi
881 4312 1048 4374 citati
1077 4311 1534 4386 contradicunt,
1555 4331 1704 4374 nam
1733 4331 1812 4374 ex
1835 4311 2075 4374 eisdem

513 4408 578 4468 in
629 4406 854 4468 eodem
893 4405 1032 4467 loco
1087 4411 1364 4466 nostram
1393 4405 1770 4467 sententiam
1799 4403 2077 4466 ostendi-

513 4519 674 4562 mus.
695 4502 832 4561 Duo
849 4517 1000 4579 ergo
1021 4499 1206 4560 tacite
1223 4498 1546 4579 distinguit
1566 4517 1580 4559 :
1607 4517 1806 4560 unum
1823 4505 1939 4573 est,
1966 4499 2076 4560 ho·

515 4595 748 4656 minem
765 4611 802 4654 a
821 4593 1020 4672 gratia
1035 4592 1262 4654 cadere
1278 4611 1294 4664 ς
1315 4593 1486 4654 aliud
1501 4597 1619 4666 est,
1637 4593 1720 4654 ita
1735 4593 1983 4667 cadere,
2004 4597 2075 4654 ut

507 4688 640 4766 jam
655 4687 856 4748 solum
874 4687 1179 4766 germinet
1193 4686 1408 4764 spinas
1421 4691 1488 4748 et
1501 4686 1782 4759 tribulos,
1801 4685 2073 4764 ideoque

481 4779 898 4842 'damnationi
945 4778 1268 4858 proximus
1315 4779 1414 4852 sit,
1461 4779 1520 4840 id
1565 4784 1684 4850 est,
1737 4779 1804 4839 in
1839 4795 2071 4858 magno

513 4875 652 4953 ejus
679 4872 956 4952 pericqu
977 4878 1276 4934 versetur.
1309 4873 1500 4934 Aiunt
1523 4889 1676 4952 ergo
1699 4871 1844 4934 dicti
1861 4878 2073 4952 patres

516 4967 776 5030 Paulum
817 4965 1090 5028 scribere
1147 4965 1230 5026 ad
1288 4965 1584 5028 Hehraeoe
1629 4965 1763 5045 jam
1821 4963 2075 5044 quidem

513 5063 744 5141 lapsos,
775 5077 906 5120 non
927 5063 1142 5120 tamen
1169 5057 1236 5118 in
1262 5057 1370 5119 illo
1395 5059 1724 5137 posteriori
1755 5063 1820 5120 et
1842 5057 2073 5118 misero

511 5159 680 5214 statu
718 5151 1108 5234 constitutos,
1179 5167 1412 5232 eosque
1447 5167 1705 5212 monere
1743 5156 1816 5211 ut
1857 5149 2075 5229 resipi-

513 5253 710 5322 scant,
761 5263 842 5307 ne
871 5243 1028 5306 illud
1057 5243 1405 5323 periculum
1433 5243 1691 5305 tandem
1723 5244 2067 5306 incurrant.

511 5341 648 5403 Alia
695 5339 822 5400 duo
862 5336 1282 5398 fundamenta
1307 5336 1476 5397 illius
1497 5337 1822 5399 sententiaa
1863 5343 2074 5416 postu-

511 5435 642 5495 lant
667 5433 828 5496 duas
851 5433 1160 5494 sectiones
1181 5437 1542 5510 sequentes,
1587 5449 1664 5492 ex
1685 5447 1954 5511 quarum
1976 5449 2076 5493 re·

511 5529 822 5590 solutione
851 5526 1136 5606 expedita
1163 5525 1531 5588 manebunt.

1103 388 1314 445 owse.
1350 392 1412 447 V.
1447 392 1752 446 nmmo
1785 392 1868 445 DE
1897 388 2375 445 azvlvlscENTlA
2406 392 2786 447 ammonuit.
2824 392 3062 447 msPUT.
3098 396 3138 447 1.

2786 605 3003 658 sceno
3026 606 3085 658 ΙΙ.

2154 786 2289 832 Qun
2321 784 2515 825 CRBTU.
2558 786 2635 823 ⁸1⁸1·
2678 786 2857 824 inm
2892 786 3215 824 noanszcan
3254 786 3348 821 1>ssss
3386 782 3709 823 mmuh!

2772 860 3111 901 nvwnsctu.

2236 1056 2267 1113 1
2280 1098 2294 1112 .
2330 1052 2639 1117 Probatur
2666 1055 3029 1119 auctoritate
3056 1052 3587 1117 &tentonicorum
3610 1072 3711 1115 me-

2150 1147 2413 1210 ritorum
2440 1145 2882 1211 reviviscentem
2902 1180 2985 1195 --
3004 1146 3181 1209 Ratio
3228 1145 3564 1207 dubitandi
3608 1150 3705 1220 est,

2155 1240 2326 1319 quia,
2358 1239 2539 1318 juxta
2566 1256 2783 1299 veram
2824 1240 2995 1301 Pauli
3020 1238 3535 1318 intelligentiam,
3566 1247 3710 1299 esset

2156 1332 2427 1411 injustus
2470 1332 2637 1393 Deus
2666 1350 2795 1392 non
2838 1350 3254 1393 remunerans
3294 1348 3493 1409 opera
3524 1331 3711 1390 morti·

2154 1425 2339 1487 ficata
2368 1444 2487 1505 per
2512 1430 2862 1503 peccatum,
2890 1426 2995 1486 illo
3019 1443 3135 1505 per
3152 1422 3593 1504 poenitentiam
3622 1442 3711 1482 su-

2154 1518 2361 1591 blato;
2400 1538 2550 1599 ergo
2594 1518 2863 1579 dubitari
2892 1536 3021 1579 non
3054 1522 3261 1597 potest
3304 1516 3465 1595 quin
3498 1517 3709 1577 veritas

2156 1612 2459 1673 catholica
2484 1613 2583 1687 sit,
2602 1612 2827 1673 merita
2852 1630 2967 1691 per
2992 1616 3325 1691 peccatum
3350 1609 3709 1669 mortificata
3799 1638 3800 1651 κ

2154 1722 2269 1785 per
2322 1706 2759 1785 poenitentiam
2810 1705 3204 1766 reviviscere.
3250 1702 3440 1775 Quod
3474 1702 3709 1780 quidem
3799 1694 3800 1705 ’

2156 1800 2381 1859 merito
2404 1798 2639 1860 dictum
2668 1804 2858 1870 esset,
2894 1797 2945 1859 si
2966 1798 3295 1877 explicatio
3326 1814 3369 1857 a
3399 1795 3583 1856 nobis
3608 1802 3711 1856 tra-

2154 1893 2283 1955 dita
2322 1900 2490 1955 certa
2539 1899 2705 1955 esset
2732 1898 2795 1955 et
2820 1892 3183 1954 infallibilis.
3212 1891 3378 1963 Quia
3420 1906 3575 1950 vero
3601 1906 3711 1948 non

2154 1986 2239 2047 ita
2268 1992 2385 2060 est,
2422 1985 2535 2047 sed
2576 1986 2695 2047 sub
2734 1986 3097 2065 opinionem
3124 1985 3315 2058 cadit,
3364 1982 3513 2044 ideo
3544 1984 3712 2043 etiam

2152 2078 2383 2141 veritas
2408 2080 2517 2140 illa
2546 2079 2615 2139 in
2644 2080 2937 2159 opinione
2966 2080 3169 2159 posita
3198 2084 3314 2139 est.
3348 2076 3559 2148 Quam
3590 2093 3713 2156 pro-
3799 2128 3800 2141 ,

2152 2176 2370 2251 pterea
2392 2178 2459 2233 et
2482 2174 2871 2247 auctoritate,
2902 2178 2969 2235 et
2994 2170 3349 2234 rationibus
3368 2168 3563 2231 latius
3588 2186 3712 2229 con-
3799 2200 3800 2215 κ

2154 2264 2409 2325 firmare
2438 2282 2699 2327 necesse
2728 2270 2843 2327 est.

2236 2360 2298 2420 Ξ.
2342 2359 2733 2421 Conveniunt
2772 2374 2923 2438 ergo
2952 2357 3017 2417 in
3046 2374 3121 2417 ea
3148 2357 3418 2417 veritate
3446 2373 3709 2416 asseren-

2158 2450 2261 2528 da,
2290 2451 2511 2513 saltem
2542 2451 2661 2512 sub
2690 2450 2811 2511 illis
2840 2449 3237 2529 generalibus
3262 2449 3507 2521 verbis,
3532 2448 3708 2509 Theo·

2156 2543 2279 2623 logi
2308 2544 2694 2616 Scholastici,
2722 2560 2870 2605 cum
2898 2542 3217 2623 Magistro,
3252 2544 3318 2603 in
3342 2545 3410 2614 4,
3446 2542 3590 2603 dist.
3620 2545 3701 2612 14;

2154 2636 2225 2696 D.
2271 2636 2511 2697 Thoma
2548 2636 2656 2709 ibi,
2692 2654 2753 2715 q.
2796 2638 2857 2709 Ξ,
2890 2641 3008 2697 art.
3042 2637 3103 2708 3,
3136 2637 3513 2714 quaestiunc.
3562 2636 3617 2709 3,
3654 2642 3705 2694 et
3799 2716 3800 2719 Ἴ

2152 2731 2191 2790 3
2218 2734 2407 2808 ρει-1.,
2438 2747 2501 2807 q.
2534 2730 2637 2801 89,
2686 2734 2803 2790 art.
2848 2731 2917 2801 ὃς
2974 2727 3083 2788 ubi
3127 2729 3317 2789 etiam
3348 2729 3698 2807 Cajetanus;

2152 2824 2335 2901 Hugo
2364 2822 2441 2882 de
2462 2822 2526 2883 S.
2552 2822 2816 2895 Victore,
2846 2821 2953 2882 lib.
2983 2820 3063 2882 de
3092 2821 3405 2893 Sacram„
3432 2826 3593 2900 part.
3618 2822 3699 2890 u,

2152 2933 2291 2995 cap.
2320 2916 2396 2988 93
2436 2915 2679 2991 Alens„
2709 2916 2750 2975 4
2774 2920 2961 2994 part„
2996 2932 3058 2993 q.
3093 2916 3191 2987 12,
3226 2914 3465 2975 memb.
3510 2916 3572 2986 4,
3600 2920 3699 2973 art.

2150 3011 2215 3083 6,
2238 3010 2395 3069 alias
2420 3014 2645 3087 quaest.
2679 3012 2778 3081 57,
2812 3014 2931 3069 art.
2956 3008 3032 3081 ὃς
3062 3009 3392 3081 Hem-icus,
3424 3007 3702 3087 quodl.5,

2158 3121 2219 3182 q.
2272 3103 2387 3176 2&
2440 3103 2781 3164 Bonavent.
2808 3147 2825 3176 ,
2872 3100 3021 3162 dict.
3076 3101 3218 3162 dist.
3274 3103 3389 3175 14,
3446 3100 3701 3163 secunda

2154 3201 2341 3276 part„
2364 3201 2483 3256 art.
2516 3198 2579 3267 2,
2610 3213 2673 3274 q.
2706 3195 2775 3268 33
2808 3194 3126 3266 Albertus,
3158 3199 3277 3255 art.
3300 3197 3413 3268 Ξὶς
3446 3194 3701 3264 Gabriel,

2156 3293 2372 3368 quoest.
2422 3289 2491 3361 3,
2532 3294 2649 3349 art.
2696 3289 2759 3362 3,
2806 3287 2957 3349 dub.
2992 3288 3067 3362 33
3120 3287 3442 3360 Richard.,
3492 3293 3611 3348 art.
3650 3288 3701 3357 8,

2156 3399 2219 3460 q.
2250 3383 2327 3454 23
2363 3381 2606 3455 Palud.,
2654 3397 2717 3458 q.
2770 3383 2831 3452 1,
2862 3386 2981 3441 art.
3030 3381 3107 3456 23
3150 3381 3400 3454 ScotuS,
3440 3381 3591 3441 dist.
3616 3381 3701 3451 22,

2158 3481 2377 3555 quoest.
2412 3477 2473 3552 1,
2516 3481 2633 3536 art.
2666 3477 2739 3547 Ως
2774 3474 2997 3553 Major,
3036 3479 3257 3553 quaest.
3296 3478 3367 3546 1;
3420 3475 3701 3548 Almam,

2158 3575 2375 3648 quaest.
2406 3571 2463 3643 1,
2494 3573 2611 3628 art.
2642 3569 2705 3642 2,
2737 3574 2802 3628 et
2830 3572 3075 3628 tractat.
3106 3569 3147 3628 2
3171 3567 3423 3641 Mor-al„
3452 3585 3595 3646 cap.
3616 3570 3699 3638 n,

2158 3661 2270 3722 ubi
2328 3659 2519 3722 refert
2588 3660 2989 3722 Guillelmum
3042 3660 3482 3722 parisiensem.
3552 3660 3703 3721 Idem

2156 3757 2415 3830 Ocham,
2458 3755 2525 3816 in
2551 3757 2611 3830 4,
2652 3762 2869 3836 quaest.
2899 3757 2961 3830 9,
2994 3759 3056 3816 et
3084 3753 3369 3829 Adrian„
3398 3755 3465 3816 in
3496 3759 3561 3829 4,
3588 3772 3705 3814 ma-

2156 3849 2313 3912 teria
2343 3849 2423 3910 de
2462 3847 2908 3923 satisfactione,
2940 3853 3161 3928 quoest.
3202 3851 3264 3923 2,
3296 3848 3380 3908 ad
3422 3853 3449 3908 1
3496 3846 3705 3908 confir-

2158 3942 2502 4004 mationem
2534 3941 2715 4021 primi
2752 3941 3145 4022 argumenti3
3178 3939 3540 4012 Durandus,
3570 3941 3629 3999 in
3650 3940 3700 4010 3,

2157 4037 2300 4098 dist.
2350 4037 2451 4108 31,
2480 4041 2703 4113 quaest.
2739 4037 2779 4098 2
2804 4040 2869 4096 et
2894 4034 2979 4096 ad
3016 4037 3087 4107 3;
3117 4033 3459 4114 Capreolus
3478 4079 3495 4107 ,
3528 4033 3701 4093 citans

2158 4129 2519 4203 Aureolum,
2562 4127 2704 4190 dist.
2760 4129 2860 4205 14,
2916 4133 3137 4206 quaest.
3190 4129 3251 4200 2,
3288 4131 3407 4187 art.
3440 4127 3513 4199 23
3550 4126 3697 4195 Soio,

2156 4222 2300 4284 dist.
2336 4224 2435 4296 16,
2480 4227 2701 4301 quaest.
2734 4223 2947 4296 2‚-art.
2976 4223 3041 4294 2,
3074 4220 3156 4281 ad
3182 4223 3257 4294 ὃς
3292 4219 3617 4289 Ledesma,
3650 4219 3697 4289 1,
3799 4279 3800 4290 ,

2156 4321 2319 4395 part.
2349 4317 2409 4388 4,
2440 4321 2658 4394 quoest.
2701 4317 2801 4388 30,
2833 4321 2950 4376 art.
2982 4317 3047 4388 2,
3088 4313 3168 4374 ad
3194 4314 3261 4386 ὅς
3304 4313 3527 4373 Petrus
3550 4311 3697 4380 Sota,

2158 4409 2301 4471 lect.
2328 4409 2371 4468 6
2394 4409 2475 4469 de
2494 4407 2906 4481 Poenitentia;
2938 4407 3215 4479 Medina,
3244 4403 3453 4484 capite
3480 4403 3561 4464 de
3584 4419 3701 4481 poe-
3799 4397 3800 4416 ²

2156 4501 2439 4574 nitentis,
2504 4506 2685 4563 tract.
2746 4503 2805 4576 1,
2864 4502 3085 4580 quaest.
3136 4500 3198 4560 8.
3258 4496 3489 4558 Tenuit
3534 4495 3699 4556 etiam

2158 4595 2516 4668 Gratianus,
2548 4593 2629 4656 de
2677 4593 3038 4666 Paeniteat„
3098 4591 3240 4652 diat.
3274 4593 3337 4664 ὁ,
3380 4589 3427 4669 ξ
3471 4589 3695 4652 Dicens,

2152 4693 2297 4767 post
2320 4705 2461 4767 cap.
2500 4686 3004 4760 lamiacum,
3028 4685 3135 4745 ubi
3164 4684 3283 4747 ait:
3313 4681 3413 4746 113
3421 4681 3697 4764 poemat)

2142 4780 2468 4862 proetm‘ta
2512 4781 2663 4844 bona
2690 4780 2883 4842 inita
2902 4783 3173 4856 temnat
3200 4805 3223 4840 .-
3253 4779 3375 4840 Ᾱωο
3402 4776 3561 4839 siout
3578 4789 3699 4858 pec-

2154 4873 2341 4936 cando
2369 4875 2531 4954 fiunt
2560 4873 2773 4944 irrita,
2818 4871 2913 4935 ita
2943 4889 3063 4954 por
3088 4869 3517 4952 ponamin-⁸
3560 4867 3697 4930 revi-

2154 4965 2417 5042 viscunt,
2434 4971 2493 5030 et
2510 4966 2595 5030 ad
2614 4964 2895 5028 flurium
2916 4970 3157 5029 oetemae
3178 4961 3567 5028 medina
3590 4960 3697 5022 sin-

2154 5059 2303 5141 yula
2340 5059 2622 5139 prodesse
2646 5057 2967 5139 incipiunt.
3002 5058 3151 5129 Quae
3184 5056 3379 5118 verba
3406 5052 3693 5116 immerito

2156 5152 2379 5214 Seotus
2414 5149 2697 5212 attribuit
2730 5151 2806 5212 Ι).
2852 5151 3177 5232 Gregorio,
3208 5167 3359 5210 cum
3384 5147 3693 5212 Gratianus

2154 5246 2332 5306 illum
2376 5263 2505 5306 non
2550 5244 2815 5320 referat3
2850 5245 2967 5306 sed
3012 5263 3089 5306 ex
3124 5243 3381 5324 propria
3408 5239 3691 5306 sententia

2154 5339 2259 5400 illa
2286 5337 2521 5418 profert
2540 5357 2557 5411 ;
2588 5355 2779 5416 quem
2800 5337 3011 5416 glossa
3034 5337 3120 5398 ibi
3146 5342 3207 5398 et
3228 5337 3597 5415 interpretes
3612 5347 3693 5392 se-

2156 5437 2458 5512 quuntur.
2516 5431 2674 5492 Item
2730 5431 2941 5512 glossa
2986 5436 3049 5492 et
3087 5432 3423 5502 Doctores,
3470 5427 3529 5488 in
3566 5439 3685 5502 cap.

2162 5525 2409 5600 Quaerac
2438 5521 2535 5588 laio
2574 5524 2828 5606 aliquis,
2850 5523 2895 5602 ἐ
2920 5523 3101 5586 Illud
3122 5527 3347 5597 autent,
3394 5519 3475 5582 de
3510 5511 3689 5579 Poeni-

3348 5633 3393 5678 o
