3850 6225
513 375 634 440 204

515 488 722 544 actum
748 483 1321 562 supernaturalem,
1353 489 1424 544 ut
1453 501 1531 544 ex
1556 482 1840 545 doctrina
1870 481 2087 543 Conci-

513 577 577 636 lii
610 577 953 638 Tridentini
985 583 1047 639 et
1079 577 1346 638 aliorum
1378 577 1632 636 Patrum
1659 575 1722 636 in
1751 576 2084 654 superiori-

511 671 632 730 bus
659 670 862 731 visum
879 676 974 732 est
997 689 1012 743 ς
1037 671 1143 731 ubi
1175 669 1362 732 etiam
1382 668 1648 728 diximus
1679 669 1945 748 gratiam
1973 667 2081 729 ad·

507 764 856 843 juvantem,
877 783 1016 845 quae
1043 771 1138 825 est
1169 781 1284 843 per
1313 763 1574 824 modum
1603 763 1908 842 principii,
1943 781 2080 822 ma-

515 859 610 938 gis
638 858 900 920 influere
924 859 1182 939 physice
1215 859 1282 918 in
1308 861 1540 929 actum,
1573 875 1766 936 quam
1803 857 2080 918 excitan-

512 959 675 1024 tem;
726 959 788 1014 et
816 952 957 1014 ideo
983 954 1035 1013 si
1061 952 1322 1032 physica
1361 951 1926 1030 praedeterminatio
1968 967 2079 1010 ne-

515 1047 786 1106 cessaria
839 1052 1030 1122 esset,
1057 1044 1388 1107 tribuenda
1441 1047 1607 1105 esset
1640 1043 1847 1122 potius
1898 1043 2079 1122 adju-

513 1139 684 1200 vanti
729 1139 964 1219 gratiae,
1013 1155 1202 1217 quam
1243 1137 1573 1210 excitanti;
1615 1143 1678 1198 et
1713 1137 1875 1197 inter
1901 1136 2081 1216 adju-

515 1235 759 1302 vantes,
787 1231 873 1292 illi
914 1231 1140 1310 potine,
1188 1248 1328 1309 quae
1365 1237 1460 1292 est
1487 1249 1599 1310 per
1625 1229 1886 1291 modum
1909 1231 2081 1310 prin-

514 1326 680 1405 cipii,
714 1343 904 1404 quam
934 1326 1021 1386 illi
1051 1343 1192 1406 quae
1233 1331 1328 1387 est
1354 1344 1468 1405 per
1511 1325 1768 1387 modum
1817 1341 2079 1384 concur·

514 1437 641 1479 sus,
677 1419 832 1480 Nam
867 1420 1165 1480 auxilium
1195 1418 1364 1498 quod
1389 1424 1485 1479 est
1509 1436 1624 1496 per
1651 1418 1910 1479 modum
1935 1435 2079 1478 con·

513 1529 734 1572 cursus
765 1512 916 1572 nihil
947 1518 1244 1592 operatur
1285 1513 1417 1573 sine
1445 1512 1628 1572 nobis
1656 1531 1672 1584 ς
1706 1512 1841 1573 haec
1868 1515 2083 1573 autem

511 1603 1082 1684 praedeterminatio
1112 1604 1336 1666 dicitur
1351 1603 1486 1665 fieri
1511 1603 1576 1663 in
1605 1604 1788 1664 nobis
1817 1604 1951 1664 sine
1974 1621 2081 1664 no·

509 1697 646 1770 bis;
683 1697 916 1777 alioqui
960 1716 1088 1759 non
1137 1704 1302 1759 esset
1346 1698 1935 1777 proedeterminatio,
1966 1697 2079 1758 sed

509 1791 790 1852 formalis
835 1791 1270 1853 determinatio
1299 1797 1362 1852 et
1389 1791 1610 1864 libera,
1643 1791 1846 1852 elicita
1880 1790 1963 1850 ab
1992 1791 2080 1870 ip-

512 1903 580 1946 sa
605 1886 922 1947 voluntate
956 1903 1100 1946 cum
1129 1884 1364 1946 auxilio
1393 1884 1610 1964 gratiae
1655 1883 2073 1964 cooperantia,

512 1978 682 2057 quod
707 1997 825 2041 nos
863 1979 1266 2040 intendimus

593 2072 718 2134 Sed
745 2079 840 2133 est
883 2071 1144 2134 ulterius
1185 2071 1837 2145 animadvertendum,
1882 2069 2075 2151 quod,

510 2167 656 2227 licet
709 2167 842 2226 haec
899 2165 1101 2244 gratia
1141 2165 1232 2226 sic
1263 2165 1484 2226 efficax
1519 2165 1612 2243 (si
1649 2167 1959 2245 ponatur)
2002 2164 2080 2224 sit

509 2260 843 2339 adjuvans,
877 2264 1188 2336 quatenus
1225 2277 1370 2318 cum
1413 2259 1732 2320 voluntate
1771 2264 1867 2320 est
1911 2257 2079 2336 prin-

509 2353 743 2432 cipium
764 2351 1050 2412 eliciendi
1077 2357 1283 2414 actum
1311 2395 1326 2424 ,
1365 2352 1572 2413 et·sub
1595 2352 1817 2413 eadem
1835 2350 2077 2412 ratione

509 2445 632 2507 dici
675 2445 865 2506 etiam
911 2445 1110 2523 possit
1159 2443 1356 2525 gratia
1396 2463 1764 2524 coeperam,
1817 2451 2030 2504 tamen
2058 2487 2076 2515 ,

508 2543 820 2618 quatenus
849 2538 1164 2600 antecedit
1207 2545 1414 2600 actum
1459 2544 1523 2600 et
1555 2536 1858 2618 praevenit
1907 2537 2081 2597 illum

509 2631 728 2693 ordine
757 2638 1022 2706 naturae,
1054 2631 1296 2693 dicetur
1316 2631 1516 2710 gratia
1557 2631 1978 2711 praeveniens3
2023 2635 2085 2692 et

507 2730 820 2804 quatenus
845 2743 882 2785 a
911 2725 1046 2786 solo
1071 2727 1203 2786 Deo
1228 2724 1594 2798 infunditur,
1615 2725 1858 2786 dicetur
1889 2725 2077 2785 etiam

507 2819 706 2898 gratia
741 2835 1032 2897 operans,
1065 2819 1147 2880 ad
1175 2836 1321 2880 eum
1355 2819 1614 2880 modum
1645 2835 1768 2897 quo
1801 2819 1873 2879 D.
1916 2818 2081 2879 Tho-

503 2928 641 2972 mas
667 2911 949 2972 habitum
979 2912 1316 2985 charitatis»,
1351 2917 1660 2990 quatenus
1701 2929 1738 2972 a
1767 2913 1896 2972 Deo
1942 2910 2075 2972 solo

505 3004 690 3065 nobis
717 3005 1083 3077 infunditur,
1101 3007 1346 3066 vocavit
1374 3003 1639 3085 gratiam
1669 3010 2070 3084 operantem3

507 3103 822 3179 quatenus
860 3118 1011 3161 vero
1053 3099 1348 3161 voluntas
1397 3098 1712 3179 perillum
1761 3099 1926 3160 elicit
1972 3117 2077 3160 ac-

507 3200 665 3267 tum,
719 3194 959 3255 vocavit
988 3194 1252 3273 gratiam
1281 3199 1744 3273 cooperantem.
1791 3194 1926 3253 Duo
1960 3192 2075 3272 igi-

507 3291 612 3347 tur
647 3286 902 3365 probari
936 3306 974 3347 a
1023 3287 1206 3347 nobis
1248 3291 1528 3366 possunt.
1567 3286 1842 3347 Primum
1863 3332 1879 3357 ,
1934 3286 2074 3345 nul-

505 3380 637 3440 lum
665 3398 802 3441 esse
827 3380 892 3441 in
925 3380 1107 3441 nobis
1137 3380 1262 3441 tale
1304 3398 1504 3459 genus
1534 3381 1747 3461 gratiae
1769 3380 2075 3459 adjuvan-

507 3472 587 3533 tis
615 3473 932 3549 operantis
972 3472 1072 3533 vel
1105 3474 1522 3551 cooperantis,
1556 3472 1736 3533 nobis
1765 3473 2074 3533 inhaeren-

505 3564 603 3624 tis.
651 3564 1014 3626 Secundum
1043 3571 1161 3637 est,
1193 3567 1338 3627 licet
1363 3566 1768 3628 admittamus
1794 3566 1916 3627 tale
1964 3584 2075 3645 ge-

505 3676 626 3718 nus
658 3659 898 3738 gratiae,
929 3678 1058 3720 non
1079 3678 1262 3739 posse
1289 3660 1374 3722 illi
1415 3660 1660 3722 attribui
1687 3660 1815 3721 vim
1854 3667 1915 3720 et
1944 3660 2076 3721 effi-

504 3752 742 3814 caciam
793 3752 1247 3815 determinandi
1285 3754 1545 3834 physice
1577 3754 1963 3817 voluntatem
1992 3753 2073 3814 ad

503 3846 867 3907 exercitium
895 3853 1094 3908 actus.

580 3939 642 3999 2.
692 3937 1014 4001 Auxilium
1035 3941 1357 4013 inhoerm,
1391 3942 1550 4023 quod
1570 3958 1688 4004 non
1713 3941 1800 4005 sit
1827 3943 2069 4007 habitus

501 4032 596 4095 v‘el
621 4035 820 4105 actus,
845 4050 962 4095 mm
987 4034 1157 4097 habet
1171 4037 1632 4112 fundamentum
1654 4034 1723 4095 in
1743 4035 2062 4099 Patribus.

501 4156 582 4171 —
610 4124 883 4185 Primum
923 4126 1150 4187 horum
1187 4144 1314 4188 non
1359 4132 1454 4189 est
1489 4128 1670 4189 nohis
1711 4128 2071 4206 simpliciter

501 4220 930 4281 necessarium
972 4220 1052 4281 ad
1095 4222 1420 4283 veritatem
1463 4227 1693 4282 nostrae
1739 4224 2065 4283 sententiae

500 4314 796 4374 tuendam
823 4333 838 4387 ;
869 4332 1042 4385 nam,
1069 4320 1139 4375 ut
1161 4314 1286 4375 dixi
1317 4334 1454 4394 cap.
1484 4317 1545 4387 4,
1579 4316 1788 4395 opinio
1820 4333 1961 4395 quae
1986 4316 2069 4377 ad

503 4406 840 4467 eliciendos
889 4407 1093 4487 primo
1143 4414 1320 4469 actus
1366 4410 1873 4487 supernaturales
1902 4454 1918 4481 ,
1958 4409 2064 4487 qui

501 4517 628 4559 non
675 4500 1008 4562 eliciuntur
1055 4501 1136 4561 ab
1177 4502 1528 4573 habitibus,
1576 4502 1750 4582 ponit
1791 4503 2067 4581 aliquam

501 4594 766 4671 gratiam
791 4593 1216 4673 adjuvantem,
1248 4602 1310 4655 et
1333 4595 1739 4657 inhaerentem
1761 4595 2063 4656 voluntati

503 4702 618 4763 per
657 4685 918 4747 modum
961 4692 1137 4748 actus
1181 4687 1366 4765 primi
1409 4688 1679 4761 fluentiS,
1727 4688 2067 4767 probabilis

501 4783 634 4851 est,
669 4778 1011 4840 dummodo
1043 4780 1182 4841 talis
1223 4786 1399 4840 actus
1441 4780 1681 4859 primus
1722 4782 1786 4841 in
1833 4782 2066 4843 auxilio

501 4872 844 4933 sufficiente
871 4872 1248 4948 includatur,
1280 4878 1342 4934 et
1368 4872 1606 4952 absque
1631 4876 1888 4954 physica
1911 4893 2069 4955 prae-

501 4965 1020 5025 determinatione
1047 4972 1317 5045 ponatur
1341 5010 1358 5039 ,
1405 4972 1474 5027 ut
1506 4966 1588 5026 ab
1615 4968 1929 5045 aliquibus
1958 4967 2069 5027 de-

499 5058 795 5119 fenditur.
851 5058 1263 5120 Nihilominus
1291 5066 1500 5119 tamen
1537 5060 1810 5121 rationes
1840 5061 2067 5140 quibus

500 5152 585 5212 ibi
615 5150 1024 5225 ostendimuS‚
1067 5152 1234 5212 hunc
1263 5152 1521 5213 modum
1545 5154 1779 5225 auxilii,
1814 5172 1933 5214 nec
1960 5172 2069 5214 ne-

501 5244 844 5305 cessarium
861 5263 1022 5321 esse,
1037 5264 1248 5324 neque
1267 5244 1444 5306 facile
1465 5246 1729 5325 intelligi
1746 5264 1954 5325 posse,
1986 5247 2067 5307 ad

501 5344 874 5417 proesentem
923 5356 1180 5400 causam
1218 5356 1346 5399 non
1387 5358 1608 5418 parum
1631 5330 1875 5418 juvant.
1909 5339 2067 5401 Illud

501 5450 651 5492 vero
687 5432 808 5493 hoc
851 5432 988 5495 loco
1028 5432 1532 5511 praetercundum
1567 5451 1692 5493 non
1741 5441 1857 5504 est,
1895 5434 2065 5513 quod

502 5524 582 5585 ad
612 5529 842 5587 nostrae
883 5525 1206 5588 sententia²
1252 5526 1682 5588 auctoritatem
1724 5528 2064 5608 plurimum

1348 381 1560 435 OPUSC.
1595 381 1632 444 1,
1670 381 1786 434 Lm.
1825 381 1908 434 tu.
1948 381 2029 433 ΒΕ
2060 383 2333 436 ΑΗΧΙΜΙὸ
2366 384 2599 437 mvnffl
2630 383 2896 437 GRATlAE.

2166 482 2467 556 conferet,
2500 483 2667 544 hunc
2695 481 2905 544 auxilii
2936 481 3195 543 modum
3230 480 3477 542 nullum
3502 481 3707 544 tunda-
3787 475 3788 484 ’

2164 583 2445 638 mentum
2474 577 2707 638 habere
2731 576 2797 637 in
2825 576 3142 654 Scriptura
3170 591 3375 646 sacra,
3416 575 3703 650 ConciliiS‚
3787 573 3788 620 3

2164 675 2272 731 aut
2298 670 2527 730 sanctis
2558 669 2863 731 Patribus.
2908 668 3111 740 Unde,
3148 669 3255 748 qui
3295 667 3449 728 illud
3488 675 3706 745 ponunt

2160 763 2401 843 absque
2422 763 3071 843 proedeterminatione
3094 761 3382 841 physica,
3412 778 3541 821 non
3568 780 3705 822 sem·

2160 875 2295 936 per,
2336 857 2447 918 sed
2471 861 2717 918 tantum
2746 856 2999 935 quando
3027 855 3207 918 deest
3237 855 3557 916 sufficiens
3578 874 3703 933 pro-
3787 863 3788 888 l

2158 951 2419 1023 ximum,
2466 951 2620 1011 illud
2646 950 2997 1030 requirunt,
3040 949 3373 1027 solumque
3410 947 3706 1008 ducuntur
3787 967 3788 1024 j

2158 1044 2433 1124 quadam
2470 1043 2717 1106 ratione
2746 1043 3204 1124 philosophica,
3246 1041 3571 1120 supposito
3599 1061 3705 1101 uno

2161 1137 2465 1217 principio
2495 1136 2663 1209 fidei,
2694 1136 3016 1209 nimirum,
3037 1136 3423 1196 voluntatem
3448 1147 3706 1194 nostram

2162 1249 2240 1292 ex
2282 1249 2351 1291 se
2394 1249 2521 1291 non
2566 1231 2801 1292 habere
2844 1229 3255 1290 sufficientem
3294 1229 3423 1288 vim
3462 1229 3705 1288 activam
3787 1235 3788 1280 ἒ

2160 1325 2389 1386 horum
2434 1329 2723 1394 actuum:
2756 1323 2925 1384 unde
2968 1322 3493 1402 philosophantur
3528 1322 3707 1382 Deum
3787 1349 3788 1402 3

2166 1417 2457 1496 supplere
2488 1417 2652 1479 banc
2680 1417 2805 1478 vim
2823 1433 2937 1494 per
2962 1415 3237 1494 aliquam
3262 1433 3399 1475 rem
3424 1413 3709 1474 inhaereu·
3787 1403 3788 1426 ³

2162 1515 2333 1583 tern;
2379 1509 2457 1570 de
2502 1528 2625 1589 qua
2674 1511 2917 1571 ratione
2968 1527 3157 1589 supra
3204 1507 3445 1569 dictum
3484 1511 3597 1566 est.
3648 1512 3709 1567 At
3787 1505 3788 1510 ’

2160 1622 2311 1665 vero
2340 1604 2444 1682 qui
2476 1610 2718 1682 ponunt
2744 1604 2869 1665 tale
2910 1621 3111 1683 genus
3148 1602 3363 1663 auxilii
3392 1619 3538 1660 cum
3570 1619 3709 1679 prae-

2162 1696 2679 1759 determinatione
2720 1697 2981 1776 physica
3004 1741 3021 1768 ,
3060 1701 3285 1775 putant
3320 1693 3477 1755 illud
3520 1711 3650 1754 esse
3678 1713 3709 1754 a

2160 1791 2445 1852 Patribus
2488 1790 2823 1863 traditum;
2876 1790 3022 1866 quia
3064 1789 3211 1850 huic
3252 1788 3471 1870 grafiae
3512 1787 3705 1847 fluenti

2162 1885 2507 1946 attribuunt
2534 1884 2767 1958 omnia,
2812 1902 2951 1962 quae
2984 1883 3063 1944 de
3101 1885 3303 1964 gratia
3332 1889 3629 1962 operante
3658 1887 3707 1941 et

2162 1977 2399 2039 efficaci
2419 1978 2633 2038 Patres
2656 1975 2892 2047 dicunt,
2927 1975 3271 2056 praesertim
3301 1975 3701 2054 Augustinus;

2162 2070 2332 2150 quod
2376 2088 2519 2132 esse
2566 2070 2841 2131 alienum
2890 2071 2971 2130 ab
3018 2087 3237 2131 eorum
3278 2075 3519 2141 mente,
3566 2070 3705 2128 sumi

2158 2170 2367 2245 potest
2392 2183 2469 2226 ex
2497 2183 2571 2226 eo
2608 2164 2779 2244 quod
2818 2183 3007 2243 supra
3038 2168 3363 2226 ostensum
3404 2168 3525 2233 est,
3564 2161 3703 2221 scili-

2161 2263 2281 2331 cet,
2314 2257 2469 2318 nihil
2494 2257 2691 2333 aliud,
2724 2275 2837 2337 per
2878 2258 3139 2336 gratiam
3170 2262 3565 2336 operantem,
3604 2256 3703 2314 uisi

2160 2351 2425 2431 gratiam
2480 2351 2857 2413 excitantem
2903 2351 3303 2412 intellexisse.
3356 2348 3555 2428 quue
3598 2351 3704 2410 evi-

2161 2445 2409 2506 dentius
2457 2442 2765 2506 constabit
2809 2461 2885 2504 ex
2922 2443 3231 2504 solutione
3266 2443 3700 2522 objectionum,

2162 2545 2227 2600 et
2264 2537 2777 2616 interpretatione
2826 2536 3107 2599 locorum
3156 2536 3497 2616 Scripturas
3520 2581 3535 2606 ,
3586 2552 3703 2612 quae

2162 2632 2421 2693 inferius
2451 2630 2876 2692 tractabimus.

2238 2727 2297 2786 3.
2348 2726 2526 2786 Nunc
2574 2725 2846 2786 breviter
2884 2723 3260 2797 declaratur,
3314 2722 3379 2783 in
3440 2721 3705 2783 Patribus

2158 2819 2403 2879 nullum
2436 2835 2577 2880 esse
2604 2817 3087 2879 fundamentum
3118 2833 3197 2878 ex
3222 2835 3349 2895 quo
3376 2816 3505 2876 tale
3528 2833 3705 2894 genus

2158 2913 2367 2972 auxilii
2396 2911 2603 2990 colligi
2635 2912 2849 2991 possit.
2900 2911 2997 2984 Et,
3030 2911 3329 2990 quoniam
3358 2927 3476 2988 per
3508 2926 3703 2968 omnes

2156 3005 2507 3068 discurrere
2534 3006 2844 3083 prolixum
2874 3011 3071 3077 esset,
3118 3003 3219 3064 hic
3247 3007 3497 3064 tantum
3524 3003 3705 3062 brevi-

2155 3106 2253 3162 ter
2282 3099 2595 3161 annotabo
2619 3145 2635 3172 ,
2682 3117 2889 3178 neque
2918 3099 2983 3158 in
3010 3096 3285 3159 Concilio
3315 3095 3669 3157 Tridentino
3686 3141 3700 3165 ,

2154 3210 2361 3272 neque
2390 3193 2559 3272 apud
2587 3193 3029 3272 Augustinum,
3072 3208 3277 3269 neque
3308 3189 3484 3268 apud
3512 3190 3702 3249 divum

2152 3288 2476 3361 Thomam,
2504 3286 2765 3365 reperiri
2790 3284 3175 3346 mentionem
3202 3284 3393 3363 hujus
3422 3283 3632 3343 auxilii
3652 3284 3701 3340 in

2154 3381 2443 3460 speciali,
2486 3398 2693 3460 neque
2724 3379 3023 3459 generale
3046 3378 3303 3457 aliquod
3332 3378 3613 3447 verbum,
3640 3395 3701 3435 ex

2152 3493 2279 3554 quo
2310 3475 2515 3553 colligi
2544 3474 2761 3553 possit.
2804 3474 3109 3535 Probatur
3142 3492 3157 3532 :
3199 3490 3349 3534 nam
3376 3472 3699 3534 Concilium

2152 3568 2609 3637 Tridentinum‚
2642 3567 2811 3647 quod
2856 3566 3247 3629 exactissime
3282 3566 3699 3629 necessitatem

2156 3667 2219 3723 et
2248 3662 2591 3723 efficaciam
2616 3660 2839 3721 divinae
2872 3660 3087 3739 gratiae
3114 3660 3481 3731 declaravit,
3508 3666 3567 3720 et
3590 3675 3700 3719 om·

2154 3754 2259 3815 nia
2308 3772 2448 3834 quae
2494 3755 2557 3815 in
2608 3754 2923 3833 Scriptura
2968 3771 3145 3813 sacra
3166 3798 3183 3825 ,
3226 3758 3291 3814 et
3336 3754 3401 3812 in
3450 3752 3699 3830 antiquis

2152 3849 2438 3909 Conciliis
2480 3854 2542 3910 et
2582 3848 2812 3909 sanctis
2856 3847 3140 3909 Patribus
3174 3846 3399 3908 tradita
3442 3853 3606 3917 sunt,
3648 3846 3697 3903 in

2151 3960 2463 4003 summam
2505 3940 2766 4019 redegit,
2804 3940 3043 4003 nullam
3089 3942 3275 4018 hujus
3322 3940 3538 4001 auxilii
3572 3938 3697 3999 fecit

2150 4036 2535 4098 mentionem
2554 4080 2571 4109 ,
2610 4035 2723 4096 sed
2752 4036 2957 4097 solum
2988 4035 3277 4097 meminit
3304 4036 3521 4115 gratiae
3552 4034 3697 4095 exci-
3787 4106 3788 4117 ἵ

2150 4130 2337 4191 tantis
2386 4136 2451 4190 et
2490 4130 2887 4209 adjuvantis3
2936 4135 2997 4190 et
3040 4128 3313 4208 priorem
3354 4129 3692 4207 appellavit.

2150 4224 2564 4295 vocationem,
2598 4229 2831 4284 tactum
2858 4223 2993 4295 Dei,
3026 4222 3566 4290 illuminationem,
3592 4222 3696 4281 ins·
3787 4256 3788 4293 3

2150 4318 2543 4397 pirationem,
2574 4323 2637 4377 et
2664 4316 3153 4395 praevenientem
3183 4316 3473 4393 gratiam.
3512 4316 3695 4375 Poste·
3787 4338 3788 4389 3

2148 4412 2379 4473 riorem
2418 4416 2630 4471 autem
2669 4428 2799 4471 non
2826 4410 3097 4487 amplius
3130 4409 3473 4469 declaravit
3501 4408 3695 4467 Conci·
3787 4420 3788 4445 ³

2148 4505 2323 4576 lium,
2358 4502 2468 4563 sed
2494 4503 2697 4563 solum
2721 4502 3126 4581 adjuvantem
3153 4502 3419 4581 gratiam
3438 4521 3471 4560 a
3480 4501 3695 4579 ppella-

2150 4600 2253 4659 vit.
2289 4596 2539 4659 Constat
2563 4602 2774 4657 autem
2800 4614 2878 4656 ex
2906 4595 3085 4656 dictis
3107 4595 3173 4654 in
3202 4595 3505 4673 principio
3528 4594 3694 4671 hujus

2146 4691 2285 4752 libri
2312 4736 2327 4755 .
2372 4690 2617 4751 secluso
2668 4690 2771 4750 illo
2814 4688 3001 4751 modo
3048 4688 3258 4748 auxilii
3308 4689 3557 4749 fluentis
3598 4705 3695 4766 per
3787 4686 3788 4739 i

2147 4784 2405 4845 modum
2442 4789 2617 4844 actus
2652 4782 2860 4861 primi,
2900 4798 3038 4842 esse
3080 4782 3203 4841 alia
3232 4782 3461 4859 quibus
3488 4800 3598 4841 nos
3626 4778 3693 4839 ad

2150 4875 2710 4955 supernaturaliter
2756 4873 3147 4954 operandum
3191 4875 3489 4953 juvamur
3510 4920 3527 4947 ,
3578 4880 3690 4933 tum

2146 4968 2489 5039 moraliter,
2546 4974 2681 5029 tum
2742 4968 3025 5047 physice,
3084 4984 3225 5045 quae
3286 4968 3403 5027 sub
3460 4968 3689 5027 nomine
3787 4964 3788 4971 ’

2148 5060 2363 5138 gratiae
2422 5061 2775 5140 adjuvantis
2828 5060 3447 5139 comprehenduntur
3484 5076 3505 5137 3
3559 5064 3615 5119 ct
3660 5076 3689 5115 a
3787 5076 3788 5143 ᾗ

2148 5154 2419 5216 Concilio
2450 5172 2579 5215 non
2604 5160 2749 5215 sunt
2780 5154 2841 5212 in
2868 5154 3073 5233 specie
3104 5154 3429 5230 explicata,
3463 5154 3601 5232 quia
3624 5150 3691 5210 ad
3787 5148 3788 5155 ’

2148 5250 2477 5309 veritatem
2526 5248 2671 5309 fidei
2718 5248 3142 5309 definiendam
3180 5248 3245 5309 id
3286 5247 3690 5311 necessarium
3786 5298 3788 5335 j

2148 5359 2277 5402 non
2320 5347 2477 5404 erat.
2516 5342 2587 5403 In
2628 5343 2748 5403 boc
2782 5347 2995 5403 autem
3032 5342 3345 5403 imitatum
3376 5348 3469 5403 est
3496 5340 3691 5402 Conci·
3787 5350 3788 5355 ’

2144 5435 2298 5496 lium
2333 5436 2405 5497 D.
2438 5436 2876 5513 Augustinum,
2911 5436 3297 5514 praecipuum
3326 5435 3545 5495 divina·
3570 5450 3689 5511 gra·
3787 5500 3788 5503 Ἴ

2146 5528 2245 5591 tiae
2276 5528 2729 5609 disputatorem
2772 5535 2834 5590 et
2868 5528 3237 5607 magistrum
3259 5573 3274 5592 .
3320 5528 3489 5606 apud
3522 5542 3687 5605 quem
3787 5522 3788 5529 ³
