3850 6225
675 384 884 442 OPUSC.
921 387 1008 442 111.
1041 383 1262 442 anv1s
1293 381 1640 442 nnsoumo
1673 379 2166 440 comnovltnsm
2196 381 2279 440 DE
2310 382 2567 440 Auximo
2599 383 2793 440 Eme.

139 483 489 565 desumpto,
510 485 612 547 vel
647 505 724 548 ex
749 487 1028 568 generali
1059 486 1570 548 subordinatione
1609 485 1692 546 ad

139 596 394 638 causam
437 578 726 658 primam,
769 581 946 660 sequi
976 581 1177 642 Deum
1205 598 1343 642 esse
1373 584 1696 642 auctorem

138 671 285 732 mali
325 678 496 732 actus
519 691 665 735 vere
699 691 774 734 ac
813 673 1088 752 proprie,
1120 691 1247 734 uon
1276 670 1693 752 permittendo

139 767 362 838 solum,
400 765 511 826 sed
553 767 744 828 etiam
780 765 1224 846 praemovendo
1259 772 1322 828 et
1363 764 1696 846 praedeter-

137 857 428 918 minando
466 858 852 922 voluntatem
905 857 986 920 ad
1042 858 1242 936 illum,
1287 858 1460 938 quod
1504 874 1697 937 quam

139 952 212 1011 sit
251 949 618 1026 absurdum,
663 949 954 1012 omnihus
985 969 1134 1012 vere
1164 950 1494 1013 Catholicis
1548 948 1696 1010 viris

137 1051 524 1124 perspectum
571 1050 686 1106 est.
733 1043 1103 1106 Consecutio
1147 1044 1322 1123 prior
1367 1043 1690 1124 probatur,

139 1138 278 1216 quia
315 1137 604 1199 voluntas
658 1155 736 1199 ex
787 1156 853 1199 se
898 1143 1028 1200 tam
1071 1143 1166 1198 est
1202 1136 1566 1199 indifferens
1614 1135 1696 1196 ad

137 1231 328 1290 malos
357 1235 532 1292 actus
561 1230 924 1292 efficiendos
962 1229 1123 1292 sicut
1149 1229 1232 1290 ad
1276 1230 1501 1304 bonna,
1535 1235 1598 1292 et
1629 1229 1694 1288 in

139 1341 348 1384 eorum
377 1323 702 1384 effectione
730 1329 858 1385 tam
881 1321 1288 1384 subordinata
1307 1323 1522 1401 primoe
1546 1340 1694 1384 cau·

139 1437 240 1498 sae,
274 1417 432 1478 sicut
460 1415 663 1477 omnis
691 1435 883 1478 causa
913 1414 1187 1478 secunda
1217 1415 1282 1476 in
1301 1415 1580 1495 quolibet
1607 1413 1692 1476 ef-

137 1511 290 1572 fectu
306 1529 420 1572 suo
441 1529 455 1570 :
480 1513 726 1590 oportet
741 1528 914 1592 ergo,
925 1511 1105 1590 juxta
1121 1509 1277 1570 illud
1291 1508 1686 1590 principium,

139 1605 358 1677 dicere,
420 1603 622 1663 Deum
666 1604 857 1664 etiam
911 1621 1028 1664 sua
1083 1601 1317 1664 efficaci
1372 1602 1690 1663 voluntate

141 1697 674 1778 piaedeterminare
710 1701 774 1758 et
801 1713 1188 1776 praemovere
1218 1694 1551 1756 efficaciter
1578 1712 1694 1755 no-

143 1797 286 1851 stras
310 1789 686 1863 voluntates,
713 1795 781 1850 ut
814 1789 1210 1852 consentiant
1237 1787 1691 1851 tentationibus

141 1885 230 1944 vel
255 1882 514 1963 objectis
540 1881 770 1960 pravis,
804 1881 1058 1961 quando
1083 1882 1164 1944 ab
1191 1883 1282 1944 eis
1309 1881 1683 1955 invitantur;

139 1978 398 2056 itemque
429 1976 566 2036 sine
603 1975 708 2036 tali
739 1975 1384 2055 proedeterminatione
1413 1975 1526 2036 Dei
1554 1974 1689 2036 nul-

139 2070 252 2130 lam
269 2069 654 2131 voluntatem
667 2069 904 2131 habere
931 2087 1118 2149 posse
1139 2087 1404 2149 pravum
1426 2086 1686 2130 consen·

139 2182 300 2236 sum3
353 2167 416 2224 et
463 2163 662 2242 posita
717 2162 824 2224 tali
877 2161 1524 2242 praedeterminatione
1557 2179 1686 2222 non

139 2275 306 2334 posse
355 2255 536 2316 illum
575 2274 704 2318 non
753 2255 1012 2316 habere.
1071 2255 1308 2316 Rursus
1349 2253 1686 2316 dicendum

139 2351 308 2410 etiam
343 2353 806 2428 consequenter
858 2351 974 2422 est,
1009 2349 1214 2408 Deum
1240 2365 1371 2408 non
1399 2365 1477 2408 ex
1502 2345 1684 2408 malis

143 2443 360 2503 meritis
397 2441 694 2518 hominis»,
723 2459 934 2521 neque
963 2459 1041 2504 ex
1066 2457 1262 2520 pravo
1289 2459 1408 2502 usu
1440 2440 1689 2502 liberta-

143 2537 354 2616 tisejus
380 2536 535 2597 dare
561 2535 646 2596 illi
671 2534 861 2596 talem
880 2535 1352 2615 praemotionem
1375 2534 1457 2595 ad
1479 2541 1690 2596 actum

141 2631 376 2703 malum,
402 2631 522 2692 sed
539 2630 742 2690 solum
761 2629 908 2708 quia
922 2629 1072 2692 vult.
1099 2631 1316 2708 Itaque
1332 2629 1482 2690 dum
1498 2630 1687 2690 homo

139 2731 266 2784 actu
307 2729 588 2786 tentatur
639 2729 706 2784 ut
759 2723 1106 2784 consentiat
1159 2723 1225 2784 in
1286 2728 1495 2785 actum
1537 2741 1688 2803 prae-

142 2824 298 2894 cepto
321 2817 732 2890 contrarium,
762 2833 906 2877 cum
924 2817 1092 2878 Deus
1111 2833 1289 2896 aeque
1313 2815 1510 2896 possit
1533 2833 1684 2894 prte-

139 2909 540 2972 detcrminare
594 2909 980 2971 voluntatem
1029 2909 1166 2990 ejus
1215 2915 1286 2971 ut
1335 2909 1686 2972 consentiat

139 3004 224 3064 vel
248 3003 593 3078 dissentiat,
611 3004 776 3066 Deus
806 3021 883 3064 ex
907 3022 974 3064 se
1005 3008 1066 3065 et
1097 3021 1175 3064 ex
1203 3004 1334 3066 sola
1363 3001 1682 3064 voluntate

143 3118 238 3159 sua
269 3099 645 3163 determinat
695 3097 864 3161 illam
903 3098 984 3161 ad
1013 3117 1418 3176 consensum,
1475 3096 1682 3177 potius

145 3212 312 3271 quam
341 3194 419 3255 ad
441 3194 834 3267 dissensum3
866 3199 1026 3255 etex
1054 3193 1300 3255 duobus
1327 3192 1684 3256 hominibus

142 3288 288 3349 hunc
311 3288 458 3349 facit
493 3286 868 3359 consentire,
895 3286 1070 3347 illum
1097 3286 1448 3361 dissentire,
1481 3285 1684 3346 solum

141 3381 266 3457 quia
291 3381 438 3441 vult.

207 3477 296 3535 35.
341 3474 492 3546 Quae
512 3474 722 3534 omnia
752 3481 814 3536 et
840 3474 962 3535 alia
990 3472 1273 3553 ejusdem
1291 3470 1551 3534 rationis
1578 3471 1683 3532 ad-

139 3567 364 3629 mittunt
391 3566 685 3628 nonnulli
709 3572 1000 3629 auctores
1021 3565 1186 3627 illius
1213 3564 1556 3639 sententiae,
1589 3583 1686 3626 se-

141 3676 244 3737 que
267 3661 406 3721 satis
433 3664 662 3740 putant
692 3677 1030 3740 exponere,
1059 3660 1158 3720 vel
1185 3659 1392 3739 potius
1424 3657 1682 3719 eludere

139 3752 456 3833 Scripturas
495 3759 558 3814 et
579 3753 997 3815 Conciliorum
1047 3752 1470 3825 definitioneS,
1509 3749 1684 3812 adhi-

139 3844 246 3905 bita
273 3846 664 3907 distinctione
681 3846 760 3907 de
786 3852 932 3907 actu
959 3846 1128 3907 malo
1169 3864 1286 3925 pro
1307 3845 1556 3906 formali
1581 3844 1684 3906 vel

141 3956 238 4015 pro
261 3941 588 4015 materiali,
631 3942 762 4002 Deo
801 3941 1211 4003 attribuentes
1240 3940 1588 4014 materiale,
1621 3944 1684 4001 et

143 4034 404 4112 negando
429 4034 694 4095 formale
723 4038 766 4109 ⁸,
791 4053 866 4095 ac
887 4034 938 4095 si
966 4034 1318 4115 separabile
1349 4034 1448 4107 sit,
1479 4052 1682 4096 mora-

143 4124 262 4186 liter
285 4127 623 4209 loquendo‚
652 4127 914 4190 formale
957 4146 994 4189 a
1050 4128 1379 4201 materiali,
1429 4127 1682 4207 quando

141 4217 370 4281 intentio
393 4222 641 4302 agentis
674 4220 928 4283 definite
961 4227 1022 4285 et
1050 4221 1334 4283 absolute
1374 4219 1574 4282 tendit
1601 4220 1684 4281 ad

143 4311 323 4389 ipsum
363 4321 576 4377 actum
609 4316 980 4390 humanum,
1019 4334 1056 4376 a
1085 4332 1210 4394 quo
1250 4313 1684 4393 inseparabilis

145 4412 225 4465 est
255 4407 642 4481 deformitas;
677 4415 740 4469 et
769 4408 944 4469 illum
969 4407 1104 4470 vult
1139 4408 1201 4469 et
1230 4406 1511 4471 decernit
1536 4423 1682 4467 cum

144 4500 410 4563 omnibus
462 4502 808 4563 moralibus
844 4501 1306 4563 conditionibus
1356 4500 1636 4581 positivis
1657 4545 1674 4575 ‚

145 4608 175 4649 a
197 4594 404 4670 quibus
423 4596 650 4657 eadem
683 4594 920 4656 malitia
952 4595 1229 4675 separari
1272 4612 1402 4655 non
1429 4598 1668 4673 potest;

147 4690 199 4743 et
247 4686 326 4747 ita
353 4687 527 4748 illum
567 4688 720 4762 vult,
753 4692 824 4749 ut
863 4706 991 4749 non
1032 4687 1182 4749 velit
1225 4687 1408 4767 quasi
1462 4686 1678 4749 condi-

147 4775 352 4840 tionate
377 4785 438 4841 et
491 4780 924 4861 dependenter
981 4799 1020 4841 a
1062 4780 1382 4842 voluntate
1430 4786 1672 4854 creata,

147 4870 242 4930 sed
287 4873 564 4937 absolute
610 4874 906 4948 volendo,
937 4879 1000 4937 et
1037 4873 1446 4954 proefiniendo
1474 4874 1678 4954 ipsam

147 4964 562 5043 conditionem,
605 4972 668 5030 et
709 4967 998 5029 faciendo
1030 4966 1367 5030 efficaciter
1416 4973 1488 5027 ut
1539 4967 1676 5047 ipsa

145 5056 407 5121 voluntas
431 5067 640 5123 creata
668 5061 750 5123 ad
782 5061 974 5123 talem
1001 5067 1210 5123 actum
1235 5060 1582 5141 applicetur
1616 5066 1679 5123 et

151 5146 593 5216 determinetur.
1451 5194 1476 5225 .

217 5242 336 5305 Hoc
371 5264 518 5327 ergo
547 5248 734 5310 modo
765 5248 1108 5311 attribuere
1158 5249 1290 5310 Deo
1340 5246 1682 5312 efficaciam

221 5428 235 5463 ¹
269 5428 450 5490 Totus
487 5428 586 5493 hic
637 5432 958 5495 discursus
982 5433 1110 5495 late
1139 5434 1440 5495 tractatur
1466 5430 1574 5493 lib.
1615 5432 1678 5507 2,

153 5516 266 5577 fere
297 5526 644 5601 poi-totum,
677 5528 992 5609 praecipuc
1025 5546 1081 5589 c.
1113 5530 1154 5588 Ξ
1181 5533 1242 5587 ct
1261 5529 1322 5587 A.

3218 376 3337 438 383

1774 491 1837 546 et
1864 485 2583 566 proedeteminationem
2608 491 2865 548 actuum
2879 481 3213 556 malorum,
3244 482 3338 542 di-

1774 579 1975 640 cimus
2000 579 2263 660 impium
2289 579 2489 642 videri
2529 583 2591 640 et
2618 577 2997 640 contrarium
3028 575 3339 638 definitio-

1773 674 1961 735 nibus
2003 673 2254 736 Concilii
2306 673 2649 736 Tridentini
2693 678 2757 734 et
2796 671 3163 733 Arausicani
3191 675 3233 746 ¹,
3274 677 3337 734 et

1777 767 2067 828 omnibus
2116 767 2470 847 Scripturis,
2514 785 2655 845 quae
2696 770 2933 845 negant
2968 767 3167 827 Deum
3220 766 3338 828 im-

1769 860 2027 940 planare
2061 861 2405 934 hominem‚
2446 865 2557 920 aut
2600 877 2739 920 esse
2774 858 3085 920 malorum
3134 864 3337 920 tenta-

1774 959 2001 1028 torem,
2024 959 2087 1016 et
2104 953 2242 1016 aliis
2262 953 2587 1015 similibus
2613 953 3031 1025 Quamobrem
3050 952 3339 1014 nonnulli

1778 1064 1855 1106 ex
1881 1046 2238 1126 TheologiS‚
2268 1047 2377 1125 qui
2404 1045 2753 1108 doctrinam
2778 1045 2948 1106 illam
2984 1045 3063 1106 de
3092 1045 3338 1124 praede-

1773 1139 2211 1200 terminatione
2265 1139 2525 1219 physica
2568 1139 2633 1198 in
2680 1137 2863 1199 bonis
2922 1138 3164 1200 actibus
3201 1155 3337 1199 am-

1773 1231 2149 1310 plectuntur,
2178 1249 2321 1292 eam
2338 1231 2404 1292 iu
2430 1231 2611 1292 malis
2630 1231 2973 1292 abhorrent
2996 1237 3059 1292 et
3077 1231 3335 1294 omnino

1771 1330 2030 1404 negant,
2072 1324 2139 1386 in
2175 1341 2301 1403 quo
2337 1323 2593 1403 quidem
2646 1323 2749 1403 pie
2808 1329 2872 1385 et
2912 1323 3205 1404 religiose
3241 1323 3337 1384 lo·

1772 1423 2072 1498 quuntur,
2104 1416 2216 1479 sed
2234 1435 2363 1478 non
2384 1421 2866 1494 consequenter.
2889 1417 2996 1478 Est
3022 1417 3337 1478 enimevi-

1771 1511 1931 1572 dens
1979 1515 2091 1571 aut
2116 1509 2270 1570 illud
2316 1510 2489 1589 prius
2540 1509 2675 1570 sine
2703 1509 3114 1573 fundamento
3168 1509 3337 1571 affir-

1771 1603 1955 1678 mari,
1980 1608 2089 1664 aut
2100 1603 2221 1665 hoc
2240 1602 2429 1664 etiam
2458 1619 2537 1664 ex
2564 1602 2669 1663 illo
2684 1601 3335 1681 fundamentossneces-

1777 1700 1939 1761 sario
1968 1698 2168 1779 sequi.
2204 1699 2419 1778 Igitur,
2449 1697 2523 1771 si,
2558 1698 2640 1760 ob
2664 1698 2986 1760 vitandum
3027 1704 3155 1760 tam
3198 1715 3337 1759 ma-

1777 1812 1975 1873 gnum
2015 1791 2383 1868 absurdum,
2426 1791 2641 1852 abillo
2690 1790 3103 1852 fundamento
3160 1809 3337 1854 rece-

1775 1888 1989 1959 datur,
2038 1885 2279 1946 nullum
2314 1889 2599 1962 superest
2624 1883 2708 1946 ad
2734 1884 3101 1962 ponendum
3122 1884 3335 1947 auxilii

1770 1980 2111 2042 efficaciam
2143 1981 2208 2040 in
2236 1979 2341 2040 illa
2368 1978 2631 2059 physica
2655 1977 3328 2058 proedeterminatione.

1847 2075 1947 2135 36.
1988 2071 2343 2137 Ostendam·
2371 2089 2491 2136 m
2522 2074 2681 2136 recte
2707 2072 2925 2153 empom*
2970 2069 3337 2152 Sci-ipanus

1753 2167 1951 2248 juxta
1993 2165 2171 2228 illam
2210 2165 2570 2229 doctrinam.
2600 2195 2683 2211 —
2709 2165 2895 2226 Sexto
2936 2165 3082 2228 hinc
3127 2164 3337 2228 inferi-

1765 2277 1908 2320 mus
1946 2276 2243 2338 magnam
2277 2258 2405 2318 vim
2444 2256 2655 2319 facere
2701 2257 2924 2318 divinis
2974 2259 3329 2338 Scripturis,

1744 2371 1906 2434 ,quae
1935 2350 2319 2432 singularem
2344 2349 2457 2412 Dei
2497 2351 2764 2430 gratiam
2786 2357 3153 2430 operantem
3194 2369 3337 2414 nos·

1765 2452 1896 2508 tros
1938 2450 2113 2507 actus
2150 2444 2663 2522 supernaturales
2700 2442 3061 2523 praedicant,
3088 2445 3197 2524 qui
3226 2463 3334 2506 eas

1769 2539 1848 2602 de
1870 2540 1992 2601 hoc
2020 2538 2251 2600 auxilio
2274 2537 2561 2616 physico,
2585 2555 2699 2598 seu
2722 2537 2979 2617 physice
3000 2538 3336 2616 praedeter-

1768 2633 2049 2694 minante
2066 2630 2473 2707 voluntatem,
2492 2630 3002 2709 interpretantur.
3024 2631 3181 2692 Nam
3204 2630 3335 2710 pla·

1767 2743 1848 2786 ne
1877 2723 2163 2803 sequitur
2194 2721 2449 2784 easdem
2490 2721 2789 2802 loquendi
2822 2722 3123 2784 formulas
3146 2740 3333 2803 posse

1768 2819 1850 2878 ad
1876 2824 2053 2879 actus
2076 2816 2277 2877 bonos
2298 2815 2639 2890 naturales,
2668 2811 2796 2877 imo
2821 2816 2903 2877 ad
2930 2821 3105 2876 actus
3132 2817 3333 2878 malos

1765 2909 2247 2972 accommodari.
2297 2909 2476 2982 Nam,
2520 2909 2567 2968 si
2615 2907 2756 2970 ideo
2808 2909 2960 2971 dixit
3003 2909 3327 2970 Christus:

1763 3005 1958 3068 Nemo
1992 3009 2192 3085 potest
2216 3005 2419 3066 venire
2449 3003 2533 3066 ad
2570 3021 2685 3076 mo,
2726 3003 2854 3065 uisi
2892 3003 3089 3066 Pater
3126 3007 3335 3067 trame-

1764 3099 1854 3163 rit
1873 3116 2005 3161 eum
2026 3097 2281 3174 (Joan.),
2305 3095 2452 3174 quia
2472 3114 2659 3157 nemo
2676 3100 2881 3175 potest
2908 3094 3193 3171 credere,
3209 3096 3331 3157 nisi

1766 3210 1879 3271 per
1909 3192 2079 3252 illam
2120 3190 2446 3269 physicam
2473 3188 2815 3250 motionem
2846 3208 2885 3250 a
2924 3190 3055 3251 Deo
3092 3188 3334 3267 praede-

1770 3283 2137 3345 terminetur
2153 3327 2169 3356 ‚
2192 3298 2345 3361 ergo
2370 3282 2562 3343 etiam
2584 3281 2888 3361 potuisset
2906 3282 3113 3343 dicere
3131 3283 3334 3345 Chris·
3392 3346 3403 3353 ,

1763 3382 1898 3437 tus:
1923 3377 2121 3436 Nemo
2142 3379 2348 3454 potest
2375 3374 2612 3435 bonum
2642 3392 2801 3455 opus
2838 3374 3073 3435 morale
3092 3372 3329 3447 facere,

1763 3469 1882 3529 nisi
1909 3469 2094 3530 Pater
2121 3486 2301 3531 meus
2329 3468 2585 3529 traxerit
2610 3484 2759 3529 eum
2788 3468 2870 3529 ad
2907 3467 3062 3528 illud
3098 3466 3335 3529 facien-

1764 3564 1953 3637 dum;
1986 3562 2135 3643 quia
2154 3562 2347 3624 etiam
2372 3579 2502 3622 non
2525 3568 2730 3641 potest
2759 3560 2969 3622 facere
2996 3561 3185 3622 homo
3205 3560 3331 3621 tale

1766 3675 1949 3736 opuS,
1973 3656 2092 3717 nisi
2111 3655 2275 3717 Deus
2302 3654 2807 3735 praedeterminet
2832 3654 3095 3735 physice
3110 3654 3335 3714 volun-

1764 3756 1957 3812 tatem
1988 3750 2125 3829 ejus
2155 3754 2223 3810 ut
2261 3748 2409 3809 velit
2452 3748 2682 3809 facere.
2712 3748 2844 3809 Imo
2886 3754 2949 3809 et
2982 3747 3189 3808 dicere
3218 3764 3333 3825 po-

1763 3844 2022 3904 tuisset:
2076 3844 2217 3904 Non
2256 3846 2463 3922 potest
2500 3839 2698 3903 Judas
2738 3839 3012 3902 vendere
3041 3857 3167 3913 me,
3209 3838 3331 3899 nisi

1766 3938 1949 3998 Pater
1976 3953 2157 3997 meus
2180 3952 2322 3995 eum
2343 3934 2601 3995 traxerit
2627 3940 2699 3993 ut
2723 3932 2873 3995 velit
2901 3948 2999 3995 me
3027 3933 3327 4005 vendere,

1765 4030 1912 4109 quia
1942 4029 2233 4089 omnibus
2262 4027 2358 4088 his
2386 4026 2592 4087 verbis
2632 4043 2762 4086 non
2798 4025 3184 4105 significatur
3210 4024 3331 4085 nisi

1763 4123 1828 4185 id
1873 4121 2045 4201 quod
2098 4126 2195 4183 est
2236 4119 2559 4182 materiale
2600 4118 2665 4180 in
2715 4124 2973 4198 peccato
3018 4118 3325 4189 interiori,

1763 4215 1922 4294 ipse,
1971 4214 2224 4284 scilicet,
2274 4218 2451 4274 actus
2509 4212 2845 4273 voluntatis
2896 4230 3087 4291 quem
3130 4210 3329 4274 Judas

1767 4308 2003 4369 habere
2028 4324 2155 4367 non
2197 4306 2523 4385 potuisset,
2552 4304 2673 4365 nisi
2702 4306 2869 4366 Deus
2909 4305 3087 4366 illum
3113 4306 3329 4367 traxis-

1765 4405 1881 4473 set,
1915 4398 2521 4481 praedeteminando
2551 4397 2746 4459 illum.
2781 4398 2953 4460 Idem
2991 4416 3330 4481 argumen-

1761 4492 1933 4556 tandi
1963 4492 2191 4553 modus
2218 4491 2519 4571 applicari
2558 4496 2764 4570 potest
2812 4492 2893 4554 ad
2932 4491 3039 4552 illa
3086 4491 3322 4555 verba:

1757 4588 2013 4652 Faciam
2038 4592 2111 4651 ut
2137 4584 2385 4665 faciatis
2408 4584 2513 4664 (ad
2549 4584 2770 4665 Philip.
2803 4586 2890 4665 2),
2914 4586 3081 4649 Dm
3110 4591 3199 4649 est
3224 4584 3331 4666 qui

1756 4685 2043 4764 operatur
2082 4678 2151 4741 ia
2197 4677 2363 4743 nobis
2399 4678 2547 4741 velle
2584 4684 2642 4742 et
2688 4680 2976 4761 perficere
3027 4678 3248 4757 (Rom.
3277 4678 3323 4758 )‚

1759 4782 1820 4839 et
1865 4774 2113 4848 similia,
2146 4774 2197 4835 si
2234 4773 2371 4835 haec
2410 4773 2575 4834 dicta
2621 4778 2770 4834 sunt
2813 4774 3095 4835 rationes
3138 4773 3327 4853 hujus

1757 4868 2033 4949 physicae
2098 4866 2787 4947 proedeteminationis.
2834 4868 2994 4929 Item
3052 4866 3331 4947 applica-

1757 4963 1808 5024 ri
1841 4966 2049 5042 potest
2074 4960 2156 5021 ad
2190 4959 2295 5021 illa
2330 4960 2521 5035 verba
2548 4978 2563 5020 :
2604 4958 2747 5025 Noa
2784 4966 2874 5024 est
2915 4958 3187 5037 volentis,
3224 4981 3340 5025 πμ.

1757 5073 1868 5139 quo
1926 5052 2229 5119 cementis
2251 5098 2273 5129 ,
2324 5053 2431 5115 sed
2481 5052 2597 5115 Dei
2648 5053 2989 5119 miserentis
3037 5050 3331 5117 Similiter

1763 5150 1931 5210 enim
1992 5148 2201 5211 dicere
2229 5146 2575 5227 poterimus
2607 5164 2622 5205 :
2686 5147 2825 5208 Non
2872 5150 2967 5209 est
3025 5147 3323 5221 volentis,

1761 5260 1972 5323 neque
2016 5240 2324 5303 currentis
2361 5238 2599 5319 (utique
2628 5239 2713 5301 ad
2747 5239 3035 5320 malum),
3066 5240 3179 5301 sed
3218 5241 3328 5301 Dei

1845 5431 1863 5467 ¹
1910 5428 2098 5489 Conc.
2136 5425 2302 5487 Trid.
2353 5442 2509 5485 sess„
2540 5426 2602 5484 6.
2640 5442 2778 5485 can.
2826 5426 2897 5499 6;
2932 5423 3219 5488 Arausic.
3244 5422 3323 5498 11,

1763 5524 1842 5583 23
1874 5528 1935 5583 ct
1955 5524 2059 5585 25.
