3850 6225
755 432 923 485 SECT.
962 434 999 486 Ι.
1035 430 1252 485 mmm
1281 430 1542 495 PAULUS,
1579 430 1662 484 An
1695 430 1876 483 HEBR.
1913 435 1963 495 6,
1998 430 2079 484 DE
2110 430 2562 497 uomlrlcssls,
2592 432 2728 486 mc.

99 547 166 589 c.
205 532 326 604 143
356 530 744 605 Ambrosius,
770 532 928 593 libro
955 533 992 593 3
1017 531 1096 592 de
1121 530 1516 603 Paenitentia,
1543 548 1598 591 c.
1626 534 1695 591 2:

101 624 531 700 AthanasiuS,
575 625 738 686 dicta
781 624 1090 698 oratione3
1125 625 1531 703 EpiphaniuS,
1580 625 1700 685 hoe-

101 718 239 777 resi
265 720 374 791 56,
397 719 562 780 eirca
575 719 971 799 principium,
995 718 1100 795 qui
1119 719 1394 797 apertius
1421 718 1700 779 declarat

103 810 396 871 Paulum
423 811 512 872 ibi
537 830 724 890 agere
744 812 822 873 de
856 811 1180 872 sanatione
1207 829 1426 873 eorum
1456 812 1562 890 qui
1595 830 1697 871 ce-

103 903 444 966 ciderant:
479 905 652 971 Vides
682 906 928 985 (inquit)
949 906 1228 986 quomodo
1255 904 1698 968 innovationem

103 1014 238 1058 non
269 1016 457 1079 posse
489 999 629 1079 fieri
665 1000 910 1075 iter-uon,
941 1002 1198 1079 perfecte
1237 997 1700 1077 pronuntiavit,-

103 1108 338 1154 verum
373 1110 416 1154 a
441 1093 638 1155 salute
657 1109 778 1155 non
809 1093 1036 1155 amovit
1063 1092 1256 1155 adhuc
1269 1092 1696 1171 poenitentiam

108 1190 400 1264 ayantes,
419 1187 526 1248 sed
534 1190 594 1248 et
607 1204 741 1248 cum
766 1185 966 1251 salute
980 1186 1360 1266 conjunctam
1381 1198 1510 1246 'esse
1525 1182 1694 1259 dicit,

107 1282 172 1338 et
201 1279 404 1340 Deum
431 1284 832 1360 susceptorem
859 1279 1141 1341 bonorum
1163 1294 1400 1357 operum
1427 1276 1698 1358 ipsorum

107 1388 274 1444 esse,
323 1370 432 1452 qui
468 1374 651 1444 etiam
687 1390 726 1434 a
767 1372 1006 1435 delictis
1036 1370 1472 1453 perfectissime
1503 1370 1697 1451 ρωπί-

109 1466 384 1527 tentiam
412 1470 622 1547 ayunt.
643 1465 944 1525 Eamdem
971 1465 1346 1526 sententiam
1365 1464 1555 1524 habet
1577 1464 1698 1523 Da-

109 1576 488 1633 mascenus,
518 1558 562 1619 l.
581 1560 621 1619 4
647 1558 724 1619 de
756 1559 928 1631 Fide,
948 1578 1002 1620 e.
1025 1562 1102 1619 10
1122 1577 1137 1631 ;
1159 1563 1221 1619 et
1255 1558 1530 1617 insinuat
1553 1574 1695 1617 eam

110 1652 574 1723 Nazianzenus
606 1657 762 1713 orat.
799 1654 900 1723 40,
935 1652 1285 1729 clariusque
1317 1651 1401 1710 ibi
1429 1649 1695 1728 explieat

109 1746 374 1806 Nicetas
405 1765 420 1819 ;
473 1746 623 1807 item
675 1746 1172 1825 chrysostomus,
1223 1750 1355 1806 tum
1405 1743 1512 1817 ibi,
1557 1749 1692 1804 tum

111 1838 314 1898 ctiam
342 1838 563 1899 homil.
595 1838 676 1897 ad
711 1838 1141 1917 baptizandos,
1171 1838 1278 1898 ubi
1309 1855 1386 1897 ex
1415 1837 1690 1897 hocloco

109 1932 360 2011 colligit
386 1932 766 2011 baptismum
795 1932 1002 1993 vocari
1027 1950 1064 1992 a
1088 1932 1278 1994 Paulo
1300 1929 1696 1991 illuminatio-

109 2042 291 2083 nem.
325 2025 503 2086 Idem
533 2025 971 2097 Oeeumenius,
1007 2026 1088 2087 ibi
1123 2027 1321 2087 citans
1364 2024 1688 2104 Cyrillum,

109 2118 278 2177 libro
321 2119 364 2177 6
401 2118 492 2178 de
537 2118 916 2179 Adoratione
969 2119 1035 2179 in
1069 2118 1290 2198 spiritu
1321 2123 1382 2179 et
1409 2118 1693 2190 veritate,

107 2211 174 2271 in
205 2210 498 2271 secunda
523 2216 700 2290 parte
725 2212 862 2291 ejus
892 2212 1116 2290 operia,
1145 2212 1313 2291 quod
1353 2228 1520 2271 nunc
1567 2227 1696 2270 non

110 2308 313 2375 extat,
383 2304 587 2363 solum
647 2304 812 2365 enim
866 2304 1173 2365 habemus
1219 2323 1418 2364 unum
1467 2304 1697 2364 librum

111 2397 332 2474 Cyrilli
365 2396 448 2458 de
478 2397 842 2458 adoratione
869 2398 934 2457 in
975 2398 1216 2476 spiritu,
1249 2398 1313 2458 in
1359 2416 1484 2477 quo
1509 2397 1698 2477 hujus

114 2490 236 2549 loci
275 2490 460 2551 Pauli
505 2490 743 2551 nullam
789 2490 935 2551 facit
966 2492 1372 2553 mentionem.
1417 2492 1696 2569 Denique

115 2584 548 2663 Hieronymus
605 2584 894 2645 eamdem
957 2585 1146 2645 habet
1198 2584 1647 2664 expositionem
1674 2629 1690 2655 ,

116 2678 154 2736 l.
193 2679 236 2737 Ξ
269 2682 492 2737 contra
525 2678 756 2749 Jovin„
800 2678 906 2737 ubi
937 2694 1011 2737 ex
1043 2678 1161 2738 hoc
1189 2678 1324 2739 loeo
1352 2676 1524 2738 Pauli
1553 2692 1694 2737 cum

120 2770 264 2829 aliis
323 2771 554 2849 probat
610 2788 798 2849 posse
851 2770 1074 2831 fideles
1135 2777 1276 2850 post
1331 2777 1694 2849 susceptum

119 2864 511 2942 baptismum
563 2882 863 2942 peccare3
914 2882 996 2923 ne
1041 2881 1191 2923 vero
1245 2865 1576 2925 Montanus
1637 2870 1700 2925 et

120 2958 433 3028 Novatus,
464 2956 574 3035 qui
619 2956 889 3017 fructum
938 2956 1316 3034 poenitentioe
1353 2959 1694 3037 negabant,

119 3050 272 3109 hinc
297 3050 496 3110 velint
531 3050 626 3110 sui
657 3049 885 3110 erroris
913 3048 1391 3113 fundamentum
1419 3066 1700 3114 assume*

119 3163 218 3217 rc,
269 3144 360 3206 ait
405 3143 754 3204 subdidisse
804 3144 1065 3203 Paulum
1115 3143 1251 3204 haee
1297 3145 1512 3218 verba,
1563 3163 1699 3224 quse

117 3243 507 3298 tractamus:
545 3237 920 3314 Confidimus
943 3242 1164 3310 autem,
1185 3239 1330 3310 etc.,
1355 3244 1416 3299 et
1440 3237 1562 3298 ait:
1591 3240 1702 3301 Ita

115 3331 366 3393 locutus
392 3349 551 3405 sum,
577 3330 781 3412 inquit
795 3327 1146 3410 Apostolus,
1179 3335 1254 3392 ut
1273 3347 1378 3392 vos
1401 3350 1442 3394 a
1454 3337 1698 3412 peccato

113 3424 557 3496 subtraherent,
615 3427 900 3486 coeterwm
948 3425 1172 3503 confido
1209 3425 1278 3486 de
1325 3424 1525 3499 vobis,
1573 3428 1690 3484 ete.
1717 3485 1734 3499 ,

111 3515 336 3596 Neque
364 3517 518 3578 enim
528 3515 805 3596 justitiae
830 3517 946 3578 Dei
971 3521 1065 3578 est
1086 3521 1158 3580 ut
1193 3517 1583 3582 obliviscatur
1601 3517 1697 3580 bo-

110 3625 338 3671 norum
363 3627 604 3689 operum
624 3615 684 3672 et
700 3611 1136 3673 reminiscatur
1153 3615 1536 3692 peccatorum
1564 3617 1698 3674 tan-

115 3706 269 3763 tum.
307 3702 510 3764 Sentit
537 3719 710 3782 ergo,
747 3721 825 3763 ex
854 3704 1162 3764 sententia
1211 3703 1408 3778 Pauli,
1440 3709 1696 3783 peccata

113 3812 244 3853 non
283 3795 590 3873 impedire
631 3794 902 3856 fmctum
953 3795 1263 3857 bonorum
1309 3814 1592 3876 operum,
1645 3796 1694 3858 si

111 3893 336 3949 tamen
367 3888 733 3968 poenitentia
760 3887 1128 3950 intercedat.

235 4127 550 4193 Probatur
573 4127 752 4192 etiam
780 4147 853 4192 esc
883 4127 1150 4193 Concilio
1182 4129 1562 4194 Tridentino.

195 4357 298 4414 14.
335 4354 563 4416 Praeter
595 4355 848 4416 Patrum
875 4373 1026 4416 vero
1073 4355 1424 4417 testimonia
1459 4357 1682 4419 afferre

106 4463 475 4525 possumus,
507 4447 568 4506 in
594 4448 780 4526 hujus
809 4448 1090 4508 veritatis
1121 4447 1680 4524 confirmationem,

107 4538 462 4598 Concilium
490 4539 944 4601 Tridentinum.
981 4559 1135 4601 sess.
1158 4540 1302 4614 6‚·c.
1335 4542 1434 4615 16,
1461 4542 1566 4601 ubi
1601 4542 1688 4603 sio

106 4633 314 4711 inquit
343 4653 358 4693 z
391 4634 534 4696 IIac
558 4635 757 4716 iyitur
781 4636 1018 4697 ratione
1043 4635 1410 4714 justificatis
1439 4636 1690 4698 homini-

106 4729 238 4799 bus,
273 4727 406 4788 sive
445 4733 752 4808 acceptam
778 4728 1048 4810 qratiam
1066 4734 1356 4809 perpetuo
1381 4747 1694 4792 conserva-

105 4821 329 4893 verint,
359 4820 488 4881 sive
513 4821 803 4883 amissam
828 4824 1338 4902 recuperaverint,
1361 4839 1692 4904 proponen-

105 4915 184 4976 da
227 4917 380 4975 sunt
430 4911 710 4995 Apostoli
755 4915 937 4977 verba
969 4943 992 4976 .·
1043 4915 1361 4980 Ahmadan
1417 4919 1485 4978 in
1530 4916 1693 4977 omni

106 5024 279 5086 opere
305 5006 472 5078 bono,
523 5009 776 5071 seientes
826 5010 984 5089 quod
1017 5009 1188 5072 labor
1224 5016 1420 5073 vester
1455 5027 1574 5070 non
1601 5013 1692 5072 est

105 5100 318 5162 inanis
345 5099 417 5160 in
435 5099 692 5161 Domino
712 5127 740 5173 ,·
765 5117 888 5186 non
911 5102 1072 5164 enim
1088 5103 1362 5180 injustus
1387 5106 1478 5165 est
1503 5103 1687 5173 Deus,

103 5197 176 5254 ut
199 5193 592 5256 obliviscatur
615 5195 814 5274 operis
836 5194 1046 5268 vesto-i,
1065 5201 1124 5258 et
1145 5194 1484 5259 dilectionis
1509 5213 1691 5277 quam

109 5287 462 5350 ostendistis
479 5285 796 5349 innomine
815 5287 1036 5367 ipsius.
1059 5288 1237 5360 Quod
1261 5288 1689 5350 testimonium

109 5379 304 5458 ipsius
329 5377 748 5458 compositum
775 5386 872 5442 est
909 5399 948 5440 a
986 5382 1260 5443 Co‘ncilio
1303 5401 1378 5442 ex
1415 5381 1624 5443 verbis
1653 5384 1678 5441 1

110 5472 190 5533 ad
213 5472 500 5534 Corinth.
526 5474 626 5546 ¹5,
659 5477 720 5534 et
750 5473 832 5533 ad
859 5475 1050 5534 Hebr.
1083 5475 1144 5535 6.
1178 5476 1336 5536 Nam
1365 5475 1492 5536 dno
1521 5473 1692 5536 dixe-

109 5571 206 5628 rat
225 5565 597 5641 Concilium,
637 5565 896 5644 scilicet,
918 5571 1124 5648 justos
1147 5568 1520 5630 animandos
1549 5585 1688 5632 esse

3232 428 3343 489 441

1782 530 1864 591 ad
1888 529 2281 610 operandum
2316 532 2586 593 fructum
2614 532 2923 591 bonorum
2952 547 3237 609 operum,
3270 529 3355 591 si-

1779 640 1854 683 ve
1877 624 2142 702 gratiam
2168 630 2473 703 perpetuo
2501 624 2987 698 observaverint,
3008 610 3137 683 siffe
3168 622 3355 683 amis-

1779 734 1914 777 sam
1946 718 2473 796 recuperaverint.
2494 719 2772 780 Priorem
2802 734 2953 797 ergo
2974 722 3215 795 partem
3244 735 3353 796 op-

1775 809 1926 871 time
1950 810 2171 871 suadet
2192 828 2269 871 ex
2288 810 2425 872 loco
2448 810 2529 872 ad
2543 810 2845 881 Corinth.,
2870 809 2975 870 ubi
2998 809 3226 869 Paulus
3247 827 3356 869 ex-

1777 904 2063 964 hortatur
2080 904 2281 983 justos
2311 904 2393 965 ad
2420 903 2955 984 perseverandum
2984 908 3047 963 et
3072 919 3355 963 crescen-

1777 996 1929 1057 dum
1949 997 2015 1057 in
2031 998 2229 1078 gratia
2254 1016 2367 1077 per
2384 998 2553 1059 bona
2566 1016 2779 1078 opera.
2804 998 2967 1077 Ergo
2982 997 3115 1057 hoec
3140 1002 3355 1056 nostra

1775 1090 1970 1151 verba
2022 1091 2277 1153 adducit
2333 1092 2673 1154 Concilium
2728 1090 2809 1151 ad
2859 1088 3355 1151 confirmandam

1781 1184 1968 1245 aliam
1995 1190 2260 1265 partem,
2294 1202 2433 1263 quoe
2474 1190 2610 1247 erat
2649 1183 2729 1246 de
2757 1186 2855 1245 his
2880 1182 2985 1263 qui
3010 1200 3127 1262 per
3153 1181 3357 1262 poeni-

1778 1276 2039 1338 tentiam
2087 1278 2351 1357 gratiam
2402 1284 2778 1357 recuperant
2805 1323 2821 1351 ‚
2876 1282 2983 1337 aut
3032 1276 3357 1337 confidunt

1779 1388 1921 1430 cum
1952 1388 2027 1431 ea
2045 1388 2421 1451 recuperare
2448 1390 2558 1431 sua
2590 1369 2765 1433 bona'
2788 1389 2979 1451 opera
3004 1376 3067 1432 et
3090 1370 3311 1431 merita
3332 1388 3348 1442 ς

1779 1481 1931 1543 ergo
1963 1464 2267 1525 intellexit
2300 1464 2644 1526 Concilium
2667 1464 2925 1526 Paulum
2963 1465 3041 1525 de
3070 1464 3190 1524 hae
3218 1464 3354 1542 ipsa

1776 1574 1846 1617 re
1873 1556 2066 1617 fuisse
2094 1557 2397 1619 locutum.

1859 1651 1958 1711 15.
1994 1648 2333 1731 opponitur
2373 1651 2769 1734 responsioni.
2815 1684 2895 1699 --
2928 1648 3355 1728 Respondebit

1771 1737 2067 1803 fortasset
2106 1743 2331 1821 aliquis
2369 1744 2711 1805 Concilium
2757 1744 2927 1823 loqui
2976 1742 3233 1822 quidem
3274 1741 3353 1801 de

1766 1835 2123 1915 justificatis
2147 1842 2289 1916 post
2304 1836 2572 1915 lapsum,
2598 1855 2722 1898 non
2744 1855 2893 1898 vero
2909 1835 3078 1914 loqui
3100 1833 3179 1894 de
3204 1852 3357 1913 ope·-

1774 1931 1950 1992 ribus
1986 1932 2069 1991 ab
2086 1931 2238 2011 ipsis
2264 1932 2443 1993 factis
2472 1937 2617 1994 ante
2636 1932 2908 2011 lapsum,
2935 1930 3045 1991 sed
3071 1930 3149 1990 de
3174 1928 3353 1988 factis

1777 2031 1922 2105 post
1962 2026 2454 2104 reparationem3
2502 2027 2587 2087 ita
2625 2031 2694 2087 ut
2738 2025 3080 2087 Concilium
3108 2028 3353 2083 tantum

1777 2117 2003 2179 doceat
2030 2137 2157 2179 non
2199 2119 2401 2180 solum
2444 2119 2585 2181 illos
2620 2119 2845 2198 justOS,
2878 2117 2981 2197 qui
3028 2134 3279 2195 semper
3315 2134 3353 2175 a

1779 2218 2069 2291 suscepto
2112 2212 2487 2291 baptismate
2514 2213 2881 2274 innocentes
2922 2211 3200 2283 fuerunt,
3240 2209 3353 2269 sed

1779 2306 1967 2366 etiam
2008 2304 2145 2365 illos
2174 2306 2283 2383 qui
2311 2306 2603 2386 fgraviter
2642 2310 3085 2384 peccaverunt,
3130 2302 3187 2363 si
3220 2302 3353 2381 jam

1771 2397 2091 2477 justificati
2130 2403 2297 2472 sunt,
2330 2417 2517 2478 posse
2564 2417 2775 2460 coram
2815 2401 2949 2459 Deo
2992 2414 3260 2470 merere,
3292 2399 3355 2456 et

1777 2492 2011 2552 debere
2030 2492 2387 2553 mercedem
2414 2510 2527 2572 pro
2550 2492 2731 2553 bonis
2756 2492 3049 2572 operibus
3071 2506 3348 2569 sperare.

1777 2585 1935 2645 Nam
1958 2583 2036 2645 de
2062 2586 2375 2664 prioribus
2403 2586 2697 2664 operibus
2722 2591 2867 2646 ante
2896 2585 3145 2663 lapsum
3171 2582 3353 2643 factis

1776 2677 2016 2737 nullam
2046 2679 2132 2739 ibi
2155 2679 2539 2740 mentionem
2562 2680 2736 2755 facit3
2762 2680 2911 2757 quin
2932 2678 3137 2758 potius
3164 2676 3351 2756 paulo

1779 2776 1919 2851 post
1940 2772 2187 2832 subdit:
2223 2770 2419 2853 Atque
2444 2772 2571 2835 ideo
2598 2773 2733 2834 bene
2760 2771 3144 2853 operantibus
3167 2785 3354 2855 usque

1779 2866 1848 2926 in
1891 2867 2095 2943 fiuent,
2146 2870 2203 2929 et
2245 2866 2314 2926 in
2364 2866 2485 2927 Deo
2525 2867 2930 2945 sperantibus,
2970 2864 3355 2946 proponenda

1780 2964 1870 3022 est
1885 2955 2017 3021 vita
2044 2964 2291 3029 esterna,
2324 2962 2383 3019 et
2402 2963 2690 3038 tanquam
2718 2958 2927 3039 qratia
2954 2957 3111 3033 filiis
3134 2960 3191 3019 et
3220 2960 3353 3020 tan-

1781 3070 1960 3134 quam
1998 3067 2242 3125 merces,
2288 3056 2407 3111 etc.
2444 3050 2560 3113 Ubi
2596 3050 2823 3110 iterum
2860 3049 3147 3130 expendo
3180 3049 3349 3108 illam

1779 3146 2147 3227 particulam
2174 3163 2362 3228 usque
2395 3145 2463 3206 in
2484 3147 2687 3226 finem,
2720 3163 2868 3206 nam
2894 3163 2971 3205 ex
3000 3163 3074 3206 ea
3106 3143 3351 3204 videtur

1781 3239 2022 3312 haberi,
2054 3238 2303 3312 merita,
2335 3243 2404 3298 ut
2443 3238 2697 3298 tandem
2739 3239 3015 3300 habeant
3056 3238 3347 3298 effectum

1779 3332 2019 3411 praemii
2048 3335 2112 3392 et
2134 3331 2463 3404 mercediS,
2490 3332 2636 3392 talia
2658 3349 2795 3392 esse
2812 3330 3041 3392 debere
3056 3337 3127 3391 ut
3150 3347 3346 3410 usque
3462 3351 3471 3368 ·

1777 3425 1844 3486 in
1885 3425 2077 3486 finem
2120 3424 2367 3486 durent.
2416 3423 2593 3496 Quod
2642 3443 2771 3485 non
2807 3425 3046 3486 habent
3088 3442 3164 3485 ea
3205 3439 3347 3502 quae

1777 3537 1894 3598 per
1934 3519 2183 3597 lapsum
2220 3519 2286 3578 in
2340 3523 2665 3598 peccatum
2709 3519 2973 3578 mortale
3016 3519 3349 3579 interrum-

1777 3619 2034 3692 puntur,
2070 3617 2132 3673 et
2156 3612 2550 3683 amittuntur-3
2586 3629 2737 3691 ergo
2754 3612 3171 3691 nonloquitur
3190 3613 3351 3674 Gon-

1779 3706 1990 3767 cilium
2020 3705 2097 3766 de
2122 3705 2221 3765 his
2246 3705 2483 3765 meritis
2506 3710 2657 3766 ante
2686 3705 2933 3784 lapsum
2956 3705 3156 3766 factis.

1861 3798 1959 3859 16.
1988 3797 2300 3860 ,Iudicium
2325 3801 2527 3875 fertur
2552 3799 2621 3860 de
2628 3799 2929 3878 praedicta
2944 3797 3342 3878 responsione.

1775 3923 1857 3938 --
1875 3891 2025 3951 Haee
2046 3891 2473 3969 interpretatio
2494 3891 2745 3952 Concilii
2768 3891 2863 3969 (ut
2880 3910 3099 3952 verum
3124 3891 3346 3970 fatear)

1775 4003 1902 4045 non
1934 3990 2141 4063 potest
2171 3983 2443 4045 evidenti
2482 3984 3013 4046 demonstratione
3040 3984 3260 4056 refelli,
3286 3991 3349 4044 et

1773 4077 1915 4138 ideo
1950 4077 2259 4138 sententia
2284 4094 2477 4155 quam
2508 4077 2903 4138 defendimus
2938 4096 3067 4138 non
3100 4083 3193 4138 est
3212 4092 3349 4137 om-

1769 4169 1920 4230 nino
1948 4176 2139 4231 certa.
2162 4171 2577 4231 Nihilominus
2604 4175 2816 4231 tamen
2856 4170 3100 4231 ostendi
3141 4175 3345 4249 potest

1771 4263 2225 4342 expositionem
2264 4264 2437 4324 illam
2476 4283 2607 4325 non
2640 4282 2779 4326 esse
2806 4263 3151 4325 admodum
3186 4263 3345 4324 veri-

1768 4356 2057 4418 similem.
2113 4356 2341 4430 Primo,
2384 4358 2532 4436 quia
2568 4357 2749 4418 valde
2797 4363 3057 4418 enervat
3095 4362 3345 4418 senten-

1771 4449 1919 4510 tiam
1952 4449 2231 4524 Concilii,
2260 4449 2431 4527 quod
2456 4468 2585 4511 non
2610 4451 2743 4512 sine
2774 4469 2963 4510 causa
2988 4455 3117 4512 tam
3138 4451 3346 4511 eonsi-

1770 4542 1983 4602 tlerate
2026 4548 2088 4603 et
2120 4543 2391 4622 graviter
2434 4542 2550 4603 sub
2588 4543 3001 4622 disjunctione
3027 4542 3131 4603 illa
3174 4543 3345 4604 locu-
3450 4595 3479 4609 0

1771 4641 1906 4696 tum
1940 4641 2063 4707 est3
2098 4641 2161 4695 ct
2191 4641 2405 4695 tamen
2432 4635 2714 4715 profecto
2742 4636 2875 4696 sine
2914 4655 3103 4697 causa
3142 4642 3205 4696 et
3242 4655 3347 4697 ne—

1775 4728 2061 4788 cessitate
2090 4727 2243 4788 illud
2271 4729 2357 4788 ita
2396 4729 2799 4803 declarasset,
2834 4729 2883 4789 si
2914 4727 2993 4790 de
3024 4728 3173 4790 solis
3196 4747 3350 4809 ope-

1773 4820 1948 4881 ribus
1991 4827 2133 4900 post
2164 4821 2447 4883 ultimam
2486 4821 3000 4901 justificationem
3038 4823 3219 4884 factis
3260 4823 3347 4884 lo-

1775 4919 2098 4994 queretur.
2128 4914 2277 4986 Quis
2306 4916 2475 4975 enim
2502 4916 2624 4976 hoc
2656 4916 2973 4976 revocavit
2998 4916 3061 4975 in
3081 4915 3347 4976 dubium

1771 5009 1881 5067 aut
1904 5007 2221 5067 constituit
2235 5025 2516 5084 unquam
2540 5007 2955 5068 differentiam
2982 5007 3145 5070 inter
3161 5009 3346 5087 justi-

1768 5099 1923 5160 tiam
1972 5105 2273 5178 perpetuo
2319 5103 2776 5175 conservatam,
2809 5107 2873 5161 et
2908 5107 3051 5180 post
3097 5101 3343 5180 lapsum

1769 5197 2150 5273 reparatam,
2185 5191 2355 5271 quod
2381 5192 2487 5252 illa
2527 5193 2605 5253 sit
2628 5193 2999 5272 principium
3028 5193 3341 5255 sufficiens

1771 5286 2001 5362 meriti,
2029 5291 2091 5347 et
2108 5303 2235 5346 non
2260 5285 2416 5360 haec,
2450 5291 2519 5346 ut
2542 5287 2887 5366 oportuerit
2906 5292 3161 5366 propter
3177 5287 3343 5348 hane

1773 5381 1970 5442 solam
2014 5396 2271 5438 causam
2308 5378 2650 5440 Concilium
2700 5384 2827 5439 tam
2878 5386 3170 5440 accurate
3204 5381 3342 5440 haec

1771 5472 2181 5550 distinguere,
2220 5491 2364 5532 cum
2410 5490 2523 5550 per
2567 5489 2635 5532 se
2677 5477 2923 5532 constet
2964 5472 3339 5552 principium

1769 5563 1977 5626 meriti
2006 5583 2136 5626 non
2176 5583 2315 5628 esse
2346 5563 2791 5640 innocentiam,
2824 5565 2939 5626 sed
2965 5583 3183 5628 veram
3200 5567 3369 5648 jus-—
