3850 6225
674 386 808 439 CAP.
844 385 973 439 XVl.
1010 383 1314 436 som-’mm
1348 383 1497 435 ALIA
1531 380 1835 447 omerio,
1874 382 2142 445 mosomi:
2180 380 2538 444 occAslonss,
2573 381 2708 435 ETC.
3181 378 3298 437 247

124 494 397 555 luntatem
413 485 917 567 praedefinitivam
951 486 1187 566 gloriae,
1218 486 1319 547 vel
1340 486 1557 547 salutis
1573 485 1638 544 in
1724 502 1887 559 esse,
1917 485 1985 545 ul
2015 484 2255 545 ratione
2290 483 2454 545 illius
2483 486 2928 545 removeantur
2969 482 3049 543 ab
3089 482 3302 543 electis

124 606 202 654 se,
220 584 313 645 vel
338 580 701 653 formaliter3
729 580 842 641 sed
863 585 1107 641 tantum
1136 580 1200 640 in
1219 580 1368 653 alio,
1394 596 1506 639 seu
1525 579 1645 639 vir-
1723 580 2176 659 impedimenta
2215 580 2455 645 salutis,
2489 582 2552 639 et
2592 578 3038 657 provideantur
3064 578 3294 653 media,

122 680 359 747 tualiter‚
387 676 449 735 id
472 682 586 746 est,
618 674 685 733 in
708 673 1037 734 vocatione
1063 692 1364 752 congrua.
1397 674 1641 750 Itaque,

126 773 249 851 quia
283 772 444 829 Deus
468 768 598 828 vult
619 766 856 827 homini
898 766 1051 826 dare
1076 784 1421 845 congruam
1462 782 1649 825 voca-

124 867 327 927 tionem
358 861 437 922 ad
464 860 677 933 fidem,
714 862 941 920 virtute
971 859 1104 919 vult
1142 858 1293 919 dare
1316 858 1557 928 fidem3
1589 862 1651 917 et

125 958 269 1017 idem
298 960 387 1015 est
410 951 951 1033 proportionaliter
985 952 1063 1013 de
1094 951 1419 1024 charitate,
1449 950 1653 1031 gratia

128 1048 421 1128 etgloria.
476 1046 601 1107 Sed
638 1046 758 1109 hoc
788 1063 908 1107 nec
946 1051 1248 1106 consonat
1293 1044 1500 1105 verbis
1528 1045 1653 1104 Au·

125 1142 343 1221 gustini‚
365 1158 479 1201 nec
506 1140 752 1200 rationi.
792 1138 1177 1219 Augustinus
1198 1137 1365 1199 enim
1396 1156 1651 1217 expres-

126 1256 179 1298 se
208 1236 364 1315 ponit
388 1230 756 1295 electionem
788 1234 867 1293 ad
893 1251 1161 1311 regnum
1188 1232 1515 1304 coelorum,
1545 1250 1651 1293 vo-

124 1328 715 1391 luntatemefficacem
738 1326 1051 1399 salvandi,
1086 1332 1147 1387 et
1168 1325 1541 1387 electionem
1569 1330 1639 1386 ut

124 1422 362 1485 credant.
398 1420 601 1499 Atque
629 1421 777 1481 hinc
812 1420 1119 1480 formatur
1146 1418 1334 1490 ratio;
1368 1435 1519 1478 nam
1540 1436 1649 1478 vo-

126 1518 301 1576 luntas
316 1513 475 1587 finis,
502 1513 567 1573 in
596 1531 673 1575 eo
700 1513 1043 1593 praesertim
1063 1512 1168 1592 qui
1196 1510 1471 1591 perfecte
1500 1529 1655 1591 ope-

122 1616 281 1681 ratur,
301 1626 425 1668 non
441 1612 535 1667 est
558 1607 861 1679 virtualis,
882 1606 995 1667 sed
1012 1623 1309 1685 expressa
1332 1624 1404 1667 ac
1420 1605 1654 1667 forma-

121 1706 207 1773 lis;
237 1701 357 1776 sed,
387 1718 531 1763 cum
558 1701 727 1764 Deus
752 1701 860 1762 dat
884 1702 1279 1761 vocationem
1306 1718 1651 1779 congruam

124 1804 179 1858 ut
201 1798 367 1856 bomo
392 1794 631 1865 credat,
655 1794 791 1873 ipsa
826 1793 985 1854 fides
1014 1792 1269 1855 es'tfinis
1305 1794 1449 1855 talis
1472 1812 1651 1853 voca-

122 1892 307 1961 tionis;
356 1896 417 1949 et
444 1888 735 1950 similiter
750 1887 1111 1967 justificatio
1150 1892 1249 1948 est
1277 1886 1421 1947 finis
1468 1904 1656 1947 voca-

122 1985 275 2046 tionis
297 2000 589 2063 congruae
615 1982 699 2043 ad
714 1982 1170 2061 poenitentiam,
1204 1987 1266 2041 et
1287 1978 1653 2059 glorificatio

125 2086 198 2139 est
220 2076 347 2137 finis
394 2075 609 2136 auxilii
663 2076 921 2155 congrui
964 2074 1045 2135 ad
1082 2072 1647 2155 perseverandum;

125 2190 245 2251 ergo
270 2170 547 2231 voluntas
569 2169 715 2231 talis
738 2168 885 2229 finis
917 2187 1047 2229 non
1086 2173 1182 2229 est
1206 2168 1486 2229 virtualis
1520 2173 1655 2227 tan-

122 2270 251 2337 tum,
270 2264 374 2324 sed
410 2263 857 2324 formalissima
888 2268 951 2323 et
982 2280 1302 2341 expressa,
1332 2267 1393 2322 et
1420 2279 1650 2323 secun-

121 2360 241 2419 dum
259 2358 555 2419 rationem
586 2363 681 2419 est
703 2356 873 2435 prior
898 2375 912 2428 ;
942 2374 1095 2433 ergo
1108 2356 1305 2417 multo
1324 2354 1524 2434 magis
1548 2372 1653 2414 an·

122 2452 315 2513 tecedit
328 2451 783 2530 praescientiam
806 2448 1197 2521 meritorum,
1222 2467 1413 2529 quam
1441 2448 1657 2509 volun-

124 2552 200 2606 tas
216 2545 388 2605 dandi
414 2544 815 2605 vocationem
842 2561 1209 2622 congruam.

192 2640 276 2699 14.
324 2637 561 2700 Eleccio
625 2639 753 2700 laceo
824 2638 1097 2701 absoluta
1148 2644 1258 2702 est.
1304 2670 1387 2684 —
1423 2639 1605 2699 Dices
1636 2685 1651 2711 ,

128 2730 334 2789 etiamsi
376 2729 667 2790 formalis
692 2730 954 2791 intentio
985 2728 1129 2791 finis
1166 2730 1515 2791 secundum
1556 2750 1659 2791 ra-

124 2823 322 2883 tionem
359 2823 720 2896 antecedat,
748 2840 877 2883 non
906 2828 1121 2885 tamen
1152 2830 1442 2903 oportere
1486 2824 1657 2885 illam

125 2922 179 2975 ut
211 2916 289 2976 sic
336 2934 468 2977 esse
514 2917 868 2989 efficacem,
917 2916 1031 2977 sed
1068 2923 1312 2979 tantum
1355 2918 1660 2979 conditio*

125 3016 326 3082 natam,
377 3015 437 3071 et
463 3008 961 3089 dependentem,
1000 3010 1211 3089 quoad
1249 3028 1435 3071 suum
1468 3008 1657 3070 effec-

123 3110 253 3174 tum,
276 3122 309 3163 a
335 3104 529 3165 libero
556 3103 819 3164 arbitrio
846 3109 1256 3183 cooperatur-0
1287 3102 1501 3184 gratiae
1520 3102 1653 3164 Dei.

120 3197 265 3266 Quod
302 3199 364 3259 in
394 3198 567 3258 hune
610 3197 870 3258 modum
901 3196 1207 3258 declarari
1232 3202 1474 3275 potest;
1506 3215 1657 3256 nam

123 3309 237 3352 eum
264 3293 445 3364 Deus,
464 3291 813 3354 intendens
839 3291 1031 3352 finem
1062 3298 1125 3354 et
1159 3292 1399 3374 eli-gens
1420 3293 1650 3365 media,

126 3403 225 3445 non
260 3393 433 3466 egeat
486 3387 783 3448 discursu
848 3385 1057 3464 aliquo
1106 3385 1207 3446 vel
1251 3386 1653 3465 inquisitione

120 3478 451 3553 mediorum,
486 3478 610 3542 sed
646 3477 830 3539 simul
868 3478 1098 3539 habeat
1123 3478 1333 3539 omnia
1372 3495 1656 3557 praescn-

120 3570 341 3644 tissima,
386 3591 515 3632 non
574 3571 755 3650 prius
797 3569 1059 3632 intendit
1094 3569 1285 3646 finem
1334 3578 1396 3633 et
1435 3578 1653 3650 postea

122 3662 263 3740 eligit
303 3665 529 3737 media,
600 3663 713 3725 sed
758 3663 939 3724 simul
992 3663 1255 3724 intendit
1300 3663 1491 3726 {inem
1540 3683 1654 3744 per

120 3755 239 3816 talia
264 3757 484 3831 media,
521 3763 593 3818 et
616 3755 1048 3836 dependenter
1074 3758 1157 3818 ab
1190 3757 1330 3818 illis.
1366 3758 1469 3818 Sic
1496 3775 1651 3837 ergo

120 3849 171 3907 in
188 3851 451 3926 praesenti
480 3849 627 3912 vult
653 3849 907 3930 quidem
922 3848 1073 3911 dare
1100 3851 1366 3930 gloriam
1386 3851 1653 3930 praedes·

119 3941 301 4016 tinato,
325 3950 695 4005 nontamen
722 3943 1029 4014 absolute,
1062 3943 1175 4004 sed
1203 3961 1317 4022 per
1344 3944 1493 4004 talia
1518 3963 1654 4006 me-

122 4033 221 4104 dia,
242 4037 457 4098 scilicet
476 4055 603 4117 per
619 4036 843 4098 merita
869 4043 931 4098 et
950 4037 1227 4098 actiones
1256 4037 1488 4099 liberas
1509 4057 1653 4098 cum

123 4124 295 4189 divina
318 4131 539 4208 gratia,
581 4135 643 4191 et
682 4147 813 4190 non
844 4130 977 4191 sine
1023 4131 1178 4203 illis;
1213 4131 1387 4192 etita
1414 4131 1516 4192 illa
1544 4151 1656 4192 vo-

122 4219 293 4282 luntas
315 4243 435 4284 non
460 4231 563 4285 est,
588 4223 893 4298 absoluta,
920 4223 1030 4284 sed
1054 4223 1495 4285 conditionata.
1528 4225 1655 4286 Sed

122 4313 231 4375 haec
282 4316 539 4396 obJectio
614 4317 991 4378 sententiam
1044 4323 1328 4378 nostram
1383 4319 1653 4379 maxime

122 4407 413 4471 confirmat
463 4416 527 4471 et
580 4409 879 4471 declarat.
926 4411 1086 4472 Nam
1127 4410 1450 4490 imprimiS,
1484 4412 1657 4490 quod

121 4495 208 4557 illa
242 4502 517 4564 voluntas
554 4503 775 4564 efficax
798 4502 900 4574 sit,
934 4501 1270 4582 probatum
1300 4509 1395 4564 est
1425 4523 1501 4564 ex
1530 4506 1657 4564 Au-

121 4593 333 4664 gustino
352 4642 367 4668 ,
438 4597 583 4677 quia
630 4597 715 4658 illi
764 4596 1069 4656 voluntati
1134 4597 1343 4657 nullus
1400 4599 1649 4659 resistit.

124 4681 347 4747 Probari
392 4691 579 4750 etiam
610 4692 819 4768 potest
866 4707 943 4750 ex
985 4689 1088 4749 illo
1120 4689 1339 4750 Matth.
1382 4693 1499 4751 24:
1546 4692 1657 4754 Ita

124 4779 180 4834 ut
199 4779 257 4837 iu
280 4797 533 4845 morem
562 4783 955 4856 inducantur,
978 4783 1038 4844 si
1055 4783 1195 4859 fieri
1210 4787 1436 4864 potest,
1469 4785 1653 4846 etiam

125 4867 280 4933 electi.
308 4873 448 4946 Quae
482 4882 577 4954 est
614 4876 1017 4955 exaggeratio
1066 4876 1147 4937 ad
1198 4876 1646 4938 declarandam

126 4965 488 5030 acerbitatem
511 4969 987 5049 persecutionis,
1012 4987 1157 5030 cum
1183 4969 1323 5030 fieri
1345 4988 1473 5031 non
1508 4991 1652 5050 pos-

126 5053 187 5112 sit
231 5063 290 5118 ut
331 5059 507 5123 electi
548 5061 863 5123 deficiant.
916 5061 1095 5135 Quod
1144 5069 1357 5148 autem
1377 5064 1495 5124 hoc
1522 5083 1650 5124 non

126 5147 189 5206 sit
231 5155 461 5213 tantum
510 5156 751 5216 ratione
796 5155 1198 5234 praescientiae
1226 5201 1241 5228 ,
1301 5154 1413 5217 sed
1462 5175 1537 5217 ex
1591 5157 1652 5216 vi

124 5237 293 5315 ipsius
328 5245 667 5320 electionis,
722 5247 1047 5308 declarant
1094 5247 1197 5307 illa
1238 5249 1463 5308 verba:
1500 5248 1652 5314 Nisi

123 5333 343 5431 bretiati
365 5347 559 5404 essent
582 5342 708 5404 dies
733 5341 857 5415 illi,
906 5357 1026 5402 non
1038 5341 1214 5419 fieret
1245 5341 1423 5406 salva
1458 5343 1650 5404 omnis

127 5443 264 5500 caro,
295 5434 395 5494 sed
410 5440 655 5516 propter
678 5435 890 5499 electos
908 5435 1337 5498 broviabuntm·
1378 5437 1504 5499 dies
1524 5434 1643 5497 izei.

132 5519 265 5582 Hinc
323 5525 481 5585 enim
532 5533 773 5588 constat
828 5529 993 5588 hane
1040 5527 1409 5590 electionem
1459 5528 1645 5590 talem

1729 674 1957 753 quibus
2016 673 2347 737 certissimo
2397 673 2746 745 liberentur,
2795 677 2863 732 ut
2913 671 3298 751 Augustinus

1729 768 2007 847 loquitur
2054 769 2166 846 (De
2209 767 2382 827 Dono
2423 784 2699 847 persev.,
2731 784 2785 828 c.
2832 766 2969 843 1‡);
3022 768 3115 825 est
3149 782 3300 844 ergo

1732 862 1838 922 illa
1868 861 2088 923 electio
2139 858 2382 931 efficax,
2439 878 2566 920 non
2619 864 2866 919 tantum
2899 866 2968 919 ut
3016 864 3303 920 versatur

1734 955 1896 1016 circa
1947 954 2177 1024 media,
2235 954 2348 1014 sed
2382 953 2570 1015 etiam
2603 958 2672 1013 ut
2705 958 2992 1014 versatur
3035 953 3196 1014 circa
3228 952 3303 1011 fi-

1735 1064 1903 1117 nem,
1953 1066 2096 1109 cum
2127 1048 2204 1108 sit
2230 1046 2372 1107 fons
2404 1052 2466 1108 et
2493 1047 2651 1109 ratio
2682 1048 2900 1109 talium
2923 1046 3300 1117 mediorum,

1732 1147 1801 1203 ut
1828 1142 1978 1203 satis
2002 1140 2283 1202 declarat
2306 1141 2408 1201 illa
2428 1141 2758 1220 particula,
2789 1147 3037 1223 propter
3063 1140 3296 1203 electos.

1728 1234 1821 1295 Ex
1848 1252 1974 1312 quo
2017 1236 2204 1295 etiam
2247 1234 2514 1295 sumitur
2537 1236 2770 1314 optima
2805 1235 2988 1306 ratio,
3033 1250 3180 1293 nam
3205 1234 3304 1293 in-

1730 1329 1925 1390 tentio
1953 1326 2097 1389 finis
2128 1335 2222 1391 est
2251 1328 2722 1408 proportionata
2753 1329 3036 1389 electioni
3065 1327 3304 1388 medio-

1732 1440 1904 1493 rum;
1937 1428 2000 1483 et
2030 1440 2064 1483 e
2095 1440 2421 1495 converso,
2447 1422 2655 1483 media
2677 1422 3080 1483 manifestant
3101 1420 3304 1499 qualis

1734 1516 1923 1577 fucrit
1949 1515 2212 1578 intentio
2261 1514 2436 1589 finis;
2485 1534 2659 1595 erge,
2692 1517 2744 1576 si
2776 1517 2966 1589 Daue,
3000 1534 3077 1576 ex
3113 1532 3308 1594 pecu·
3395 1504 3412 1523 ⁸

1734 1609 1872 1671 liarl
1924 1608 2362 1671 benevolentia
2409 1614 2472 1669 et
2525 1608 2914 1688 providentia
2941 1654 2956 1682 ,
3011 1610 3308 1686 procurat

1734 1703 1879 1763 huic
1935 1702 2177 1764 homini
2220 1701 2428 1763 media
2493 1720 2772 1781 congrua
2834 1708 2898 1763 et
2967 1700 3311 1763 infallibilia

1735 1797 1962 1876 quibus
1987 1796 2182 1857 finem
2213 1801 2606 1873 assequatur,
2644 1796 2894 1875 signum
2925 1800 3017 1855 est
3047 1793 3308 1855 effic-aci-

1734 1896 1831 1953 ter
1890 1890 2218 1953 intendere
2272 1889 2464 1950 talem
2503 1890 2718 1963 finem,
2775 1896 2838 1951 et
2893 1890 3080 1968 longe
3129 1888 3308 1949 aliter

1733 1984 1895 2047 velle
1950 1984 2219 2045 salutem
2251 1989 2313 2044 et
2369 1982 2636 2063 gloriam
2691 1982 2800 2043 tali
2848 1973 3086 2043 homini
3117 1998 3309 2060 quam

1739 2078 1863 2153 alii,
1892 2079 1992 2139 cui
2020 2078 2170 2139 talia
2193 2076 2402 2137 media
2431 2076 2786 2155 specialiter
2812 2096 2938 2137 non
2961 2075 3222 2137 confert.

1820 2177 1917 2235 15.
1962 2172 2246 2249 Denique
2297 2163 2570 2232 libenter
2607 2171 2954 2249 amplector
3013 2170 3184 2249 quod
3242 2170 3305 2229 in

1738 2266 2090 2346 objectione
2121 2264 2368 2337 dicitur,
2413 2265 2608 2325 Deum
2642 2264 2831 2324 simul
2880 2268 2942 2325 et
2985 2262 3311 2343 simplicis-

1738 2360 1895 2421 simo
1949 2365 2094 2421 actu
2155 2356 2506 2419 secundum
2555 2376 2690 2419 rem
2735 2356 3060 2417 intendere
3115 2356 3308 2417 finem

1736 2472 1852 2534 per
1878 2453 2030 2515 talia
2060 2452 2267 2513 media
2289 2470 2304 2521 ;
2333 2468 2486 2511 nam
2513 2451 2655 2511 hinc
2679 2452 3036 2511 necessario
3063 2449 3309 2510 conclu-

1737 2546 1903 2608 ditur
1946 2547 2147 2608 Deum
2175 2591 2194 2620 ,
2252 2551 2398 2605 ante
2448 2544 2910 2623 praescientiam
2957 2542 3308 2603 absolutam

1735 2638 2097 2699 futurorum
2123 2639 2516 2709 meritorum,
2550 2637 2708 2699 velle
2742 2636 3184 2716 praedestinato
3213 2641 3310 2696 to-

1740 2738 1871 2793 tum
1910 2733 2054 2803 hoc,
2092 2736 2152 2792 et
2203 2732 2487 2811 gloriam,
2543 2736 2606 2792 et
2632 2730 2875 2804 merita,
2935 2735 2995 2790 et
3042 2729 3308 2808 gloriam

1739 2844 1855 2903 per
1882 2824 2128 2897 merita,
2162 2829 2224 2885 et
2247 2824 2472 2885 merita
2505 2827 2764 2904 propter
2803 2823 3097 2903 gloriam:
3133 2828 3196 2885 et
3225 2823 3312 2883 si-

1738 2918 1969 2979 militer
2003 2924 2204 2979 totum
2253 2918 2394 2989 hoc,
2439 2923 2505 2979 et
2541 2916 2757 2987 fidem,
2803 2923 2866 2977 et
2914 2917 3306 2977 vocationem

1740 3030 2116 3091 congruam,
2161 3016 2223 3072 et
2253 3011 2422 3071 illam
2454 3030 2570 3090 per
2605 3012 2792 3082 hanc,
2844 3015 2907 3071 et
2943 3011 3107 3070 hanc
3153 3026 3307 3089 pro-

1738 3113 1879 3186 pter
1914 3105 2126 3178 illam3
2160 3124 2312 3186 ergo
2350 3105 2509 3167 sicut
2553 3123 2668 3185 per
2707 3103 2880 3166 illam
2915 3102 3305 3166 voluntatem

1738 3200 1912 3278 eligit
1955 3202 2123 3260 Deus
2192 3198 2514 3259 hominem
2567 3198 2647 3258 ad
2707 3198 3102 3258 vocationem
3163 3215 3310 3260 con·

1738 3311 2000 3374 gruam,
2049 3292 2148 3353 vel
2177 3291 2258 3352 ad
2300 3293 2558 3364 merita,
2605 3292 2687 3353 ita
2747 3291 2939 3352 etiam
2982 3290 3064 3350 ad
3111 3289 3302 3352 fidem

1739 3393 1800 3448 et
1830 3386 1913 3447 ad
1943 3386 2229 3464 gloriam,
2263 3392 2325 3446 et
2353 3403 2466 3465 per
2494 3385 2878 3447 voluntatem
2906 3388 3036 3445 tam
3065 3383 3305 3462 praede-

1736 3480 1872 3541 finit
1898 3480 2094 3540 finem
2136 3495 2326 3557 quam
2355 3478 2656 3538 medium.
2689 3479 2815 3538 Nec
2857 3495 3008 3538 vere
3051 3495 3124 3536 ac
3164 3495 3310 3555 pro-

1736 3573 1869 3653 prie
1926 3573 2048 3634 dici
2089 3577 2295 3651 potest
2342 3571 2448 3631 illa
2487 3570 2778 3631 voluntas
2827 3569 2971 3630 finis
3005 3569 3305 3631 conditio·

1738 3671 1908 3738 nata,
1936 3665 2083 3744 quia
2111 3663 2256 3725 licet
2289 3663 2354 3724 in
2382 3663 2632 3738 effectu,
2663 3668 2728 3724 et
2756 3663 3126 3723 executione
3152 3681 3306 3741 pen-

1734 3760 1879 3820 deat
1906 3759 2049 3820 finis
2077 3777 2114 3818 a
2143 3757 2349 3818 medio
2393 3763 2454 3817 et
2487 3775 2616 3817 non
2661 3758 2738 3817 sit
2787 3756 2970 3817 aliter
3000 3756 3300 3829 intentae,

1735 3860 1946 3915 tamen
1976 3852 2212 3912 illamet
2241 3849 2512 3911 conditio
2541 3856 2630 3911 est
2658 3850 2942 3909 absolute
2979 3850 3167 3913 volita
3194 3867 3323 3927 per*

1734 3946 1913 4006 illum
1961 3943 2259 4006 eumdem
2303 3949 2548 4014 actum3
2597 3947 2660 4002 et
2709 3942 2850 4002 idco
2897 3947 3098 4002 totum
3149 3941 3306 4001 illud

1736 4040 2072 4118 objectum,
2112 4042 2174 4099 et
2196 4035 2500 4116 quidquid
2538 4035 2602 4096 in
2644 4035 2750 4096 illo
2790 4040 2905 4105 est,
2931 4034 3217 4095 absolute
3247 4037 3310 4095 et

1736 4133 2072 4194 efficaciter
2101 4135 2198 4192 est
2221 4128 2504 4190 volitum.
2539 4130 2712 4191 Sicut
2739 4129 2845 4208 qui
2877 4129 3069 4190 habet
3093 4128 3309 4189 volun·

1736 4232 1927 4288 tatem
1959 4223 2308 4286 aedificandi
2337 4223 2648 4302 integram
2671 4223 2955 4295 domum,
2997 4223 3126 4284 vult
3169 4221 3308 4300 qui-

1736 4320 1882 4380 dem
1916 4325 2155 4380 tectum
2189 4315 2620 4396 dependenter
2643 4335 2676 4375 a
2709 4314 3146 4388 fundamento,
3176 4333 3305 4374 non

1735 4418 1948 4472 tamen
1979 4412 2219 4472 dicetur
2259 4410 2462 4470 solum
2506 4407 2928 4469 conditionate
2975 4408 3078 4468 vel
3108 4407 3308 4467 ineffi—

1737 4505 1968 4566 caciter
1992 4503 2154 4566 velle
2183 4503 2490 4563 aedificare
2523 4507 2780 4574 tectum,
2805 4501 2866 4561 id
2899 4505 3015 4575 est,
3044 4500 3303 4561 subhac

1738 4597 2092 4660 conditione
2130 4615 2144 4656 :
2179 4596 2241 4658 Si
2271 4596 2544 4675 positum
2573 4595 2760 4656 fuerit
2783 4593 3302 4664 ftmdamentum·;

1736 4691 1881 4769 quia
1931 4691 2066 4750 haec
2100 4689 2234 4766 ipsa
2264 4688 2536 4749 conditio
2584 4685 2649 4747 in
2700 4687 2805 4747 illa
2833 4687 3151 4747 voluntate
3183 4687 3290 4746 ab·

1734 4784 1934 4845 solute
1965 4789 2027 4844 ct
2061 4783 2394 4843 efficaciter
2423 4781 2663 4842 inclusa
2705 4787 2832 4852 est;
2870 4787 2932 4841 et
2961 4781 3044 4841 ita
3090 4784 3286 4840 totum

1734 4878 2048 4955 objectum
2087 4880 2182 4936 est
2209 4875 2494 4934 absolute
2541 4880 2602 4934 et
2640 4873 2976 4934 efficaciter
3001 4873 3256 4933 volitum
3287 4892 3302 4943 ς

1731 4969 1817 5030 ita
1864 4985 2016 5046 ergo
2071 4973 2166 5029 est
2223 4968 2285 5028 in
2332 4966 2633 5046 praedieta
2685 4967 3002 5027 voluntate
3065 4965 3296 5025 divina.

1733 5063 1907 5124 Adeo
1950 5068 2038 5134 ut,
2071 5061 2358 5141 quamvis
2399 5078 2513 5122 nos
2555 5059 2802 5120 ratione
2841 5059 3302 5137 distinguamus

1734 5155 1927 5235 (quod
1956 5155 2161 5217 facere
2185 5157 2543 5234 possumus)
2571 5153 2742 5214 illam
2773 5151 3298 5230 simplicissimam

1730 5249 1841 5311 Dei
1882 5249 2292 5320 voluntatem,
2319 5254 2391 5308 ut
2411 5249 2784 5309 terminatur
2809 5246 2892 5306 ad
2925 5244 3138 5316 fidem,
3165 5261 3301 5304 ver·

1730 5343 1796 5404 bi
1836 5344 2072 5422 gratia,
2122 5349 2184 5403 et
2216 5340 2298 5402 ad
2345 5341 2738 5402 vocationem
2786 5355 3169 5418 congruam,
3221 5335 3304 5397 ad

1730 5436 1900 5496 illam
1926 5442 1996 5498 ut
2021 5434 2103 5497 ad
2127 5435 2344 5510 finem,
2376 5435 2459 5496 ad
2493 5435 2657 5495 hanc
2690 5440 2760 5496 ut
2783 5433 2864 5496 ad
2891 5430 3191 5500 medium,
3235 5435 3297 5490 et

1730 5529 1898 5590 illam
1945 5533 2013 5590 ut
2038 5529 2127 5590 sic
2157 5529 2415 5609 praecise
2467 5535 2834 5606 conceptam
2880 5523 3303 5602 intelligamus
