3850 6225
772 356 909 410 CAP.
944 359 1097 411 xxu.
1133 359 1403 423 ALlQUOT
1434 359 1982 417 Pnoposl'rlonlssus
2019 366 2322 418 noemma
2359 366 2602 429 Torius,
2638 368 2774 423 me.

3233 318 3368 429 ‘289

158 458 241 519 xit
264 458 673 531 voluntatem,
704 477 851 521 cum
880 458 1105 521 eadem
1132 460 1244 521 Dei
1266 463 1565 537 motione,
1612 482 1727 525 seu
1806 472 1940 527 tute
1983 472 2044 527 et
2083 466 2396 546 adjutorio
2441 470 2638 551 quod*
2665 473 2834 535 solus
2875 475 3043 535 Deus
3074 480 3366 554 praestare

158 552 381 611 auxilio
440 552 881 631 meave-niente,
941 572 1125 633 posse
1188 556 1435 633 operari
1482 563 1545 617 et
1594 575 1723 619 non

164 644 427 723 operari,
478 644 679 707 eidem
724 646 939 725 gratim
968 646 1163 709 libere
1206 649 1628 724 assentiendo,
1660 656 1724 714 et

163 738 574 817 cooperando,
608 756 749 799 cum
782 738 955 799 illam
999 739 1269 819 abjicere
1300 743 1532 821 possit;
1568 762 1721 824 ergo

162 832 317 893 ultra
349 835 549 893 totum
589 830 741 893 illud
782 833 997 910 gratiae
1031 834 1349 909 auxilium,
1390 837 1487 897 cui
1528 837 1719 897 homo

161 929 361 1001 potest
383 924 698 995 resistere,
731 924 885 987 nihil
918 925 1089 987 aliud
1129 928 1471 989 Concilium
1508 930 1720 1009 requi-

162 1017 253 1090 rit,
280 1023 509 1094 praeter
536 1018 846 1079 actualem
878 1020 1333 1098 operationem,
1365 1022 1429 1082 in
1466 1041 1590 1100 qua
1628 1024 1719 1085 in·-

163 1110 421 1171 cluditur
466 1111 881 1173 essentialiter
918 1130 1261 1175 concursus
1306 1115 1421 1175 Dei
1456 1136 1720 1195 propor-

162 1204 445 1275 tionatuS‚
486 1210 549 1263 et
586 1204 941 1283 cooperatio
970 1205 1303 1267 voluntatis
1346 1226 1490 1269 cum
1516 1210 1718 1287 gratia

162 1297 289 1375 ipsa
326 1305 727 1375 cooperante,
774 1305 835 1359 et
877 1303 1213 1379 utrumque
1241 1301 1469 1363 horum
1503 1309 1719 1365 censet

159 1389 483 1451 Concilium
512 1409 649 1452 esse
672 1393 737 1451 in
766 1398 1071 1472 potestate
1102 1392 1373 1457 hominis
1404 1396 1719 1459 sufficien-

162 1492 245 1545 ter
270 1484 462 1544 vocati
494 1492 561 1547 et
607 1484 961 1559 illuminati,
993 1494 1083 1561 ut,
1133 1488 1187 1549 si
1237 1487 1369 1567 ipse
1415 1489 1719 1570 adjungat

161 1596 325 1637 suam
370 1578 637 1639 liberam
687 1580 1219 1658 cooperationem,
1252 1600 1457 1661 neque
1488 1602 1717 1663 coope-

158 1672 301 1731 ratio
328 1672 569 1750 gratiae,
604 1690 811 1750 neque
833 1673 1079 1735 divinus
1100 1668 1441 1737 concursus
1460 1693 1715 1755 propor-

160 1766 415 1825 tionatus
445 1766 532 1826 illi
572 1764 791 1829 deesse
822 1768 1039 1846 possit,
1092 1787 1299 1847 neque
1327 1770 1561 1847 aliquid
1600 1772 1714 1833 ho-

159 1877 283 1919 rum
336 1863 480 1921 actu
552 1860 923 1923 exhibeatur
967 1861 1100 1922 siue
1171 1862 1367 1924 libera
1429 1864 1714 1925 volunta-

160 1952 225 2011 lis
284 1954 727 2030 cooperatione
770 1998 787 2026 ,
851 1960 914 2015 et
961 1954 1105 2016 ideo
1146 1974 1261 2035 pro
1319 1955 1451 2018 sola
1499 1957 1715 2019 volun-

160 2046 285 2103 tatis
310 2044 600 2105 libertate
644 2046 840 2124 possit
868 2046 1127 2109 effectus
1156 2049 1369 2127 gratiae
1400 2050 1708 2128 impediri.

156 2138 343 2215 Atque
370 2138 457 2197 ita
500 2138 693 2199 etiam
722 2145 965 2201 constat
992 2159 1121 2201 non
1149 2160 1333 2221 posse
1380 2142 1717 2204 efficacita-

158 2236 271 2289 tem
296 2231 511 2310 gratiae
554 2232 757 2305 aliter,
791 2250 983 2311 quam
1024 2233 1318 2307 diximuS,
1368 2234 1711 2310 declarari3

155 2322 309 2399 quia,
340 2325 591 2385 seclusa
619 2325 1263 2403 proedeterminatione
1288 2328 1571 2407 physica,
1588 2348 1717 2389 non

154 2423 345 2495 potest
394 2416 681 2479 efficacia
730 2437 871 2480 esse
912 2419 1031 2480 nisi
1077 2422 1352 2495 moralis,
1385 2439 1525 2500 quat
1578 2442 1715 2483 esse

156 2512 357 2589 nequit
404 2512 669 2573 omnino
700 2512 1059 2585 infallibilis,
1090 2513 1209 2573 nisi
1237 2513 1534 2595 adjuncta
1558 2534 1717 2595 prae-

156 2604 419 2678 scientia,
454 2622 601 2684 quae
629 2605 839 2665 omnia
866 2605 990 2667 late
1020 2611 1166 2667 sunt
1192 2608 1257 2667 in
1284 2609 1715 2687 superioribus

156 2697 476 2771 declarata,
496 2706 633 2760 tam
658 2716 734 2759 ex
761 2717 829 2759 re
860 2700 993 2778 ipsa
1021 2718 1212 2779 quam
1246 2719 1323 2763 ex
1345 2708 1555 2762 mente
1585 2704 1713 2762 Au-

156 2793 389 2870 gustini.

224 2888 279 2945 4.
326 2887 549 2951 Tertia
586 2887 925 2971 propositio
976 2890 1045 2951 de
1088 2889 1601 2953 determinatione.
1632 2920 1715 2935 -

156 2982 340 3059 Atque
380 2981 533 3043 hinc
573 2983 839 3045 infertur
882 2983 1103 3057 tertio,
1162 2983 1547 3045 voluntatem
1597 2984 1715 3043 hu-

154 3092 409 3147 manam,
466 3076 663 3138 etiam
714 3075 777 3137 in
822 3076 1062 3137 actibus
1110 3076 1710 3154 supernaturalibu8‚

152 3167 559 3230 determinare
588 3170 881 3249 seipsam.
914 3171 1221 3232 Probatur
1240 3189 1315 3230 ex
1346 3171 1545 3242 dietis,
1566 3170 1712 3248 quia

154 3279 265 3320 non
306 3263 895 3340 praedeterminatur
921 3283 959 3324 a
991 3265 1124 3324 sola
1163 3265 1315 3325 Deo,
1348 3265 1527 3336 Item,
1562 3265 1709 3342 quia

156 3371 347 3432 supra,
372 3355 481 3417 lib.
518 3359 587 3430 4,
618 3374 757 3435 cap.
776 3357 916 3420 ult..
951 3361 1273 3418 ostensum
1299 3363 1391 3418 est
1416 3357 1495 3417 de
1524 3359 1715 3418 ratio-

154 3465 225 3508 ne
263 3454 433 3510 actus
458 3449 644 3512 liberi
676 3469 816 3510 esse
858 3452 928 3510 ut
958 3449 1071 3510 fiat
1108 3469 1185 3510 ex
1226 3451 1479 3530 propria
1504 3451 1713 3510 detor-

155 3539 473 3604 minatione
502 3561 713 3604 eausae
737 3543 933 3603 libere
964 3544 1313 3622 operantis3
1340 3543 1453 3604 sed
1479 3543 1557 3604 de
1584 3543 1711 3610 fide

158 3637 239 3690 est
261 3639 429 3694 actus
457 3635 973 3714 supernaturales
1004 3653 1143 3696 esse
1173 3636 1435 3708 liberos;
1467 3653 1618 3714 ergo
1646 3635 1709 3696 in

158 3723 237 3782 eis
263 3727 443 3786 ctiam
480 3727 775 3788 voluntas
804 3727 939 3807 ipsa
980 3745 1047 3788 se
1088 3727 1483 3790 determinat.
1526 3728 1713 3790 Deni-

159 3833 267 3894 que
297 3819 715 3882 determinare
747 3840 838 3894 se,
866 3822 931 3882 in
960 3821 1241 3900 potentia
1286 3828 1517 3894 ereata,
1557 3820 1711 3881 nihil

160 3911 313 3972 aliud
340 3919 431 3973 est
459 3932 655 3994 quam
685 3932 763 3974 ex
786 3921 951 3976 statu
980 3913 1358 3976 indifferenti
1382 3915 1474 3992 (ut
1502 3914 1589 3975 sic
1618 3913 1712 3974 di-

161 4008 307 4084 cam)
324 4006 631 4068 reducere
646 4026 715 4068 se
745 4009 825 4069 ad
840 4013 1073 4070 statum
1098 4008 1159 4068 in
1179 4008 1437 4069 alteram
1466 4014 1713 4088 partem

160 4095 659 4174 determinatum;
708 4101 805 4162 vel
848 4107 943 4162 est
981 4101 1227 4163 efficere
1268 4102 1333 4162 in
1375 4119 1443 4162 se
1471 4108 1713 4162 motum

162 4191 231 4250 ad
244 4211 422 4270 quem
446 4196 529 4256 ita
561 4202 697 4256 erat
722 4195 1111 4269 indifferens,
1143 4201 1211 4258 ut
1250 4196 1447 4275 possit
1470 4196 1715 4274 opposi-

160 4289 276 4344 tum
302 4287 525 4366 facere,
554 4288 654 4350 vel
684 4289 857 4349 illum
884 4294 1127 4350 motum
1154 4288 1571 4369 suspendere;
1602 4287 1714 4350 sed

163 4376 233 4436 ita
261 4397 321 4440 se
345 4383 503 4460 gerit
526 4380 817 4444 voluntas
850 4383 915 4442 in
942 4382 1185 4444 actibus
1226 4382 1715 4460 supernaturali·

162 4467 296 4544 bus3
329 4491 477 4554 ergo
502 4475 569 4534 in
590 4473 711 4534 illis
738 4474 931 4536 etiam
952 4493 1019 4536 se
1036 4475 1431 4546 determinat,
1458 4473 1712 4554 quando

162 4561 405 4626 liberum
438 4583 818 4628 consensum
847 4573 1123 4647 proestat.

234 4655 498 4738 Amplius
554 4660 921 4725 declaratur.
965 4691 1049 4706 —
1089 4662 1169 4722 At
1212 4679 1387 4736 vero,
1444 4681 1589 4723 cum
1646 4663 1713 4724 in

167 4749 363 4812 eodem
409 4771 547 4832 cap.
600 4754 741 4829 ult„
780 4754 888 4815 lib.
928 4757 985 4830 1,
1037 4753 1397 4827 dixerimus,
1432 4756 1495 4816 in
1543 4757 1711 4817 bono

167 4858 333 4904 sensu
359 4849 547 4908 etiam
574 4849 835 4910 concedi
874 4867 1059 4928 posse
1104 4851 1299 4910 Deum
1333 4850 1711 4912 determina-

167 4951 225 4994 re
248 4939 617 5002 voluntatem
658 4942 1003 5004 humanam
1044 4961 1171 5004 non
1215 4943 1349 5006 sine
1382 4943 1510 5017 illa,
1548 4945 1713 5004 mul-

170 5031 223 5086 to
262 5032 473 5110 majori
529 5034 769 5096 ratione
826 5035 890 5096 id
944 5035 1279 5098 dicendum
1322 5043 1417 5098 est
1452 5037 1517 5097 in
1561 5038 1712 5099 acti-

168 5116 269 5180 bus
316 5127 891 5204 supernaturalibus
922 5173 937 5202 ,
1011 5129 1075 5188 in
1130 5128 1356 5207 quibus
1410 5148 1537 5190 non
1600 5147 1713 5209 po-

168 5215 273 5274 test
314 5219 591 5280 voluntas
642 5239 823 5282 suam
876 5221 1461 5284 determinationem
1511 5223 1713 5284 effice-

167 5323 227 5364 re
276 5309 399 5371 sine
436 5313 585 5387 Deo,
636 5333 773 5378 non
830 5315 1033 5376 solum
1080 5317 1323 5378 ratione
1371 5333 1713 5378 concursus

168 5404 470 5476 generalis,
523 5406 635 5468 sed
667 5408 855 5468 etiam
902 5409 1051 5488 quia
1090 5408 1348 5488 indiget,
1400 5409 1487 5470 ad
1524 5411 1715 5471 talem

169 5491 721 5562 determinationem
772 5502 1189 5578 efficiendam,
1244 5504 1547 5582 superiori
1598 5503 1716 5564 vir-

471 5619 555 5670 xl.

1804 564 2033 637 potest.

1882 726 2243 811 Aliquorum
2281 734 2524 814 objectio
2557 742 2769 801 contra
2805 740 2971 803 dicta
2995 740 3064 801 in
3107 741 3290 805 tertia

2357 831 2788 912 propositione.

1881 987 1940 1047 5.
1989 986 2410 1059 Quamobrem
2457 991 2687 1053 nullius
2729 994 3031 1055 momenti
3082 1000 3174 1055 est
3213 1013 3369 1074 quo-

1800 1080 2088 1139 rumdam
2117 1082 2405 1161 objcctio,
2430 1102 2619 1163 quam
2637 1104 2713 1146 cx
2729 1087 2846 1147 hac
2873 1088 3052 1149 tertia
3083 1088 3369 1149 assertio-

1799 1190 1880 1233 ne
1916 1172 2213 1250 int'erunt‚
2248 1176 2296 1235 si
2328 1176 2617 1237 voluntas
2664 1178 3040 1241 determinat
3083 1201 3150 1241 se
3181 1182 3242 1241 iu
3271 1200 3370 1243 ac-

1798 1265 1968 1327 tibus
2010 1270 2615 1345 supernaturalibuS‚
2665 1272 2834 1332 illam
2887 1292 3024 1335 esse
3073 1280 3180 1336 aut
3228 1276 3368 1335 uni-

1800 1376 1964 1433 cam,
2017 1365 2122 1419 aut
2144 1360 2434 1438 primam,
2492 1367 2600 1424 aut
2647 1364 3056 1444 principalem
3111 1386 3367 1428 cansam

1797 1452 1986 1532 hujus
2022 1452 2579 1516 determinationis.
2610 1458 2788 1517 Nulla
2819 1464 2913 1519 est
2941 1460 3109 1521 enim
3141 1461 3232 1520 vis
3257 1466 3366 1520 aut

1796 1546 2265 1607 verisimilitudo
2323 1548 2510 1627 hujus
2571 1549 2861 1611 illationis
2891 1571 2906 1625 ;
2965 1553 3122 1613 sicut
3176 1554 3366 1614 etiam

1795 1639 2084 1700 voluntas
2131 1658 2198 1701 se
2230 1643 2530 1703 convertit
2561 1643 2625 1702 in
2655 1646 2876 1715 Deum,
2910 1645 3055 1706 licet
3082 1665 3206 1706 non
3234 1646 3366 1706 sola

1794 1751 1911 1793 nec
1939 1734 2344 1812 principalius
2383 1754 2560 1795 suam
2611 1738 3083 1799 conversionem
3115 1740 3360 1800 efficiat.

1796 1824 1948 1897 Quia
1978 1845 2128 1905 ergo
2153 1828 2287 1906 ipsa
2331 1829 2516 1890 efficit
2545 1828 3128 1893 determinationem
3161 1851 3363 1905 suam,

1796 1927 1858 1982 et
1884 1922 1950 1981 in
1979 1939 2046 1981 se
2070 1922 2240 1981 illam
2270 1924 2476 1997 efficit,
2498 1929 2592 1986 est
2621 1926 2788 1985 enim
2813 1926 2962 2005 quid
2984 1927 3362 1999 immanenS,

1794 2015 1938 2075 ideo
1966 2016 2287 2076 verissime
2316 2016 2539 2077 dicitur
2568 2017 2986 2079 determinare
3017 2038 3119 2091 se;
3153 2022 3366 2080 tamen

1797 2108 1943 2185 quia
1967 2124 2096 2166 non
2125 2106 2310 2169 efficit
2333 2108 2503 2169 illam
2534 2111 2665 2171 sine
2687 2112 2818 2172 Deo
2845 2130 2958 2191 per
2984 2112 3212 2173 auxilia
3229 2130 3366 2191 gra-

1796 2200 1895 2261 tiae
1919 2206 2220 2279 operante
2251 2206 2312 2261 et
2329 2210 2728 2282 cooperante,
2759 2204 2899 2265 ideo
2931 2224 3058 2265 non
3087 2208 3223 2285 ipsi,
3254 2208 3366 2269 sed

1794 2293 1925 2355 Deo
1957 2294 2358 2373 principalius
2387 2296 2718 2357 tribuenda
2741 2303 2834 2358 est
2861 2296 2966 2358 illa
2992 2297 3368 2361 determina·

1796 2391 1905 2447 tio.
1953 2387 2078 2448 Sed
2129 2394 2388 2466 urgent:
2437 2408 2588 2468 ergo
2642 2390 2884 2451 initium
2908 2390 3369 2469 justificationis

1798 2480 2008 2559 aliquo
2037 2480 2226 2541 modo
2270 2482 2670 2543 tribuendum
2715 2490 2810 2545 est
2855 2483 3053 2545 libero
3084 2486 3362 2547 arbitrio.

1796 2575 1944 2633 Haec
1990 2592 2138 2635 vero
2183 2573 2376 2634 illatio
2401 2575 2535 2653 jam
2577 2594 2740 2655 saepe
2791 2584 3018 2655 negata
3063 2584 3177 2651 est,
3221 2578 3370 2658 quia

1795 2666 2037 2728 initium
2084 2666 2543 2747 justificationis
2591 2686 2718 2729 non
2767 2670 3032 2731 sumitur
3077 2690 3114 2731 a
3167 2671 3366 2733 libero

1794 2778 2130 2833 consensu,
2173 2779 2285 2821 seu
2314 2759 2834 2823 determinatione
2865 2764 3221 2837 voluntatiS,
3253 2764 3368 2825 sed

1794 2874 1833 2914 a
1856 2854 2060 2935 prima
2087 2854 2435 2929 vocatione,
2483 2872 2593 2914 seu
2626 2855 2854 2917 auxilio
2885 2857 3014 2918 Dei.

1874 2945 2021 3009 Alia
2041 2947 2364 3011 instantia.
2392 2979 2474 2993 —
2501 2947 2624 3009 Sed
2657 2948 2910 3023 instant,
2943 2950 3090 3029 quia
3123 2952 3244 3013 hoc
3273 2957 3367 3013 est

1799 3060 2017 3102 verum
2049 3040 2126 3101 de
2149 3040 2322 3101 initio
2346 3046 2624 3114 remoto;
2659 3042 3008 3123 proximum
3039 3052 3246 3105 autem
3273 3050 3368 3105 cst

1796 3135 2235 3197 determinatio
2263 3135 2633 3208 voluntatis;
2670 3155 2818 3215 ergo
2851 3136 2971 3198 hoc
2997 3137 3218 3198 saltem
3249 3139 3367 3198 ini-

1794 3229 1950 3290 tium
1979 3229 2286 3289 tribuetur
2312 3228 2639 3289 voluntati.
2665 3229 3038 3308 Respondeo
3071 3231 3238 3290 hunc
3265 3251 3368 3292 so-

1792 3323 1923 3382 lum
1956 3339 2093 3382 esse
2124 3321 2390 3382 abusum
2432 3321 2766 3382 verborum
2809 3323 2889 3383 ad
2938 3342 3072 3384 rem
3103 3324 3369 3385 confun-

1793 3414 2100 3488 dendam;
2135 3433 2284 3474 nam
2311 3415 2523 3475 Patres
2551 3433 2876 3495 nunquam
2907 3417 3026 3478 hoc
3055 3435 3244 3478 sensu
3275 3417 3367 3479 lo-

1793 3515 2072 3588 quuntur
2108 3508 2186 3568 de
2230 3507 2404 3568 initio
2453 3507 2689 3568 salutis·
2741 3509 2888 3570 Dico
2939 3529 3091 3590 ergo
3120 3511 3367 3572 initium

1790 3602 2144 3682 proximum
2195 3601 2350 3661 nihil
2399 3599 2570 3662 aliud
2615 3601 2965 3680 significare
3013 3621 3196 3682 posse
3247 3603 3364 3695 nisi

1794 3714 2051 3756 causam
2097 3695 2484 3774 proximam;
2549 3700 2612 3755 et
2664 3695 2752 3755 sic
2796 3696 3210 3786 certissimum
3271 3702 3367 3757 est

1792 3789 2115 3849 hominem
2144 3806 2258 3867 per
2283 3787 2550 3848 liberum
2593 3787 2919 3848 arbitrium
2945 3807 3082 3850 esse
3109 3807 3366 3851 causam

1792 3882 2142 3962 proximam
2191 3900 2318 3942 suae
2370 3882 2632 3942 salutis:
2679 3899 2850 3956 nam,
2892 3881 2998 3964 qui
3045 3885 3272 3946 creavit
3312 3889 3368 3946 te

1793 3976 1923 4038 sine
1964 3981 2040 4048 te,
2070 3993 2189 4037 non
2213 3975 2477 4038 salvabit
2521 3979 2576 4038 te
2614 3974 2747 4037 eine
2770 3981 2844 4048 te,
2878 3981 2948 4034 ut
2978 3976 3364 4055 Augustinus

1794 4069 1966 4130 dixit.
1993 4069 2062 4129 In
2085 4068 2382 4148 idemque
2425 4067 2587 4129 redit
2620 4067 2789 4147 quod
2840 4069 3184 4129 Concilium
3232 4069 3366 4130 Tri-

1794 4163 2143 4234 dentinum,
2178 4162 2456 4224 sessione
2487 4165 2685 4234 sexta,
2718 4179 2959 4224 canone
2979 4169 3226 4244 quarm,
3260 4163 3366 4223 de-

1793 4255 1953 4328 finit,
1985 4255 2304 4316 hominem
2334 4255 2656 4333 cooperari
2686 4254 2816 4314 Deo
2836 4253 3064 4315 volenti
3096 4261 3156 4316 ct
3187 4255 3366 4338 adju-

1793 4350 1988 4423 vanti,
2030 4354 2100 4410 nt
2132 4366 2197 4409 se
2228 4348 2310 4409 ad
2348 4338 2652 4426 justitiam
2696 4347 2985 4427 disponat
3015 4367 3087 4408 ac
3121 4367 3364 4429 praepa-

1794 4449 1911 4517 ret,
1947 4443 2160 4521 utique
2208 4447 2276 4502 ut
2303 4441 2586 4521 proxima
2628 4459 2820 4501 eausa
2865 4440 3258 4514 secundaria,
3303 4447 3365 4502 ct

1792 4538 2003 4598 minus
2029 4535 2408 4617 principalis,
2441 4535 2637 4614 Igitur
2658 4533 2980 4594 verissime
3012 4534 3237 4595 dicitur
3261 4553 3364 4594 vo-

1795 4632 2003 4693 luntas
2044 4629 2462 4691 determinare
2493 4647 2584 4702 se,
2625 4645 2754 4688 non
2796 4634 3009 4689 tamen
3041 4628 3176 4690 sine
3209 4629 3360 4702 Deo,

1794 4732 1857 4786 et
1882 4727 2080 4787 Deum
2113 4722 2531 4783 determinare
2565 4721 2966 4792 voluntatem,
2997 4739 3122 4782 non
3151 4727 3363 4783 tamen

1793 4819 1926 4880 sine
1957 4818 2116 4897 ipsa,
2167 4815 2452 4895 quamvis
2491 4813 2894 4894 principalius
2935 4814 3366 4876 concurrendo

1792 4931 1981 4990 quam
2023 4911 2178 4991 ipsa.

1792 5071 2039 5136 Additio
2063 5070 2287 5136 ultima
2329 5071 2494 5134 cirea
2518 5071 2754 5133 modum
2801 5068 3096 5149 loquendi,
3123 5086 3196 5131 ne
3228 5087 3362 5132 cam

2193 5165 2498 5229 koeretiois
2528 5164 2968 5227 conveniamus.

1874 5317 1938 5375 6.
1983 5312 2160 5375 Addo
2197 5313 2474 5390 insuper,
2515 5310 2566 5372 si
2609 5309 2748 5388 quis
2775 5308 2920 5368 velit
2966 5307 3363 5369 hancdeter-

1794 5407 2222 5478 minationem,
2269 5411 2338 5464 ut
2368 5411 2460 5466 est
2500 5423 2538 5464 a
2577 5404 2731 5474 De0,
2765 5401 3362 5480 prae-determinatio-

1798 5520 1944 5564 nem
1991 5501 2310 5582 appellare
2353 5499 2560 5580 (juxta
2591 5502 2806 5557 notata
2843 5495 2907 5554 in
2935 5513 2991 5554 c.
3031 5494 3141 5555 ult.
3173 5493 3215 5555 l.
3257 5499 3358 5578 1),

2959 5603 3038 5668 ω
