3850 6225
726 395 863 448 GAP.
899 395 980 450 IV.
1016 391 1139 446 NON
1173 391 1601 448 PRAEnEFINmE
1632 393 1803 448 DEUH
1835 393 2099 450 AETERNO
2131 393 2248 448 SUO
2283 396 2580 454 CONSILIO.
2617 398 2750 448 ETc.

130 497 381 558 actibus
422 493 777 566 voluntatis,
826 491 1052 571 quibus
1090 491 1279 552 homo
1316 491 1697 553 convertitur

127 589 209 650 ad
245 595 603 652 ereaturam
630 630 647 660 ,
699 592 763 648 et
810 585 889 646 de
936 583 1231 663 operibus
1272 583 1423 662 ipsis
1466 584 1697 663 quibus

124 689 381 762 peecat3
426 687 561 743 tum
612 681 801 741 etiam
855 678 1005 756 quia
1052 675 1331 738 rationes
1384 677 1695 756 Fulgentii

126 778 367 856 optime
392 775 741 856 procedunt
766 773 845 834 de
874 772 1025 853 ipsis
1052 771 1315 832 actibus.
1350 771 1507 842 Quia
1536 789 1695 850 prse-

125 872 448 933 destinare
489 869 649 932 tales
690 873 865 928 actus
906 883 1035 926 non
1074 869 1171 926 est
1212 882 1373 944 opus
1412 864 1693 944 justitiae,

125 972 193 1026 ut
218 983 340 1044 per
366 983 439 1026 se
468 965 747 1034 constat,
790 958 939 1040 quia
968 977 1097 1020 non
1120 962 1214 1020 est
1240 957 1407 1020 circa
1432 957 1698 1018 retribu-

124 1059 365 1119 tionem
416 1055 657 1137 premii
702 1060 813 1114 aut
854 1069 1103 1132 poenae;
1136 1067 1343 1129 neque
1395 1055 1491 1111 est
1534 1068 1695 1130 opus

122 1151 595 1224 misericordiae,
638 1155 709 1212 ut
744 1165 859 1228 per
888 1165 957 1208 se
1000 1151 1095 1208 est
1130 1145 1691 1208 evidentissimum.

123 1246 237 1316 Qui
264 1245 462 1325 igitur
484 1244 699 1305 dicunt
730 1239 1121 1321 praedefinire
1145 1240 1348 1300 Deum
1378 1238 1569 1300 talem
1600 1255 1701 1300 ac-

122 1345 277 1411 tum,
323 1338 609 1400 incidunt
646 1336 713 1397 in
741 1334 895 1396 illud
939 1331 1309 1407 absurdum,
1342 1331 1515 1411 quod
1559 1329 1700 1394 Ful-

124 1434 371 1514 gentius
390 1432 579 1493 infert
604 1431 699 1491 his
715 1429 923 1490 verbis
944 1427 1067 1492 {Si
1088 1427 1423 1490 dixerimus
1436 1425 1699 1506 praedes-

124 1530 391 1592 sinotum
432 1542 472 1589 a
506 1527 630 1588 Deo
670 1540 817 1604 opus
846 1523 1095 1603 aliquod
1116 1519 1386 1594 malum,
1435 1537 1543 1582 nos
1573 1519 1696 1582 Deo

122 1619 505 1682 misericordi
530 1623 589 1682 et
600 1619 775 1696 justo
801 1616 924 1680 tals
954 1631 1101 1696 opus
1132 1611 1491 1678 ascribimus
1521 1611 1700 1720 (oquod

126 1714 329 1790 absit),
372 1713 478 1774 ubi
512 1729 619 1774 uso
658 1707 1003 1772 misericors
1041 1705 1238 1788 possit
1280 1705 1549 1768 inveniri
1588 1723 1695 1768 ‘nec

116 1809 347 1886 justus.
379 1807 621 1866 Rursus
644 1801 927 1881 sequitur
944 1799 1137 1871 aliud,
1168 1797 1339 1878 quod
1360 1798 1447 1858 ita
1470 1797 1689 1859 infert:

128 1903 205 1962 Is
225 1919 291 1962 se
314 1899 529 1962 habuit
544 1898 725 1980 (quod
739 1895 921 1972 absit)
937 1893 1287 1974 iniquitatis
1308 1890 1621 1974 wiffam,
1638 1891 1697 1952 si

132 1993 440 2065 hominm,
476 2010 517 2053 a
540 2009 606 2054 se
630 1994 887 2064 factum,
926 1988 1057 2070 ipss
1077 1985 1539 2068 pra-destinavit
1564 1999 1695 2063 peo-

130 2093 406 2150 satorem.
461 2087 597 2148 Hoc
638 2083 806 2146 enim
842 2082 1047 2160 ipsum
1090 2097 1277 2160 supra
1307 2076 1695 2140 ostendimus

130 2180 321 2259 sequi,
366 2179 419 2240 si
458 2181 629 2240 Deus
674 2175 959 2237 absolute
1000 2173 1134 2234 vult
1174 2179 1381 2234 actum
1422 2169 1688 2251 peccati.

134 2275 435 2334 Praeterea
457 2271 563 2332 illa
588 2271 749 2332 ratio
778 2268 969 2330 etiam
997 2266 1077 2328 de
1102 2266 1255 2346 ipsis
1280 2265 1525 2326 actibus
1550 2282 1693 2344 pro-

131 2367 283 2428 cedit
300 2413 319 2438 ,
362 2365 601 2426 scilicet
636 2382 651 2424 :
690 2363 907 2426 Posset
933 2366 1249 2441 peccatum
1272 2377 1347 2422 ιω
1372 2359 1695 2438 proedssti-

128 2460 365 2522 natione
408 2459 523 2521 Dei
560 2474 687 2519 esso
701 2500 722 2531 ,
776 2455 835 2517 si
867 2459 1075 2535 posset
1119 2450 1341 2534 aliquis
1388 2451 1691 2516 hominum

120 2554 281 2632 justo
304 2568 572 2632 peccaro.
596 2547 838 2610 Eodem
863 2547 1033 2608 enim
1056 2545 1247 2606 modo
1273 2545 1477 2606 dicam
1504 2561 1689 2624 posse

129 2647 323 2705 Deum
384 2642 781 2723 praedefinire
828 2645 1039 2702 actum
1098 2637 1349 2700 volendi
1414 2637 1689 2700 vendere

130 2739 454 2808 Christum,
470 2735 523 2796 si
544 2736 745 2815 potuit
761 2733 957 2797 sudas
973 2733 1141 2812 juste
1164 2731 1343 2792 illum
1368 2748 1682 2803 exercere3

131 2837 189 2892 at
222 2831 383 2892 sieut
420 2831 545 2891 hoc
598 2847 729 2890 non
776 2827 977 2908 potuit
1012 2826 1147 2886 fieri
1180 2870 1197 2898 ‚
1244 2825 1329 2886 ita
1366 2841 1573 2902 neque
1614 2823 1689 2883 il-

130 2924 247 2984 lud.
282 2923 529 3002 Optima
559 2923 749 2984 etiam
778 2924 873 2982 est
894 2920 1001 2981 illa
1026 2919 1185 2980 ratio
1213 2936 1227 2978 :
1252 2917 1478 2982 Deinde
1496 2922 1689 2980 atten-

131 3019 321 3080 dimus
364 3015 507 3098 quia
550 3016 729 3078 nulla
772 3013 933 3077 ratio
986 3013 1285 3085 redditur,
1342 3027 1465 3091 qua
1520 3011 1688 3072 homo

130 3111 589 3192 predestinatus
635 3109 719 3172 ad
756 3110 1072 3189 peecatum
1122 3124 1161 3170 a
1209 3106 1335 3169 Deo
1380 3105 1683 3177 credatur,

134 3223 309 3282 quam
358 3210 580 3281 postea
624 3220 743 3264 nos
776 3216 1254 3280 persequemur.
1320 3197 1691 3259 Attendatur

134 3300 303 3357 etiam
328 3297 487 3357 ratio
522 3295 627 3355 illa
662 3313 679 3355 ε
712 3294 1055 3375 Nunquam
1077 3294 1161 3355 ad
1174 3292 1281 3355 hoo
1299 3292 1463 3355 Deus
1483 3288 1688 3371 potuit

132 3391 549 3470 proedestinan
566 3434 585 3461 ,
627 3389 784 3469 quod
817 3388 949 3466 ipss
984 3386 1363 3465 disposuerat
1384 3388 1686 3466 proeospto

130 3484 451 3565 prohibei-n
478 3500 611 3543 non
636 3482 805 3543 enim
834 3480 1124 3560 prohihet
1153 3478 1321 3539 Deus
1348 3476 1548 3538 solam
1574 3476 1687 3537 de·-

134 3576 511 3646 formitatem,
540 3574 655 3635 sed
670 3578 874 3635 totum
900 3579 1135 3635 actum.
1167 3573 1477 3633 Notentur
1495 3570 1686 3631 etiam

134 3670 224 3729 illa
244 3670 433 3731 verba
470 3668 788 3729 exclusiva
821 3689 836 3727 ε
880 3664 1211 3729 Pro-scivit
1232 3664 1571 3728 voluntates
1590 3664 1684 3727 bo-

134 3782 233 3826 nas
258 3769 313 3826 et
338 3763 543 3827 malas
577 3786 607 3835 ;
654 3760 1118 3841 proedsstinaoit
1158 3763 1359 3822 autom
1394 3774 1515 3821 non
1554 3776 1683 3821 ma-

135 3858 237 3922 las.
275 3858 379 3919 ssd
416 3856 587 3918 solas
622 3856 825 3919 bonas.
873 3855 1091 3933 Neque
1128 3852 1297 3913 enim
1340 3849 1681 3912 materialis

136 3952 275 4012 actio
306 3950 547 4029 peccati
586 3948 707 4010 dici
736 3953 943 4028 potest
979 3946 1267 4009 voluntas
1292 3944 1461 4005 hona
1477 3988 1498 4019 ,
1534 3960 1679 4005 cum

138 4062 243 4104 non
272 4044 349 4103 sit
376 4044 663 4104 honesta.
692 4042 975 4120 Denique
998 4038 1429 4101 consideretur
1456 4044 1587 4099 tam
1614 4038 1681 4099 in

138 4136 255 4207 hoc,
282 4154 473 4215 quam
500 4136 569 4195 in
598 4134 857 4213 reliquis
889 4132 1200 4206 PatribuS,
1230 4131 1403 4211 ipsos
1430 4148 1561 4191 non
1590 4131 1683 4191 in-

138 4230 319 4290 venire
344 4228 627 4290 medium
655 4228 821 4288 inter
844 4244 1003 4306 opus
1026 4230 1139 4287 aut
1164 4224 1681 4304 praedestinatum

142 4328 193 4381 et
206 4322 569 4401 praescitum,
612 4326 720 4381 aut
744 4320 1103 4399 praescitum
1126 4324 1401 4389 tantum3
1438 4334 1557 4378 nee
1582 4315 1682 4377 ul-

141 4414 251 4474 lum
267 4432 541 4493 unquam
563 4431 725 4493 opus
746 4411 1083 4485 invenisse,
1106 4410 1275 4490 quod
1299 4409 1418 4471 suh
1434 4409 1679 4471 ratione

142 4507 411 4569 materiali
448 4507 964 4587 praedestinatum
1008 4506 1109 4575 sit,
1156 4510 1220 4565 et
1270 4504 1389 4567 sub
1436 4503 1679 4563 ratione

144 4600 351 4663 formali
394 4607 641 4663 tantum
676 4600 1031 4680 praescitum
1052 4643 1071 4672 ,
1112 4598 1261 4677 quia
1288 4614 1511 4659 revera
1542 4596 1679 4657 nul-

146 4691 253 4753 lum
280 4700 369 4755 est
400 4694 549 4767 tale,
590 4710 801 4773 neque
832 4711 973 4754 esse
1000 4697 1226 4771 potest,
1268 4689 1523 4769 quando
1552 4689 1679 4749 for-

149 4788 283 4848 male
318 4795 411 4850 est
445 4786 806 4849 necessario
847 4786 1253 4865 conjunctum
1295 4802 1440 4845 cum
1476 4789 1679 4844 mate-

148 4880 279 4953 riali,
304 4888 579 4962 utsupra
608 4880 875 4943 ostendi.
908 4880 1067 4941 Nam
1096 4884 1246 4941 tunc
1268 4877 1677 4957 praedestina-

152 4980 203 5032 to
232 4975 553 5051 materiali,
599 4973 1083 5053 praedestinatur
1118 4971 1381 5033 formale
1399 5016 1415 5045 ‚
1458 4978 1521 5033 et
1550 4989 1679 5033 non

155 5073 229 5125 est
256 5067 443 5129 solum
482 5068 846 5147 praescitum
868 5112 889 5143 ,
934 5066 1047 5127 sed
1084 5065 1269 5127 simul
1298 5064 1485 5125 etiam
1518 5082 1680 5145 prse-

154 5156 357 5220 finitum
386 5206 402 5234 ,
456 5167 523 5223 et
560 5161 629 5221 in
673 5162 945 5239 ipsamet
983 5156 1394 5238 praefinitione
1438 5176 1678 5237 praeco-

156 5252 377 5328 gnitum.

220 5344 269 5404 8.
308 5346 413 5407 Hie
453 5346 641 5411 etiam
682 5346 943 5427 adjungi
978 5352 1247 5426 possunt
1289 5344 1483 5405 verba
1520 5344 1673 5405 Ter-

160 5436 379 5512 tulliani,
424 5458 561 5519 quae
612 5440 917 5519 optimam
970 5438 1284 5501 rationem
1326 5437 1671 5509 continent,

164 5526 247 5587 lib.
282 5531 351 5593 de
376 5532 688 5595 Exhortat.
718 5532 803 5595 ad
820 5533 1199 5605 castitatem,
1244 5550 1383 5611 cap.
1425 5532 1507 5593 2:
1536 5530 1678 5593 Eo>-

3223 392 3342 454 {19

1778 494 2093 558 amabitur
2138 512 2304 558 omno
2343 493 2624 560 delictum
2647 543 2663 570 ,
2710 496 2766 558 si
2803 495 3135 559 dixerimus
3185 495 3342 558 nihil

1770 587 1907 668 fieri
1947 608 1988 651 a
2033 587 2197 651 nobis
2242 589 2372 651 sius
2396 587 2512 652 Dei
2539 589 2882 662 volantum
2919 595 2980 650 et
3021 589 3164 662 alia,
3197 607 3339 670 quae

1778 682 2010 759 optime
2039 681 2460 760 prosequitur,
2481 681 2696 743 dicens
2719 683 2912 744 everti
2937 701 3192 744 omnem
3222 684 3342 745 dis-

1778 772 2096 852 ciplinam,
2117 775 2168 834 si
2193 774 2575 836 contrarium
2599 774 2916 836 doceatur.
2937 777 3015 836 At
3035 794 3182 836 vero
3213 795 3342 838 non

1776 873 1986 944 potest
2021 867 2144 928 dici
2179 869 2312 929 sine
2347 869 2458 930 Dei
2507 868 2824 930 voluntate
2865 867 3031 942 fieri,
3083 869 3254 948 quod
3303 889 3340 930 a

1775 960 1905 1020 Deo
1955 960 2410 1039 praedefinitum
2455 967 2580 1034 est;
2633 980 2781 1022 nam
2825 961 3231 1042 praedefinitio
3272 963 3344 1024 fit

1776 1071 1891 1132 per
1920 1055 2271 1118 absolutam
2310 1056 2420 1116 Dei
2453 1057 2862 1118 voluntatem.
2893 1055 3067 1116 Idem
3097 1061 3336 1128 auctor,

1779 1147 1889 1208 lib.
1922 1149 2002 1210 de
2031 1149 2342 1227 spectac„
2375 1167 2512 1228 cap.
2545 1153 2608 1224 Ξ,
2659 1149 2746 1211 sic
2791 1149 3034 1210 scribit:
3092 1148 3174 1212 Si
3221 1167 3342 1212 ome-

1776 1260 1911 1304 mm
1939 1242 2404 1326 mulioniam,
2436 1249 2496 1307 et
2521 1243 2579 1306 si
2611 1248 2847 1308 tantam
2887 1242 3192 1306 malitiam
3239 1259 3342 1305 sm-

1780 1336 2107 1416 ooqitatam
2134 1339 2300 1400 Deus
2327 1343 2569 1400 οωαοιον
2609 1337 2964 1400 innocentiae
2989 1337 3138 1411 odit,
3165 1336 3341 1400 indu-

1778 1427 1962 1492 bitato
1989 1447 2367 1510 quoecumque
2393 1429 2676 1504 condidit,
2706 1447 2826 1490 non
2849 1429 2917 1490 in
2943 1447 3182 1510 operum
3213 1429 3342 1492 exi·-

1779 1526 1911 1585 tum
1978 1525 2214 1586 constat
2273 1523 2604 1586 condidisse
2669 1541 2802 1604 quoe
2863 1524 3146 1594 damnat,
3199 1523 3342 1586 licet

1778 1617 1980 1678 eadem
2025 1632 2202 1698 opera
2244 1634 2364 1698 per
2411 1635 2482 1680 ea
2523 1635 2658 1698 qius
2709 1615 2994 1689 condidit,
3047 1617 3340 1680 adminis-

1780 1712 2044 1772 trentwr.

1857 1801 2142 1863 Notanda
2180 1803 2367 1864 etiam
2397 1809 2542 1865 sunt
2583 1803 2774 1866 verba
2817 1803 3203 1883 Hieronymi,
3231 1821 3339 1864 ex-

1776 1897 2067 1974 ponentis
2093 1897 2245 1958 illud
2273 1897 2355 1958 ad
2381 1899 2612 1976 EpheS.
2641 1901 2666 1958 l
2709 1915 2722 1958 :
2760 1896 2877 1972 Qui
2903 1901 3186 1979 operatur
3213 1913 3338 1960 om-

1774 1989 1881 2052 nia
1906 1993 2228 2056 secumdam»
2271 1992 2590 2056 consilium
2627 1990 2959 2054 voluntatis
3003 2009 3168 2054 suoe:
3191 1990 3338 2054 Non

1772 2101 1887 2166 quo
1916 2084 2048 2164 (ait)
2079 2087 2282 2148 omnia
2301 2103 2436 2166 μοι
2459 2084 2526 2147 in
2553 2085 2966 2166 mundalium,
2991 2085 3107 2148 Dei
3131 2085 3338 2146 volun-

1775 2181 1899 2242 tate
1924 2185 1984 2242 st
2015 2177 2265 2243 oonsilio
2306 2181 2682 2262 peraqantur
2699 2201 2724 2248 ;
2750 2175 3022 2259 alioquin
3073 2183 3132 2241 et
3171 2177 3337 2242 mala

1772 2272 1895 2334 Deo
1915 2277 2202 2352 poterunt
2225 2268 2522 2351 imputari
2534 2296 2559 2344 ,·
2585 2271 2692 2334 sed
2733 2289 2846 2353 quo
2889 2271 3178 2334 univorsa
3201 2289 3336 2352 quoe

1767 2364 1944 2443 facit,
1975 2364 2226 2426 oonsilio
2251 2365 2404 2446 facit
2433 2369 2493 2428 et
2513 2363 2845 2427 voluntate.

1852 2455 1944 2516 Ex
1997 2456 2392 2520 Scholasticis
2455 2457 2610 2518 nihil
2659 2455 2892 2519 addere
2949 2463 3194 2537 oportet
3235 2458 3332 2520 his

1770 2567 1913 2629 quae
1964 2549 2030 2610 in
2085 2551 2458 2630 praecedenti
2519 2551 2722 2629 capite
2767 2551 3127 2630 posuimus;
3189 2571 3333 2614 cum

1772 2643 1942 2704 enim
1971 2643 2332 2722 simpliciter
2357 2649 2592 2723 negent
2617 2648 2792 2704 actus
2827 2643 3064 2722 peccati
3103 2661 3180 2705 ex
3222 2663 3335 2706 vo-

1767 2736 2010 2798 luntate
2062 2737 2438 2816 beneplaciti
2476 2737 2616 2810 Dei,
2657 2737 2896 2799 clarum
2943 2743 3037 2798 est
3077 2756 3332 2800 omnem

1768 2831 2154 2893 voluntatem
2201 2829 2732 2910 praedefinientem
2769 2829 3137 2902 excludere3
3182 2849 3330 2892 nam

1770 2924 1903 2984 haec
1953 2923 2240 2984 absoluta
2291 2926 2404 2996 est,
2457 2929 2520 2986 et
2558 2941 2858 3004 magnum
2883 2942 2958 2986 ae
2983 2923 3330 3002 perfectum

1768 3015 1881 3077 Dei
1910 3015 2396 3096 heneplacitum.

1993 3204 2359 3269 Rationious
2397 3204 2470 3268 id
2505 3203 2707 3284 ipsum
2742 3202 3096 3267 ostenditur.

1847 3389 1909 3449 9.
1953 3386 2198 3449 Prima.
2222 3418 2305 3433 —
2331 3388 2884 3467 Sapei-vacaneum
2917 3388 3102 3449 etiam
3133 3389 3326 3450 videri

1766 3484 1992 3559 pot-est,
2019 3486 2160 3559 post
2187 3486 2276 3541 tot
2307 3480 2558 3541 Patrum
2588 3481 2964 3555 testimonia,
2995 3500 3194 3543 novas
3217 3484 3330 3544 ad-

1758 3575 2030 3653 Jungere
2059 3573 2366 3647 rationes;
2407 3580 2476 3636 ut
2516 3581 2728 3637 tamen
2757 3576 3050 3638 omnihus
3087 3575 3331 3637 satisfa-

1766 3667 1950 3741 ciam,
1981 3684 2219 3745 paucas
2261 3668 2607 3747 adjungam
2648 3686 2728 3730 ex
2763 3668 3000 3730 eisdem
3045 3669 3329 3731 Patribus

1763 3759 2149 3839 desumptas.
2185 3760 2412 3835 Prima,
2445 3760 2592 3840 quia
2635 3762 2806 3840 quod
2832 3763 2998 3823 Deus
3041 3762 3328 3840 praedefi-

1762 3851 1876 3927 nit,
1926 3852 2360 3930 praedestinat3
2419 3852 2591 3932 quod
2641 3860 2854 3917 autem
2903 3854 3321 3935 praedestinat,

1760 3951 2078 4023 procurat,
2108 3947 2382 4020 inchoat,
2409 3947 2557 4008 facit
2579 3954 2648 4009 ut
2675 3946 2784 4010 fiat
2805 3948 3051 4027 (loquor
3071 3949 3239 4009 enim
3261 3949 3322 4009 in

1760 4038 2056 4100 humanis
2101 4040 2400 4119 actibus);
2453 4046 2518 4101 at
2565 4048 2878 4119 repugnat
2923 4044 3055 4103 Deo
3101 4060 3328 4120 procu-

1760 4148 1926 4204 rare,
1970 4132 2291 4207 inchoare,
2325 4138 2388 4195 et
2414 4133 2622 4195 facere
2671 4140 2738 4195 ut
2790 4132 2902 4195 fiat
2954 4140 3130 4195 actus
3179 4152 3328 4213 pec-

1762 4225 1917 4297 cati3
1953 4244 2106 4305 ergo
2133 4232 2196 4287 et
2222 4226 2704 4305 praedesfinare3
2741 4245 2894 4307 ergo
2933 4230 2996 4289 et
3034 4228 3329 4306 praedefi-

1761 4318 1919 4379 nire.
1955 4319 2172 4398 Itaque
2217 4338 2348 4381 non
2387 4320 2686 4383 fundatur
2725 4322 2858 4383 haec
2895 4321 3124 4383 veritas
3152 4321 3218 4382 in
3247 4340 3324 4383 eo

1760 4411 1932 4489 quod
1962 4412 2100 4473 haec
2127 4412 2539 4491 praedefinitio
2573 4414 2656 4475 ad
2683 4414 2846 4477 intra
2873 4413 3052 4475 tollat
3075 4414 3328 4477 liberta-

1759 4509 1889 4565 tem
1929 4510 2108 4565 actus
2134 4505 2542 4584 praedefinit&
2577 4508 2698 4569 hoc
2745 4508 2914 4569 enim
2941 4506 3169 4567 falsum
3203 4512 3320 4581 est,

1762 4602 1831 4659 ut
1874 4598 1940 4657 in
1987 4599 2114 4661 fine
2157 4600 2496 4677 superioris
2539 4601 2680 4663 libri
2707 4601 2858 4674 dixi,
2895 4607 2959 4663 et
2985 4601 3190 4663 dicam
3234 4603 3328 4663 la-

1762 4689 1885 4751 tius
1912 4690 1980 4750 in
2005 4690 2132 4752 fine
2161 4692 2348 4770 hujus
2377 4698 2440 4753 et
2467 4694 2817 4772 sequentis;
2857 4700 2922 4755 et
2947 4712 3026 4755 ex
3061 4695 3160 4755 his
3187 4714 3326 4775 quae

1766 4800 1842 4845 ex
1883 4782 2212 4861 Fulgentio
2242 4786 2426 4847 retuli
2455 4788 2604 4848 satis
2632 4788 2892 4867 intelligi
2935 4792 3172 4867 potest;
3216 4788 3328 4850 sed

1760 4875 2063 4939 fundatur
2085 4878 2150 4939 in
2179 4897 2254 4940 eo
2286 4880 2452 4957 quod
2481 4880 2622 4942 talis
2660 4879 3070 4959 praedefinitio
3108 4900 3328 4943 neces-

1764 4970 1930 5031 sario
1957 4970 2142 5033 infert
2167 4972 2598 5035 causalitatem
2629 4980 2692 5035 et
2721 4974 3046 5054 physicam
3088 4980 3150 5035 et
3193 4994 3330 5037 mo-

1760 5064 1960 5123 ralem
1989 5066 2247 5143 peccati.
2282 5067 2490 5128 Prima
2515 5085 2666 5146 ergo
2693 5068 3031 5147 propositio
3063 5066 3328 5145 probata

1760 5161 1853 5217 est
1882 5174 1919 5217 a
1949 5157 2152 5224 nohis.
2195 5160 2520 5221 tractando
2551 5161 2760 5222 locum
2786 5158 3040 5223 Concilii
3073 5160 3327 5221 Arausi-

1760 5250 1922 5311 cani.
1951 5252 2026 5311 Et
2057 5258 2362 5331 praeterea
2391 5253 2478 5314 sic
2503 5253 2880 5315 declaratur.
2911 5251 3326 5314 Praedefinitio

1756 5344 1895 5405 haec
1945 5350 2042 5407 est
2089 5346 2306 5409 efficax
2353 5347 2588 5421 volitio,
2626 5347 2910 5418 intentio,
2957 5346 3058 5407 vel
3104 5345 3324 5409 electio

1760 5439 1989 5518 objecti
2029 5440 2430 5519 praedefiniti3
2475 5460 2628 5520 ergo
2665 5459 2744 5503 ex
2783 5442 2842 5502 vi
2891 5440 3054 5499 illius
3097 5438 3326 5499 infalli-

1756 5530 1966 5595 biliter
1990 5532 2238 5595 futurus
2267 5540 2360 5595 est
2403 5532 2662 5595 effectus
2703 5532 3164 5614 praedefinitus:
3198 5550 3324 5593 non
