<?xml version="1.0" encoding="UTF-8"?>
<!DOCTYPE html PUBLIC "-//W3C//DTD XHTML 1.0 Transitional//EN"
    "http://www.w3.org/TR/xhtml1/DTD/xhtml1-transitional.dtd">
<html xmlns="http://www.w3.org/1999/xhtml" xml:lang="en" lang="en">
 <head>
  <title>
</title>
<meta http-equiv="Content-Type" content="text/html;charset=utf-8" />
  <meta name='ocr-system' content='tesseract 3.04.00' />
  <meta name='ocr-capabilities' content='ocr_page ocr_carea ocr_par ocr_line ocrx_word'/>
</head>
<body>
  <div class='ocr_page' id='page_1' title='image "./rpfranciscisuar01duvagoog_0202.png"; bbox 0 0 3850 6225; ppageno 0'>
   <div class='ocr_carea' id='block_1_1' title="bbox 419 388 2801 458">
    <p class='ocr_par' dir='ltr' id='par_1_1' title="bbox 419 388 2801 458">
     <span class='ocr_line' id='line_1_1' title="bbox 419 388 2801 458; baseline 0 -10"><span class='ocrx_word' id='word_1_1' title='bbox 419 388 536 450; x_wconf 74' lang='grc'>188</span> <span class='ocrx_word' id='word_1_2' title='bbox 1256 397 1468 450; x_wconf 83' lang='lat' dir='ltr'>OPUSC.</span> <span class='ocrx_word' id='word_1_3' title='bbox 1505 398 1543 458; x_wconf 86' lang='lat'>1,</span> <span class='ocrx_word' id='word_1_4' title='bbox 1581 397 1696 450; x_wconf 77' lang='lat' dir='ltr'>Lm.</span> <span class='ocrx_word' id='word_1_5' title='bbox 1733 398 1817 450; x_wconf 77' lang='grc' dir='ltr'><strong>ΙΙΙ.</strong></span> <span class='ocrx_word' id='word_1_6' title='bbox 1855 397 1935 448; x_wconf 77' lang='lat' dir='ltr'>m:</span> <span class='ocrx_word' id='word_1_7' title='bbox 1968 396 2241 449; x_wconf 71' lang='lat' dir='ltr'>AvxtLus</span> <span class='ocrx_word' id='word_1_8' title='bbox 2276 397 2506 449; x_wconf 78' lang='lat' dir='ltr'>DiVINAE</span> <span class='ocrx_word' id='word_1_9' title='bbox 2537 397 2801 450; x_wconf 67' lang='lat' dir='ltr'>enum.</span> 
     </span>
    </p>
   </div>
   <div class='ocr_carea' id='block_1_2' title="bbox 411 493 3651 1616">
    <p class='ocr_par' dir='ltr' id='par_1_2' title="bbox 411 493 3651 1616">
     <span class='ocr_line' id='line_1_2' title="bbox 417 493 3647 584; baseline 0.003 -31"><span class='ocrx_word' id='word_1_10' title='bbox 417 493 680 567; x_wconf 86' lang='lat' dir='ltr'>habeat;</span> <span class='ocrx_word' id='word_1_11' title='bbox 713 500 847 556; x_wconf 90' lang='lat' dir='ltr'>tum</span> <span class='ocrx_word' id='word_1_12' title='bbox 875 497 1022 575; x_wconf 90' lang='lat' dir='ltr'>quia</span> <span class='ocrx_word' id='word_1_13' title='bbox 1051 501 1394 562; x_wconf 85' lang='lat' dir='ltr'><strong>Concilium</strong></span> <span class='ocrx_word' id='word_1_14' title='bbox 1423 502 1696 582; x_wconf 87' lang='lat' dir='ltr'>loquitur</span> <span class='ocrx_word' id='word_1_15' title='bbox 1732 502 1811 563; x_wconf 89' lang='lat' dir='ltr'>de</span> <span class='ocrx_word' id='word_1_16' title='bbox 1835 519 1988 562; x_wconf 81' lang='lat' dir='ltr'>vera</span> <span class='ocrx_word' id='word_1_17' title='bbox 2068 517 2147 560; x_wconf 82' lang='lat' dir='ltr'>ex</span> <span class='ocrx_word' id='word_1_18' title='bbox 2181 501 2242 561; x_wconf 86' lang='lat' dir='ltr'>vi</span> <span class='ocrx_word' id='word_1_19' title='bbox 2292 519 2427 575; x_wconf 87' lang='lat' dir='ltr'>sua,</span> <span class='ocrx_word' id='word_1_20' title='bbox 2458 520 2571 564; x_wconf 89' lang='lat' dir='ltr'>seu</span> <span class='ocrx_word' id='word_1_21' title='bbox 2598 503 2919 582; x_wconf 88' lang='lat' dir='ltr'>supposito</span> <span class='ocrx_word' id='word_1_22' title='bbox 2959 505 3129 584; x_wconf 87' lang='lat' dir='ltr'>quod</span> <span class='ocrx_word' id='word_1_23' title='bbox 3158 505 3289 584; x_wconf 87' lang='lat' dir='ltr'>ipsa</span> <span class='ocrx_word' id='word_1_24' title='bbox 3312 505 3647 565; x_wconf 63' lang='lat' dir='ltr'>adhaereat</span> 
     </span>
     <span class='ocr_line' id='line_1_3' title="bbox 418 587 3647 677; baseline 0.003 -30"><span class='ocrx_word' id='word_1_25' title='bbox 418 591 439 666; x_wconf 96' lang='lat'><strong>(</strong></span> <span class='ocrx_word' id='word_1_26' title='bbox 477 595 544 650; x_wconf 90' lang='lat' dir='ltr'>ut</span> <span class='ocrx_word' id='word_1_27' title='bbox 587 590 670 651; x_wconf 92' lang='lat' dir='ltr'>ita</span> <span class='ocrx_word' id='word_1_28' title='bbox 723 587 976 674; x_wconf 89' lang='lat' dir='ltr'>dicam)</span> <span class='ocrx_word' id='word_1_29' title='bbox 1008 600 1071 654; x_wconf 90' lang='lat' dir='ltr'>et</span> <span class='ocrx_word' id='word_1_30' title='bbox 1118 597 1340 658; x_wconf 83' lang='lat' dir='ltr'>morali</span> <span class='ocrx_word' id='word_1_31' title='bbox 1383 599 1686 676; x_wconf 87' lang='lat' dir='ltr'>potentia,</span> <span class='ocrx_word' id='word_1_32' title='bbox 1733 617 1873 677; x_wconf 66' lang='lat' dir='ltr'>quse</span> <span class='ocrx_word' id='word_1_33' title='bbox 1921 599 1985 660; x_wconf 88' lang='lat' dir='ltr'>in</span> <span class='ocrx_word' id='word_1_34' title='bbox 2069 595 2388 672; x_wconf 77' lang='lat' dir='ltr'>potentiae,</span> <span class='ocrx_word' id='word_1_35' title='bbox 2412 597 2770 658; x_wconf 88' lang='lat' dir='ltr'>necessario</span> <span class='ocrx_word' id='word_1_36' title='bbox 2808 615 3025 658; x_wconf 87' lang='lat' dir='ltr'>secum</span> <span class='ocrx_word' id='word_1_37' title='bbox 3052 599 3301 672; x_wconf 84' lang='lat' dir='ltr'>afferre,</span> <span class='ocrx_word' id='word_1_38' title='bbox 3332 616 3449 658; x_wconf 92' lang='lat' dir='ltr'>seu</span> <span class='ocrx_word' id='word_1_39' title='bbox 3482 614 3647 656; x_wconf 87' lang='lat' dir='ltr'>con-</span> 
     </span>
     <span class='ocr_line' id='line_1_4' title="bbox 416 685 3645 771; baseline 0.007 -42"><span class='ocrx_word' id='word_1_40' title='bbox 416 686 626 743; x_wconf 69' lang='lat' dir='ltr'>actum</span> <span class='ocrx_word' id='word_1_41' title='bbox 666 701 830 764; x_wconf 68' lang='lat' dir='ltr'>saepe</span> <span class='ocrx_word' id='word_1_42' title='bbox 880 687 1241 761; x_wconf 47' lang='lat' dir='ltr'>palmitum</span> <span class='ocrx_word' id='word_1_43' title='bbox 1285 691 1409 752; x_wconf 77' lang='lat' dir='ltr'>imo</span> <span class='ocrx_word' id='word_1_44' title='bbox 1441 693 1647 771; x_wconf 74' lang='lat' dir='ltr'>potius</span> <span class='ocrx_word' id='word_1_45' title='bbox 1701 693 1780 754; x_wconf 72' lang='lat' dir='ltr'>de</span> <span class='ocrx_word' id='word_1_46' title='bbox 1840 697 1985 756; x_wconf 72' lang='lat' dir='ltr'>actu</span> <span class='ocrx_word' id='word_1_47' title='bbox 2058 685 2349 763; x_wconf 84' lang='lat' dir='ltr'>junctum</span> <span class='ocrx_word' id='word_1_48' title='bbox 2384 689 2616 752; x_wconf 87' lang='lat' dir='ltr'>hahere</span> <span class='ocrx_word' id='word_1_49' title='bbox 2648 707 3047 764; x_wconf 80' lang='lat' dir='ltr'>consensum3</span> <span class='ocrx_word' id='word_1_50' title='bbox 3072 709 3278 770; x_wconf 86' lang='lat' dir='ltr'>neque</span> <span class='ocrx_word' id='word_1_51' title='bbox 3308 711 3423 752; x_wconf 86' lang='lat' dir='ltr'>nos</span> <span class='ocrx_word' id='word_1_52' title='bbox 3456 691 3645 750; x_wconf 85' lang='lat' dir='ltr'>aliud</span> 
     </span>
     <span class='ocr_line' id='line_1_5' title="bbox 416 777 3645 864; baseline 0.006 -40"><span class='ocrx_word' id='word_1_53' title='bbox 416 795 608 854; x_wconf 75' lang='lat' dir='ltr'>quam</span> <span class='ocrx_word' id='word_1_54' title='bbox 645 777 725 839; x_wconf 68' lang='lat' dir='ltr'>de</span> <span class='ocrx_word' id='word_1_55' title='bbox 771 781 1051 857; x_wconf 71' lang='lat' dir='ltr'>potentia</span> <span class='ocrx_word' id='word_1_56' title='bbox 1089 784 1317 862; x_wconf 69' lang='lat' dir='ltr'>agendi</span> <span class='ocrx_word' id='word_1_57' title='bbox 1371 785 1665 864; x_wconf 70' lang='lat' dir='ltr'>loquitur,</span> <span class='ocrx_word' id='word_1_58' title='bbox 1701 805 1846 848; x_wconf 77' lang='lat' dir='ltr'>cum</span> <span class='ocrx_word' id='word_1_59' title='bbox 1898 789 1984 849; x_wconf 74' lang='lat' dir='ltr'>ait</span> <span class='ocrx_word' id='word_1_60' title='bbox 2066 779 2292 842; x_wconf 88' lang='lat' dir='ltr'>docere</span> <span class='ocrx_word' id='word_1_61' title='bbox 2318 777 2883 857; x_wconf 64' lang='lat' dir='ltr'>intendimuS‚cufi</span> <span class='ocrx_word' id='word_1_62' title='bbox 2900 784 3165 845; x_wconf 85' lang='lat' dir='ltr'>dicimus</span> <span class='ocrx_word' id='word_1_63' title='bbox 3181 785 3439 864; x_wconf 83' lang='lat' dir='ltr'>gratiam</span> <span class='ocrx_word' id='word_1_64' title='bbox 3468 784 3645 844; x_wconf 84' lang='lat' dir='ltr'>exci-</span> 
     </span>
     <span class='ocr_line' id='line_1_6' title="bbox 415 869 3645 956; baseline 0.005 -37"><span class='ocrx_word' id='word_1_65' title='bbox 415 869 737 931; x_wconf 78' lang='lat' dir='ltr'>hominem</span> <span class='ocrx_word' id='word_1_66' title='bbox 771 889 806 931; x_wconf 75' lang='lat' dir='ltr'>a</span> <span class='ocrx_word' id='word_1_67' title='bbox 843 874 974 934; x_wconf 74' lang='lat' dir='ltr'>Deo</span> <span class='ocrx_word' id='word_1_68' title='bbox 1009 882 1301 939; x_wconf 71' lang='lat' dir='ltr'>vocatum</span> <span class='ocrx_word' id='word_1_69' title='bbox 1339 884 1401 939; x_wconf 72' lang='lat' dir='ltr'>et</span> <span class='ocrx_word' id='word_1_70' title='bbox 1446 879 1778 941; x_wconf 72' lang='lat' dir='ltr'>excitatum</span> <span class='ocrx_word' id='word_1_71' title='bbox 1830 899 1982 942; x_wconf 77' lang='lat' dir='ltr'>con-</span> <span class='ocrx_word' id='word_1_72' title='bbox 2066 879 2303 934; x_wconf 83' lang='lat' dir='ltr'>tantem</span> <span class='ocrx_word' id='word_1_73' title='bbox 2340 895 2468 937; x_wconf 90' lang='lat' dir='ltr'>non</span> <span class='ocrx_word' id='word_1_74' title='bbox 2507 877 2925 938; x_wconf 88' lang='lat' dir='ltr'>determinare</span> <span class='ocrx_word' id='word_1_75' title='bbox 2956 877 3212 956; x_wconf 81' lang='lat' dir='ltr'>physice</span> <span class='ocrx_word' id='word_1_76' title='bbox 3242 878 3645 938; x_wconf 80' lang='lat' dir='ltr'>voluntatem</span> 
     </span>
     <span class='ocr_line' id='line_1_7' title="bbox 415 964 3643 1053; baseline 0.01 -30"><span class='ocrx_word' id='word_1_77' title='bbox 415 964 671 1037; x_wconf 88' lang='lat' dir='ltr'>sentire,</span> <span class='ocrx_word' id='word_1_78' title='bbox 702 964 896 1027; x_wconf 89' lang='lat' dir='ltr'>libere</span> <span class='ocrx_word' id='word_1_79' title='bbox 915 971 1312 1048; x_wconf 88' lang='lat' dir='ltr'>cooperando</span> <span class='ocrx_word' id='word_1_80' title='bbox 1341 973 1554 1053; x_wconf 83' lang='lat' dir='ltr'>gratiae</span> <span class='ocrx_word' id='word_1_81' title='bbox 1585 975 1851 1046; x_wconf 81' lang='lat' dir='ltr'>vocanti,</span> <span class='ocrx_word' id='word_1_82' title='bbox 1878 976 1979 1037; x_wconf 89' lang='lat' dir='ltr'>cui</span> <span class='ocrx_word' id='word_1_83' title='bbox 2062 965 2141 1026; x_wconf 71' lang='lat' dir='ltr'>ad</span> <span class='ocrx_word' id='word_1_84' title='bbox 2168 985 2568 1042; x_wconf 73' lang='lat' dir='ltr'>consensum,</span> <span class='ocrx_word' id='word_1_85' title='bbox 2612 971 2727 1032; x_wconf 67' lang='lat' dir='ltr'>nisi</span> <span class='ocrx_word' id='word_1_86' title='bbox 2757 972 2875 1032; x_wconf 72' lang='lat'>¹³00</span> <span class='ocrx_word' id='word_1_87' title='bbox 2907 971 3079 1049; x_wconf 71' lang='lat' dir='ltr'>(1¹10d</span> <span class='ocrx_word' id='word_1_88' title='bbox 3108 989 3182 1030; x_wconf 65' lang='lat' dir='ltr'>ex</span> <span class='ocrx_word' id='word_1_89' title='bbox 3211 989 3276 1030; x_wconf 67' lang='grc' dir='ltr'>ΒΕ</span> <span class='ocrx_word' id='word_1_90' title='bbox 3306 977 3367 1032; x_wconf 63' lang='grc' dir='ltr'>Εἴ</span> <span class='ocrx_word' id='word_1_91' title='bbox 3404 971 3471 1030; x_wconf 68' lang='lat' dir='ltr'>Vi</span> <span class='ocrx_word' id='word_1_92' title='bbox 3516 989 3643 1028; x_wconf 65' lang='lat'>5¹¹³</span> 
     </span>
     <span class='ocr_line' id='line_1_8' title="bbox 413 1057 3647 1150; baseline 0.006 -45"><span class='ocrx_word' id='word_1_93' title='bbox 413 1063 630 1136; x_wconf 73' lang='lat' dir='ltr'>posset</span> <span class='ocrx_word' id='word_1_94' title='bbox 657 1057 1006 1136; x_wconf 71' lang='lat' dir='ltr'><strong>dissentire,</strong></span> <span class='ocrx_word' id='word_1_95' title='bbox 1053 1063 1103 1123; x_wconf 74' lang='lat' dir='ltr'>si</span> <span class='ocrx_word' id='word_1_96' title='bbox 1132 1063 1358 1138; x_wconf 48' lang='lat' dir='ltr'>venen</span> <span class='ocrx_word' id='word_1_97' title='bbox 1408 1067 1684 1147; x_wconf 69' lang='lat' dir='ltr'>loquitur</span> <span class='ocrx_word' id='word_1_98' title='bbox 1725 1087 1875 1150; x_wconf 68' lang='lat' dir='ltr'>ergo</span> <span class='ocrx_word' id='word_1_99' title='bbox 1895 1069 1976 1131; x_wconf 70' lang='lat' dir='ltr'>de</span> <span class='ocrx_word' id='word_1_100' title='bbox 2060 1079 2186 1123; x_wconf 90' lang='lat' dir='ltr'>non</span> <span class='ocrx_word' id='word_1_101' title='bbox 2216 1067 2573 1127; x_wconf 78' lang='lat' dir='ltr'>necessario</span> <span class='ocrx_word' id='word_1_102' title='bbox 2604 1066 2782 1126; x_wconf 90' lang='lat' dir='ltr'>illum</span> <span class='ocrx_word' id='word_1_103' title='bbox 2810 1065 3070 1141; x_wconf 85' lang='lat' dir='ltr'>inducit,</span> <span class='ocrx_word' id='word_1_104' title='bbox 3100 1065 3287 1126; x_wconf 88' lang='lat' dir='ltr'>etiam</span> <span class='ocrx_word' id='word_1_105' title='bbox 3317 1065 3481 1126; x_wconf 82' lang='lat' dir='ltr'>facta</span> <span class='ocrx_word' id='word_1_106' title='bbox 3526 1065 3647 1125; x_wconf 84' lang='lat' dir='ltr'>tali</span> 
     </span>
     <span class='ocr_line' id='line_1_9' title="bbox 415 1151 3647 1238; baseline 0.009 -29"><span class='ocrx_word' id='word_1_107' title='bbox 415 1151 787 1212; x_wconf 80' lang='lat' dir='ltr'>excitatione</span> <span class='ocrx_word' id='word_1_108' title='bbox 821 1172 944 1231; x_wconf 91' lang='lat' dir='ltr'>qua</span> <span class='ocrx_word' id='word_1_109' title='bbox 973 1153 1052 1216; x_wconf 89' lang='lat' dir='ltr'>de</span> <span class='ocrx_word' id='word_1_110' title='bbox 1077 1156 1241 1218; x_wconf 86' lang='lat' dir='ltr'>facto</span> <span class='ocrx_word' id='word_1_111' title='bbox 1269 1159 1458 1220; x_wconf 90' lang='lat' dir='ltr'>homo</span> <span class='ocrx_word' id='word_1_112' title='bbox 1492 1163 1894 1234; x_wconf 81' lang='lat' dir='ltr'>convertitur,</span> <span class='ocrx_word' id='word_1_113' title='bbox 1924 1169 1987 1224; x_wconf 89' lang='lat' dir='ltr'>et</span> <span class='ocrx_word' id='word_1_114' title='bbox 2068 1159 2521 1238; x_wconf 73' lang='lat' dir='ltr'>suppositione·</span> <span class='ocrx_word' id='word_1_115' title='bbox 2562 1159 2741 1224; x_wconf 76' lang='lat' dir='ltr'>Unde</span> <span class='ocrx_word' id='word_1_116' title='bbox 2782 1160 2832 1222; x_wconf 72' lang='lat' dir='ltr'>Si</span> <span class='ocrx_word' id='word_1_117' title='bbox 2860 1161 3045 1221; x_wconf 69' lang='lat' dir='ltr'>nobis</span> <span class='ocrx_word' id='word_1_118' title='bbox 3078 1160 3433 1221; x_wconf 62' lang='lat' dir='ltr'>conceditur</span> <span class='ocrx_word' id='word_1_119' title='bbox 3484 1179 3647 1220; x_wconf 72' lang='lat' dir='ltr'>cum</span> 
     </span>
     <span class='ocr_line' id='line_1_10' title="bbox 414 1244 3649 1336; baseline 0.004 -34"><span class='ocrx_word' id='word_1_120' title='bbox 414 1244 578 1306; x_wconf 89' lang='lat' dir='ltr'>hanc</span> <span class='ocrx_word' id='word_1_121' title='bbox 606 1265 776 1308; x_wconf 89' lang='lat' dir='ltr'>nunc</span> <span class='ocrx_word' id='word_1_122' title='bbox 809 1247 1130 1311; x_wconf 85' lang='lat' dir='ltr'>efficacem</span> <span class='ocrx_word' id='word_1_123' title='bbox 1161 1253 1582 1332; x_wconf 75' lang='lat' dir='ltr'><strong>appellamus,</strong></span> <span class='ocrx_word' id='word_1_124' title='bbox 1613 1261 1684 1318; x_wconf 87' lang='lat' dir='ltr'>ut</span> <span class='ocrx_word' id='word_1_125' title='bbox 1720 1257 1784 1317; x_wconf 90' lang='lat' dir='ltr'>in</span> <span class='ocrx_word' id='word_1_126' title='bbox 1813 1257 1986 1336; x_wconf 89' lang='lat' dir='ltr'>prin-</span> <span class='ocrx_word' id='word_1_127' title='bbox 2065 1253 2169 1313; x_wconf 88' lang='lat' dir='ltr'>illa</span> <span class='ocrx_word' id='word_1_128' title='bbox 2206 1255 2574 1317; x_wconf 79' lang='lat' dir='ltr'>excitatione</span> <span class='ocrx_word' id='word_1_129' title='bbox 2608 1255 2813 1316; x_wconf 91' lang='lat' dir='ltr'>adhuc</span> <span class='ocrx_word' id='word_1_130' title='bbox 2830 1273 3015 1333; x_wconf 87' lang='lat' dir='ltr'>posse</span> <span class='ocrx_word' id='word_1_131' title='bbox 3042 1272 3169 1316; x_wconf 83' lang='lat' dir='ltr'>non</span> <span class='ocrx_word' id='word_1_132' title='bbox 3200 1273 3333 1315; x_wconf 89' lang='lat' dir='ltr'>esse</span> <span class='ocrx_word' id='word_1_133' title='bbox 3360 1273 3649 1316; x_wconf 86' lang='lat' dir='ltr'>consen-</span> 
     </span>
     <span class='ocr_line' id='line_1_11' title="bbox 413 1339 3649 1430; baseline 0.009 -33"><span class='ocrx_word' id='word_1_134' title='bbox 413 1339 575 1417; x_wconf 89' lang='lat' dir='ltr'>cipio</span> <span class='ocrx_word' id='word_1_135' title='bbox 603 1341 791 1400; x_wconf 88' lang='lat' dir='ltr'>totius</span> <span class='ocrx_word' id='word_1_136' title='bbox 821 1341 1256 1422; x_wconf 82' lang='lat' dir='ltr'>disputationis</span> <span class='ocrx_word' id='word_1_137' title='bbox 1291 1348 1439 1423; x_wconf 86' lang='lat' dir='ltr'>dixi,</span> <span class='ocrx_word' id='word_1_138' title='bbox 1479 1354 1542 1410; x_wconf 84' lang='lat' dir='ltr'>et</span> <span class='ocrx_word' id='word_1_139' title='bbox 1584 1350 1746 1411; x_wconf 88' lang='lat' dir='ltr'>inter</span> <span class='ocrx_word' id='word_1_140' title='bbox 1771 1350 1982 1430; x_wconf 88' lang='lat' dir='ltr'>dispu·</span> <span class='ocrx_word' id='word_1_141' title='bbox 2066 1363 2229 1418; x_wconf 78' lang='lat' dir='ltr'>sum,</span> <span class='ocrx_word' id='word_1_142' title='bbox 2262 1347 2417 1408; x_wconf 72' lang='lat' dir='ltr'>nihil</span> <span class='ocrx_word' id='word_1_143' title='bbox 2446 1347 2618 1408; x_wconf 71' lang='lat' dir='ltr'>aliud</span> <span class='ocrx_word' id='word_1_144' title='bbox 2649 1347 3061 1420; x_wconf 86' lang='lat' dir='ltr'>intendimus;</span> <span class='ocrx_word' id='word_1_145' title='bbox 3103 1347 3268 1426; x_wconf 74' lang='lat' dir='ltr'>(11¹0d</span> <span class='ocrx_word' id='word_1_146' title='bbox 3293 1354 3519 1408; x_wconf 60' lang='lat' dir='ltr'>autem</span> <span class='ocrx_word' id='word_1_147' title='bbox 3564 1349 3649 1406; x_wconf 57' lang='lat' dir='ltr'>Si*</span> 
     </span>
     <span class='ocr_line' id='line_1_12' title="bbox 411 1435 3648 1520; baseline 0.003 -28"><span class='ocrx_word' id='word_1_148' title='bbox 411 1437 620 1493; x_wconf 86' lang='lat' dir='ltr'>tantes</span> <span class='ocrx_word' id='word_1_149' title='bbox 650 1435 943 1496; x_wconf 83' lang='lat' dir='ltr'>convenit</span> <span class='ocrx_word' id='word_1_150' title='bbox 975 1456 990 1506; x_wconf 76' lang='grc' dir='ltr'><strong>ς</strong></span> <span class='ocrx_word' id='word_1_151' title='bbox 1019 1443 1154 1499; x_wconf 89' lang='lat' dir='ltr'>tum</span> <span class='ocrx_word' id='word_1_152' title='bbox 1183 1439 1368 1500; x_wconf 89' lang='lat' dir='ltr'>etiam</span> <span class='ocrx_word' id='word_1_153' title='bbox 1389 1443 1558 1520; x_wconf 88' lang='lat' dir='ltr'>quia,</span> <span class='ocrx_word' id='word_1_154' title='bbox 1579 1443 1626 1502; x_wconf 93' lang='lat' dir='ltr'>si</span> <span class='ocrx_word' id='word_1_155' title='bbox 1650 1443 1850 1520; x_wconf 74' lang='lat' dir='ltr'>gratia</span> <span class='ocrx_word' id='word_1_156' title='bbox 1879 1463 1981 1505; x_wconf 86' lang='lat' dir='ltr'>ex·</span> <span class='ocrx_word' id='word_1_157' title='bbox 2062 1441 2195 1500; x_wconf 88' lang='lat' dir='ltr'>mul</span> <span class='ocrx_word' id='word_1_158' title='bbox 2238 1441 2359 1502; x_wconf 89' lang='lat' dir='ltr'>sint</span> <span class='ocrx_word' id='word_1_159' title='bbox 2388 1461 2733 1503; x_wconf 82' lang='lat' dir='ltr'>consensus</span> <span class='ocrx_word' id='word_1_160' title='bbox 2762 1450 2823 1503; x_wconf 88' lang='lat' dir='ltr'>et</span> <span class='ocrx_word' id='word_1_161' title='bbox 2860 1443 3201 1513; x_wconf 85' lang='lat' dir='ltr'>dissensus,</span> <span class='ocrx_word' id='word_1_162' title='bbox 3232 1442 3329 1502; x_wconf 76' lang='lat' dir='ltr'>vel</span> <span class='ocrx_word' id='word_1_163' title='bbox 3366 1441 3648 1520; x_wconf 77' lang='lat' dir='ltr'>negatio</span> 
     </span>
     <span class='ocr_line' id='line_1_13' title="bbox 413 1525 3651 1616; baseline 0.002 -30"><span class='ocrx_word' id='word_1_164' title='bbox 413 1525 616 1587; x_wconf 89' lang='lat' dir='ltr'>citans</span> <span class='ocrx_word' id='word_1_165' title='bbox 651 1527 793 1588; x_wconf 88' lang='lat' dir='ltr'>talis</span> <span class='ocrx_word' id='word_1_166' title='bbox 831 1535 925 1590; x_wconf 89' lang='lat' dir='ltr'>est</span> <span class='ocrx_word' id='word_1_167' title='bbox 945 1534 1014 1591; x_wconf 88' lang='lat' dir='ltr'>ut</span> <span class='ocrx_word' id='word_1_168' title='bbox 1051 1535 1406 1596; x_wconf 87' lang='lat' dir='ltr'>necessaria</span> <span class='ocrx_word' id='word_1_169' title='bbox 1435 1535 1510 1596; x_wconf 85' lang='lat' dir='ltr'>sit</span> <span class='ocrx_word' id='word_1_170' title='bbox 1535 1536 1737 1614; x_wconf 88' lang='lat' dir='ltr'>major</span> <span class='ocrx_word' id='word_1_171' title='bbox 1767 1537 1850 1597; x_wconf 88' lang='lat' dir='ltr'>ad</span> <span class='ocrx_word' id='word_1_172' title='bbox 1878 1555 1979 1597; x_wconf 87' lang='lat' dir='ltr'>ac·</span> <span class='ocrx_word' id='word_1_173' title='bbox 2060 1551 2427 1608; x_wconf 82' lang='lat' dir='ltr'>consensus,</span> <span class='ocrx_word' id='word_1_174' title='bbox 2455 1535 2642 1616; x_wconf 88' lang='lat' dir='ltr'>plane</span> <span class='ocrx_word' id='word_1_175' title='bbox 2663 1541 2758 1597; x_wconf 90' lang='lat' dir='ltr'>est</span> <span class='ocrx_word' id='word_1_176' title='bbox 2786 1535 3192 1615; x_wconf 87' lang='lat' dir='ltr'>impossibile.</span> <span class='ocrx_word' id='word_1_177' title='bbox 3224 1535 3399 1598; x_wconf 84' lang='lat' dir='ltr'>Unde</span> <span class='ocrx_word' id='word_1_178' title='bbox 3430 1537 3651 1596; x_wconf 80' lang='lat' dir='ltr'>etiam</span> 
     </span>
    </p>
   </div>
   <div class='ocr_carea' id='block_1_3' title="bbox 395 1621 1978 5637">
    <p class='ocr_par' dir='ltr' id='par_1_3' title="bbox 397 1621 1978 3841">
     <span class='ocr_line' id='line_1_14' title="bbox 411 1621 1974 1707; baseline 0.006 -27"><span class='ocrx_word' id='word_1_179' title='bbox 411 1625 544 1680; x_wconf 90' lang='lat' dir='ltr'>tum</span> <span class='ocrx_word' id='word_1_180' title='bbox 575 1621 988 1698; x_wconf 87' lang='lat' dir='ltr'>operandum,</span> <span class='ocrx_word' id='word_1_181' title='bbox 1017 1642 1146 1686; x_wconf 89' lang='lat' dir='ltr'>non</span> <span class='ocrx_word' id='word_1_182' title='bbox 1201 1631 1408 1707; x_wconf 87' lang='lat' dir='ltr'>potest</span> <span class='ocrx_word' id='word_1_183' title='bbox 1455 1629 1558 1688; x_wconf 90' lang='lat' dir='ltr'>illa</span> <span class='ocrx_word' id='word_1_184' title='bbox 1597 1628 1804 1690; x_wconf 89' lang='lat' dir='ltr'>minor</span> <span class='ocrx_word' id='word_1_185' title='bbox 1854 1629 1974 1690; x_wconf 92' lang='lat' dir='ltr'>dici</span> 
     </span>
     <span class='ocr_line' id='line_1_15' title="bbox 412 1711 1978 1800; baseline 0.007 -28"><span class='ocrx_word' id='word_1_186' title='bbox 412 1711 728 1774; x_wconf 87' lang='lat' dir='ltr'>sufficiens</span> <span class='ocrx_word' id='word_1_187' title='bbox 757 1715 836 1774; x_wconf 90' lang='lat' dir='ltr'>ad</span> <span class='ocrx_word' id='word_1_188' title='bbox 871 1733 1079 1795; x_wconf 88' lang='lat' dir='ltr'>posse,</span> <span class='ocrx_word' id='word_1_189' title='bbox 1108 1720 1302 1782; x_wconf 81' lang='lat' dir='ltr'>velut</span> <span class='ocrx_word' id='word_1_190' title='bbox 1327 1721 1516 1781; x_wconf 89' lang='lat' dir='ltr'>homo</span> <span class='ocrx_word' id='word_1_191' title='bbox 1545 1723 1740 1800; x_wconf 88' lang='lat' dir='ltr'>possit</span> <span class='ocrx_word' id='word_1_192' title='bbox 1769 1723 1978 1783; x_wconf 86' lang='lat' dir='ltr'>effice-</span> 
     </span>
     <span class='ocr_line' id='line_1_16' title="bbox 411 1808 1977 1895; baseline 0.006 -27"><span class='ocrx_word' id='word_1_193' title='bbox 411 1825 480 1868; x_wconf 89' lang='lat' dir='ltr'>re</span> <span class='ocrx_word' id='word_1_194' title='bbox 502 1808 690 1869; x_wconf 86' lang='lat' dir='ltr'>talem</span> <span class='ocrx_word' id='word_1_195' title='bbox 719 1815 965 1882; x_wconf 67' lang='lat' dir='ltr'>actum</span> <span class='ocrx_word' id='word_1_196' title='bbox 1012 1814 1160 1889; x_wconf 85' lang='lat' dir='ltr'>quia</span> <span class='ocrx_word' id='word_1_197' title='bbox 1190 1815 1328 1876; x_wconf 80' lang='lat' dir='ltr'>hoec</span> <span class='ocrx_word' id='word_1_198' title='bbox 1348 1816 1548 1895; x_wconf 86' lang='lat' dir='ltr'>gratia</span> <span class='ocrx_word' id='word_1_199' title='bbox 1579 1815 1856 1877; x_wconf 86' lang='lat' dir='ltr'>excitans</span> <span class='ocrx_word' id='word_1_200' title='bbox 1882 1819 1977 1878; x_wconf 89' lang='lat' dir='ltr'>est</span> 
     </span>
     <span class='ocr_line' id='line_1_17' title="bbox 409 1905 1975 1988; baseline 0.007 -25"><span class='ocrx_word' id='word_1_201' title='bbox 409 1905 788 1978; x_wconf 87' lang='lat' dir='ltr'>necessaria,</span> <span class='ocrx_word' id='word_1_202' title='bbox 821 1911 889 1968; x_wconf 87' lang='lat' dir='ltr'>ut</span> <span class='ocrx_word' id='word_1_203' title='bbox 915 1909 1289 1988; x_wconf 90' lang='lat' dir='ltr'>principium</span> <span class='ocrx_word' id='word_1_204' title='bbox 1335 1912 1589 1974; x_wconf 87' lang='lat' dir='ltr'>alterius</span> <span class='ocrx_word' id='word_1_205' title='bbox 1627 1919 1846 1986; x_wconf 86' lang='lat' dir='ltr'>actus;</span> <span class='ocrx_word' id='word_1_206' title='bbox 1881 1929 1975 1974; x_wconf 88' lang='lat' dir='ltr'>er-</span> 
     </span>
     <span class='ocr_line' id='line_1_18' title="bbox 410 1997 1975 2080; baseline 0.007 -24"><span class='ocrx_word' id='word_1_207' title='bbox 410 2015 490 2076; x_wconf 80' lang='lat' dir='ltr'>go</span> <span class='ocrx_word' id='word_1_208' title='bbox 523 1997 776 2076; x_wconf 87' lang='lat' dir='ltr'>quando</span> <span class='ocrx_word' id='word_1_209' title='bbox 823 2001 1029 2079; x_wconf 88' lang='lat' dir='ltr'>major</span> <span class='ocrx_word' id='word_1_210' title='bbox 1079 2009 1174 2064; x_wconf 91' lang='lat' dir='ltr'>est</span> <span class='ocrx_word' id='word_1_211' title='bbox 1211 2005 1592 2080; x_wconf 87' lang='lat' dir='ltr'>necessaria,</span> <span class='ocrx_word' id='word_1_212' title='bbox 1621 2007 1832 2067; x_wconf 90' lang='lat' dir='ltr'>minor</span> <span class='ocrx_word' id='word_1_213' title='bbox 1879 2013 1975 2068; x_wconf 88' lang='lat' dir='ltr'>est</span> 
     </span>
     <span class='ocr_line' id='line_1_19' title="bbox 409 2091 1975 2180; baseline 0.007 -29"><span class='ocrx_word' id='word_1_214' title='bbox 409 2091 726 2153; x_wconf 84' lang='lat' dir='ltr'>sufficiens</span> <span class='ocrx_word' id='word_1_215' title='bbox 756 2093 820 2154; x_wconf 92' lang='lat' dir='ltr'>in</span> <span class='ocrx_word' id='word_1_216' title='bbox 869 2113 984 2154; x_wconf 90' lang='lat' dir='ltr'>suo</span> <span class='ocrx_word' id='word_1_217' title='bbox 1023 2114 1279 2174; x_wconf 85' lang='lat' dir='ltr'>genere.</span> <span class='ocrx_word' id='word_1_218' title='bbox 1313 2099 1492 2160; x_wconf 86' lang='lat' dir='ltr'>Nulla</span> <span class='ocrx_word' id='word_1_219' title='bbox 1536 2118 1690 2180; x_wconf 83' lang='lat' dir='ltr'>crgo</span> <span class='ocrx_word' id='word_1_220' title='bbox 1731 2099 1975 2162; x_wconf 85' lang='lat' dir='ltr'>ratione</span> 
     </span>
     <span class='ocr_line' id='line_1_20' title="bbox 408 2185 1973 2265; baseline 0.004 -19"><span class='ocrx_word' id='word_1_221' title='bbox 408 2185 529 2247; x_wconf 88' lang='lat' dir='ltr'>dici</span> <span class='ocrx_word' id='word_1_222' title='bbox 557 2190 764 2265; x_wconf 85' lang='lat' dir='ltr'>potest</span> <span class='ocrx_word' id='word_1_223' title='bbox 781 2187 1121 2250; x_wconf 85' lang='lat' dir='ltr'>Concilium</span> <span class='ocrx_word' id='word_1_224' title='bbox 1151 2197 1394 2254; x_wconf 85' lang='lat' dir='ltr'>tantum</span> <span class='ocrx_word' id='word_1_225' title='bbox 1421 2211 1559 2255; x_wconf 90' lang='lat' dir='ltr'>esse</span> <span class='ocrx_word' id='word_1_226' title='bbox 1589 2193 1870 2255; x_wconf 89' lang='lat' dir='ltr'>locutum</span> <span class='ocrx_word' id='word_1_227' title='bbox 1895 2193 1973 2254; x_wconf 82' lang='lat' dir='ltr'>de</span> 
     </span>
     <span class='ocr_line' id='line_1_21' title="bbox 407 2279 1972 2366; baseline 0.005 -28"><span class='ocrx_word' id='word_1_228' title='bbox 407 2279 804 2352; x_wconf 82' lang='lat' dir='ltr'>excitatione,</span> <span class='ocrx_word' id='word_1_229' title='bbox 853 2299 992 2360; x_wconf 76' lang='lat' dir='ltr'>quoe</span> <span class='ocrx_word' id='word_1_230' title='bbox 1021 2302 1088 2344; x_wconf 89' lang='lat' dir='ltr'>re</span> <span class='ocrx_word' id='word_1_231' title='bbox 1117 2285 1252 2364; x_wconf 86' lang='lat' dir='ltr'>ipsa</span> <span class='ocrx_word' id='word_1_232' title='bbox 1291 2303 1418 2346; x_wconf 89' lang='lat' dir='ltr'>non</span> <span class='ocrx_word' id='word_1_233' title='bbox 1449 2287 1644 2366; x_wconf 87' lang='lat' dir='ltr'>possit</span> <span class='ocrx_word' id='word_1_234' title='bbox 1676 2305 1814 2348; x_wconf 90' lang='lat' dir='ltr'>esse</span> <span class='ocrx_word' id='word_1_235' title='bbox 1847 2286 1972 2346; x_wconf 82' lang='lat' dir='ltr'>suf-</span> 
     </span>
     <span class='ocr_line' id='line_1_22' title="bbox 404 2371 1968 2459; baseline 0.005 -27"><span class='ocrx_word' id='word_1_236' title='bbox 404 2371 620 2433; x_wconf 90' lang='lat' dir='ltr'>ficiens</span> <span class='ocrx_word' id='word_1_237' title='bbox 665 2379 728 2435; x_wconf 90' lang='lat' dir='ltr'>et</span> <span class='ocrx_word' id='word_1_238' title='bbox 757 2374 976 2436; x_wconf 85' lang='lat' dir='ltr'>efficax</span> <span class='ocrx_word' id='word_1_239' title='bbox 1015 2377 1096 2438; x_wconf 88' lang='lat' dir='ltr'>ad</span> <span class='ocrx_word' id='word_1_240' title='bbox 1143 2379 1686 2459; x_wconf 84' lang='lat' dir='ltr'>supernaturalem</span> <span class='ocrx_word' id='word_1_241' title='bbox 1736 2384 1968 2453; x_wconf 88' lang='lat' dir='ltr'>actum,</span> 
     </span>
     <span class='ocr_line' id='line_1_23' title="bbox 407 2471 1974 2552; baseline 0.004 -25"><span class='ocrx_word' id='word_1_242' title='bbox 407 2485 520 2528; x_wconf 89' lang='lat' dir='ltr'>seu</span> <span class='ocrx_word' id='word_1_243' title='bbox 551 2471 1046 2531; x_wconf 80' lang='lat' dir='ltr'>conversionem.</span> <span class='ocrx_word' id='word_1_244' title='bbox 1093 2473 1168 2534; x_wconf 90' lang='lat' dir='ltr'>Et</span> <span class='ocrx_word' id='word_1_245' title='bbox 1195 2478 1408 2534; x_wconf 89' lang='lat' dir='ltr'>tamen</span> <span class='ocrx_word' id='word_1_246' title='bbox 1443 2473 1823 2552; x_wconf 77' lang='lat' dir='ltr'>generaliter</span> <span class='ocrx_word' id='word_1_247' title='bbox 1867 2473 1974 2534; x_wconf 90' lang='lat' dir='ltr'>de-</span> 
     </span>
     <span class='ocr_line' id='line_1_24' title="bbox 403 2559 1967 2644; baseline 0.005 -24"><span class='ocrx_word' id='word_1_248' title='bbox 403 2559 538 2620; x_wconf 87' lang='lat' dir='ltr'>finit</span> <span class='ocrx_word' id='word_1_249' title='bbox 553 2561 659 2622; x_wconf 88' lang='lat' dir='ltr'>tali</span> <span class='ocrx_word' id='word_1_250' title='bbox 691 2563 1045 2626; x_wconf 81' lang='lat' dir='ltr'>excitationi</span> <span class='ocrx_word' id='word_1_251' title='bbox 1063 2583 1248 2644; x_wconf 90' lang='lat' dir='ltr'>posse</span> <span class='ocrx_word' id='word_1_252' title='bbox 1275 2567 1593 2630; x_wconf 89' lang='lat' dir='ltr'>hominem</span> <span class='ocrx_word' id='word_1_253' title='bbox 1613 2567 1967 2644; x_wconf 87' lang='lat' dir='ltr'>dissentire,</span> 
     </span>
     <span class='ocr_line' id='line_1_25' title="bbox 403 2654 1968 2738; baseline 0.005 -24"><span class='ocrx_word' id='word_1_254' title='bbox 403 2654 456 2714; x_wconf 89' lang='lat' dir='ltr'>si</span> <span class='ocrx_word' id='word_1_255' title='bbox 503 2654 686 2728; x_wconf 80' lang='lat' dir='ltr'>velit3</span> <span class='ocrx_word' id='word_1_256' title='bbox 745 2674 895 2736; x_wconf 86' lang='lat' dir='ltr'>ergo</span> <span class='ocrx_word' id='word_1_257' title='bbox 919 2703 936 2732; x_wconf 90' lang='lat'>,</span> <span class='ocrx_word' id='word_1_258' title='bbox 975 2658 1156 2738; x_wconf 87' lang='lat' dir='ltr'>juxta</span> <span class='ocrx_word' id='word_1_259' title='bbox 1207 2660 1461 2722; x_wconf 90' lang='lat' dir='ltr'>Concilii</span> <span class='ocrx_word' id='word_1_260' title='bbox 1503 2661 1968 2736; x_wconf 86' lang='lat' dir='ltr'>definitionem,</span> 
     </span>
     <span class='ocr_line' id='line_1_26' title="bbox 407 2747 1971 2831; baseline 0.004 -24"><span class='ocrx_word' id='word_1_261' title='bbox 407 2747 606 2825; x_wconf 83' lang='lat' dir='ltr'>gratia</span> <span class='ocrx_word' id='word_1_262' title='bbox 647 2748 946 2822; x_wconf 67' lang='lat' dir='ltr'>excitam,</span> <span class='ocrx_word' id='word_1_263' title='bbox 979 2753 1264 2831; x_wconf 85' lang='lat' dir='ltr'>quamvis</span> <span class='ocrx_word' id='word_1_264' title='bbox 1297 2754 1537 2828; x_wconf 86' lang='lat' dir='ltr'>efficax,</span> <span class='ocrx_word' id='word_1_265' title='bbox 1589 2773 1718 2816; x_wconf 90' lang='lat' dir='ltr'>non</span> <span class='ocrx_word' id='word_1_266' title='bbox 1766 2755 1971 2816; x_wconf 90' lang='lat' dir='ltr'>deter-</span> 
     </span>
     <span class='ocr_line' id='line_1_27' title="bbox 401 2841 1971 2924; baseline 0.005 -23"><span class='ocrx_word' id='word_1_267' title='bbox 401 2841 601 2903; x_wconf 86' lang='lat' dir='ltr'>minat</span> <span class='ocrx_word' id='word_1_268' title='bbox 635 2843 894 2924; x_wconf 81' lang='lat' dir='ltr'>physice</span> <span class='ocrx_word' id='word_1_269' title='bbox 925 2845 1309 2908; x_wconf 81' lang='lat' dir='ltr'>voluntatem</span> <span class='ocrx_word' id='word_1_270' title='bbox 1349 2849 1431 2910; x_wconf 91' lang='lat' dir='ltr'>ad</span> <span class='ocrx_word' id='word_1_271' title='bbox 1471 2867 1868 2910; x_wconf 89' lang='lat' dir='ltr'>consensum.</span> <span class='ocrx_word' id='word_1_272' title='bbox 1896 2849 1971 2909; x_wconf 87' lang='lat' dir='ltr'>Et</span> 
     </span>
     <span class='ocr_line' id='line_1_28' title="bbox 405 2933 1969 3015; baseline 0.004 -19"><span class='ocrx_word' id='word_1_273' title='bbox 405 2933 816 2998; x_wconf 86' lang='lat' dir='ltr'>confirmatur</span> <span class='ocrx_word' id='word_1_274' title='bbox 864 2957 938 3000; x_wconf 87' lang='lat' dir='ltr'>ex</span> <span class='ocrx_word' id='word_1_275' title='bbox 989 2939 1229 3000; x_wconf 89' lang='lat' dir='ltr'>ratione</span> <span class='ocrx_word' id='word_1_276' title='bbox 1269 2942 1560 3015; x_wconf 75' lang='lat' dir='ltr'>Concilii3</span> <span class='ocrx_word' id='word_1_277' title='bbox 1605 2941 1751 3003; x_wconf 88' lang='lat' dir='ltr'>inde</span> <span class='ocrx_word' id='word_1_278' title='bbox 1801 2943 1969 3004; x_wconf 89' lang='lat' dir='ltr'>enim</span> 
     </span>
     <span class='ocr_line' id='line_1_29' title="bbox 401 3029 1965 3109; baseline 0.004 -19"><span class='ocrx_word' id='word_1_279' title='bbox 401 3029 626 3108; x_wconf 86' lang='lat' dir='ltr'>probat</span> <span class='ocrx_word' id='word_1_280' title='bbox 667 3047 854 3109; x_wconf 90' lang='lat' dir='ltr'>posse</span> <span class='ocrx_word' id='word_1_281' title='bbox 895 3031 1218 3094; x_wconf 88' lang='lat' dir='ltr'>hominem</span> <span class='ocrx_word' id='word_1_282' title='bbox 1249 3035 1584 3096; x_wconf 87' lang='lat' dir='ltr'>excitatum</span> <span class='ocrx_word' id='word_1_283' title='bbox 1635 3035 1965 3096; x_wconf 83' lang='lat' dir='ltr'>dissentire</span> 
     </span>
     <span class='ocr_line' id='line_1_30' title="bbox 401 3124 1967 3208; baseline 0.004 -24"><span class='ocrx_word' id='word_1_284' title='bbox 401 3124 454 3184; x_wconf 90' lang='lat' dir='ltr'>si</span> <span class='ocrx_word' id='word_1_285' title='bbox 487 3124 656 3198; x_wconf 86' lang='lat' dir='ltr'>velit,</span> <span class='ocrx_word' id='word_1_286' title='bbox 689 3126 834 3205; x_wconf 86' lang='lat' dir='ltr'>quia</span> <span class='ocrx_word' id='word_1_287' title='bbox 861 3126 1017 3188; x_wconf 88' lang='lat' dir='ltr'>alias</span> <span class='ocrx_word' id='word_1_288' title='bbox 1047 3133 1342 3208; x_wconf 84' lang='lat' dir='ltr'>ageretur</span> <span class='ocrx_word' id='word_1_289' title='bbox 1369 3130 1575 3207; x_wconf 89' lang='lat' dir='ltr'>potius</span> <span class='ocrx_word' id='word_1_290' title='bbox 1595 3134 1664 3189; x_wconf 89' lang='lat' dir='ltr'>ut</span> <span class='ocrx_word' id='word_1_291' title='bbox 1692 3128 1967 3190; x_wconf 89' lang='lat' dir='ltr'>inanime</span> 
     </span>
     <span class='ocr_line' id='line_1_31' title="bbox 401 3218 1968 3299; baseline 0.003 -22"><span class='ocrx_word' id='word_1_292' title='bbox 401 3218 744 3296; x_wconf 86' lang='lat' dir='ltr'>quoddam,</span> <span class='ocrx_word' id='word_1_293' title='bbox 791 3237 984 3299; x_wconf 87' lang='lat' dir='ltr'>quam</span> <span class='ocrx_word' id='word_1_294' title='bbox 1013 3239 1079 3281; x_wconf 90' lang='lat' dir='ltr'>se</span> <span class='ocrx_word' id='word_1_295' title='bbox 1128 3227 1344 3297; x_wconf 71' lang='lat' dir='ltr'>ageret</span> <span class='ocrx_word' id='word_1_296' title='bbox 1379 3228 1442 3283; x_wconf 85' lang='lat' dir='ltr'>et</span> <span class='ocrx_word' id='word_1_297' title='bbox 1479 3227 1760 3283; x_wconf 81' lang='lat' dir='ltr'>moveret</span> <span class='ocrx_word' id='word_1_298' title='bbox 1797 3220 1862 3281; x_wconf 91' lang='lat' dir='ltr'>in</span> <span class='ocrx_word' id='word_1_299' title='bbox 1891 3239 1968 3282; x_wconf 90' lang='lat' dir='ltr'>eo</span> 
     </span>
     <span class='ocr_line' id='line_1_32' title="bbox 399 3312 1971 3391; baseline 0.003 -20"><span class='ocrx_word' id='word_1_300' title='bbox 399 3328 712 3372; x_wconf 88' lang='lat' dir='ltr'>consensu</span> <span class='ocrx_word' id='word_1_301' title='bbox 741 3312 1120 3391; x_wconf 64' lang='lat' dir='ltr'>praestando.</span> <span class='ocrx_word' id='word_1_302' title='bbox 1141 3315 1288 3374; x_wconf 81' lang='lat' dir='ltr'>Haec</span> <span class='ocrx_word' id='word_1_303' title='bbox 1315 3322 1526 3376; x_wconf 90' lang='lat' dir='ltr'>autem</span> <span class='ocrx_word' id='word_1_304' title='bbox 1556 3317 1713 3375; x_wconf 82' lang='lat' dir='ltr'>ratio</span> <span class='ocrx_word' id='word_1_305' title='bbox 1745 3316 1808 3375; x_wconf 91' lang='lat' dir='ltr'>in</span> <span class='ocrx_word' id='word_1_306' title='bbox 1833 3316 1971 3375; x_wconf 91' lang='lat' dir='ltr'>uni-</span> 
     </span>
     <span class='ocr_line' id='line_1_33' title="bbox 401 3406 1967 3485; baseline 0.004 -22"><span class='ocrx_word' id='word_1_307' title='bbox 401 3420 656 3464; x_wconf 84' lang='lat' dir='ltr'>versum</span> <span class='ocrx_word' id='word_1_308' title='bbox 674 3406 976 3484; x_wconf 87' lang='lat' dir='ltr'>procedit,</span> <span class='ocrx_word' id='word_1_309' title='bbox 993 3407 1238 3485; x_wconf 86' lang='lat' dir='ltr'>quoties</span> <span class='ocrx_word' id='word_1_310' title='bbox 1261 3409 1450 3469; x_wconf 89' lang='lat' dir='ltr'>homo</span> <span class='ocrx_word' id='word_1_311' title='bbox 1471 3409 1776 3469; x_wconf 86' lang='lat' dir='ltr'>excitatur</span> <span class='ocrx_word' id='word_1_312' title='bbox 1793 3428 1830 3469; x_wconf 90' lang='lat' dir='ltr'>a</span> <span class='ocrx_word' id='word_1_313' title='bbox 1845 3410 1967 3470; x_wconf 88' lang='lat' dir='ltr'>Deo</span> 
     </span>
     <span class='ocr_line' id='line_1_34' title="bbox 401 3496 1967 3583; baseline 0.005 -26"><span class='ocrx_word' id='word_1_314' title='bbox 401 3497 481 3559; x_wconf 87' lang='lat' dir='ltr'>ad</span> <span class='ocrx_word' id='word_1_315' title='bbox 537 3496 807 3559; x_wconf 88' lang='lat' dir='ltr'>liberum</span> <span class='ocrx_word' id='word_1_316' title='bbox 869 3517 1246 3561; x_wconf 87' lang='lat' dir='ltr'>consensum</span> <span class='ocrx_word' id='word_1_317' title='bbox 1303 3504 1724 3581; x_wconf 78' lang='lat' dir='ltr'>praestandum</span> <span class='ocrx_word' id='word_1_318' title='bbox 1754 3522 1770 3575; x_wconf 86' lang='lat'>;</span> <span class='ocrx_word' id='word_1_319' title='bbox 1817 3521 1967 3583; x_wconf 85' lang='lat' dir='ltr'>ergo</span> 
     </span>
     <span class='ocr_line' id='line_1_35' title="bbox 400 3590 1968 3674; baseline 0.003 -21"><span class='ocrx_word' id='word_1_320' title='bbox 400 3590 652 3654; x_wconf 89' lang='lat' dir='ltr'>Concilii</span> <span class='ocrx_word' id='word_1_321' title='bbox 702 3592 888 3653; x_wconf 88' lang='lat' dir='ltr'>etiam</span> <span class='ocrx_word' id='word_1_322' title='bbox 915 3593 1196 3655; x_wconf 88' lang='lat' dir='ltr'>doctrina</span> <span class='ocrx_word' id='word_1_323' title='bbox 1227 3596 1539 3674; x_wconf 85' lang='lat' dir='ltr'>generalis</span> <span class='ocrx_word' id='word_1_324' title='bbox 1568 3602 1662 3658; x_wconf 87' lang='lat' dir='ltr'>est</span> <span class='ocrx_word' id='word_1_325' title='bbox 1690 3596 1768 3657; x_wconf 88' lang='lat' dir='ltr'>de</span> <span class='ocrx_word' id='word_1_326' title='bbox 1797 3596 1968 3657; x_wconf 90' lang='lat' dir='ltr'>omni</span> 
     </span>
     <span class='ocr_line' id='line_1_36' title="bbox 400 3685 1967 3771; baseline 0.005 -26"><span class='ocrx_word' id='word_1_327' title='bbox 400 3686 602 3765; x_wconf 82' lang='lat' dir='ltr'>gratia</span> <span class='ocrx_word' id='word_1_328' title='bbox 631 3685 942 3747; x_wconf 86' lang='lat' dir='ltr'>excitante</span> <span class='ocrx_word' id='word_1_329' title='bbox 971 3732 988 3761; x_wconf 93' lang='lat'>,</span> <span class='ocrx_word' id='word_1_330' title='bbox 1032 3706 1174 3748; x_wconf 92' lang='lat' dir='ltr'>cum</span> <span class='ocrx_word' id='word_1_331' title='bbox 1220 3707 1346 3768; x_wconf 85' lang='lat' dir='ltr'>qua</span> <span class='ocrx_word' id='word_1_332' title='bbox 1378 3690 1566 3752; x_wconf 88' lang='lat' dir='ltr'>homo</span> <span class='ocrx_word' id='word_1_333' title='bbox 1589 3690 1785 3752; x_wconf 83' lang='lat' dir='ltr'>libere</span> <span class='ocrx_word' id='word_1_334' title='bbox 1819 3709 1967 3771; x_wconf 88' lang='lat' dir='ltr'>ope·</span> 
     </span>
     <span class='ocr_line' id='line_1_37' title="bbox 397 3785 593 3841; baseline -0.01 0"><span class='ocrx_word' id='word_1_335' title='bbox 397 3785 593 3841; x_wconf 85' lang='lat' dir='ltr'>ratur.</span> 
     </span>
    </p>

    <p class='ocr_par' dir='ltr' id='par_1_4' title="bbox 395 3872 1966 5637">
     <span class='ocr_line' id='line_1_38' title="bbox 482 3872 1965 3959; baseline 0.003 -25"><span class='ocrx_word' id='word_1_336' title='bbox 482 3873 540 3934; x_wconf 90' lang='grc'>3.</span> <span class='ocrx_word' id='word_1_337' title='bbox 596 3872 806 3937; x_wconf 72' lang='lat' dir='ltr'>Tertia</span> <span class='ocrx_word' id='word_1_338' title='bbox 827 3877 1026 3938; x_wconf 76' lang='lat' dir='ltr'>evasio</span> <span class='ocrx_word' id='word_1_339' title='bbox 1045 3876 1466 3959; x_wconf 63' lang='lat' dir='ltr'>impugnatur.</span> <span class='ocrx_word' id='word_1_340' title='bbox 1485 3908 1568 3924; x_wconf 90' lang='lat'><em>-</em></span> <span class='ocrx_word' id='word_1_341' title='bbox 1585 3878 1712 3940; x_wconf 87' lang='lat' dir='ltr'>Sed</span> <span class='ocrx_word' id='word_1_342' title='bbox 1727 3878 1827 3940; x_wconf 87' lang='lat' dir='ltr'>hic</span> <span class='ocrx_word' id='word_1_343' title='bbox 1849 3881 1965 3940; x_wconf 90' lang='lat' dir='ltr'>ite-</span> 
     </span>
     <span class='ocr_line' id='line_1_39' title="bbox 398 3967 1964 4052; baseline 0.003 -25"><span class='ocrx_word' id='word_1_344' title='bbox 398 3984 538 4027; x_wconf 88' lang='lat' dir='ltr'>rum</span> <span class='ocrx_word' id='word_1_345' title='bbox 559 3967 827 4029; x_wconf 88' lang='lat' dir='ltr'>occurrit</span> <span class='ocrx_word' id='word_1_346' title='bbox 848 3969 1176 4047; x_wconf 85' lang='lat' dir='ltr'>responsio</span> <span class='ocrx_word' id='word_1_347' title='bbox 1211 3970 1275 4030; x_wconf 90' lang='lat' dir='ltr'>in</span> <span class='ocrx_word' id='word_1_348' title='bbox 1307 3970 1733 4048; x_wconf 87' lang='lat' dir='ltr'>superioribus</span> <span class='ocrx_word' id='word_1_349' title='bbox 1763 3972 1964 4052; x_wconf 91' lang='lat' dir='ltr'>impu-</span> 
     </span>
     <span class='ocr_line' id='line_1_40' title="bbox 398 4060 1965 4139; baseline 0.003 -20"><span class='ocrx_word' id='word_1_350' title='bbox 398 4066 608 4136; x_wconf 84' lang='lat' dir='ltr'>gnata,</span> <span class='ocrx_word' id='word_1_351' title='bbox 647 4060 816 4139; x_wconf 88' lang='lat' dir='ltr'>quod</span> <span class='ocrx_word' id='word_1_352' title='bbox 844 4062 1186 4123; x_wconf 85' lang='lat' dir='ltr'>Concilium</span> <span class='ocrx_word' id='word_1_353' title='bbox 1227 4062 1428 4125; x_wconf 90' lang='lat' dir='ltr'>solum</span> <span class='ocrx_word' id='word_1_354' title='bbox 1471 4070 1710 4125; x_wconf 85' lang='lat' dir='ltr'>asserat</span> <span class='ocrx_word' id='word_1_355' title='bbox 1741 4065 1965 4126; x_wconf 80' lang='lat' dir='ltr'>volun-</span> 
     </span>
     <span class='ocr_line' id='line_1_41' title="bbox 396 4153 1965 4233; baseline 0.004 -20"><span class='ocrx_word' id='word_1_356' title='bbox 396 4158 592 4214; x_wconf 89' lang='lat' dir='ltr'>tatem</span> <span class='ocrx_word' id='word_1_357' title='bbox 613 4153 938 4215; x_wconf 89' lang='lat' dir='ltr'>excitatam</span> <span class='ocrx_word' id='word_1_358' title='bbox 972 4173 1156 4233; x_wconf 89' lang='lat' dir='ltr'>posse</span> <span class='ocrx_word' id='word_1_359' title='bbox 1184 4157 1503 4230; x_wconf 88' lang='lat' dir='ltr'>resistere,</span> <span class='ocrx_word' id='word_1_360' title='bbox 1530 4176 1658 4218; x_wconf 86' lang='lat' dir='ltr'>non</span> <span class='ocrx_word' id='word_1_361' title='bbox 1683 4176 1830 4219; x_wconf 84' lang='lat' dir='ltr'>vero</span> <span class='ocrx_word' id='word_1_362' title='bbox 1855 4176 1965 4219; x_wconf 88' lang='lat' dir='ltr'>ne·</span> 
     </span>
     <span class='ocr_line' id='line_1_42' title="bbox 396 4248 1966 4330; baseline 0.004 -25"><span class='ocrx_word' id='word_1_363' title='bbox 396 4248 506 4323; x_wconf 84' lang='lat' dir='ltr'>get</span> <span class='ocrx_word' id='word_1_364' title='bbox 543 4264 802 4307; x_wconf 90' lang='lat' dir='ltr'>manere</span> <span class='ocrx_word' id='word_1_365' title='bbox 837 4248 1096 4328; x_wconf 83' lang='lat' dir='ltr'>physice</span> <span class='ocrx_word' id='word_1_366' title='bbox 1127 4248 1604 4311; x_wconf 84' lang='lat' dir='ltr'>determinatam</span> <span class='ocrx_word' id='word_1_367' title='bbox 1627 4269 1741 4330; x_wconf 89' lang='lat' dir='ltr'>per</span> <span class='ocrx_word' id='word_1_368' title='bbox 1777 4250 1966 4312; x_wconf 91' lang='lat' dir='ltr'>talem</span> 
     </span>
     <span class='ocr_line' id='line_1_43' title="bbox 399 4338 1963 4420; baseline 0.004 -23"><span class='ocrx_word' id='word_1_369' title='bbox 399 4338 872 4413; x_wconf 81' lang='lat' dir='ltr'>excitationem3</span> <span class='ocrx_word' id='word_1_370' title='bbox 899 4341 1048 4420; x_wconf 90' lang='lat' dir='ltr'>quia</span> <span class='ocrx_word' id='word_1_371' title='bbox 1067 4342 1202 4402; x_wconf 80' lang='lat' dir='ltr'>haec</span> <span class='ocrx_word' id='word_1_372' title='bbox 1226 4341 1663 4406; x_wconf 89' lang='lat' dir='ltr'>determinatio</span> <span class='ocrx_word' id='word_1_373' title='bbox 1694 4344 1963 4405; x_wconf 80' lang='lat' dir='ltr'>cumina</span> 
     </span>
     <span class='ocr_line' id='line_1_44' title="bbox 397 4431 1964 4515; baseline 0.005 -24"><span class='ocrx_word' id='word_1_374' title='bbox 397 4431 676 4510; x_wconf 89' lang='lat' dir='ltr'>potentia</span> <span class='ocrx_word' id='word_1_375' title='bbox 707 4450 835 4493; x_wconf 90' lang='lat' dir='ltr'>non</span> <span class='ocrx_word' id='word_1_376' title='bbox 874 4440 1211 4514; x_wconf 84' lang='lat' dir='ltr'>repugnat;</span> <span class='ocrx_word' id='word_1_377' title='bbox 1247 4441 1453 4515; x_wconf 85' lang='lat' dir='ltr'>potest</span> <span class='ocrx_word' id='word_1_378' title='bbox 1493 4436 1660 4497; x_wconf 90' lang='lat' dir='ltr'>enim</span> <span class='ocrx_word' id='word_1_379' title='bbox 1693 4455 1832 4498; x_wconf 90' lang='lat' dir='ltr'>esse</span> <span class='ocrx_word' id='word_1_380' title='bbox 1870 4438 1964 4499; x_wconf 85' lang='lat' dir='ltr'>fa-</span> 
     </span>
     <span class='ocr_line' id='line_1_45' title="bbox 398 4524 1958 4606; baseline 0.004 -21"><span class='ocrx_word' id='word_1_381' title='bbox 398 4524 598 4585; x_wconf 83' lang='lat' dir='ltr'>cultas</span> <span class='ocrx_word' id='word_1_382' title='bbox 657 4524 1072 4587; x_wconf 88' lang='lat' dir='ltr'>determinata</span> <span class='ocrx_word' id='word_1_383' title='bbox 1125 4528 1206 4588; x_wconf 90' lang='lat' dir='ltr'>ad</span> <span class='ocrx_word' id='word_1_384' title='bbox 1261 4530 1650 4606; x_wconf 89' lang='lat' dir='ltr'>operandum</span> <span class='ocrx_word' id='word_1_385' title='bbox 1715 4550 1910 4591; x_wconf 92' lang='lat' dir='ltr'>unum</span> <span class='ocrx_word' id='word_1_386' title='bbox 1944 4578 1958 4603; x_wconf 93' lang='lat'>‚</span> 
     </span>
     <span class='ocr_line' id='line_1_46' title="bbox 399 4617 1963 4705; baseline 0.005 -28"><span class='ocrx_word' id='word_1_387' title='bbox 399 4617 640 4679; x_wconf 88' lang='lat' dir='ltr'>etiamsi</span> <span class='ocrx_word' id='word_1_388' title='bbox 673 4620 868 4697; x_wconf 86' lang='lat' dir='ltr'>possit</span> <span class='ocrx_word' id='word_1_389' title='bbox 896 4621 1140 4699; x_wconf 89' lang='lat' dir='ltr'>operari</span> <span class='ocrx_word' id='word_1_390' title='bbox 1169 4621 1360 4682; x_wconf 88' lang='lat' dir='ltr'>aliud.</span> <span class='ocrx_word' id='word_1_391' title='bbox 1390 4623 1517 4685; x_wconf 87' lang='lat' dir='ltr'>Sed</span> <span class='ocrx_word' id='word_1_392' title='bbox 1543 4623 1678 4685; x_wconf 85' lang='lat' dir='ltr'>haec</span> <span class='ocrx_word' id='word_1_393' title='bbox 1706 4642 1963 4705; x_wconf 89' lang='lat' dir='ltr'>respon-</span> 
     </span>
     <span class='ocr_line' id='line_1_47' title="bbox 398 4710 1966 4793; baseline 0.005 -22"><span class='ocrx_word' id='word_1_394' title='bbox 398 4710 490 4771; x_wconf 89' lang='lat' dir='ltr'>sio</span> <span class='ocrx_word' id='word_1_395' title='bbox 529 4711 628 4772; x_wconf 85' lang='lat' dir='ltr'>vel</span> <span class='ocrx_word' id='word_1_396' title='bbox 670 4720 983 4793; x_wconf 86' lang='lat' dir='ltr'>repugnat</span> <span class='ocrx_word' id='word_1_397' title='bbox 1029 4713 1324 4787; x_wconf 89' lang='lat' dir='ltr'>Concili0‚</span> <span class='ocrx_word' id='word_1_398' title='bbox 1351 4716 1451 4777; x_wconf 84' lang='lat' dir='ltr'>vel</span> <span class='ocrx_word' id='word_1_399' title='bbox 1482 4718 1549 4778; x_wconf 90' lang='lat' dir='ltr'>in</span> <span class='ocrx_word' id='word_1_400' title='bbox 1589 4735 1657 4778; x_wconf 89' lang='lat' dir='ltr'>se</span> <span class='ocrx_word' id='word_1_401' title='bbox 1707 4718 1966 4779; x_wconf 83' lang='lat' dir='ltr'>involvit</span> 
     </span>
     <span class='ocr_line' id='line_1_48' title="bbox 397 4806 1965 4886; baseline 0.004 -22"><span class='ocrx_word' id='word_1_402' title='bbox 397 4807 905 4883; x_wconf 80' lang='lat' dir='ltr'>repugnantiam.</span> <span class='ocrx_word' id='word_1_403' title='bbox 938 4806 1116 4880; x_wconf 90' lang='lat' dir='ltr'>Quod</span> <span class='ocrx_word' id='word_1_404' title='bbox 1137 4809 1220 4869; x_wconf 89' lang='lat' dir='ltr'>ita</span> <span class='ocrx_word' id='word_1_405' title='bbox 1247 4809 1522 4871; x_wconf 82' lang='lat' dir='ltr'>breviter</span> <span class='ocrx_word' id='word_1_406' title='bbox 1535 4810 1812 4886; x_wconf 89' lang='lat' dir='ltr'>declaro,</span> <span class='ocrx_word' id='word_1_407' title='bbox 1835 4830 1965 4873; x_wconf 90' lang='lat' dir='ltr'>non</span> 
     </span>
     <span class='ocr_line' id='line_1_49' title="bbox 399 4898 1965 4979; baseline 0.006 -23"><span class='ocrx_word' id='word_1_408' title='bbox 399 4898 743 4976; x_wconf 86' lang='lat' dir='ltr'>repetendo</span> <span class='ocrx_word' id='word_1_409' title='bbox 782 4900 1070 4979; x_wconf 86' lang='lat' dir='ltr'>superius</span> <span class='ocrx_word' id='word_1_410' title='bbox 1098 4900 1285 4963; x_wconf 87' lang='lat' dir='ltr'>dicta.</span> <span class='ocrx_word' id='word_1_411' title='bbox 1319 4903 1581 4975; x_wconf 86' lang='lat' dir='ltr'>Quando</span> <span class='ocrx_word' id='word_1_412' title='bbox 1610 4906 1779 4967; x_wconf 89' lang='lat' dir='ltr'>enim</span> <span class='ocrx_word' id='word_1_413' title='bbox 1816 4905 1965 4966; x_wconf 89' lang='lat' dir='ltr'>dici-</span> 
     </span>
     <span class='ocr_line' id='line_1_50' title="bbox 395 4992 1963 5070; baseline 0.006 -21"><span class='ocrx_word' id='word_1_414' title='bbox 395 4994 501 5050; x_wconf 90' lang='lat' dir='ltr'>tur</span> <span class='ocrx_word' id='word_1_415' title='bbox 522 4992 866 5070; x_wconf 88' lang='lat' dir='ltr'>potentiam</span> <span class='ocrx_word' id='word_1_416' title='bbox 906 4994 988 5055; x_wconf 90' lang='lat' dir='ltr'>ad</span> <span class='ocrx_word' id='word_1_417' title='bbox 1026 4996 1549 5058; x_wconf 88' lang='lat' dir='ltr'>consentiendum</span> <span class='ocrx_word' id='word_1_418' title='bbox 1585 4997 1963 5061; x_wconf 87' lang='lat' dir='ltr'>determina·</span> 
     </span>
     <span class='ocr_line' id='line_1_51' title="bbox 395 5086 1963 5171; baseline 0.007 -30"><span class='ocrx_word' id='word_1_419' title='bbox 395 5086 527 5142; x_wconf 88' lang='lat' dir='ltr'>tam</span> <span class='ocrx_word' id='word_1_420' title='bbox 551 5102 735 5161; x_wconf 89' lang='lat' dir='ltr'>posse</span> <span class='ocrx_word' id='word_1_421' title='bbox 773 5086 1125 5163; x_wconf 88' lang='lat' dir='ltr'>dissentire,</span> <span class='ocrx_word' id='word_1_422' title='bbox 1173 5094 1281 5149; x_wconf 86' lang='lat' dir='ltr'>aut</span> <span class='ocrx_word' id='word_1_423' title='bbox 1319 5096 1414 5151; x_wconf 88' lang='lat' dir='ltr'>est</span> <span class='ocrx_word' id='word_1_424' title='bbox 1443 5108 1664 5152; x_wconf 88' lang='lat' dir='ltr'>sensus</span> <span class='ocrx_word' id='word_1_425' title='bbox 1709 5110 1963 5171; x_wconf 90' lang='lat' dir='ltr'>compo·</span> 
     </span>
     <span class='ocr_line' id='line_1_52' title="bbox 399 5175 1961 5254; baseline 0.007 -20"><span class='ocrx_word' id='word_1_426' title='bbox 399 5175 578 5252; x_wconf 74' lang='lat' dir='ltr'>situS,</span> <span class='ocrx_word' id='word_1_427' title='bbox 609 5178 865 5254; x_wconf 87' lang='lat' dir='ltr'>scilicet,</span> <span class='ocrx_word' id='word_1_428' title='bbox 898 5183 1102 5242; x_wconf 86' lang='lat' dir='ltr'>stante</span> <span class='ocrx_word' id='word_1_429' title='bbox 1131 5180 1331 5243; x_wconf 87' lang='lat' dir='ltr'>forma</span> <span class='ocrx_word' id='word_1_430' title='bbox 1368 5182 1472 5243; x_wconf 89' lang='lat' dir='ltr'>illa</span> <span class='ocrx_word' id='word_1_431' title='bbox 1503 5182 1961 5245; x_wconf 74' lang='lat' dir='ltr'>determinante</span> 
     </span>
     <span class='ocr_line' id='line_1_53' title="bbox 399 5268 1963 5353; baseline 0.006 -24"><span class='ocrx_word' id='word_1_432' title='bbox 399 5268 480 5331; x_wconf 89' lang='lat' dir='ltr'>ad</span> <span class='ocrx_word' id='word_1_433' title='bbox 503 5287 904 5347; x_wconf 90' lang='lat' dir='ltr'>consensum,</span> <span class='ocrx_word' id='word_1_434' title='bbox 934 5291 1119 5353; x_wconf 87' lang='lat' dir='ltr'>posse</span> <span class='ocrx_word' id='word_1_435' title='bbox 1147 5276 1332 5335; x_wconf 90' lang='lat' dir='ltr'>simul</span> <span class='ocrx_word' id='word_1_436' title='bbox 1359 5294 1503 5336; x_wconf 90' lang='lat' dir='ltr'>cum</span> <span class='ocrx_word' id='word_1_437' title='bbox 1533 5276 1636 5337; x_wconf 88' lang='lat' dir='ltr'>illa</span> <span class='ocrx_word' id='word_1_438' title='bbox 1667 5294 1806 5337; x_wconf 86' lang='lat' dir='ltr'>esse</span> <span class='ocrx_word' id='word_1_439' title='bbox 1834 5276 1963 5338; x_wconf 89' lang='lat' dir='ltr'>dis-</span> 
     </span>
     <span class='ocr_line' id='line_1_54' title="bbox 399 5366 1963 5450; baseline 0.004 -26"><span class='ocrx_word' id='word_1_440' title='bbox 399 5382 678 5437; x_wconf 87' lang='lat' dir='ltr'>sensum;</span> <span class='ocrx_word' id='word_1_441' title='bbox 701 5372 760 5427; x_wconf 91' lang='lat' dir='ltr'>et</span> <span class='ocrx_word' id='word_1_442' title='bbox 777 5366 906 5428; x_wconf 78' lang='lat' dir='ltr'>haec</span> <span class='ocrx_word' id='word_1_443' title='bbox 933 5374 1026 5430; x_wconf 90' lang='lat' dir='ltr'>est</span> <span class='ocrx_word' id='word_1_444' title='bbox 1044 5374 1262 5450; x_wconf 89' lang='lat' dir='ltr'>aperta</span> <span class='ocrx_word' id='word_1_445' title='bbox 1288 5370 1702 5449; x_wconf 84' lang='lat' dir='ltr'>repugnantia</span> <span class='ocrx_word' id='word_1_446' title='bbox 1733 5376 1795 5431; x_wconf 87' lang='lat' dir='ltr'>et</span> <span class='ocrx_word' id='word_1_447' title='bbox 1819 5388 1963 5432; x_wconf 90' lang='lat' dir='ltr'>con-</span> 
     </span>
     <span class='ocr_line' id='line_1_55' title="bbox 397 5458 1961 5543; baseline 0.006 -25"><span class='ocrx_word' id='word_1_448' title='bbox 397 5458 720 5532; x_wconf 87' lang='lat' dir='ltr'>tradictio;</span> <span class='ocrx_word' id='word_1_449' title='bbox 765 5478 914 5523; x_wconf 90' lang='lat' dir='ltr'>nam</span> <span class='ocrx_word' id='word_1_450' title='bbox 944 5461 1210 5524; x_wconf 88' lang='lat' dir='ltr'>formam</span> <span class='ocrx_word' id='word_1_451' title='bbox 1252 5464 1510 5543; x_wconf 83' lang='lat' dir='ltr'>physice</span> <span class='ocrx_word' id='word_1_452' title='bbox 1537 5464 1961 5527; x_wconf 87' lang='lat' dir='ltr'>determinare</span> 
     </span>
     <span class='ocr_line' id='line_1_56' title="bbox 399 5552 1960 5637; baseline 0.005 -25"><span class='ocrx_word' id='word_1_453' title='bbox 399 5552 744 5631; x_wconf 87' lang='lat' dir='ltr'>potentiam</span> <span class='ocrx_word' id='word_1_454' title='bbox 771 5553 853 5616; x_wconf 90' lang='lat' dir='ltr'>ad</span> <span class='ocrx_word' id='word_1_455' title='bbox 881 5574 1281 5630; x_wconf 87' lang='lat' dir='ltr'>consensum,</span> <span class='ocrx_word' id='word_1_456' title='bbox 1301 5558 1636 5619; x_wconf 87' lang='lat' dir='ltr'>nihilaliud</span> <span class='ocrx_word' id='word_1_457' title='bbox 1663 5564 1960 5637; x_wconf 88' lang='lat' dir='ltr'>estquam</span> 
     </span>
    </p>
   </div>
   <div class='ocr_carea' id='block_1_4' title="bbox 2054 1627 3649 2550">
    <p class='ocr_par' dir='ltr' id='par_1_5' title="bbox 2054 1627 3649 2550">
     <span class='ocr_line' id='line_1_57' title="bbox 2058 1627 3649 1708; baseline 0 -20"><span class='ocrx_word' id='word_1_458' title='bbox 2058 1627 2178 1688; x_wconf 91' lang='lat' dir='ltr'>dici</span> <span class='ocrx_word' id='word_1_459' title='bbox 2202 1646 2329 1689; x_wconf 90' lang='lat' dir='ltr'>non</span> <span class='ocrx_word' id='word_1_460' title='bbox 2354 1636 2560 1708; x_wconf 89' lang='lat' dir='ltr'>potest</span> <span class='ocrx_word' id='word_1_461' title='bbox 2586 1647 2845 1690; x_wconf 89' lang='lat' dir='ltr'>manere</span> <span class='ocrx_word' id='word_1_462' title='bbox 2874 1627 3129 1708; x_wconf 87' lang='lat' dir='ltr'>quidem</span> <span class='ocrx_word' id='word_1_463' title='bbox 3154 1629 3215 1688; x_wconf 90' lang='lat' dir='ltr'>in</span> <span class='ocrx_word' id='word_1_464' title='bbox 3238 1629 3503 1690; x_wconf 82' lang='lat' dir='ltr'>homine</span> <span class='ocrx_word' id='word_1_465' title='bbox 3530 1647 3649 1707; x_wconf 87' lang='lat' dir='ltr'>po-</span> 
     </span>
     <span class='ocr_line' id='line_1_58' title="bbox 2054 1721 3647 1794; baseline -0.001 -12"><span class='ocrx_word' id='word_1_466' title='bbox 2054 1722 2319 1782; x_wconf 85' lang='lat' dir='ltr'>tentiam</span> <span class='ocrx_word' id='word_1_467' title='bbox 2351 1722 2431 1784; x_wconf 86' lang='lat' dir='ltr'>ad</span> <span class='ocrx_word' id='word_1_468' title='bbox 2482 1722 2979 1784; x_wconf 88' lang='lat' dir='ltr'>dissentiendum</span> <span class='ocrx_word' id='word_1_469' title='bbox 3010 1767 3025 1794; x_wconf 91' lang='lat'>‚</span> <span class='ocrx_word' id='word_1_470' title='bbox 3072 1722 3259 1782; x_wconf 85' lang='lat' dir='ltr'>etiam</span> <span class='ocrx_word' id='word_1_471' title='bbox 3312 1739 3463 1782; x_wconf 87' lang='lat' dir='ltr'>cum</span> <span class='ocrx_word' id='word_1_472' title='bbox 3532 1721 3647 1781; x_wconf 80' lang='lat' dir='ltr'>ina</span> 
     </span>
     <span class='ocr_line' id='line_1_59' title="bbox 2060 1815 3641 1894; baseline -0.001 -18"><span class='ocrx_word' id='word_1_473' title='bbox 2060 1815 2534 1894; x_wconf 89' lang='lat' dir='ltr'>compositione,</span> <span class='ocrx_word' id='word_1_474' title='bbox 2576 1815 2642 1877; x_wconf 89' lang='lat' dir='ltr'>id</span> <span class='ocrx_word' id='word_1_475' title='bbox 2674 1819 2790 1889; x_wconf 85' lang='lat' dir='ltr'>est,</span> <span class='ocrx_word' id='word_1_476' title='bbox 2832 1821 3035 1876; x_wconf 89' lang='lat' dir='ltr'>stante</span> <span class='ocrx_word' id='word_1_477' title='bbox 3076 1816 3181 1876; x_wconf 88' lang='lat' dir='ltr'>illa</span> <span class='ocrx_word' id='word_1_478' title='bbox 3222 1816 3641 1892; x_wconf 85' lang='lat' dir='ltr'>excitatione,</span> 
     </span>
     <span class='ocr_line' id='line_1_60' title="bbox 2060 1907 3645 1988; baseline 0 -20"><span class='ocrx_word' id='word_1_479' title='bbox 2060 1925 2385 1988; x_wconf 87' lang='lat' dir='ltr'>nunquam</span> <span class='ocrx_word' id='word_1_480' title='bbox 2436 1914 2649 1970; x_wconf 87' lang='lat' dir='ltr'>tamen</span> <span class='ocrx_word' id='word_1_481' title='bbox 2690 1925 2951 1970; x_wconf 90' lang='lat' dir='ltr'>usurum</span> <span class='ocrx_word' id='word_1_482' title='bbox 2998 1907 3319 1968; x_wconf 89' lang='lat' dir='ltr'>hominem</span> <span class='ocrx_word' id='word_1_483' title='bbox 3346 1909 3471 1970; x_wconf 86' lang='lat' dir='ltr'>hac</span> <span class='ocrx_word' id='word_1_484' title='bbox 3518 1927 3645 1987; x_wconf 85' lang='lat' dir='ltr'>po-</span> 
     </span>
     <span class='ocr_line' id='line_1_61' title="bbox 2057 2001 3637 2082; baseline -0.001 -18"><span class='ocrx_word' id='word_1_485' title='bbox 2057 2003 2250 2064; x_wconf 86' lang='lat' dir='ltr'>tentia</span> <span class='ocrx_word' id='word_1_486' title='bbox 2292 2021 2449 2076; x_wconf 88' lang='lat' dir='ltr'>sua;</span> <span class='ocrx_word' id='word_1_487' title='bbox 2494 2003 2617 2064; x_wconf 89' lang='lat' dir='ltr'>hoc</span> <span class='ocrx_word' id='word_1_488' title='bbox 2646 2002 2815 2064; x_wconf 84' lang='lat' dir='ltr'>enim</span> <span class='ocrx_word' id='word_1_489' title='bbox 2848 2001 3071 2063; x_wconf 89' lang='lat' dir='ltr'>eadem</span> <span class='ocrx_word' id='word_1_490' title='bbox 3102 2002 3338 2063; x_wconf 89' lang='lat' dir='ltr'>ratione</span> <span class='ocrx_word' id='word_1_491' title='bbox 3380 2003 3637 2082; x_wconf 85' lang='lat' dir='ltr'>impro-</span> 
     </span>
     <span class='ocr_line' id='line_1_62' title="bbox 2056 2095 3645 2174; baseline 0.001 -17"><span class='ocrx_word' id='word_1_492' title='bbox 2056 2096 2261 2172; x_wconf 87' lang='lat' dir='ltr'>batur,</span> <span class='ocrx_word' id='word_1_493' title='bbox 2288 2095 2433 2174; x_wconf 89' lang='lat' dir='ltr'>quia</span> <span class='ocrx_word' id='word_1_494' title='bbox 2466 2099 2655 2158; x_wconf 89' lang='lat' dir='ltr'>homo</span> <span class='ocrx_word' id='word_1_495' title='bbox 2686 2115 2815 2158; x_wconf 92' lang='lat' dir='ltr'>non</span> <span class='ocrx_word' id='word_1_496' title='bbox 2846 2095 3049 2158; x_wconf 89' lang='lat' dir='ltr'>solum</span> <span class='ocrx_word' id='word_1_497' title='bbox 3078 2114 3401 2174; x_wconf 88' lang='lat' dir='ltr'>nunquam</span> <span class='ocrx_word' id='word_1_498' title='bbox 3426 2098 3645 2159; x_wconf 85' lang='lat' dir='ltr'>efficit</span> 
     </span>
     <span class='ocr_line' id='line_1_63' title="bbox 2056 2191 3645 2269; baseline -0.001 -17"><span class='ocrx_word' id='word_1_499' title='bbox 2056 2191 2685 2264; x_wconf 89' lang='lat' dir='ltr'>contradictoria‚sed</span> <span class='ocrx_word' id='word_1_500' title='bbox 2714 2209 2831 2252; x_wconf 90' lang='lat' dir='ltr'>nec</span> <span class='ocrx_word' id='word_1_501' title='bbox 2847 2191 3055 2251; x_wconf 83' lang='lat' dir='ltr'>facere</span> <span class='ocrx_word' id='word_1_502' title='bbox 3094 2195 3335 2269; x_wconf 86' lang='lat' dir='ltr'>potest;</span> <span class='ocrx_word' id='word_1_503' title='bbox 3370 2197 3645 2252; x_wconf 84' lang='lat' dir='ltr'>contra-</span> 
     </span>
     <span class='ocr_line' id='line_1_64' title="bbox 2054 2271 3645 2363; baseline -0.001 -17"><span class='ocrx_word' id='word_1_504' title='bbox 2054 2271 2239 2346; x_wconf 73' lang='lat' dir='ltr'>dictio</span> <span class='ocrx_word' id='word_1_505' title='bbox 2260 2292 2475 2346; x_wconf 89' lang='lat' dir='ltr'>autem</span> <span class='ocrx_word' id='word_1_506' title='bbox 2494 2291 2611 2360; x_wconf 92' lang='lat' dir='ltr'>est,</span> <span class='ocrx_word' id='word_1_507' title='bbox 2644 2285 2814 2363; x_wconf 92' lang='lat' dir='ltr'>quod</span> <span class='ocrx_word' id='word_1_508' title='bbox 2838 2285 3023 2344; x_wconf 88' lang='lat' dir='ltr'>simul</span> <span class='ocrx_word' id='word_1_509' title='bbox 3042 2283 3385 2345; x_wconf 86' lang='lat' dir='ltr'>consentiat</span> <span class='ocrx_word' id='word_1_510' title='bbox 3408 2291 3483 2345; x_wconf 86' lang='lat' dir='ltr'>et</span> <span class='ocrx_word' id='word_1_511' title='bbox 3504 2284 3645 2345; x_wconf 88' lang='lat' dir='ltr'>dis·</span> 
     </span>
     <span class='ocr_line' id='line_1_65' title="bbox 2056 2377 3641 2458; baseline -0.002 -19"><span class='ocrx_word' id='word_1_512' title='bbox 2056 2379 2323 2450; x_wconf 85' lang='lat' dir='ltr'>sentiat;</span> <span class='ocrx_word' id='word_1_513' title='bbox 2372 2379 2423 2439; x_wconf 89' lang='lat' dir='ltr'>si</span> <span class='ocrx_word' id='word_1_514' title='bbox 2453 2397 2603 2458; x_wconf 84' lang='lat' dir='ltr'>ergo</span> <span class='ocrx_word' id='word_1_515' title='bbox 2645 2379 2999 2439; x_wconf 88' lang='lat' dir='ltr'>necessario</span> <span class='ocrx_word' id='word_1_516' title='bbox 3042 2377 3345 2438; x_wconf 84' lang='lat' dir='ltr'>consentit</span> <span class='ocrx_word' id='word_1_517' title='bbox 3386 2395 3465 2438; x_wconf 82' lang='lat' dir='ltr'>ex</span> <span class='ocrx_word' id='word_1_518' title='bbox 3522 2377 3641 2437; x_wconf 86' lang='lat' dir='ltr'>tali</span> 
     </span>
     <span class='ocr_line' id='line_1_66' title="bbox 2055 2467 3644 2550; baseline -0.001 -18"><span class='ocrx_word' id='word_1_519' title='bbox 2055 2471 2504 2550; x_wconf 88' lang='lat' dir='ltr'>suppositione,</span> <span class='ocrx_word' id='word_1_520' title='bbox 2554 2489 2683 2532; x_wconf 91' lang='lat' dir='ltr'>non</span> <span class='ocrx_word' id='word_1_521' title='bbox 2728 2471 2917 2533; x_wconf 87' lang='lat' dir='ltr'>hahet</span> <span class='ocrx_word' id='word_1_522' title='bbox 2966 2471 3309 2550; x_wconf 88' lang='lat' dir='ltr'>potentiam</span> <span class='ocrx_word' id='word_1_523' title='bbox 3348 2467 3427 2528; x_wconf 85' lang='lat' dir='ltr'>ad</span> <span class='ocrx_word' id='word_1_524' title='bbox 3474 2489 3644 2530; x_wconf 85' lang='lat' dir='ltr'>eon-</span> 
     </span>
    </p>
   </div>
   <div class='ocr_carea' id='block_1_5' title="bbox 2046 2563 3639 2645">
    <p class='ocr_par' dir='ltr' id='par_1_6' title="bbox 2046 2563 3639 2645">
     <span class='ocr_line' id='line_1_67' title="bbox 2046 2563 3639 2645; baseline -0.001 -21"><span class='ocrx_word' id='word_1_525' title='bbox 2046 2565 2445 2645; x_wconf 83' lang='lat' dir='ltr'>jungendum</span> <span class='ocrx_word' id='word_1_526' title='bbox 2474 2564 2828 2626; x_wconf 86' lang='lat' dir='ltr'>dissensum</span> <span class='ocrx_word' id='word_1_527' title='bbox 2853 2583 2996 2625; x_wconf 90' lang='lat' dir='ltr'>cum</span> <span class='ocrx_word' id='word_1_528' title='bbox 3016 2565 3123 2624; x_wconf 89' lang='lat' dir='ltr'>tali</span> <span class='ocrx_word' id='word_1_529' title='bbox 3152 2563 3639 2643; x_wconf 85' lang='lat' dir='ltr'>suppositione3</span> 
     </span>
    </p>
   </div>
   <div class='ocr_carea' id='block_1_6' title="bbox 2042 2656 3643 5639">
    <p class='ocr_par' dir='ltr' id='par_1_7' title="bbox 2046 2656 3643 4313">
     <span class='ocr_line' id='line_1_68' title="bbox 2054 2656 3639 2737; baseline -0.002 -19"><span class='ocrx_word' id='word_1_530' title='bbox 2054 2658 2225 2736; x_wconf 89' lang='lat' dir='ltr'>quod</span> <span class='ocrx_word' id='word_1_531' title='bbox 2244 2657 2491 2737; x_wconf 89' lang='lat' dir='ltr'>proprie</span> <span class='ocrx_word' id='word_1_532' title='bbox 2511 2659 2780 2736; x_wconf 87' lang='lat' dir='ltr'>pertinet</span> <span class='ocrx_word' id='word_1_533' title='bbox 2801 2657 2883 2717; x_wconf 90' lang='lat' dir='ltr'>ad</span> <span class='ocrx_word' id='word_1_534' title='bbox 2910 2675 3163 2718; x_wconf 91' lang='lat' dir='ltr'>sensum</span> <span class='ocrx_word' id='word_1_535' title='bbox 3178 2656 3639 2734; x_wconf 86' lang='lat' dir='ltr'>compositum.</span> 
     </span>
     <span class='ocr_line' id='line_1_69' title="bbox 2052 2751 3643 2828; baseline -0.002 -15"><span class='ocrx_word' id='word_1_536' title='bbox 2052 2754 2209 2814; x_wconf 87' lang='lat' dir='ltr'>Item</span> <span class='ocrx_word' id='word_1_537' title='bbox 2248 2751 2506 2813; x_wconf 84' lang='lat' dir='ltr'>inferior</span> <span class='ocrx_word' id='word_1_538' title='bbox 2534 2753 2627 2811; x_wconf 84' lang='lat' dir='ltr'>vis</span> <span class='ocrx_word' id='word_1_539' title='bbox 2656 2770 2783 2812; x_wconf 92' lang='lat' dir='ltr'>non</span> <span class='ocrx_word' id='word_1_540' title='bbox 2824 2751 3023 2812; x_wconf 89' lang='lat' dir='ltr'>solum</span> <span class='ocrx_word' id='word_1_541' title='bbox 3068 2767 3389 2828; x_wconf 89' lang='lat' dir='ltr'>nunquam</span> <span class='ocrx_word' id='word_1_542' title='bbox 3424 2751 3643 2810; x_wconf 73' lang='lat' dir='ltr'>vineit</span> 
     </span>
     <span class='ocr_line' id='line_1_70' title="bbox 2054 2844 3641 2926; baseline -0.004 -18"><span class='ocrx_word' id='word_1_543' title='bbox 2054 2847 2467 2926; x_wconf 89' lang='lat' dir='ltr'>superiorem,</span> <span class='ocrx_word' id='word_1_544' title='bbox 2500 2844 2612 2906; x_wconf 85' lang='lat' dir='ltr'>sed</span> <span class='ocrx_word' id='word_1_545' title='bbox 2631 2863 2840 2925; x_wconf 90' lang='lat' dir='ltr'>neque</span> <span class='ocrx_word' id='word_1_546' title='bbox 2858 2863 3104 2906; x_wconf 75' lang='lat' dir='ltr'>vincere</span> <span class='ocrx_word' id='word_1_547' title='bbox 3133 2849 3335 2924; x_wconf 88' lang='lat' dir='ltr'>potest</span> <span class='ocrx_word' id='word_1_548' title='bbox 3362 2850 3475 2903; x_wconf 83' lang='lat' dir='ltr'>aut</span> <span class='ocrx_word' id='word_1_549' title='bbox 3510 2844 3641 2903; x_wconf 86' lang='lat' dir='ltr'>im-</span> 
     </span>
     <span class='ocr_line' id='line_1_71' title="bbox 2054 2935 3639 3020; baseline -0.003 -19"><span class='ocrx_word' id='word_1_550' title='bbox 2054 2935 2269 3020; x_wconf 89' lang='lat' dir='ltr'>pedire</span> <span class='ocrx_word' id='word_1_551' title='bbox 2294 2959 2308 3014; x_wconf 87' lang='lat'>;</span> <span class='ocrx_word' id='word_1_552' title='bbox 2338 2940 2449 3002; x_wconf 88' lang='lat' dir='ltr'>sed</span> <span class='ocrx_word' id='word_1_553' title='bbox 2470 2940 2571 3000; x_wconf 91' lang='lat' dir='ltr'>illa</span> <span class='ocrx_word' id='word_1_554' title='bbox 2602 2940 2801 3019; x_wconf 87' lang='lat' dir='ltr'>gratia</span> <span class='ocrx_word' id='word_1_555' title='bbox 2828 2939 3045 3000; x_wconf 87' lang='lat' dir='ltr'>efficax</span> <span class='ocrx_word' id='word_1_556' title='bbox 3061 2938 3283 3000; x_wconf 86' lang='lat' dir='ltr'>dicitur</span> <span class='ocrx_word' id='word_1_557' title='bbox 3298 2955 3373 2998; x_wconf 87' lang='lat' dir='ltr'>ex</span> <span class='ocrx_word' id='word_1_558' title='bbox 3396 2955 3467 2996; x_wconf 89' lang='lat' dir='ltr'>se</span> <span class='ocrx_word' id='word_1_559' title='bbox 3490 2941 3639 2997; x_wconf 84' lang='lat' dir='ltr'>tam</span> 
     </span>
     <span class='ocr_line' id='line_1_72' title="bbox 2054 3031 3632 3114; baseline -0.003 -19"><span class='ocrx_word' id='word_1_560' title='bbox 2054 3041 2298 3114; x_wconf 87' lang='lat' dir='ltr'>potens,</span> <span class='ocrx_word' id='word_1_561' title='bbox 2330 3039 2399 3094; x_wconf 91' lang='lat' dir='ltr'>ut</span> <span class='ocrx_word' id='word_1_562' title='bbox 2424 3033 2779 3094; x_wconf 82' lang='lat' dir='ltr'>necessario</span> <span class='ocrx_word' id='word_1_563' title='bbox 2820 3031 3075 3092; x_wconf 89' lang='lat' dir='ltr'>inducat</span> <span class='ocrx_word' id='word_1_564' title='bbox 3120 3049 3302 3090; x_wconf 90' lang='lat' dir='ltr'>suum</span> <span class='ocrx_word' id='word_1_565' title='bbox 3344 3035 3577 3091; x_wconf 89' lang='lat' dir='ltr'>actum</span> <span class='ocrx_word' id='word_1_566' title='bbox 3616 3053 3632 3103; x_wconf 84' lang='lat'>;</span> 
     </span>
     <span class='ocr_line' id='line_1_73' title="bbox 2052 3126 3639 3207; baseline -0.001 -17"><span class='ocrx_word' id='word_1_567' title='bbox 2052 3148 2203 3207; x_wconf 86' lang='lat' dir='ltr'>ergo</span> <span class='ocrx_word' id='word_1_568' title='bbox 2227 3128 2514 3189; x_wconf 84' lang='lat' dir='ltr'>voluntas</span> <span class='ocrx_word' id='word_1_569' title='bbox 2545 3135 2755 3189; x_wconf 88' lang='lat' dir='ltr'>creata</span> <span class='ocrx_word' id='word_1_570' title='bbox 2783 3146 2907 3188; x_wconf 91' lang='lat' dir='ltr'>non</span> <span class='ocrx_word' id='word_1_571' title='bbox 2939 3126 3139 3187; x_wconf 91' lang='lat' dir='ltr'>solum</span> <span class='ocrx_word' id='word_1_572' title='bbox 3156 3144 3285 3186; x_wconf 89' lang='lat' dir='ltr'>non</span> <span class='ocrx_word' id='word_1_573' title='bbox 3313 3126 3639 3204; x_wconf 81' lang='lat' dir='ltr'>impediet</span> 
     </span>
     <span class='ocr_line' id='line_1_74' title="bbox 2049 3218 3633 3300; baseline 0 -19"><span class='ocrx_word' id='word_1_574' title='bbox 2049 3222 2246 3294; x_wconf 88' lang='lat' dir='ltr'>illam,</span> <span class='ocrx_word' id='word_1_575' title='bbox 2276 3222 2389 3283; x_wconf 87' lang='lat' dir='ltr'>sed</span> <span class='ocrx_word' id='word_1_576' title='bbox 2433 3238 2641 3300; x_wconf 90' lang='lat' dir='ltr'>neque</span> <span class='ocrx_word' id='word_1_577' title='bbox 2672 3220 2975 3299; x_wconf 89' lang='lat' dir='ltr'>impedire</span> <span class='ocrx_word' id='word_1_578' title='bbox 3020 3223 3243 3299; x_wconf 90' lang='lat' dir='ltr'>potest.</span> <span class='ocrx_word' id='word_1_579' title='bbox 3278 3218 3387 3278; x_wconf 87' lang='lat' dir='ltr'>Vel</span> <span class='ocrx_word' id='word_1_580' title='bbox 3414 3226 3633 3286; x_wconf 79' lang='lat' dir='ltr'>certe.</span> 
     </span>
     <span class='ocr_line' id='line_1_75' title="bbox 2052 3312 3634 3394; baseline -0.002 -18"><span class='ocrx_word' id='word_1_581' title='bbox 2052 3314 2103 3376; x_wconf 90' lang='lat' dir='ltr'>si</span> <span class='ocrx_word' id='word_1_582' title='bbox 2158 3320 2385 3394; x_wconf 85' lang='lat' dir='ltr'>potest,</span> <span class='ocrx_word' id='word_1_583' title='bbox 2417 3332 2544 3375; x_wconf 88' lang='lat' dir='ltr'>non</span> <span class='ocrx_word' id='word_1_584' title='bbox 2591 3318 2686 3373; x_wconf 88' lang='lat' dir='ltr'>est</span> <span class='ocrx_word' id='word_1_585' title='bbox 2714 3312 2883 3373; x_wconf 87' lang='lat' dir='ltr'>unde</span> <span class='ocrx_word' id='word_1_586' title='bbox 2936 3313 3013 3373; x_wconf 86' lang='lat' dir='ltr'>sit</span> <span class='ocrx_word' id='word_1_587' title='bbox 3066 3312 3385 3372; x_wconf 81' lang='lat' dir='ltr'>infallibile</span> <span class='ocrx_word' id='word_1_588' title='bbox 3428 3330 3519 3373; x_wconf 87' lang='lat' dir='ltr'>ex</span> <span class='ocrx_word' id='word_1_589' title='bbox 3572 3315 3634 3373; x_wconf 75' lang='lat' dir='ltr'>vi</span> 
     </span>
     <span class='ocr_line' id='line_1_76' title="bbox 2050 3404 3639 3486; baseline -0.002 -17"><span class='ocrx_word' id='word_1_590' title='bbox 2050 3426 2407 3481; x_wconf 88' lang='lat' dir='ltr'>causarum,</span> <span class='ocrx_word' id='word_1_591' title='bbox 2443 3406 2613 3486; x_wconf 88' lang='lat' dir='ltr'>quod</span> <span class='ocrx_word' id='word_1_592' title='bbox 2648 3424 2977 3486; x_wconf 88' lang='lat' dir='ltr'>nunquam</span> <span class='ocrx_word' id='word_1_593' title='bbox 3017 3404 3335 3484; x_wconf 88' lang='lat' dir='ltr'>impediet.</span> <span class='ocrx_word' id='word_1_594' title='bbox 3368 3406 3481 3466; x_wconf 85' lang='lat' dir='ltr'>Est</span> <span class='ocrx_word' id='word_1_595' title='bbox 3516 3406 3639 3467; x_wconf 88' lang='lat' dir='ltr'>de-</span> 
     </span>
     <span class='ocr_line' id='line_1_77' title="bbox 2048 3497 3639 3581; baseline -0.003 -18"><span class='ocrx_word' id='word_1_596' title='bbox 2048 3503 2239 3581; x_wconf 90' lang='lat' dir='ltr'>nique</span> <span class='ocrx_word' id='word_1_597' title='bbox 2276 3502 2397 3563; x_wconf 90' lang='lat' dir='ltr'>hoc</span> <span class='ocrx_word' id='word_1_598' title='bbox 2429 3506 2643 3562; x_wconf 90' lang='lat' dir='ltr'>contra</span> <span class='ocrx_word' id='word_1_599' title='bbox 2670 3506 2949 3561; x_wconf 87' lang='lat' dir='ltr'>mentem</span> <span class='ocrx_word' id='word_1_600' title='bbox 2974 3497 3225 3559; x_wconf 89' lang='lat' dir='ltr'>Concilii</span> <span class='ocrx_word' id='word_1_601' title='bbox 3252 3518 3267 3569; x_wconf 80' lang='grc' dir='ltr'>ς</span> <span class='ocrx_word' id='word_1_602' title='bbox 3320 3516 3499 3569; x_wconf 87' lang='lat' dir='ltr'>nam,</span> <span class='ocrx_word' id='word_1_603' title='bbox 3551 3500 3639 3559; x_wconf 84' lang='lat' dir='ltr'>si·</span> 
     </span>
     <span class='ocr_line' id='line_1_78' title="bbox 2050 3590 3633 3675; baseline -0.004 -17"><span class='ocrx_word' id='word_1_604' title='bbox 2050 3601 2156 3658; x_wconf 87' lang='lat' dir='ltr'>cut</span> <span class='ocrx_word' id='word_1_605' title='bbox 2182 3614 2369 3675; x_wconf 90' lang='lat' dir='ltr'>supra</span> <span class='ocrx_word' id='word_1_606' title='bbox 2400 3595 2684 3656; x_wconf 86' lang='lat' dir='ltr'>dicebam</span> <span class='ocrx_word' id='word_1_607' title='bbox 2714 3594 2793 3655; x_wconf 90' lang='lat' dir='ltr'>de</span> <span class='ocrx_word' id='word_1_608' title='bbox 2815 3597 3123 3673; x_wconf 88' lang='lat' dir='ltr'>potestate</span> <span class='ocrx_word' id='word_1_609' title='bbox 3156 3590 3633 3665; x_wconf 84' lang='lat' dir='ltr'>consentiendi,</span> 
     </span>
     <span class='ocr_line' id='line_1_79' title="bbox 2048 3684 3637 3767; baseline -0.004 -15"><span class='ocrx_word' id='word_1_610' title='bbox 2048 3691 2135 3752; x_wconf 90' lang='lat' dir='ltr'>ita</span> <span class='ocrx_word' id='word_1_611' title='bbox 2166 3691 2267 3750; x_wconf 91' lang='lat' dir='ltr'>hic</span> <span class='ocrx_word' id='word_1_612' title='bbox 2308 3689 2494 3767; x_wconf 89' lang='lat' dir='ltr'>plane</span> <span class='ocrx_word' id='word_1_613' title='bbox 2533 3684 2871 3749; x_wconf 87' lang='lat' dir='ltr'>dicendum</span> <span class='ocrx_word' id='word_1_614' title='bbox 2904 3691 2997 3747; x_wconf 90' lang='lat' dir='ltr'>est</span> <span class='ocrx_word' id='word_1_615' title='bbox 3024 3685 3103 3745; x_wconf 90' lang='lat' dir='ltr'>de</span> <span class='ocrx_word' id='word_1_616' title='bbox 3134 3688 3439 3765; x_wconf 87' lang='lat' dir='ltr'>potestate</span> <span class='ocrx_word' id='word_1_617' title='bbox 3492 3684 3637 3745; x_wconf 82' lang='lat' dir='ltr'>dis-</span> 
     </span>
     <span class='ocr_line' id='line_1_80' title="bbox 2046 3778 3637 3858; baseline -0.004 -12"><span class='ocrx_word' id='word_1_618' title='bbox 2046 3782 2379 3854; x_wconf 88' lang='lat' dir='ltr'>sentiendi,</span> <span class='ocrx_word' id='word_1_619' title='bbox 2413 3781 2730 3853; x_wconf 86' lang='lat' dir='ltr'>nimirum,</span> <span class='ocrx_word' id='word_1_620' title='bbox 2766 3799 2892 3841; x_wconf 90' lang='lat' dir='ltr'>non</span> <span class='ocrx_word' id='word_1_621' title='bbox 2940 3778 3109 3858; x_wconf 87' lang='lat' dir='ltr'>loqui</span> <span class='ocrx_word' id='word_1_622' title='bbox 3144 3778 3489 3839; x_wconf 90' lang='lat' dir='ltr'>Concilium</span> <span class='ocrx_word' id='word_1_623' title='bbox 3546 3778 3637 3839; x_wconf 89' lang='lat' dir='ltr'>de</span> 
     </span>
     <span class='ocr_line' id='line_1_81' title="bbox 2046 3871 3635 3959; baseline -0.002 -21"><span class='ocrx_word' id='word_1_624' title='bbox 2046 3882 2351 3959; x_wconf 86' lang='lat' dir='ltr'>potestate</span> <span class='ocrx_word' id='word_1_625' title='bbox 2376 3872 2941 3954; x_wconf 79' lang='lat' dir='ltr'>metaphysica‚vel</span> <span class='ocrx_word' id='word_1_626' title='bbox 2969 3889 3109 3952; x_wconf 84' lang='lat' dir='ltr'>quae</span> <span class='ocrx_word' id='word_1_627' title='bbox 3132 3872 3210 3933; x_wconf 88' lang='lat' dir='ltr'>sit</span> <span class='ocrx_word' id='word_1_628' title='bbox 3236 3871 3315 3932; x_wconf 90' lang='lat' dir='ltr'>de</span> <span class='ocrx_word' id='word_1_629' title='bbox 3352 3872 3635 3935; x_wconf 82' lang='lat' dir='ltr'>nomine</span> 
     </span>
     <span class='ocr_line' id='line_1_82' title="bbox 2046 3964 3633 4046; baseline -0.003 -16"><span class='ocrx_word' id='word_1_630' title='bbox 2046 3976 2313 4041; x_wconf 87' lang='lat' dir='ltr'>tantum,</span> <span class='ocrx_word' id='word_1_631' title='bbox 2364 3967 2477 4028; x_wconf 90' lang='lat' dir='ltr'>sed</span> <span class='ocrx_word' id='word_1_632' title='bbox 2516 3968 2593 4027; x_wconf 91' lang='lat' dir='ltr'>de</span> <span class='ocrx_word' id='word_1_633' title='bbox 2638 3966 2919 4046; x_wconf 90' lang='lat' dir='ltr'>potentia</span> <span class='ocrx_word' id='word_1_634' title='bbox 2956 3964 3201 4037; x_wconf 87' lang='lat' dir='ltr'>morali,</span> <span class='ocrx_word' id='word_1_635' title='bbox 3244 3968 3309 4024; x_wconf 89' lang='lat' dir='ltr'>et</span> <span class='ocrx_word' id='word_1_636' title='bbox 3354 3980 3505 4041; x_wconf 78' lang='lat' dir='ltr'>quae</span> <span class='ocrx_word' id='word_1_637' title='bbox 3560 3966 3633 4025; x_wconf 88' lang='lat' dir='ltr'>in</span> 
     </span>
     <span class='ocr_line' id='line_1_83' title="bbox 2046 4056 3635 4143; baseline -0.004 -18"><span class='ocrx_word' id='word_1_638' title='bbox 2046 4083 2115 4127; x_wconf 89' lang='lat' dir='ltr'>re</span> <span class='ocrx_word' id='word_1_639' title='bbox 2141 4065 2275 4143; x_wconf 88' lang='lat' dir='ltr'>ipsa</span> <span class='ocrx_word' id='word_1_640' title='bbox 2300 4078 2447 4122; x_wconf 77' lang='lat' dir='ltr'>vere</span> <span class='ocrx_word' id='word_1_641' title='bbox 2476 4060 2795 4135; x_wconf 82' lang='lat' dir='ltr'>subsistat,</span> <span class='ocrx_word' id='word_1_642' title='bbox 2820 4060 2904 4121; x_wconf 85' lang='lat' dir='ltr'>ita</span> <span class='ocrx_word' id='word_1_643' title='bbox 2936 4066 3007 4120; x_wconf 90' lang='lat' dir='ltr'>ut</span> <span class='ocrx_word' id='word_1_644' title='bbox 3033 4056 3367 4137; x_wconf 87' lang='lat' dir='ltr'>aliquando</span> <span class='ocrx_word' id='word_1_645' title='bbox 3416 4059 3635 4137; x_wconf 86' lang='lat' dir='ltr'>possit</span> 
     </span>
     <span class='ocr_line' id='line_1_84' title="bbox 2046 4150 3630 4232; baseline -0.004 -13"><span class='ocrx_word' id='word_1_646' title='bbox 2046 4160 2111 4219; x_wconf 90' lang='lat' dir='ltr'>in</span> <span class='ocrx_word' id='word_1_647' title='bbox 2140 4162 2349 4217; x_wconf 87' lang='lat' dir='ltr'>actum</span> <span class='ocrx_word' id='word_1_648' title='bbox 2377 4153 2629 4225; x_wconf 88' lang='lat' dir='ltr'>reduci;</span> <span class='ocrx_word' id='word_1_649' title='bbox 2656 4152 2891 4232; x_wconf 86' lang='lat' dir='ltr'>alioqui</span> <span class='ocrx_word' id='word_1_650' title='bbox 2918 4152 2988 4213; x_wconf 84' lang='lat' dir='ltr'>fit</span> <span class='ocrx_word' id='word_1_651' title='bbox 3012 4150 3275 4213; x_wconf 88' lang='lat' dir='ltr'>ridicula</span> <span class='ocrx_word' id='word_1_652' title='bbox 3308 4151 3630 4215; x_wconf 80' lang='lat' dir='ltr'>haereticis</span> 
     </span>
     <span class='ocr_line' id='line_1_85' title="bbox 2048 4246 2647 4313; baseline -0.013 0"><span class='ocrx_word' id='word_1_653' title='bbox 2048 4250 2331 4313; x_wconf 86' lang='lat' dir='ltr'>doctrina</span> <span class='ocrx_word' id='word_1_654' title='bbox 2372 4246 2647 4309; x_wconf 90' lang='lat' dir='ltr'>Concilii.</span> 
     </span>
    </p>

    <p class='ocr_par' dir='ltr' id='par_1_8' title="bbox 2042 4335 3630 5639">
     <span class='ocr_line' id='line_1_86' title="bbox 2124 4335 3627 4405; baseline -0.003 -2"><span class='ocrx_word' id='word_1_655' title='bbox 2124 4346 2184 4403; x_wconf 74' lang='grc'>4.</span> <span class='ocrx_word' id='word_1_656' title='bbox 2228 4340 2647 4405; x_wconf 60' lang='lat' dir='ltr'>Pru-cluditur</span> <span class='ocrx_word' id='word_1_657' title='bbox 2672 4356 2828 4402; x_wconf 76' lang='lat' dir='ltr'>nova</span> <span class='ocrx_word' id='word_1_658' title='bbox 2852 4338 3070 4403; x_wconf 73' lang='lat' dir='ltr'>evasio.</span> <span class='ocrx_word' id='word_1_659' title='bbox 3114 4369 3197 4385; x_wconf 91' lang='lat'>—-</span> <span class='ocrx_word' id='word_1_660' title='bbox 3238 4338 3317 4399; x_wconf 74' lang='lat' dir='ltr'>At</span> <span class='ocrx_word' id='word_1_661' title='bbox 3342 4335 3627 4399; x_wconf 76' lang='lat' dir='ltr'>fortasse</span> 
     </span>
     <span class='ocr_line' id='line_1_87' title="bbox 2046 4430 3630 4511; baseline -0.006 -12"><span class='ocrx_word' id='word_1_662' title='bbox 2046 4438 2254 4499; x_wconf 89' lang='lat' dir='ltr'>dicent</span> <span class='ocrx_word' id='word_1_663' title='bbox 2300 4432 2645 4511; x_wconf 86' lang='lat' dir='ltr'>potentiam</span> <span class='ocrx_word' id='word_1_664' title='bbox 2696 4431 2953 4511; x_wconf 78' lang='lat' dir='ltr'>physice</span> <span class='ocrx_word' id='word_1_665' title='bbox 3000 4430 3481 4493; x_wconf 85' lang='lat' dir='ltr'>determinatam</span> <span class='ocrx_word' id='word_1_666' title='bbox 3540 4430 3630 4491; x_wconf 89' lang='lat' dir='ltr'>ad</span> 
     </span>
     <span class='ocr_line' id='line_1_88' title="bbox 2046 4522 3627 4603; baseline -0.006 -10"><span class='ocrx_word' id='word_1_667' title='bbox 2046 4525 2594 4599; x_wconf 87' lang='lat' dir='ltr'>consentiendum,</span> <span class='ocrx_word' id='word_1_668' title='bbox 2646 4524 2787 4586; x_wconf 85' lang='lat' dir='ltr'>ideo</span> <span class='ocrx_word' id='word_1_669' title='bbox 2829 4542 3015 4603; x_wconf 86' lang='lat' dir='ltr'>posse</span> <span class='ocrx_word' id='word_1_670' title='bbox 3060 4522 3415 4595; x_wconf 86' lang='lat' dir='ltr'>dissentire,</span> <span class='ocrx_word' id='word_1_671' title='bbox 3464 4524 3627 4602; x_wconf 83' lang='lat' dir='ltr'>quia</span> 
     </span>
     <span class='ocr_line' id='line_1_89' title="bbox 2044 4616 3621 4705; baseline -0.008 -18"><span class='ocrx_word' id='word_1_672' title='bbox 2044 4630 2251 4705; x_wconf 89' lang='lat' dir='ltr'>potest</span> <span class='ocrx_word' id='word_1_673' title='bbox 2271 4639 2487 4683; x_wconf 82' lang='lat' dir='ltr'>carere</span> <span class='ocrx_word' id='word_1_674' title='bbox 2512 4619 2883 4681; x_wconf 87' lang='lat' dir='ltr'>excitatione</span> <span class='ocrx_word' id='word_1_675' title='bbox 2904 4617 3361 4679; x_wconf 88' lang='lat' dir='ltr'>determinante</span> <span class='ocrx_word' id='word_1_676' title='bbox 3384 4616 3621 4695; x_wconf 86' lang='lat' dir='ltr'>ipsam,</span> 
     </span>
     <span class='ocr_line' id='line_1_90' title="bbox 2047 4710 3625 4788; baseline -0.007 -7"><span class='ocrx_word' id='word_1_677' title='bbox 2047 4726 2110 4780; x_wconf 87' lang='lat' dir='ltr'>et</span> <span class='ocrx_word' id='word_1_678' title='bbox 2150 4724 2298 4780; x_wconf 90' lang='lat' dir='ltr'>tunc</span> <span class='ocrx_word' id='word_1_679' title='bbox 2334 4733 2463 4775; x_wconf 89' lang='lat' dir='ltr'>non</span> <span class='ocrx_word' id='word_1_680' title='bbox 2505 4714 2893 4787; x_wconf 81' lang='lat' dir='ltr'>consentiet3</span> <span class='ocrx_word' id='word_1_681' title='bbox 2942 4712 3025 4772; x_wconf 91' lang='lat' dir='ltr'>ita</span> <span class='ocrx_word' id='word_1_682' title='bbox 3060 4712 3226 4772; x_wconf 90' lang='lat' dir='ltr'>enim</span> <span class='ocrx_word' id='word_1_683' title='bbox 3266 4712 3331 4772; x_wconf 88' lang='lat' dir='ltr'>in</span> <span class='ocrx_word' id='word_1_684' title='bbox 3370 4728 3440 4771; x_wconf 89' lang='lat' dir='ltr'>re</span> <span class='ocrx_word' id='word_1_685' title='bbox 3476 4710 3625 4788; x_wconf 86' lang='lat' dir='ltr'>ipsa</span> 
     </span>
     <span class='ocr_line' id='line_1_91' title="bbox 2044 4804 3623 4891; baseline -0.006 -17"><span class='ocrx_word' id='word_1_686' title='bbox 2044 4808 2451 4891; x_wconf 87' lang='lat' dir='ltr'>respondent,</span> <span class='ocrx_word' id='word_1_687' title='bbox 2484 4808 2589 4886; x_wconf 87' lang='lat' dir='ltr'>qui</span> <span class='ocrx_word' id='word_1_688' title='bbox 2616 4807 2813 4880; x_wconf 86' lang='lat' dir='ltr'>aiunt,</span> <span class='ocrx_word' id='word_1_689' title='bbox 2844 4824 3041 4885; x_wconf 88' lang='lat' dir='ltr'>quum</span> <span class='ocrx_word' id='word_1_690' title='bbox 3060 4804 3405 4867; x_wconf 86' lang='lat' dir='ltr'>Concilium</span> <span class='ocrx_word' id='word_1_691' title='bbox 3430 4804 3623 4865; x_wconf 87' lang='lat' dir='ltr'>docet</span> 
     </span>
     <span class='ocr_line' id='line_1_92' title="bbox 2044 4898 3619 4985; baseline -0.005 -20"><span class='ocrx_word' id='word_1_692' title='bbox 2044 4922 2229 4985; x_wconf 88' lang='lat' dir='ltr'>posse</span> <span class='ocrx_word' id='word_1_693' title='bbox 2258 4900 2611 4974; x_wconf 87' lang='lat' dir='ltr'>dissentire,</span> <span class='ocrx_word' id='word_1_694' title='bbox 2650 4898 3129 4978; x_wconf 86' lang='lat' dir='ltr'>intelligendum</span> <span class='ocrx_word' id='word_1_695' title='bbox 3156 4916 3295 4961; x_wconf 87' lang='lat' dir='ltr'>esse</span> <span class='ocrx_word' id='word_1_696' title='bbox 3326 4898 3392 4959; x_wconf 91' lang='lat' dir='ltr'>in</span> <span class='ocrx_word' id='word_1_697' title='bbox 3418 4914 3619 4959; x_wconf 88' lang='lat' dir='ltr'>sensu</span> 
     </span>
     <span class='ocr_line' id='line_1_93' title="bbox 2042 4992 3617 5073; baseline -0.006 -13"><span class='ocrx_word' id='word_1_698' title='bbox 2042 4998 2238 5060; x_wconf 88' lang='lat' dir='ltr'>diviso</span> <span class='ocrx_word' id='word_1_699' title='bbox 2264 5016 2279 5069; x_wconf 86' lang='lat'><strong>;</strong></span> <span class='ocrx_word' id='word_1_700' title='bbox 2335 4994 2531 5067; x_wconf 88' lang='lat' dir='ltr'>sicut,</span> <span class='ocrx_word' id='word_1_701' title='bbox 2586 5011 2785 5073; x_wconf 90' lang='lat' dir='ltr'>quum</span> <span class='ocrx_word' id='word_1_702' title='bbox 2832 4992 3099 5054; x_wconf 89' lang='lat' dir='ltr'>dicimus</span> <span class='ocrx_word' id='word_1_703' title='bbox 3146 4992 3361 5053; x_wconf 89' lang='lat' dir='ltr'>album</span> <span class='ocrx_word' id='word_1_704' title='bbox 3424 5008 3617 5071; x_wconf 88' lang='lat' dir='ltr'>posse</span> 
     </span>
     <span class='ocr_line' id='line_1_94' title="bbox 2044 5086 3619 5171; baseline -0.006 -17"><span class='ocrx_word' id='word_1_705' title='bbox 2044 5109 2181 5154; x_wconf 88' lang='lat' dir='ltr'>esse</span> <span class='ocrx_word' id='word_1_706' title='bbox 2208 5090 2463 5171; x_wconf 78' lang='lat' dir='ltr'>nigrum</span> <span class='ocrx_word' id='word_1_707' title='bbox 2492 5088 2556 5149; x_wconf 91' lang='lat' dir='ltr'>in</span> <span class='ocrx_word' id='word_1_708' title='bbox 2586 5106 2777 5149; x_wconf 89' lang='lat' dir='ltr'>sensu</span> <span class='ocrx_word' id='word_1_709' title='bbox 2801 5086 3022 5159; x_wconf 85' lang='lat' dir='ltr'>diviso,</span> <span class='ocrx_word' id='word_1_710' title='bbox 3067 5086 3221 5147; x_wconf 88' lang='lat' dir='ltr'>nihil</span> <span class='ocrx_word' id='word_1_711' title='bbox 3260 5086 3434 5147; x_wconf 90' lang='lat' dir='ltr'>aliud</span> <span class='ocrx_word' id='word_1_712' title='bbox 3460 5086 3619 5147; x_wconf 88' lang='lat' dir='ltr'>dici-</span> 
     </span>
     <span class='ocr_line' id='line_1_95' title="bbox 2042 5179 3619 5263; baseline -0.003 -18"><span class='ocrx_word' id='word_1_713' title='bbox 2042 5202 2183 5245; x_wconf 90' lang='lat' dir='ltr'>mus</span> <span class='ocrx_word' id='word_1_714' title='bbox 2212 5202 2403 5263; x_wconf 87' lang='lat' dir='ltr'>quam</span> <span class='ocrx_word' id='word_1_715' title='bbox 2434 5181 2785 5260; x_wconf 85' lang='lat' dir='ltr'>subjectum</span> <span class='ocrx_word' id='word_1_716' title='bbox 2812 5180 2965 5241; x_wconf 90' lang='lat' dir='ltr'>illud</span> <span class='ocrx_word' id='word_1_717' title='bbox 2986 5198 3173 5260; x_wconf 90' lang='lat' dir='ltr'>posse</span> <span class='ocrx_word' id='word_1_718' title='bbox 3204 5198 3421 5241; x_wconf 88' lang='lat' dir='ltr'>carere</span> <span class='ocrx_word' id='word_1_719' title='bbox 3446 5179 3619 5240; x_wconf 81' lang='lat' dir='ltr'>alhe-</span> 
     </span>
     <span class='ocr_line' id='line_1_96' title="bbox 2047 5272 3617 5355; baseline -0.004 -16"><span class='ocrx_word' id='word_1_720' title='bbox 2047 5277 2214 5351; x_wconf 92' lang='lat' dir='ltr'>dine,</span> <span class='ocrx_word' id='word_1_721' title='bbox 2246 5282 2309 5338; x_wconf 89' lang='lat' dir='ltr'>et</span> <span class='ocrx_word' id='word_1_722' title='bbox 2335 5276 2423 5338; x_wconf 90' lang='lat' dir='ltr'>sic</span> <span class='ocrx_word' id='word_1_723' title='bbox 2445 5294 2629 5355; x_wconf 90' lang='lat' dir='ltr'>posse</span> <span class='ocrx_word' id='word_1_724' title='bbox 2659 5274 2939 5354; x_wconf 87' lang='lat' dir='ltr'>recipere</span> <span class='ocrx_word' id='word_1_725' title='bbox 2961 5272 3377 5354; x_wconf 83' lang='lat' dir='ltr'>nigredinem.</span> <span class='ocrx_word' id='word_1_726' title='bbox 3413 5272 3617 5345; x_wconf 89' lang='lat' dir='ltr'>Quam</span> 
     </span>
     <span class='ocr_line' id='line_1_97' title="bbox 2043 5365 3617 5448; baseline -0.003 -16"><span class='ocrx_word' id='word_1_727' title='bbox 2043 5389 2192 5433; x_wconf 84' lang='lat' dir='ltr'>vero</span> <span class='ocrx_word' id='word_1_728' title='bbox 2222 5371 2300 5431; x_wconf 87' lang='lat' dir='ltr'>sit</span> <span class='ocrx_word' id='word_1_729' title='bbox 2327 5370 2483 5431; x_wconf 79' lang='lat' dir='ltr'>falsa</span> <span class='ocrx_word' id='word_1_730' title='bbox 2511 5370 2649 5431; x_wconf 83' lang='lat' dir='ltr'>haec</span> <span class='ocrx_word' id='word_1_731' title='bbox 2677 5368 3004 5448; x_wconf 89' lang='lat' dir='ltr'>responsio</span> <span class='ocrx_word' id='word_1_732' title='bbox 3036 5415 3051 5442; x_wconf 92' lang='lat'>,</span> <span class='ocrx_word' id='word_1_733' title='bbox 3092 5386 3171 5429; x_wconf 89' lang='lat' dir='ltr'>ex</span> <span class='ocrx_word' id='word_1_734' title='bbox 3194 5368 3467 5446; x_wconf 87' lang='lat' dir='ltr'>ipsamet</span> <span class='ocrx_word' id='word_1_735' title='bbox 3496 5365 3617 5427; x_wconf 89' lang='lat' dir='ltr'>de·</span> 
     </span>
     <span class='ocr_line' id='line_1_98' title="bbox 2043 5461 3618 5542; baseline -0.004 -16"><span class='ocrx_word' id='word_1_736' title='bbox 2043 5464 2381 5526; x_wconf 86' lang='lat' dir='ltr'>claratione</span> <span class='ocrx_word' id='word_1_737' title='bbox 2412 5468 2675 5525; x_wconf 87' lang='lat' dir='ltr'>constat.</span> <span class='ocrx_word' id='word_1_738' title='bbox 2711 5462 2936 5536; x_wconf 89' lang='lat' dir='ltr'>Primo,</span> <span class='ocrx_word' id='word_1_739' title='bbox 2980 5463 3127 5542; x_wconf 83' lang='lat' dir='ltr'>quia</span> <span class='ocrx_word' id='word_1_740' title='bbox 3160 5461 3405 5523; x_wconf 80' lang='lat' dir='ltr'>videtur</span> <span class='ocrx_word' id='word_1_741' title='bbox 3430 5477 3618 5539; x_wconf 87' lang='lat' dir='ltr'>repu-</span> 
     </span>
     <span class='ocr_line' id='line_1_99' title="bbox 2044 5553 3619 5639; baseline -0.003 -20"><span class='ocrx_word' id='word_1_742' title='bbox 2044 5576 2237 5639; x_wconf 80' lang='lat' dir='ltr'>gnare</span> <span class='ocrx_word' id='word_1_743' title='bbox 2260 5558 2467 5620; x_wconf 75' lang='lat' dir='ltr'>verbis</span> <span class='ocrx_word' id='word_1_744' title='bbox 2488 5556 2743 5620; x_wconf 89' lang='lat' dir='ltr'>Concilii</span> <span class='ocrx_word' id='word_1_745' title='bbox 2764 5575 2781 5629; x_wconf 84' lang='lat'>;</span> <span class='ocrx_word' id='word_1_746' title='bbox 2804 5574 2955 5617; x_wconf 88' lang='lat' dir='ltr'>nam</span> <span class='ocrx_word' id='word_1_747' title='bbox 2977 5575 3105 5618; x_wconf 88' lang='lat' dir='ltr'>non</span> <span class='ocrx_word' id='word_1_748' title='bbox 3126 5556 3351 5619; x_wconf 89' lang='lat' dir='ltr'>dicitur</span> <span class='ocrx_word' id='word_1_749' title='bbox 3370 5553 3619 5616; x_wconf 84' lang='lat' dir='ltr'>dissen-</span> 
     </span>
    </p>
   </div>
  </div>
 </body>
</html>
