3850 6225
645 417 780 469 cat».
817 417 874 470 V:
915 417 1082 469 DEUM
1113 417 1362 472 HABERE
1393 416 1558 470 nme
1591 417 1920 472 semmam
1954 417 2504 476 connmuNAucn.
2536 417 2675 471 ETC.

84 521 456 602 quaestionem
503 519 820 597 quomodo
867 519 968 594 sit,
1019 521 1096 582 de
1162 539 1284 600 qua
1326 521 1608 582 dicemus

86 635 140 676 ca
147 633 202 694 p.
223 617 280 674 7.

151 713 202 770 5.
247 708 518 772 Secunda
541 709 722 770 ratio.
746 739 828 754 —
853 707 1156 769 Eamdem
1199 709 1455 770 omnino
1479 707 1608 768 vim

85 804 247 863 habet
273 803 422 862 ratic
452 819 588 880 quae
613 819 692 862 ex
735 802 968 862 efficaci
1011 803 1336 864 vocatione
1377 820 1489 862 seu
1529 819 1606 862 ex

83 894 447 974 praevenienti
483 894 712 954 anxilio
762 895 925 954 sumi
971 900 1209 973 potest3
1245 911 1394 955 nam
1435 894 1608 973 quod

85 989 148 1047 sit
191 987 384 1064 aliqua
433 986 640 1047 divina
679 987 922 1048 vocatio
962 989 1046 1048 ita
1094 988 1336 1060 efficax,
1371 993 1440 1049 ut
1470 1000 1607 1048 cer-

85 1089 191 1140 tum
227 1085 282 1140 et
301 1078 680 1140 infallibilem
703 1079 929 1142 babeat
957 1081 1268 1154 effectum,
1297 1087 1607 1158 quatenus

86 1193 147 1232 cx
169 1172 268 1232 Dei
295 1173 632 1233 intentione
655 1171 960 1250 procedit.
994 1174 1146 1234 satis
1171 1173 1237 1232 in
1277 1173 1614 1252 superiori-

86 1267 182 1324 hus
205 1271 510 1326 ostensum
545 1271 662 1336 est,
691 1271 822 1324 tam
859 1283 936 1326 ex
967 1265 1159 1326 modo
1187 1265 1490 1344 loquendi
1513 1283 1614 1325 sa·

87 1377 186 1418 cra*
233 1359 584 1438 Scripturae,
633 1375 824 1436 quam
875 1377 952 1420 ex
1003 1359 1285 1420 doctrina
1335 1360 1612 1430 Pati-um,

87 1451 390 1531 praesertim
419 1451 748 1531 Augustini
779 1457 840 1511 et
885 1451 1330 1531 Chrysostomi.
1359 1459 1448 1513 Ac
1498 1469 1614 1531 per

87 1565 140 1604 se
165 1545 298 1606 satis
320 1549 560 1605 certum
587 1550 850 1623 apparet
875 1545 1186 1622 pertinere
1220 1546 1492 1606 maxime
1529 1543 1612 1605 ad

86 1637 410 1697 suavitatem
439 1655 516 1698 ac
561 1636 904 1698 efficaciam
946 1636 1170 1698 divinoe
1211 1637 1502 1716 potentiae
1549 1641 1612 1698 et

84 1729 448 1808 providentioe
477 1729 994 1808 supernaturalis,
1025 1736 1094 1790 ut
1119 1731 1316 1809 possit
1353 1747 1478 1808 quo
1503 1747 1612 1790 ve·

85 1822 140 1882 lit
179 1822 350 1882 corda
389 1829 780 1894 convertere,
813 1828 876 1883 et
923 1822 1239 1899 quomodo
1277 1822 1464 1893 velit3
1509 1821 1608 1882 vel

85 1921 136 1974 ut
163 1915 338 1992 possit
381 1914 468 1974 ita
515 1914 776 1975 interius
821 1915 1114 1988 suadere,
1159 1921 1230 1975 ut
1275 1915 1612 1976 efficaciter

83 2007 458 2086 persuadeat:
513 2007 612 2067 vel
661 2007 934 2088 denique
975 2009 1174 2086 possit
1219 2009 1302 2068 ita
1347 2008 1610 2068 interius

84 2102 296 2172 docere,
325 2108 395 2161 ut
427 2118 557 2161 non
585 2101 786 2160 solum
815 2101 1008 2162 homo
1037 2101 1256 2172 discat,
1288 2101 1397 2160 sed
1419 2102 1610 2161 etiam

82 2193 344 2254 discendo
393 2193 632 2268 videat,
672 2192 946 2254 videndo
995 2197 1272 2272 appetat,
1317 2200 1376 2254 et
1421 2213 1614 2273 appe·

75 2287 232 2347 tendo
255 2286 560 2365 perficiat,
593 2292 664 2346 ut
688 2287 1073 2366 Augustinus
1095 2286 1334 2347 scribit.
1363 2289 1438 2346 Et
1455 2305 1611 2366 prae-

76 2387 151 2438 ter
175 2381 372 2440 omnia
410 2399 608 2458 supra
655 2385 950 2452 tractata,
984 2387 1078 2440 est
1105 2379 1186 2440 de
1211 2381 1328 2442 hac
1358 2399 1428 2442 re
1465 2380 1612 2440 insi-

76 2473 186 2550 gnis
209 2473 372 2532 locus
419 2472 596 2552 apud
645 2474 1048 2552 Prosper-um,
1071 2471 1228 2532 libro
1277 2471 1358 2533 de
1385 2475 1606 2534 Vocat.

76 2571 236 2642 gent„
264 2584 394 2644 cap.
423 2567 544 2626 ult.
569 2569 646 2626 At
671 2583 846 2638 vero,
873 2566 994 2626 nisi
1017 2567 1148 2626 hoec
1173 2566 1431 2627 scientia
1463 2583 1610 2626 con·-

73 2657 328 2718 ditionata
347 2665 764 2738 supponatur,
785 2676 911 2719 non
938 2659 1168 2737 poterit
1191 2677 1330 2720 esse
1363 2659 1606 2740 vocatio

75 2749 140 2810 ita
181 2751 401 2828 efficax,
435 2758 514 2812 ut
553 2752 810 2812 omnino
839 2751 1220 2812 infallibilem
1257 2752 1486 2812 habeat
1523 2750 1609 2811 ef-

75 2843 288 2917 fectum,
295 2847 490 2918 itaut,
509 2845 710 2922 posita
725 2843 1164 2952 praefinitione,
1180 2844 1610 2922 implicetcon-

76 2939 464 2999 tradictionem
499 2956 628 2998 non
667 2937 822 2998 fieri.
859 2939 988 2998 Hoc
1023 2938 1188 2998 enim
1221 2955 1360 3000 esse
1397 2955 1612 2998 neces-

79 3033 297 3106 sarium,
333 3049 548 3110 neque
593 3031 777 3092 aliter
801 3031 1062 3110 intelligi
1085 3049 1294 3110 posse,
1323 3049 1398 3090 ex
1425 3048 1606 3110 supe·

81 3126 186 3184 rius
203 3126 466 3187 tractatis
492 3125 830 3203 dupliciter
855 3126 1096 3185 ostendi
1117 3129 1340 3204 potest.
1374 3125 1600 3197 Primo,

79 3219 199 3294 quia
222 3218 351 3279 talis
375 3218 626 3280 vocatio
653 3218 1018 3297 intelligitur
1047 3218 1288 3293 efficax,
1317 3218 1490 3297 prius
1509 3236 1606 3277 ra-

79 3312 218 3371 tione
245 3330 425 3390 quam
455 3318 604 3373 actu
634 3310 822 3371 faciat
842 3329 857 3383 ;
881 3329 1012 3371 non
1033 3312 1200 3371 enim
1229 3310 1454 3371 dicitur
1475 3310 1605 3370 effi·

77 3424 171 3463 cax
199 3406 387 3465 solnm
419 3406 576 3485 quia
605 3410 750 3464 actu
787 3403 958 3478 facit,
997 3404 1110 3465 scd
1137 3404 1284 3482 quia
1323 3402 1607 3463 infallibi-

77 3496 192 3556 liter
233 3498 374 3559 facit
429 3505 504 3559 ut
555 3497 871 3569 velimus,
857 3518 870 3531 ·
925 3516 1080 3576 ergo
1127 3497 1302 3575 prius
1363 3498 1606 3557 ratione

77 3607 234 3666 quam
269 3591 656 3670 intelligatur
699 3591 865 3652 Deus
901 3590 1062 3651 velle
1104 3590 1297 3651 talem
1338 3590 1608 3650 vocatio-

77 3700 196 3741 nem
222 3684 392 3743 alicui
419 3682 738 3757 conferre,
769 3683 1088 3763 cognoscit
1113 3683 1288 3743 illam
1311 3688 1380 3743 ut
1406 3683 1612 3743 effica-

79 3792 224 3846 cem;
263 3796 405 3856 ergo
449 3776 778 3856 cognoscit
815 3774 1008 3855 quod,
1041 3776 1090 3835 si
1131 3776 1300 3835 illam
1353 3774 1462 3835 det
1497 3773 1610 3834 ali-

82 3868 180 3939 cui,
203 3870 598 3931 infallibiliter
627 3869 883 3930 habebit
909 3868 1239 3930 effectum'
1225 3888 1286 3929 m
1319 3869 1458 3940 i110;
1487 3868 1608 3928 hoc

81 3963 218 4021 enim
243 3969 330 4025 est
353 3981 740 4043 cognoscere
769 3962 942 4022 illam
971 3980 1109 4023 esse
1137 3964 1489 4032 efficaccm;
1542 3966 1608 4022 at

79 4054 184 4114 haec
220 4060 306 4117 est
349 4057 612 4118 scientia
646 4056 1090 4129 conditionata,
1125 4074 1310 4133 quam
1347 4072 1608 4134 persua-

75 4146 198 4208 dere
243 4145 646 4211 intendimus.
697 4147 1027 4223 Secundo,
1077 4150 1225 4227 quia
1269 4148 1606 4209 infallibilis

73 4243 392 4304 consecutio
429 4243 696 4303 effectus
737 4260 816 4302 ex
847 4241 1184 4302 .vocatione
1231 4243 1466 4302 efficaci
1509 4242 1608 4301 in-

75 4332 234 4410 telligi
257 4352 376 4395 non
405 4340 634 4415 potest,
653 4335 772 4394 nisi
801 4338 912 4395 aut
939 4352 1014 4393 ex
1044 4334 1302 4413 physica
1328 4334 1604 4395 efficacia

77 4431 124 4483 et
163 4427 798 4504 praedeterminatione
851 4444 1093 4499 causae,
1145 4434 1254 4488 aut
1297 4446 1374 4487 ex
1429 4445 1606 4488 mera

77 4518 334 4593 scientim
369 4520 486 4581 scd
509 4520 680 4599 prior
703 4518 940 4581 modus'
963 4525 1058 4593 est
1093 4519 1516 4599 impossibilis,
1547 4526 1609 4582 et

81 4630 406 4691 repugnans
429 4614 728 4686 libertati,
755 4620 826 4675 ut
851 4615 914 4675 in
946 4613 1367 4693 superioribus
1397 4620 1612 4675 osten-

79 4722 196 4764 sum
223 4713 338 4778 est3
373 4726 528 4786 ergo
554 4708 862 4785 posterior
889 4707 1116 4768 modus
1141 4713 1236 4767 est
1258 4725 1478 4780 veru53
1505 4706 1608 4767 illa

81 4804 264 4859 antem
303 4800 560 4861 scientia
607 4818 732 4859 non
781 4806 876 4860 est
903 4800 1048 4873 alia,
1083 4801 1200 4861 nisi
1237 4801 1368 4861 haec
1399 4800 1606 4861 condi·

79 4889 302 4968 tionata,
329 4900 392 4953 ut
419 4911 536 4971 per
559 4910 626 4952 se
650 4897 912 4954 constat.
942 4894 1370 4973 (Augustinus,
1399 4893 1464 4953 in
1488 4894 1608 4953 En-

77 4983 234 5057 chin,
259 5005 394 5065 cap.
451 4989 531 5047 97
579 4993 644 5047 et
687 5004 850 5064 seq„
903 4991 966 5048 et
1009 4989 1088 5048 de
1137 4987 1332 5048 Praid.
1368 4989 1602 5059 sanct„

77 5092 193 5153 cap.
226 5082 258 5139 7
287 5085 348 5139 et
373 5080 443 5150 8;
477 5079 586 5139 lib.
617 5081 654 5141 3
681 5080 764 5140 ad
791 5080 1036 5159 Simpl.,
1071 5087 1290 5160 quoest.
1323 5084 1393 5153 23
1427 5081 1533 5141 lib.
1569 5083 1598 5141 ί

75 5167 142 5227 de
167 5170 322 5232 Grat.
355 5172 598 5244 Christi,
627 5191 764 5251 cap.
795 5176 874 5233 13
901 5181 964 5234 et
998 5175 1096 5234 14.

139 5262 194 5322 6.
237 5264 550 5329 Posterior
573 5266 758 5327 ratio.
781 5296 864 5311 -
885 5266 1138 5341 Ultimo,
1161 5272 1364 5345 potest
1389 5266 1604 5327 similis

79 5354 368 5418 discursus
405 5359 659 5420 formari
703 5378 778 5421 ex
821 5359 960 5419 aliis
989 5358 1250 5429 actibus,
1289 5357 1386 5417 vel
1423 5358 1607 5419 effec-

83 5447 229 5508 tibus
251 5449 470 5512 divinas
499 5452 924 5531 providentiae,
961 5458 1050 5523 ut,
1080 5451 1252 5511 verbi
1287 5450 1506 5527 gratia,
1531 5468 1608 5511 ex

79 5540 527 5606 confirmatione
551 5544 616 5605 iu
643 5544 866 5627 gratia,
899 5562 1015 5606 seu
1059 5542 1359 5605 infallibili
1397 5562 1608 5624 porse·

3133 413 3251 475 355

1687 519 1985 580 vei-antiae
2014 519 2202 592 donc,
2234 518 2315 580 de
2362 537 2485 597 quo
2533 521 2735 583 adhuc
2766 523 2976 602 magis
3008 521 3252 583 indubi-

1689 619 1886 674 tatum
1938 619 2032 674 est
2076 613 2545 692 posse-homini
2590 615 2813 676 viatori
2860 615 3149 688 conferri,
3190 618 3255 674 et

1687 723 1865 784 oeque
1912 710 2153 766 certum
2196 723 2333 766 esse
2382 706 2691 777 existimo,
2734 709 3018 786 quamvis
3063 706 3251 784 aliqui

1687 799 1975 860 dubitent
2034 799 2168 860 dari
2232 799 2403 860 salva
2458 800 2789 873 libertate;
2852 801 2987 863 haec
3042 806 3253 862 autem

1688 892 1812 952 duo
1853 893 2041 952 etiam
2084 910 2215 953 non
2256 899 2517 972 possunt
2560 893 2627 954 in
2678 895 3039 973 hujusmodi
3084 893 3252 955 dono

1655 985 2098 1046 'conveniente
2128 987 2317 1046 modo
2368 986 2689 1066 conjungi,
2733 989 2851 1049 nisi
2892 988 3103 1050 media
3132 988 3253 1048 hac

1686 1077 2105 1156 praescientia.
2156 1080 2227 1138 Et
2264 1078 2487 1140 similia
2526 1085 2671 1140 sunt
2717 1097 2855 1159 quoe
2902 1081 2981 1142 de
3032 1081 3255 1142 Christi

1693 1169 1981 1230 libertate
2034 1171 2335 1250 Theologi
2386 1177 2693 1244 tractant,
2743 1191 2883 1250 quae
2938 1172 3255 1234 brevitatis

1693 1279 1885 1323 causa
1936 1264 2174 1323 omitto.
2219 1263 2499 1325 'l'andem
2532 1284 2611 1326 ex
2654 1265 3063 1344 permissione
3108 1283 3257 1346 pec-

1695 1354 1839 1426 cati,
1871 1359 1941 1414 ut
1971 1356 2431 1432 sapientissimo
2462 1363 2525 1418 et
2550 1357 3037 1436 prudentissimo
3062 1357 3254 1418 modo

1693 1446 1824 1518 fiat,
1865 1465 2093 1508 censeo
2124 1450 2289 1508 sumi
2318 1467 2503 1528 posse
2530 1451 2751 1511 efficax
2780 1459 3249 1531 argumentum,

1693 1545 1760 1599 ut
1785 1539 2209 1619 intelligamus
2235 1559 2362 1602 non
2392 1559 2529 1603 esse
2560 1543 2624 1602 in
2652 1544 2781 1604 Deo
2812 1545 2971 1604 banc
2994 1544 3253 1624 permis-

1693 1633 1959 1708 sionem,
1992 1633 2110 1694 nisi
2134 1635 2268 1714 jam
2302 1637 2666 1714 praesciente
2696 1637 2847 1716 quid
2882 1641 3251 1698 eventurum

1693 1726 1793 1799 sit,
1814 1725 1925 1785 illa
1951 1727 2173 1804 posita.
2205 1729 2291 1788 Ac
2318 1727 2587 1808 denique
2618 1747 2695 1790 ex
2724 1735 2852 1790 tcta
2880 1730 3123 1791 ratione
3151 1730 3247 1792 di-

1688 1817 1848 1878 vinae
1880 1818 2282 1896 providentiae
2320 1819 2487 1880 idem
2518 1820 2803 1882 concludi
2834 1827 3059 1901 potest,
3100 1839 3251 1882 nam

1689 1929 1908 1970 revera
1940 1911 2304 1990 imperfecto
2348 1912 2534 1974 modo
2567 1913 2938 1993 procederet
2972 1916 3163 1990 Deus,
3199 1915 3253 1975 si

1691 2021 1817 2064 non
1845 2005 2161 2082 praesciret
2189 2005 2341 2084 quid
2378 2025 2457 2066 ex
2502 2008 2792 2068 omnibus
2835 2008 2963 2068 suis
3002 2007 3253 2069 ordina-

1690 2095 1965 2157 tionibus
2009 2098 2110 2158 vel
2164 2100 2683 2176 permissionibus
2730 2101 2806 2160 sit
2854 2107 3249 2175 eventurum,

1691 2189 1893 2251 donec
1921 2191 2179 2252 effectus
2207 2199 2278 2253 ut
2298 2195 2431 2271 jam
2454 2193 2651 2254 factos
2676 2195 3071 2273 praeviderem
3100 2195 3253 2255 alio-

1693 2285 1796 2361 qui
1841 2301 2101 2344 neccsse
2150 2292 2319 2346 esset
2359 2286 2536 2346 illum
2585 2287 2766 2366 quasi
2814 2286 3157 2349 dubitando
3190 2293 3253 2349 et

1692 2377 1993 2438 tentando
2034 2377 2399 2456 procedere,
2444 2381 2788 2462 praesertim
2836 2380 2901 2440 in
2932 2380 3252 2441 effectibus

1691 2487 2025 2538 cansarum
2064 2470 2431 2546 liberarum,
2480 2480 2543 2533 et
2586 2474 2967 2534 motionibus
3012 2491 3251 2548 earum,

1689 2563 1774 2622 ita
1805 2569 1874 2623 ut
1901 2581 2029 2623 non
2060 2564 2255 2642 possit
2284 2566 2472 2637 Deus,
2498 2572 2832 2646 postquam
2860 2565 3093 2646 aliquid
3118 2585 3255 2646 per-

1691 2655 1898 2726 mittit,
1954 2654 2191 2732 aliquid
2241 2657 2495 2719 definite
2548 2664 2845 2732 statuere,
2890 2658 3058 2738 quod
3110 2659 3257 2720 inde

1687 2746 1944 2825 pendet,
1978 2748 2096 2808 nisi
2131 2749 2303 2819 prius
2358 2751 2547 2812 veluti
2602 2757 2885 2830 expectet
2930 2757 3001 2812 ut
3047 2751 3257 2814 videat

1689 2839 1840 2916 quid
1888 2857 2079 2900 causa
2114 2842 2393 2903 secunda
2434 2844 2685 2916 efficiat,
2720 2850 2783 2906 et
2831 2845 2917 2905 sic
2967 2844 3045 2906 de
3091 2844 3249 2906 aliis.

1689 2931 1871 2994 Unde
1903 2933 2093 2993 etiam
2130 2934 2223 3010 fit,
2252 2941 2585 3015 postquam
2617 2939 2784 2998 Deus
2808 2937 3090 3016 permisit
3114 2954 3255 3016 pcc·

1690 3031 1898 3086 catum
1925 3026 1987 3086 in
2022 3027 2263 3088 Adamo
2299 3029 2494 3106 (verbi
2536 3032 2757 3110 gratia)
2782 3031 2881 3090 vel
2910 3031 3067 3104 aliie,
3097 3047 3254 3109 quo·

1685 3119 2031 3181 dammodo
2072 3121 2332 3201 intelligi
2378 3123 2615 3201 aliquid
2658 3123 2908 3183 evenire
2950 3122 3071 3202 ipsi·
3094 3124 3249 3195 Deo,

1685 3211 1851 3290 quod
1895 3212 2214 3274 nesciebat
2248 3214 2550 3289 futurum,
2592 3216 2741 3289 imo,
2778 3215 2949 3295 quod
2992 3214 3253 3276 credibi-

1683 3306 1804 3365 lius
1833 3304 2189 3367 existimare
2217 3314 2430 3386 posset
2458 3327 2585 3368 non
2610 3328 2749 3370 esse
2776 3309 3087 3386 futurum3
3121 3309 3253 3368 haec

1687 3404 1898 3459 autem
1919 3400 2135 3459 omnia
2165 3405 2309 3461 sunt
2332 3400 2541 3461 minus
2569 3407 2991 3462 consentanea
3018 3400 3255 3480 perfec-

1687 3492 1842 3553 tioni
1871 3492 2099 3554 divinae
2133 3493 2563 3572 providentia,
2592 3514 2733 3573 quse
2772 3495 2971 3556 multo
3014 3494 3129 3555 erit
3163 3493 3255 3555 al·-

1689 3585 1808 3645 tior
1839 3591 1902 3646 et
1927 3587 2350 3659 excellentior,
2384 3588 2435 3648 si
2468 3588 2819 3667 praevidens
2858 3587 3067 3649 omnia
3114 3606 3254 3667 quoe

1691 3678 1912 3757 quovis
1941 3680 2131 3741 modo
2171 3681 2489 3759 possibilia
2541 3686 2706 3752 sunt,
2740 3687 2802 3742 et
2831 3683 3017 3741 etiam
3044 3680 3255 3741 futura

1690 3790 1726 3831 a
1756 3772 1961 3831 causis
1990 3774 2282 3834 secundis
2320 3774 2372 3833 si
2416 3774 2537 3833 illae
2580 3782 3007 3853 procreentur,
3048 3778 3111 3836 ct
3136 3774 3255 3834 vir-

1687 3870 1883 3926 tutem
1913 3884 1989 3927 ac
2010 3866 2371 3928 facultatem
2419 3865 2725 3945 operandi
2768 3867 3097 3945 accipiant,
3123 3884 3251 3927 om·

1687 3956 1790 4017 nia
1839 3958 2083 4020 ordinet
2134 3966 2195 4021 et
2230 3960 2523 4039 disponat
2553 3960 2733 4038 juxta
2774 3958 3143 4039 sapientiam
3190 3965 3251 4020 et

1683 4050 2089 4115 voluntatem.

2282 4294 2531 4357 CAPUT
2570 4294 2643 4355 V.

1687 4508 1852 4553 DEUH
1893 4508 2137 4556 nur-1113
2178 4509 2338 4555 nmo
2378 4510 2697 4557 summum
2749 4510 3251 4559 commnomuuu

1769 4600 2251 4647 commanmmn
2281 4602 2527 4649 morum
2576 4604 2832 4649 RATIONE
2880 4604 3251 4651 osrsnnl‘run

1769 4694 1850 4739 Ex
1891 4693 2116 4739 'nunu
2157 4694 2628 4741 conrmcssmmu
2670 4696 2994 4742 vamum.

1769 4902 1796 4958 1
1812 4942 1827 4956 .
1873 4897 2165 4958 Rationes
2180 4898 2485 4977 superiori
2506 4897 2706 4975 capite
2727 4897 3010 4978 adducta}
3030 4914 3250 4959 omnes

1686 4989 2041 5069 procedunt
2068 4988 2144 5049 de
2177 4991 2293 5050 hac
2325 4989 2605 5059 scientia,
2635 4993 2947 5067 quatenus
2975 4990 3249 5069 practica

1687 5087 1784 5143 est
1819 5082 1912 5159 (ut
1936 5081 2025 5142 sic
2050 5080 2275 5159 dicam)
2308 5098 2419 5142 seu
2458 5081 2541 5141 ad
2575 5082 2819 5160 praxim
2856 5087 2919 5144 et
2944 5083 3251 5161 operatio-

1685 5190 1832 5234 nem
1861 5174 2113 5235 extendi
2142 5179 2347 5253 potest
2362 5191 2382 5251 ;
2414 5174 2547 5253 jam
2575 5192 2723 5235 vero
2746 5174 3248 5236 ratiocinandum

1685 5267 1867 5327 nobis
1888 5274 1982 5329 est
2010 5286 2089 5329 ex
2116 5267 2495 5347 perfectione
2517 5269 2709 5347 ipsius
2730 5269 3004 5330 scientiae
3030 5286 3249 5329 secun-

1688 5360 1838 5421 dum
1867 5379 1961 5434 se,
1998 5368 2057 5423 et
2086 5362 2265 5440 quasi
2298 5362 2677 5441 speculative
2710 5369 3019 5439 spectatae.

1770 5454 1830 5512 Ξ.
1875 5454 1975 5515 Eo
1988 5453 2121 5536 ipso
2139 5456 2295 5535 quod
2304 5454 2612 5535 possibilis
2639 5460 2730 5516 est
2749 5454 2873 5517 hoec
2886 5452 3158 5525 sciencia,
3180 5452 3249 5514 in

1689 5546 1816 5610 Deo
1845 5548 2171 5629 reperitur.
2190 5578 2273 5593 -
2294 5547 2599 5629 Principio
2638 5546 2831 5629 igitur
2856 5552 3063 5608 statuo
3088 5546 3248 5609 banc
