3850 6225
547 374 670 439 408

547 482 998 563 perfectissime
1028 491 1092 546 et
1113 502 1358 547 summe
1385 485 1730 547 voluntarie
1761 490 1952 559 amet,
1982 502 2112 545 non

547 582 760 637 tamen
796 576 1015 651 libere,
1059 577 1124 638 id
1157 582 1272 652 est,
1312 596 1458 639 cum
1497 578 1955 650 indifferentia;
2000 576 2113 637 sed

549 670 906 731 necessario
935 688 1004 731 se
1036 676 1228 731 amat.
1273 673 1351 732 At
1377 689 1528 731 vero
1561 670 1612 731 si
1643 672 1957 750 objectum
1982 688 2113 731 non

547 764 628 823 sit
653 780 895 825 summe
925 764 1196 833 bonum,
1231 782 1348 823 nec
1377 765 1804 825 necessarium
1824 808 1840 837 ‚
1875 762 2112 843 perfec-

545 858 632 918 tio
663 856 994 918 voluntarii
1031 858 1312 917 consistit
1353 858 1415 917 in
1449 858 1592 930 hoc,
1637 856 1808 936 quod
1843 874 1974 916 non
2000 874 2113 917 ne-

547 948 820 1010 cessario
845 994 860 1022 ‚
903 950 1018 1010 sed
1067 948 1494 1010 indifferenter
1545 955 1792 1011 ametur
1813 995 1834 1023 ,
1883 948 1949 1009 id
1992 954 2107 1021 est,

546 1060 690 1103 cum
715 1042 1010 1103 facultate
1033 1042 1279 1103 volendi
1307 1048 1370 1103 et
1397 1060 1524 1103 non
1553 1043 1802 1103 volendi
1827 1041 2005 1103 illud.
2038 1042 2113 1101 Et

541 1136 676 1197 haec
715 1142 808 1197 est
847 1136 1098 1215 propria
1143 1136 1302 1197 ratio
1345 1136 1672 1207 libertatis,
1720 1137 1800 1196 de
1847 1152 1971 1213 qua
2014 1134 2114 1193 hic

545 1230 824 1308 agimus,
875 1247 1015 1307 quoe
1067 1246 1194 1289 non
1249 1229 1454 1290 solum
1512 1230 1941 1301 coactionem,
2002 1226 2115 1287 sed

547 1321 736 1383 etiam
785 1323 1224 1383 necessitatem
1271 1328 1336 1383 et
1388 1321 1980 1383 determinationem
2032 1318 2115 1381 ad

545 1432 740 1475 unum
775 1415 1064 1476 excludit.
1111 1416 1284 1475 Hanc
1318 1433 1470 1495 ergo
1503 1416 1854 1476 libertatem
1882 1413 2107 1474 divinae

547 1508 882 1569 voluntatis
913 1508 1160 1569 fundari
1187 1508 1450 1569 dicimus
1479 1510 1542 1569 in
1565 1506 1873 1588 praedictis
1903 1507 2111 1569 verbis

547 1601 742 1660 Pauli.
779 1602 984 1662 Primo
1013 1602 1292 1681 quidem,
1329 1602 1476 1681 quia
1505 1602 1834 1663 consilium
1857 1618 1989 1661 non
2016 1606 2111 1661 est

543 1692 624 1755 de
649 1694 1042 1763 necessariis,
1075 1700 1145 1754 ut
1172 1695 1585 1773 Philosophus
1611 1694 1802 1765 dixin
1851 1692 2106 1768 deinde,

543 1787 693 1867 qnia
721 1787 1144 1865 propriissima
1169 1788 1421 1849 libertas
1447 1788 1630 1849 estin
1651 1788 1955 1847 electione
1980 1804 2110 1847 me-

543 1880 816 1941 diorum.
878 1880 1277 1941 Ostendimus
1323 1884 1534 1941 autem
1581 1899 1660 1941 ex
1705 1880 1802 1940 his
1853 1878 2062 1939 verbis
2088 1924 2104 1951 ,

545 1975 747 2035 Deum
775 1973 985 2034 omnia
1017 1979 1188 2033 extra
1225 1992 1294 2035 se
1321 1974 1482 2035 velle
1511 1980 1574 2035 et
1602 1972 1850 2052 operari
1877 1978 1949 2032 ut
1970 1990 2109 2032 me-

544 2066 648 2127 dia
669 2086 684 2138 ;
709 2086 860 2147 ergo
881 2085 959 2127 ex
977 2066 1213 2128 eisdem
1236 2068 1562 2129 manifeste
1581 2068 1890 2127 habemus
1909 2068 2107 2127 Deum

545 2160 756 2221 omnia
793 2162 930 2221 haee
957 2180 1100 2221 cum
1136 2162 1422 2223 libertate
1453 2161 1720 2241 operari.
1749 2162 1932 2236 Item,
1961 2160 2108 2240 quia

545 2259 868 2315 ostensum
893 2260 987 2315 est
1007 2256 1206 2315 Deum
1237 2256 1482 2335 operari
1507 2273 1586 2315 ex
1603 2254 1862 2315 consilio
1891 2254 2108 2313 volun·

545 2352 672 2408 tate
701 2354 1044 2427 acceptato.
1083 2349 1390 2429 Denique,
1425 2349 1570 2429 quia
1596 2350 1714 2409 hoc
1748 2348 1977 2409 Paulus
2000 2350 2107 2409 ad·

545 2439 738 2515 ducit,
782 2448 852 2503 ut
881 2441 1158 2503 declaret
1185 2443 1502 2519 quomodo
1550 2440 1973 2520 praedestinati
2001 2460 2107 2501 ve·

547 2533 659 2594 luti
695 2540 860 2595 sorte
901 2538 1206 2596 vocentur
1235 2554 1314 2596 ex
1349 2534 1483 2596 solo
1520 2534 1838 2614 proposito
1883 2533 2107 2595 divinae

545 2626 900 2705 voluntatis,
931 2628 996 2689 in
1023 2645 1148 2707 quo
1179 2628 1447 2689 maxime
1477 2628 1824 2689 ostenditur
1852 2626 2107 2689 libertas

547 2738 706 2800 ejus,

622 2816 724 2875 24.
759 2814 1142 2897 Explicatur
1166 2816 1283 2877 Dei
1301 2812 1718 2893 indifferentia
1743 2812 2009 2876 volendo.
2026 2844 2109 2859 —

545 2907 764 2969 Statim
791 2926 940 2969 vero
963 2908 1282 2969 oriebatur
1305 2906 1638 2968 difficultas
1659 2924 1985 2985 nunquam
2012 2924 2108 2966 sa·

543 3001 620 3061 tis
659 3019 696 3061 a
730 2999 1061 3078 Theologis
1103 3006 1478 3080 exaggerata
1523 2998 1621 3059 vel
1665 2998 1983 3059 declarata
2026 2998 2107 3059 ob

543 3113 722 3156 suam
752 3094 1233 3166 obscuritatem,
1273 3093 1590 3173 quomodo
1627 3092 1861 3154 scilicet
1895 3090 2107 3153 divina

539 3189 828 3250 voluntas
873 3188 1070 3268 possit
1109 3205 1250 3249 esse
1291 3187 1654 3248 indifferens
1699 3187 1764 3246 in
1809 3185 2101 3258 volendo,

540 3300 686 3342 cum
725 3282 1095 3359 purissimus
1133 3285 1308 3342 actus
1346 3281 1460 3354 sit,
1505 3283 1568 3342 et
1595 3279 1680 3340 illi
1713 3296 1924 3357 neque
1954 3277 2103 3340 addi

539 3375 806 3454 aliquid,
855 3392 1058 3454 neque
1089 3372 1332 3434 detrahi
1357 3373 1582 3452 possit,
1619 3390 1830 3450 neque
1855 3372 1920 3432 in
1944 3377 2103 3433 tem-

537 3485 714 3546 pore,
737 3485 945 3547 neque
966 3468 1030 3528 in
1053 3467 1418 3528 aeternitate.
1448 3465 1648 3538 Quam
1671 3465 2101 3526 difficultatem

537 3560 845 3640 superiori
867 3577 1034 3620 anno
1063 3559 1352 3630 tractavi3
1383 3577 1552 3621 nunc
1579 3565 1791 3620 autem
1815 3557 2101 3620 consulto

537 3671 680 3715 eam
711 3651 1304 3732 praetermittendam
1343 3651 1530 3726 duxi,
1571 3659 1706 3712 tum
1741 3669 1824 3712 ne
1859 3651 1967 3712 illa
1998 3669 2102 3712 re-

535 3735 824 3826 peterem
860 3763 1000 3823 quse
1035 3745 1102 3805 in
1139 3744 1431 3806 manibus
1469 3744 1750 3806 omnium
1785 3745 1920 3822 jam
1960 3762 2101 3805 ver-

536 3846 774 3912 santur,
801 3845 936 3900 tum
959 3839 1149 3899 etiam
1177 3855 1258 3898 ne
1285 3839 1478 3898 nimia
1506 3839 1644 3917 ejus
1671 3837 2009 3899 subtilitate
2038 3844 2101 3899 et

535 3932 960 4010 speculatione
1001 3949 1114 3991 vos
1158 3929 1590 4010 defatigarem.
1639 3931 1898 3992 Summa
1948 3948 2097 3992 vero

531 4025 720 4085 totius
745 4025 838 4086 rei
865 4029 982 4096 est,
1011 4040 1150 4084 esse
1179 4022 1244 4084 in
1267 4023 1394 4083 Deo
1419 4022 1804 4084 voluntatem
1829 4041 1959 4084 non
1984 4041 2099 4101 per

531 4116 792 4179 modum
832 4117 1127 4196 potentiae
1170 4116 1381 4178 activae
1409 4117 1510 4175 vel
1539 4117 1868 4195 receptivae
1901 4117 2097 4178 alicu-

519 4211 628 4287 jus
651 4216 827 4272 actus
851 4211 1014 4270 intra
1037 4209 1332 4286 seipsam,
1351 4209 1451 4269 vel
1471 4207 1640 4269 modi
1669 4208 1933 4287 alicujus
1960 4227 2095 4270 rea-

525 4303 640 4376 lis;
691 4323 840 4364 nam
883 4303 984 4364 hic
1029 4301 1256 4363 modus
1302 4301 1638 4362 voluntatis
1691 4301 2093 4380 imperfectus

526 4400 643 4468 est,
677 4400 740 4458 et
767 4414 894 4456 non
925 4413 1038 4474 per
1068 4395 1430 4468 essentiam,
1474 4394 1588 4456 sed
1615 4411 1730 4472 per
1759 4394 2093 4474 participa-

525 4489 760 4552 tionem
792 4509 808 4564 ;
839 4494 934 4551 est
961 4508 1112 4570 ergo
1137 4491 1201 4550 in
1227 4489 1354 4550 Deo
1378 4489 1666 4550 voluntas
1694 4507 1808 4568 per
1830 4489 2087 4550 modum

523 4589 700 4644 aetus
737 4583 1085 4664 purissimi3
1133 4601 1305 4654 nam,
1347 4582 1505 4643 sieut
1543 4583 1712 4644 Deus
1747 4589 1842 4644 est
1881 4583 2089 4661 ipsum

523 4695 662 4738 esse
704 4696 817 4755 per
849 4677 1214 4748 essentiam,
1265 4682 1329 4738 et
1366 4695 1550 4736 suum
1587 4675 1957 4754 intelligere,
2004 4678 2089 4737 ita

520 4769 710 4829 etiam
757 4777 852 4832 est
899 4789 1082 4830 suum
1125 4770 1308 4830 velle.
1358 4769 1563 4846 Unde,
1609 4769 1768 4832 sicut
1799 4769 2087 4830 absoluta

517 4862 890 4924 necessitate
915 4865 1082 4924 Deus
1109 4868 1224 4939 est,
1254 4868 1319 4926 et
1347 4863 1570 4924 eadem
1597 4862 1969 4924 necessitate
1995 4863 2087 4922 in·-

519 4952 761 5032 telligit,
809 4955 894 5015 ita
948 4957 1139 5016 etiam
1185 4955 1372 5016 simili
1417 4955 1790 5016 necessitate
1838 4956 1971 5016 vult
2023 4961 2087 5018 et

515 5046 710 5108 habet
763 5065 950 5108 suum
989 5049 1148 5108 velle
1199 5048 1548 5110 secundum
1583 5067 1650 5109 se
1689 5054 1752 5109 et
1794 5049 2085 5112 absolute

517 5147 892 5218 spectatum,
937 5140 1106 5219 quod
1134 5141 1197 5201 in
1227 5159 1316 5214 se,
1351 5160 1468 5202 nec
1497 5141 1692 5202 minui
1722 5159 1840 5202 nec
1864 5140 2083 5216 augeri

512 5238 742 5311 potest,
776 5252 922 5295 cum
950 5235 1028 5296 sit
1051 5253 1246 5314 purus
1271 5237 1335 5296 et
1361 5233 1640 5296 infinitus
1665 5241 1864 5296 actus.
1911 5235 2085 5296 Nihi-

439 5335 446 5342 ’
514 5324 792 5388 lominus
856 5333 1072 5387 tamen
1139 5333 1314 5388 tanta
1373 5333 1467 5389 est
1527 5326 1866 5388 eminentia
1921 5326 2085 5388 illius

514 5425 697 5480 actus
717 5463 732 5492 ,
777 5425 846 5480 ut
879 5420 984 5481 illo
1021 5422 1216 5500 possit
1240 5424 1406 5482 Deus
1439 5421 1937 5500 unumquodque
1974 5421 2085 5481 ob-

507 5510 746 5590 jectum
778 5513 1050 5575 amabile
1076 5557 1094 5586 ,
1129 5515 1308 5594 juxta
1335 5531 1699 5575 mensuram
1729 5519 1794 5574 et
1821 5513 2083 5596 dignita-

1049 378 1260 435 owse.
1298 382 1379 437 w.
1417 382 1720 437 nul-:cuo
1741 382 1835 435 m:
1869 381 2218 437 ussurus
2252 380 2645 437 votumuls
2677 383 2925 437 mvuffl.
2964 382 3203 437 msrur.
3238 340 3279 436 1..

2192 490 2321 545 tem
2368 485 2528 564 ejuS‚
2568 485 2668 545 vel
2708 484 3063 545 necessario
3098 482 3195 544 vel
3232 482 3427 545 libere
3462 482 3711 563 diligere.

2194 588 2301 641 aut
2336 581 2525 640 etiam
2568 578 2714 639 odio
2750 578 3009 639 habere.
3052 578 3207 639 Nam
3246 578 3519 657 seipsum
3546 598 3715 639 suam·

2194 690 2317 752 que
2350 679 2638 733 naturam
2674 678 2737 733 et
2776 690 3082 752 personas
3107 718 3122 745 ,
3164 690 3309 733 cum
3340 671 3423 731 sit
3454 670 3713 732 infinitum

2192 766 2428 827 bonum
2452 811 2467 838 ,
2502 766 2743 845 sibique
2782 766 3129 838 sufficienS,
3171 764 3463 824 absoluta
3490 766 3711 823 necessi-

2191 864 2319 920 tate
2359 858 2589 938 diligit3
2630 866 2766 920 tum
2806 857 3018 937 quoad
3060 857 3336 937 speciem
3376 862 3565 925 aetus,
3602 859 3711 935 quia

2192 969 2319 1012 non
2349 958 2553 1032 potest
2590 952 2868 1031 seipsum
2899 950 3041 1011 odio
3080 950 3313 1010 habere
3342 994 3359 1021 ‚
3410 948 3521 1009 sed
3554 950 3709 1010 solum

2192 1062 2405 1106 amare
2436 1064 2452 1116 ς
2498 1050 2631 1105 tum
2676 1046 2863 1107 etiam
2908 1043 3119 1123 quoad
3160 1042 3563 1113 exercitium,
3600 1044 3709 1123 quia

2196 1156 2323 1199 non
2352 1138 2553 1212 magis
2585 1142 2791 1216 potest
2814 1138 2979 1197 Deus
3002 1156 3039 1197 a
3064 1136 3157 1196 sui
3186 1152 3411 1195 amore
3436 1134 3706 1207 desistere,

2196 1248 2387 1309 quam
2420 1249 2559 1291 esse
2594 1230 2904 1291 desinere.
2926 1228 3342 1289 Nihilominus
3370 1234 3575 1289 tamen
3592 1247 3707 1307 qun-

2198 1324 2277 1385 ad
2304 1324 2811 1386 terminationem
2838 1342 2949 1384 seu
2982 1322 3064 1383 ad
3102 1320 3447 1383 volendum
3480 1338 3574 1381 res
3596 1324 3705 1381 alies

2196 1425 2369 1479 extra
2398 1437 2489 1488 se,
2526 1416 2881 1478 necessitati
2922 1434 3051 1476 non
3090 1421 3185 1476 est
3212 1414 3563 1493 subjectus:
3602 1416 3707 1477 Xon

2192 1513 2371 1583 enim,
2416 1514 2487 1571 ut
2534 1511 2857 1589 eleganter
2902 1508 3055 1569 dixit
3096 1508 3443 1585 Gregorius
3488 1507 3703 1572 Nissen..

2192 1604 2298 1664 lib.
2350 1603 2431 1664 de
2469 1604 2629 1679 Fat„
2676 1621 2813 1681 cap.
2858 1601 3087 1675 ultim„
3131 1602 3239 1662 suh
3276 1599 3619 1662 necessitate
3646 1604 3707 1661 est

2192 1698 2380 1767 Deus,
2408 1715 2593 1777 neque
2610 1698 2978 1759 voluntatem
3002 1694 3137 1773 ejvs
3160 1692 3513 1755 necessitati
3532 1697 3705 1754 sertin

2190 1796 2287 1869 fas
2306 1797 2397 1856 est
2422 1790 2633 1853 dicere.
2678 1791 2785 1851 Est
2812 1789 3001 1867 igitur
3028 1788 3186 1849 liber
3212 1794 3397 1847 actus
3424 1786 3523 1847 ille
3548 1788 3706 1865 quoad

2192 1884 2331 1959 hoc,
2364 1890 2431 1945 ut
2454 1884 2532 1945 sit
2556 1884 2713 1943 ratio
2740 1882 3065 1943 actualiter
3088 1880 3347 1941 volendi
3370 1886 3437 1940 et
3460 1880 3705 1958 operandi

2190 1976 2426 2056 aliquid
2454 1982 2627 2037 extra
2665 1976 2873 2054 ipsum
2906 1977 3126 2035 Deum.
3180 1974 3335 2035 Dico
3378 1978 3612 2040 autem,
3638 1989 3709 2033 vc·

2188 2070 2352 2133 leudi
2390 2074 2445 2133 et
2491 2068 2801 2150 operandi,
2850 2068 2997 2147 quia
3040 2084 3167 2126 non
3219 2066 3433 2125 solum
3484 2067 3708 2143 operatio

2189 2164 2355 2243 ipsa,
2404 2182 2545 2243 quae
2594 2168 2689 2225 est
2728 2168 2903 2223 extra
2943 2161 3177 2235 Deum,
3220 2160 3430 2219 libera
3470 2163 3559 2219 est
3592 2160 3703 2231 Deo,

2188 2257 2301 2318 sed
2342 2258 2531 2317 etiam
2566 2256 2855 2317 voluntas
2898 2254 3055 2333 ipsa,
3100 2242 3423 2333 quatenus
3462 2258 3549 2311 est
3576 2270 3708 2311 amor

2186 2350 2327 2410 talis
2356 2348 2759 2429 operatiouiS‚
2790 2366 2905 2409 seu
2926 2348 3187 2407 affectus
3212 2344 3379 2423 ejuS.
3414 2344 3565 2403 Nam
3584 2344 3705 2402 nnus

2188 2442 2329 2503 ideo
2357 2448 2652 2521 operatur
2678 2440 2759 2501 ad
2782 2448 2981 2513 extra,
3004 2440 3153 2519 quia
3178 2438 3312 2499 vult
3345 2456 3363 2509 ;
3400 2444 3461 2497 et
3488 2436 3611 2495 ideo
3628 2436 3701 2493 he-

2188 2536 2437 2611 nefacit,
2465 2536 2613 2615 quia
2636 2538 2829 2607 amat,
2856 2536 3037 2613 juxta
3065 2532 3257 2593 verba
3284 2530 3487 2591 nostri
3516 2530 3700 2589 thema-

2188 2630 2265 2691 tis
2296 2649 2311 2690 :
2360 2630 2477 2703 Qui
2516 2634 2801 2711 operatur
2834 2626 3035 2690 omnia
3070 2626 3333 2689 secunda
3344 2645 3403 2685 m
3444 2622 3698 2687 concilim

2188 2722 2519 2787 voluntatis
2542 2740 2671 2785 suoe
2694 2746 2720 2791 ,·
2756 2728 2817 2781 et
2842 2720 2947 2780 illa
2971 2722 2999 2781 1
3032 2718 3113 2779 ad
3138 2719 3426 2779 Corinth.
3462 2716 3699 2777 12:112&

2186 2821 2387 2880 auum
2422 2816 2625 2877 omnia
2658 2819 2946 2895 operatur
2984 2828 3149 2875 tonus
3184 2816 3243 2873 et
3272 2810 3437 2873 idem
3470 2809 3699 2889 spiritns.
3784 2850 3786 2857 .

2184 2910 2457 2973 dividens
2478 2908 2763 2988 eiramis,
2786 2910 2973 2986 prout
2988 2906 3141 2977 cult,
3172 2904 3237 2965 id
3266 2910 3391 2975 est,
3418 2920 3529 2985 pro
3548 2903 3701 2963 liberte

2184 3000 2513 3065 voluntatis
2552 3000 2831 3072 arbitria,
2876 3016 2995 3059 non
3020 3016 3134 3079 pro
3170 2996 3553 3059 necessitatis
3584 2994 3701 3055 obsc-

2184 3095 2346 3177 quio‚
2390 3100 2457 3156 ut
2502 3092 2868 3156 Ambrosius
2906 3090 3211 3171 exposuit,
3248 3088 3362 3150 lib.
3406 3090 3447 3151 2
3488 3088 3559 3148 de
3590 3085 3699 3146 Fide

2183 3188 2267 3250 ad
2308 3188 2477 3250 Grat.
2502 3232 2519 3260 ‚
2556 3205 2697 3266 cap.
2748 3189 2807 3248 3.
2850 3186 3023 3248 Idem
3064 3189 3353 3263 ergomet
3385 3188 3587 3255 aetus,
3620 3179 3697 3256 qui

2182 3281 2528 3343 secundum
2556 3297 2743 3342 suum
2770 3297 2908 3340 esse
2938 3278 3333 3340 necessarius
3362 3281 3489 3345 est,
3520 3275 3579 3334 in
3602 3275 3697 3332 Deo

2182 3376 2369 3438 habet
2392 3373 2913 3454 perfectissimam
2942 3372 3248 3432 rationem
3272 3369 3459 3430 liberi
3484 3365 3697 3432 arbitrii,

2182 3487 2309 3530 nou
2338 3468 2487 3547 quia
2518 3485 2633 3546 per
2678 3465 3039 3528 ulteriorem
3076 3469 3285 3524 aetum
3307 3507 3326 3535 ‚
3376 3466 3485 3520 aut
3510 3459 3697 3520 realem

2180 3561 2439 3622 modum
2490 3559 2962 3638 superadditum
2988 3602 3009 3632 ,
3037 3557 3138 3618 vel
3184 3553 3529 3616 carentiam
3562 3551 3697 3628 ejus,

2180 3655 2376 3733 possit
2400 3653 2483 3714 ad
2508 3655 2629 3714 hoc
2651 3653 2749 3713 vel
2774 3651 2927 3712 illud
2954 3651 3271 3730 objectum
3300 3643 3695 3708 secundarium
3780 3691 3782 3694 Α

2180 3745 2499 3808 terminari
2538 3751 2649 3806 aut
2677 3763 2805 3806 non
2836 3743 3183 3814 terminari,
3218 3741 3335 3802 sed
3358 3741 3507 3820 quia
3528 3754 3626 3814 per
3646 3751 3693 3792 se

2178 3839 2384 3919 ipsum
2402 3840 2791 3918 potestDeus
2811 3843 2920 3898 aut
2941 3837 3123 3908 velle,
3142 3841 3399 3896 autnon
3414 3832 3565 3892 velle
3584 3827 3691 3888 taiia

2180 3933 2425 4012 objecta
2450 3950 2563 4011 pro
2593 3949 2707 3992 sua
2730 3930 3033 3992 eminenti
3052 3931 3279 3991 virtute
3306 3931 3417 3988 aut
3432 3927 3687 3986 libertate.

2178 4025 2355 4098 Quod
2376 4025 2629 4105 quidem
2658 4023 2910 4086 difficile
2930 4029 3027 4084 est
3052 4023 3135 4084 ad
3154 4018 3625 4101 intelligendum.
3648 4017 3689 4069 ‘³¹

2176 4119 2484 4180 difficilius
2504 4117 2587 4178 ad
2610 4116 3049 4197 explicandum
3074 4114 3391 4195 quomodo
3412 4113 3527 4182 εἰη
3550 4105 3687 4170 nobi<

2176 4217 2389 4274 autem
2416 4213 2567 4273 satis
2590 4227 2729 4272 esse
2760 4209 2970 4284 debet,
3016 4209 3066 4269 si
3100 4227 3177 4270 ex
3216 4207 3531 4287 principiis
3554 4199 3685 4266 fidei,
3779 4279 3780 4282 Ἴ

2174 4302 2299 4364 imo
2325 4303 2513 4364 etiam
2532 4321 2609 4364 ex
2626 4303 3019 4364 evidentibus
3038 4300 3445 4362 ostendamus
3462 4297 3543 4358 ita
3560 4308 3685 4360 essm

2172 4415 2322 4458 nam
2348 4395 2429 4458 de
2456 4396 2648 4457 rebus
2678 4395 2903 4456 divinis
2928 4413 3069 4454 raro
3098 4399 3209 4453 aut
3241 4407 3555 4469 nunquam
3582 4403 3689 4464 pt’r-

2170 4491 2379 4569 cipere
2424 4505 2757 4568 possumus
2798 4487 3115 4566 quomodo
3154 4487 3219 4545 in
3250 4503 3317 4546 se
3342 4484 3493 4554 sint,
3532 4495 3687 4558 quan·

2170 4601 2361 4663 quam
2402 4583 2733 4644 ostendere
2779 4581 3092 4659 possimus
3128 4580 3369 4641 nullam
3401 4579 3467 4638 in
3508 4575 3589 4635 eis
3615 4589 3689 4630 re-

2168 4677 2575 4758 pugnantiam
2605 4675 2851 4737 involvi.
2888 4675 3067 4746 Quod
3090 4675 3283 4736 etiam
3310 4673 3409 4732 hic
3428 4673 3685 4750 praestare
3776 4707 3778 4734 l

2166 4788 2519 4849 possemus,
2562 4768 2681 4830 nisi
2730 4770 2811 4830 ob
2851 4769 3127 4830 rationes
3164 4767 3339 4847 prius
3380 4764 3683 4824 insinuatas

2168 4863 2249 4924 ad
2281 4863 2402 4924 alia
2442 4861 2605 4923 foret
2642 4861 3130 4941 properandum.
3180 4861 3327 4921 Haec
3362 4874 3507 4932 ergo
3548 4851 3682 4913 suffi-

2168 4957 2335 5018 ciant
2358 4955 2439 5018 de
2466 4953 2883 5036 disputatione
2914 4953 3103 5032 priori
3136 4971 3327 5033 supra
3356 4949 3565 5030 posita.

2837 5237 3075 5256 -—-——-
