3850 6225
474 332 595 395 304

474 435 600 498 Sed
646 443 863 498 contra
901 438 1065 499 hanc
1092 439 1437 502 doctrinam
1470 444 1593 505 late
1633 444 1699 503 in
1726 446 2031 524 superiori

474 548 663 609 opere
708 530 1116 607 ostendimuS,
1146 553 1227 595 ex
1272 536 1395 597 alia
1427 537 1709 599 doctrina
1753 538 2032 603 Anselmi

472 623 659 704 longe
698 625 947 699 veriori,
1000 644 1255 688 sensum
1302 631 1717 709 compositum
1772 638 1835 692 et
1880 633 2032 693 divi-

473 733 615 776 sum
642 736 769 778 non
798 724 965 779 recte
994 720 1099 781 illo
1141 721 1329 782 modo
1356 723 1653 802 applicari
1696 724 1777 784 ad
1816 723 2030 785 defen·

473 808 749 871 dendam
784 810 1159 873 libertatem.
1203 814 1357 885 Quia
1388 834 1531 877 cum
1562 816 1905 896 suppositio
1935 822 2031 878 est

472 906 855 968 antecedens
882 925 1065 967 usum
1098 908 1421 982 libertatiS,
1451 918 1513 972 et
1542 916 1637 971 est
1662 928 1811 971 vera
1838 930 2028 971 causa

472 1006 647 1062 actus
676 1002 1135 1080 subsequentia,
1165 1008 1227 1064 et
1258 1006 1396 1065 talis
1432 1013 1518 1078 ut,
1556 1006 1661 1066 illa
1688 998 1914 1086 posita,
1941 1008 2029 1067 in-

468 1094 806 1156 fallibiliter
844 1102 1033 1173 atque
1062 1097 1223 1157 adeo
1266 1098 1701 1161 inevitabiliter
1733 1107 2034 1179 sequatur

469 1196 667 1262 actm,
694 1190 833 1251 talis
863 1208 1085 1250 sensus
1109 1193 1487 1271 compositus
1518 1212 1645 1254 non
1674 1195 1895 1267 salvat,
1920 1193 2032 1255 sed

468 1284 687 1345 evertit
717 1284 1067 1345 libertatem
1090 1304 1105 1355 3
1137 1303 1281 1347 cum
1304 1306 1455 1346 usus
1482 1287 1661 1361 liber,
1688 1306 1802 1349 nec
1830 1288 1893 1347 in
1924 1306 2032 1367 po-

466 1375 677 1438 nenda
717 1377 823 1437 tali
864 1378 1314 1457 suppositione,
1364 1398 1483 1440 nec
1518 1380 1583 1441 iu
1628 1380 2026 1441 emanatione

466 1478 643 1531 actus
671 1490 709 1531 a
736 1472 1053 1533 voluntate
1074 1473 1209 1550 jam
1238 1474 1325 1534 sic
1356 1474 1581 1535 affecta
1608 1475 1777 1535 cerni
1806 1474 2021 1553 possit.

468 1566 743 1626 Primum
771 1566 1159 1645 supponitur,
1194 1584 1337 1626 cum
1366 1567 1589 1627 dicitur
1632 1568 1771 1629 talis
1800 1586 2027 1647 suppo-

466 1658 603 1720 sitio
632 1659 1005 1720 antecedere
1034 1677 1220 1719 usum
1262 1660 1441 1721 liberi
1488 1660 1758 1732 arbitrii;
1802 1679 2028 1721 secun-

464 1752 615 1813 dum
660 1772 809 1813 vero
842 1752 1089 1827 (licitur,
1132 1771 1274 1813 cum
1314 1753 1572 1815 aflectus
1620 1754 2024 1816 infallibiliter

464 1845 641 1924 sequi
678 1846 975 1907 asseritur
1004 1864 1080 1905 ex
1108 1845 1426 1906 voluntate
1460 1846 1547 1907 sic
1576 1848 1799 1907 affecta
1824 1866 1841 1919 3
1874 1848 2023 1927 quia

463 1955 591 1998 non
636 1944 842 2017 potest
880 1938 987 1999 illa
1040 1938 1443 1999 infallibilitas
1482 1939 1732 2000 fundari
1784 1939 1905 2000 nisi
1959 1940 2024 2000 in

460 2032 817 2093 necessaria
854 2032 1281 2107 emanatione,
1319 2032 1539 2094 saltem
1588 2052 1665 2095 ex
1698 2034 2017 2095 voluntate

462 2123 549 2185 sic
607 2126 830 2187 affecta
861 2144 877 2198 ;
910 2125 1081 2205 quod
1138 2125 1241 2185 alii
1284 2127 1473 2188 etiam
1504 2126 1811 2198 fatentur,
1864 2128 2018 2188 dum

460 2218 624 2280 hanc
669 2226 893 2280 vocant
947 2219 1385 2279 necessitatem
1438 2238 1516 2279 ex
1562 2220 2014 2299 suppositione.

461 2314 616 2385 Quia
644 2317 778 2376 hoec
804 2314 1143 2375 necessitas
1168 2332 1295 2375 non
1342 2319 1439 2376 est
1470 2334 1542 2376 ex
1589 2318 2016 2396 suppositione

458 2409 653 2487 ipsius
680 2408 958 2481 effectus,
1018 2414 1083 2469 ut
1128 2408 1207 2469 sit
1253 2408 1385 2468 sola
1428 2409 1770 2469 necessitas
1802 2428 2022 2471 conse-

458 2504 772 2582 quentiae3
832 2502 945 2563 sed
995 2501 1217 2563 dicitur
1270 2520 1407 2563 esse
1460 2520 1538 2563 ex
1584 2504 2018 2582 suppositione

458 2614 663 2658 causae
688 2616 703 2669 ;
730 2602 793 2657 et
820 2595 961 2656 ideo
986 2614 1113 2655 non
1140 2600 1505 2675 potestesse
1536 2596 1651 2656 nisi
1674 2597 2016 2657 necessitas

456 2690 869 2751 emanationis
896 2690 1154 2751 effectus
1182 2707 1219 2749 a
1242 2707 1467 2763 causa;
1502 2697 1598 2751 est
1624 2708 1775 2769 ergo
1804 2708 2020 2751 neces-

456 2784 604 2844 sitas
640 2783 1019 2862 simpliciter.
1056 2784 1132 2844 Et
1172 2782 1311 2842 ideo
1340 2783 1563 2843 merito
1602 2785 1677 2843 D.
1720 2784 2016 2856 ThomaS,

456 2880 485 2937 1
522 2882 709 2956 part„
740 2882 958 2956 quaest.
992 2880 1093 2951 Η,
1139 2876 1312 2937 artic.
1356 2879 1455 2952 13,
1504 2877 1585 2938 ad
1611 2880 1669 2950 3,
1702 2876 1853 2938 dixit
1880 2878 2018 2938 haec

452 2970 683 3044 futura,
711 2990 849 3050 quae
872 2976 1335 3049 cognoscuntur
1379 2988 1417 3029 a
1450 2972 1603 3045 Dec,
1626 2989 1755 3031 non
1780 2970 2018 3031 habere

452 3065 913 3140 necessitatem,
942 3069 1128 3144 prout
1178 3064 1241 3125 in
1270 3064 1537 3144 propriis
1582 3064 1785 3125 causis
1814 3064 2019 3126 consi-

454 3157 779 3220 derantur.
970 3155 988 3164 “

536 3253 635 3312 13.
694 3251 1001 3314 Probatur
1050 3251 1273 3314 iterum
1324 3250 1624 3314 conclusio
1684 3251 1924 3314 ratione
1979 3269 2019 3314 a

445 3345 670 3424 priori.
692 3375 773 3390 —
800 3345 1028 3407 Ultimo
1073 3363 1224 3406 vero
1260 3343 1521 3404 ostendo
1550 3361 1588 3402 a
1616 3343 1829 3422 priori,
1861 3343 2018 3404 nihil

453 3457 591 3501 esse
618 3437 787 3500 unde
818 3438 1013 3518 possit
1040 3437 1181 3498 talis
1212 3437 1518 3498 connexio
1562 3435 1661 3496 vel
1704 3437 2017 3497 emanatio

452 3533 711 3592 effectus
734 3549 772 3591 a
800 3549 989 3592 causa
1008 3529 1408 3592 infallibiliter
1432 3529 1613 3602 oriri;
1640 3529 1811 3607 quod
1836 3528 2016 3590 facile

450 3624 561 3686 fiet
586 3623 991 3684 discurrendo
1022 3642 1135 3703 per
1160 3641 1404 3697 causaS,
1442 3641 1556 3684 seu
1600 3621 1903 3710 principia
1949 3623 2016 3683 in

450 3719 586 3798 ipso
620 3717 875 3778 homine
922 3717 1311 3790 inha’rentia‚
1342 3735 1481 3796 qum
1523 3716 1762 3796 possint
1796 3716 2015 3776 volun-

450 3817 643 3872 tatem
673 3810 1126 3882 determinare;
1160 3810 1265 3870 illa
1294 3809 1485 3882 enim,
1517 3815 1586 3870 ut
1626 3827 1817 3888 supra
1862 3809 2012 3886 dixi,

450 3906 651 3966 solum
677 3909 940 3984 possunt
960 3921 1099 3965 esse
1117 3903 1182 3964 in
1210 3903 1527 3964 intellectu
1546 3903 1645 3963 vel
1666 3904 2008 3964 voluntate.

447 4000 684 4062 Rursus
710 4018 851 4078 quse
875 4004 1020 4060 sunt
1056 3997 1121 4058 in
1168 3997 1502 4072 intellectu,
1545 3997 1755 4059 omnia
1798 3997 2015 4060 reduci

446 4093 680 4154 debent
724 4091 805 4152 ad
838 4091 1090 4171 aliquod
1128 4091 1470 4171 judicium;
1510 4109 1659 4151 nam
1688 4109 1829 4170 quae
1868 4096 2016 4152 sunt

446 4205 561 4266 per
602 4186 863 4246 modum
902 4185 1151 4246 habitus
1184 4189 1453 4258 tantum,
1486 4190 1556 4245 ut
1596 4185 1683 4244 sic
1720 4203 1847 4245 non
1876 4203 2016 4246 mo-

445 4286 597 4341 vent
622 4280 1037 4354 voluntatem,
1086 4285 1147 4340 et
1188 4278 1500 4357 simplices
1548 4279 1735 4340 etiam
1787 4297 2016 4358 appre-

446 4374 785 4435 hensiones
808 4373 908 4433 vel
931 4373 1085 4432 nihil
1111 4372 1211 4432 vel
1238 4389 1465 4452 parum
1506 4377 1781 4448 movent,
1828 4377 1897 4432 ut
1939 4391 2015 4434 ex

446 4468 679 4548 prime,
713 4466 988 4528 secundo
1020 4471 1293 4540 constat3
1345 4469 1547 4527 totum
1578 4483 1728 4546 ergo
1756 4484 2016 4528 revoca-

336 4553 358 4575 *
447 4568 549 4622 tur
580 4561 660 4622 ad
684 4559 1009 4640 judicium.
1052 4561 1141 4621 De
1168 4577 1292 4640 quo
1331 4560 1663 4620 Durandus
1692 4560 1879 4620 sentit
1906 4560 2015 4620 ha-

446 4653 599 4715 bere
657 4655 783 4714 vim
840 4652 1297 4714 determinandi
1363 4653 1750 4715 voluntatem
1818 4653 1883 4713 in
1950 4655 2011 4726 2,

448 4747 716 4809 distinct.
754 4749 855 4820 24,
889 4751 1107 4825 quaest.
1158 4749 1187 4806 1
1236 4751 1297 4806 et
1342 4748 1399 4808 3.
1454 4745 1759 4808 Processit
1802 4753 2014 4808 autem

450 4859 527 4902 ex
557 4841 714 4902 falso
742 4839 1067 4919 principi0‚
1100 4839 1245 4918 quia
1270 4839 1593 4902 contendit
1630 4841 2016 4903 intellectum

448 4953 587 4995 esse
616 4933 959 5014 potentiam
994 4931 1334 4993 formaliter
1373 4933 1653 4994 liberam.
1704 4935 1821 4994 Alii
1862 4951 2013 4996 vero

328 5099 333 5104 ⁸
446 5027 769 5106 Theologi,
815 5025 923 5103 qui
960 5025 1127 5086 idem
1180 5025 1475 5098 sentiunt,
1520 5026 1663 5087 licet
1698 5027 2014 5088 fateantur

449 5123 511 5182 in
534 5120 769 5200 judicio
802 5137 930 5179 non
962 5135 1097 5178 esse
1125 5117 1453 5178 formalem
1481 5118 1856 5194 libertatem,
1885 5138 2015 5182 non

448 5219 908 5292 consequenter
944 5211 1305 5290 loquuntur,
1340 5217 1401 5272 et
1446 5210 1795 5272 libertatem
1838 5231 2014 5273 ever-

446 5315 617 5384 tunt,
662 5311 731 5366 ut
788 5305 854 5365 in
895 5303 1041 5365 dict.
1096 5303 1324 5382 disput.
1380 5303 1623 5366 decima
1676 5323 1843 5364 nona
1884 5305 2014 5365 Me-

446 5401 619 5482 taph.
664 5397 849 5459 latius
888 5396 1167 5458 tractavi.
1198 5397 1276 5456 Et
1304 5395 1578 5458 breviter
1621 5397 2008 5471 ostenditur;

448 5513 596 5562 nam
622 5496 938 5574 interrogo
970 5508 1051 5550 an
1080 5489 1233 5550 illud
1266 5489 1569 5570 judicium
1608 5491 1687 5550 sit
1724 5491 2009 5554 naturale

953 338 1164 395 OPUSC.
1200 344 1273 407 11,
1306 343 1423 397 ΗΒ.
1460 346 1497 399 1.
1534 346 1615 399 DE
1648 346 1972 399 Ausonum
2003 347 2286 401 summm
2321 348 2630 403 Furuaoa.
2667 346 3192 404 commeminit.

2112 448 2209 507 vel
2251 448 2539 509 liberum.
2575 448 2636 511 Si
2676 448 2984 521 naturale,
3009 454 3070 508 et
3099 448 3204 509 illo
3229 448 3432 528 posito
3459 448 3654 510 volun·

2111 546 2210 601 tas
2251 541 2330 601 sit
2379 540 2792 603 determinata
2841 540 2923 601 ad
2965 560 3186 613 unum,
3231 541 3586 603 naturaliter
3607 548 3660 603 et

2111 634 2466 694 necessario
2497 639 2592 695 est
2618 633 3069 705 determinata;
3095 640 3158 695 et
3185 635 3272 694 ita
3297 634 3400 695 hic
3427 634 3660 694 effectus

2112 726 2394 805 sequitur
2437 744 2516 786 ex
2542 726 2898 787 necessaria
2927 728 3318 787 connexione
3355 745 3660 788 causarum

2109 820 2478 881 naturaliter
2517 820 2877 895 agentium;
2921 839 3072 901 ergo
3116 838 3246 882 non
3291 820 3413 881 erit
3452 822 3662 881 contin-

2111 930 2268 992 gens
2305 930 2514 993 neque
2553 914 2736 975 liber.
2766 915 2830 977 Si
2863 933 3009 975 vero
3045 914 3360 994 judicium
3395 920 3492 973 est
3529 914 3666 975 libc-

2107 1026 2273 1081 rum,
2305 1014 2414 1067 aut
2453 1007 2820 1086 imperative
2849 1008 2930 1068 ab
2971 1008 3096 1069 alio
3129 1014 3278 1068 actu
3326 1006 3662 1077 voluntatis

2111 1100 2197 1161 ita
2227 1102 2290 1160 in
2314 1100 2418 1161 illo
2446 1101 2634 1179 priori
2664 1107 2810 1163 actu
2833 1102 2951 1163 erit
2983 1102 3446 1181 contingentia,
3491 1107 3552 1159 et
3575 1101 3668 1160 fiet

2111 1194 2280 1254 idem
2303 1202 2743 1275 argumentum
2761 1217 2779 1270 3
2813 1202 2920 1255 aut
2941 1196 3251 1275 judicium
3278 1193 3442 1255 illud
3481 1198 3572 1253 est
3605 1194 3668 1253 li-

2110 1288 2334 1349 berum
2355 1306 2472 1368 per
2493 1306 2562 1349 se
2587 1296 2649 1349 et
2671 1290 3016 1351 formaliter
3037 1278 3152 1351 seu
3169 1290 3460 1361 elective,
3485 1294 3548 1347 et
3567 1288 3668 1348 boc

2111 1384 2404 1459 supponit
2432 1381 2662 1443 falsum
2698 1381 3094 1462 principium,
3127 1382 3366 1443 scilicet
3405 1381 3670 1441 intellec-

2107 1477 2242 1533 tum
2289 1492 2430 1535 esse
2481 1478 2828 1554 potentiam
2871 1475 3222 1537 formaliter
3263 1476 3568 1543 liberam,
3617 1480 3668 1534 ct

2107 1574 2409 1645 praeterea
2435 1573 2563 1629 tota
2593 1569 3018 1648 contingentia
3043 1569 3164 1631 erit
3193 1569 3258 1629 in
3285 1569 3394 1629 illo
3417 1566 3666 1646 judicic.

2107 1662 2196 1721 De
2227 1679 2353 1739 quo
2377 1662 2640 1723 ulterius
2665 1662 3114 1741 inquirendum
3141 1662 3256 1723 erit
3289 1662 3358 1721 in
3383 1678 3516 1739 qua
3541 1678 3667 1719 cau-

2107 1771 2177 1813 sa
2221 1760 2654 1833 cognoscatur,
2711 1761 2773 1816 et
2818 1756 2983 1817 redit
3027 1756 3216 1817 etiam
3269 1754 3446 1815 idem
3499 1772 3670 1831 argu-

2105 1852 2410 1909 mentum.
2446 1849 2722 1927 Denique
2751 1850 2911 1910 ratio
2935 1868 2980 1911 a
3025 1848 3214 1929 priori
3263 1854 3382 1921 est,
3417 1848 3564 1926 quia
3591 1848 3666 1905 in-

2103 1938 2388 2001 tellectus
2415 1958 2527 2001 seu
2549 1942 2860 2020 judicium
2889 1942 3028 2021 ejus
3063 1960 3194 2002 non
3225 1947 3444 2001 movet
3469 1940 3666 2001 volun-

2103 2037 2297 2093 tatem
2329 2033 2449 2093 nisi
2479 2050 2557 2093 ex
2585 2040 2760 2113 parte
2793 2034 3058 2113 objecti;
3103 2034 3428 2114 objectum
3471 2041 3667 2095 autem

2099 2144 2228 2186 non
2255 2125 2442 2188 infert
2467 2129 2910 2189 necessitatem
2937 2128 3242 2189 voluntati
3269 2126 3488 2207 quoad
3507 2146 3668 2187 exer-

2099 2221 2314 2281 citium
2345 2221 2446 2299 (de
2469 2222 2590 2283 hac
2615 2224 2786 2283 enim
2801 2222 3142 2303 loquimur)
3169 2229 3348 2285 extra
3370 2222 3664 2283 visionem

2101 2312 2378 2374 beatam.

2185 2408 2284 2467 14.
2330 2408 2776 2483 Excluduntm·
2801 2408 2919 2472 illa
2951 2428 3085 2491 μω
3127 2410 3256 2474 dici
3285 2413 3541 2492 possent
3581 2426 3666 2470 vo-

2099 2499 2395 2563 luntatem
2427 2502 2846 2565 determinare.
2873 2534 2956 2549 —··
2989 2503 3230 2565 Deinde
3259 2504 3328 2563 in
3355 2504 3665 2565 voluntate

2097 2590 2346 2672 inquiro
2373 2593 2525 2673 quid
2565 2594 2642 2654 sit
2669 2594 2823 2656 illud
2853 2596 3024 2673 quod
3045 2596 3430 2658 determinat
3457 2596 3624 2656 illam
3649 2614 3662 2665 ;

2101 2686 2250 2763 quia
2277 2702 2406 2747 non
2435 2690 2640 2766 potest
2670 2706 2808 2749 esse
2835 2694 3013 2749 actus
3039 2690 3121 2749 ab
3149 2690 3254 2749 illa
3295 2690 3565 2761 elicitus,
3607 2696 3668 2748 ut

2102 2797 2180 2840 ex
2228 2779 2408 2840 dictis
2437 2781 2502 2841 in
2541 2783 2820 2843 secunda
2861 2783 3290 2862 suppositione
3345 2784 3668 2845 manifeste

2101 2878 2366 2934 constat.
2401 2874 2582 2948 Nam,
2617 2875 2668 2935 si
2695 2882 2874 2937 actus
2899 2875 3005 2937 ille
3035 2877 3115 2939 sit
3153 2876 3342 2951 liber,
3373 2878 3460 2939 ad
3503 2878 3666 2937 illum

2098 2967 2457 3047 requiretur
2501 2970 2626 3030 alia
2671 2970 3144 3045 determinatim
3202 2972 3304 3033 vel
3361 2971 3418 3032 si
3466 2972 3530 3033 in
3571 2971 3666 3031 illo

2099 3061 2355 3136 sistitur,
2377 3062 2516 3140 jam
2539 3081 2670 3124 non
2700 3064 3096 3144 cognoscitur
3121 3064 3189 3126 in
3217 3083 3436 3140 causa,
3475 3064 3586 3126 sed
3609 3065 3668 3124 in

2099 3172 2192 3216 se.
2238 3155 2302 3216 Si
2329 3173 2480 3216 vero
2511 3163 2609 3218 est
2631 3157 3046 3230 necessarius,
3071 3159 3208 3236 jam
3235 3158 3670 3222 determinatio

2099 3264 2239 3324 quae
2267 3267 2345 3310 ex
2379 3247 2484 3309 illo
2513 3249 2797 3326 sequitur
2839 3250 2954 3310 erit
3002 3252 3308 3313 naturalis
3343 3260 3409 3314 et
3455 3271 3670 3314 neces-

2101 3340 2288 3402 saria.
2325 3344 2542 3422 Neque
2571 3343 2760 3404 etiam
2787 3350 3157 3423 potestesse
3192 3346 3367 3406 solus
3397 3346 3666 3415 habitus,

2099 3435 2271 3514 quia,
2302 3443 2371 3497 ut
2399 3436 2548 3511 dixi,
2585 3437 2792 3497 omnis
2819 3438 3072 3498 habitus
3111 3439 3406 3501 subditur
3435 3441 3576 3502 usui
3603 3441 3672 3500 li-

2097 3527 2251 3588 bero
2291 3529 2650 3603 voluntatis,
2677 3530 2732 3590 si
2769 3529 2924 3590 alias
2953 3549 3078 3591 non
3107 3531 3568 3594 determinetur
3593 3533 3672 3592 ab

2099 3621 2365 3700 obiecta.
2381 3623 2832 3702 Respondebis
2857 3642 2996 3684 esse
3023 3624 3372 3686 motionem
3395 3625 3670 3686 divinam

2097 3713 2514 3776 inhaerentem
2561 3715 2882 3776 voluntati.
2917 3716 3043 3778 Sed
3089 3716 3210 3778 hoe
3257 3717 3450 3778 etiam
3493 3717 3669 3778 facile

2097 3807 2340 3868 excludi
2393 3814 2598 3886 potest
2639 3827 2716 3870 ex
2755 3809 3061 3872 haetenus
3103 3811 3324 3883 dictis;
3377 3831 3530 3872 nam
3571 3811 3670 3872 vel

2095 3901 2202 3962 illa
2237 3901 2428 3962 motio
2455 3901 2818 3982 intelligitur
2843 3921 2982 3964 esse
3025 3901 3292 3983 ipsemet
3315 3913 3498 3968 actus
3515 3906 3672 3966 liber

2101 3995 2435 4056 voluntatis
2455 4001 2702 4072 creatoe,
2727 4003 2916 4076 prout
2943 4004 3039 4060 est
3063 4014 3102 4059 a
3129 3999 3286 4070 Deo,
3303 4000 3410 4060 vel
3433 3999 3673 4078 aliquid

2095 4089 2452 4150 distinctum
2473 4089 2556 4150 ab
2575 4097 2744 4162 actu,
2765 4092 3060 4170 praevium
3089 4091 3170 4152 ad
3195 4091 3402 4167 illum,
3429 4093 3674 4154 datum-

2095 4201 2220 4262 que
2256 4183 2558 4246 voluntati
2586 4190 2658 4245 ut
2681 4185 3094 4248 determinate
3124 4186 3360 4248 efficiat
3381 4187 3584 4248 illum.
3607 4188 3674 4248 Si

2095 4277 2365 4356 primum
2390 4277 2654 4351 dicatur,
2686 4297 2816 4340 non
2841 4286 2936 4340 est
2964 4279 3047 4340 ad
3073 4299 3206 4340 rem
3241 4289 3626 4360 praesentem
3653 4298 3673 4358 ;

2095 4389 2240 4431 nam
2281 4389 2660 4452 cognoscere
2687 4379 2898 4434 actum
2933 4373 2998 4432 in
3045 4373 3148 4434 tali
3189 4375 3497 4447 motione,
3541 4393 3672 4435 non

2095 4470 2192 4524 est
2217 4481 2599 4543 cognoscere
2629 4465 2921 4527 effectum
2951 4465 3020 4526 in
3049 4484 3264 4540 causa,
3311 4468 3429 4529 sed
3469 4468 3538 4528 in
3574 4487 3669 4542 se,

2095 4557 2244 4636 quia
2279 4558 2384 4618 illa
2415 4559 2608 4620 motio
2637 4565 2734 4620 est
2775 4560 3040 4638 ipsemet
3087 4567 3290 4634 actus,
3343 4581 3460 4622 seu
3509 4563 3672 4624 actio

2097 4651 2467 4730 contingens
2491 4657 2553 4712 et
2577 4651 2796 4713 libera.
2831 4653 2958 4714 Nisi
2983 4653 3144 4714 forte
3169 4653 3418 4716 dicatur
3439 4658 3668 4727 Deum,

2097 4743 2535 4824 cognoscendo
2569 4744 2740 4806 illam
2766 4747 3108 4808 motionem
3141 4753 3207 4808 ut
3253 4755 3354 4810 est
3379 4751 3466 4811 ab
3507 4751 3668 4829 ipse,

2095 4837 2408 4916 perillam
2447 4855 2828 4917 cognoscere
2855 4845 3212 4918 respectum
3255 4843 3340 4904 ad
3379 4843 3672 4904 volunta-

2095 4935 2223 4992 tem
2253 4937 2551 4992 creatam.
2587 4931 2766 5003 Quod
2789 4938 3002 4994 tamen
3029 4933 3152 4996 dici
3183 4953 3312 4996 non
3343 4943 3554 5014 potest
3587 4937 3668 4998 de

2094 5025 2198 5085 illa
2227 5025 2526 5100 motione,
2565 5031 2634 5086 ut
2659 5031 2754 5088 est
2777 5027 3015 5106 aliquid
3037 5035 3372 5109 receptum
3399 5033 3468 5092 in
3495 5051 3668 5092 crea-

2095 5123 2256 5192 tura.
2291 5121 2466 5194 Nam,
2505 5124 2573 5179 ut
2601 5119 2756 5180 alias
2784 5121 3054 5196 ostendi,
3087 5125 3182 5182 est
3215 5141 3350 5184 una
3391 5125 3668 5186 indivisi·

2096 5215 2302 5275 biliter
2331 5233 2368 5274 a
2395 5214 2520 5274 Deo
2551 5220 2614 5275 et
2639 5221 2950 5288 creatura,
2981 5233 3174 5294 quam
3201 5219 3375 5278 Deus
3403 5219 3665 5298 simplici

2095 5313 2158 5368 et
2191 5307 2468 5386 perfecto
2505 5312 2649 5368 actu
2677 5307 2953 5369 intuetur
2979 5315 3164 5386 prout
3191 5310 3258 5370 in
3289 5329 3360 5371 se
3391 5319 3512 5372 est.
3551 5314 3666 5374 Un-

2093 5399 2174 5460 de
2203 5419 2330 5460 non
2353 5399 2548 5479 prius,
2581 5400 2770 5462 etiam
2813 5401 3162 5464 secundum
3201 5403 3546 5476 rationem,
3573 5407 3664 5465 vi-

2092 5493 2200 5554 det
2225 5493 2392 5554 illam
2431 5499 2498 5554 ut
2523 5513 2560 5554 a
2589 5513 2679 5568 sc,
2723 5513 2914 5578 quam
2941 5500 3012 5557 ut
3051 5515 3087 5556 a
3129 5503 3448 5578 creatura,
3487 5501 3588 5560 vel
3629 5517 3661 5560 e
