<?xml version="1.0" encoding="UTF-8"?>
<!DOCTYPE html PUBLIC "-//W3C//DTD XHTML 1.0 Transitional//EN"
    "http://www.w3.org/TR/xhtml1/DTD/xhtml1-transitional.dtd">
<html xmlns="http://www.w3.org/1999/xhtml" xml:lang="en" lang="en">
 <head>
  <title>
</title>
<meta http-equiv="Content-Type" content="text/html;charset=utf-8" />
  <meta name='ocr-system' content='tesseract 3.04.00' />
  <meta name='ocr-capabilities' content='ocr_page ocr_carea ocr_par ocr_line ocrx_word'/>
</head>
<body>
  <div class='ocr_page' id='page_1' title='image "./rpfranciscisuar01duvagoog_0214.png"; bbox 0 0 3850 6225; ppageno 0'>
   <div class='ocr_carea' id='block_1_1' title="bbox 523 401 642 461">
    <p class='ocr_par' dir='ltr' id='par_1_1' title="bbox 523 401 642 461">
     <span class='ocr_line' id='line_1_1' title="bbox 523 401 642 461; baseline 0 0"><span class='ocrx_word' id='word_1_1' title='bbox 523 401 642 461; x_wconf 71' lang='lat'>200</span> 
     </span>
    </p>
   </div>
   <div class='ocr_carea' id='block_1_2' title="bbox 518 507 2086 2444">
    <p class='ocr_par' dir='ltr' id='par_1_2' title="bbox 518 507 2086 2444">
     <span class='ocr_line' id='line_1_2' title="bbox 522 507 2079 588; baseline 0.003 -21"><span class='ocrx_word' id='word_1_2' title='bbox 522 507 622 568; x_wconf 87' lang='lat' dir='ltr'>ille</span> <span class='ocrx_word' id='word_1_3' title='bbox 655 507 880 568; x_wconf 92' lang='lat' dir='ltr'>modus</span> <span class='ocrx_word' id='word_1_4' title='bbox 908 509 993 570; x_wconf 91' lang='lat' dir='ltr'>ita</span> <span class='ocrx_word' id='word_1_5' title='bbox 1021 510 1284 571; x_wconf 82' lang='lat' dir='ltr'>vocandi</span> <span class='ocrx_word' id='word_1_6' title='bbox 1319 512 1664 588; x_wconf 82' lang='lat' dir='ltr'>hominem,</span> <span class='ocrx_word' id='word_1_7' title='bbox 1698 518 1764 574; x_wconf 90' lang='lat' dir='ltr'>ut</span> <span class='ocrx_word' id='word_1_8' title='bbox 1785 513 1864 574; x_wconf 89' lang='lat' dir='ltr'>de</span> <span class='ocrx_word' id='word_1_9' title='bbox 1914 511 2079 572; x_wconf 78' lang='lat' dir='ltr'>facto</span> 
     </span>
     <span class='ocr_line' id='line_1_3' title="bbox 519 600 2081 685; baseline 0.003 -25"><span class='ocrx_word' id='word_1_10' title='bbox 519 600 730 661; x_wconf 74' lang='lat' dir='ltr'>veniat</span> <span class='ocrx_word' id='word_1_11' title='bbox 757 606 817 662; x_wconf 90' lang='lat' dir='ltr'>et</span> <span class='ocrx_word' id='word_1_12' title='bbox 847 604 1216 675; x_wconf 81' lang='lat' dir='ltr'>consentiat,</span> <span class='ocrx_word' id='word_1_13' title='bbox 1241 604 1698 666; x_wconf 74' lang='lat' dir='ltr'><strong>declarabimus</strong></span> <span class='ocrx_word' id='word_1_14' title='bbox 1717 612 1959 685; x_wconf 87' lang='lat' dir='ltr'>postea,</span> <span class='ocrx_word' id='word_1_15' title='bbox 1986 625 2081 665; x_wconf 89' lang='lat' dir='ltr'>re-</span> 
     </span>
     <span class='ocr_line' id='line_1_4' title="bbox 521 693 2084 776; baseline 0.003 -23"><span class='ocrx_word' id='word_1_16' title='bbox 521 693 892 772; x_wconf 77' lang='lat' dir='ltr'>spondendo</span> <span class='ocrx_word' id='word_1_17' title='bbox 909 695 991 755; x_wconf 92' lang='lat' dir='ltr'>ad</span> <span class='ocrx_word' id='word_1_18' title='bbox 1017 698 1348 776; x_wconf 82' lang='lat' dir='ltr'><strong>Augustini</strong></span> <span class='ocrx_word' id='word_1_19' title='bbox 1375 699 1760 772; x_wconf 86' lang='lat' dir='ltr'>testimonia;</span> <span class='ocrx_word' id='word_1_20' title='bbox 1791 718 1961 760; x_wconf 90' lang='lat' dir='ltr'>nunc</span> <span class='ocrx_word' id='word_1_21' title='bbox 1986 717 2084 758; x_wconf 87' lang='lat' dir='ltr'>so·</span> 
     </span>
     <span class='ocr_line' id='line_1_5' title="bbox 519 787 2080 872; baseline 0.004 -26"><span class='ocrx_word' id='word_1_22' title='bbox 519 787 653 847; x_wconf 90' lang='lat' dir='ltr'>lum</span> <span class='ocrx_word' id='word_1_23' title='bbox 692 793 932 848; x_wconf 89' lang='lat' dir='ltr'>certum</span> <span class='ocrx_word' id='word_1_24' title='bbox 967 790 1043 851; x_wconf 89' lang='lat' dir='ltr'>sit</span> <span class='ocrx_word' id='word_1_25' title='bbox 1078 789 1140 850; x_wconf 92' lang='lat' dir='ltr'>id</span> <span class='ocrx_word' id='word_1_26' title='bbox 1178 808 1305 850; x_wconf 89' lang='lat' dir='ltr'>non</span> <span class='ocrx_word' id='word_1_27' title='bbox 1353 794 1694 854; x_wconf 83' lang='lat' dir='ltr'><strong>consistere</strong></span> <span class='ocrx_word' id='word_1_28' title='bbox 1741 794 1808 852; x_wconf 92' lang='lat' dir='ltr'>in</span> <span class='ocrx_word' id='word_1_29' title='bbox 1847 793 2080 872; x_wconf 81' lang='lat' dir='ltr'>praede-</span> 
     </span>
     <span class='ocr_line' id='line_1_6' title="bbox 520 881 2081 965; baseline 0.003 -26"><span class='ocrx_word' id='word_1_30' title='bbox 520 881 958 942; x_wconf 78' lang='lat' dir='ltr'>terminatione</span> <span class='ocrx_word' id='word_1_31' title='bbox 988 883 1246 961; x_wconf 82' lang='lat' dir='ltr'>physica</span> <span class='ocrx_word' id='word_1_32' title='bbox 1277 884 1456 962; x_wconf 84' lang='lat' dir='ltr'>juxta</span> <span class='ocrx_word' id='word_1_33' title='bbox 1507 892 1784 946; x_wconf 86' lang='lat' dir='ltr'>mentem</span> <span class='ocrx_word' id='word_1_34' title='bbox 1834 888 2081 965; x_wconf 85' lang='lat' dir='ltr'>Augus-</span> 
     </span>
     <span class='ocr_line' id='line_1_7' title="bbox 518 973 2079 1058; baseline 0.004 -24"><span class='ocrx_word' id='word_1_35' title='bbox 518 973 650 1046; x_wconf 87' lang='lat' dir='ltr'>tini,</span> <span class='ocrx_word' id='word_1_36' title='bbox 689 980 752 1034; x_wconf 88' lang='lat' dir='ltr'>et</span> <span class='ocrx_word' id='word_1_37' title='bbox 778 975 1040 1035; x_wconf 88' lang='lat' dir='ltr'>aliorum</span> <span class='ocrx_word' id='word_1_38' title='bbox 1089 978 1502 1051; x_wconf 85' lang='lat' dir='ltr'>Sanctorum3</span> <span class='ocrx_word' id='word_1_39' title='bbox 1561 985 1700 1047; x_wconf 25' lang='lat' dir='ltr'>tum,</span> <span class='ocrx_word' id='word_1_40' title='bbox 1743 981 1890 1058; x_wconf 89' lang='lat' dir='ltr'>quia</span> <span class='ocrx_word' id='word_1_41' title='bbox 1943 979 2079 1040; x_wconf 85' lang='lat' dir='ltr'>haec</span> 
     </span>
     <span class='ocr_line' id='line_1_8' title="bbox 519 1067 2081 1146; baseline 0.004 -19"><span class='ocrx_word' id='word_1_42' title='bbox 519 1067 1086 1146; x_wconf 85' lang='lat' dir='ltr'>praedeterminatio</span> <span class='ocrx_word' id='word_1_43' title='bbox 1110 1087 1237 1130; x_wconf 91' lang='lat' dir='ltr'>non</span> <span class='ocrx_word' id='word_1_44' title='bbox 1269 1071 1339 1130; x_wconf 90' lang='lat' dir='ltr'>fit</span> <span class='ocrx_word' id='word_1_45' title='bbox 1387 1089 1464 1130; x_wconf 84' lang='lat' dir='ltr'>ex</span> <span class='ocrx_word' id='word_1_46' title='bbox 1497 1071 1557 1131; x_wconf 76' lang='lat' dir='ltr'>vi</span> <span class='ocrx_word' id='word_1_47' title='bbox 1581 1073 1969 1134; x_wconf 79' lang='lat' dir='ltr'>excitationis</span> <span class='ocrx_word' id='word_1_48' title='bbox 2018 1080 2081 1134; x_wconf 87' lang='lat' dir='ltr'>et</span> 
     </span>
     <span class='ocr_line' id='line_1_9' title="bbox 519 1160 2085 1237; baseline 0.006 -18"><span class='ocrx_word' id='word_1_49' title='bbox 519 1160 1009 1237; x_wconf 78' lang='lat' dir='ltr'>illuminationiS‚</span> <span class='ocrx_word' id='word_1_50' title='bbox 1037 1167 1106 1222; x_wconf 92' lang='lat' dir='ltr'>ut</span> <span class='ocrx_word' id='word_1_51' title='bbox 1135 1169 1454 1224; x_wconf 91' lang='lat' dir='ltr'>ostensum</span> <span class='ocrx_word' id='word_1_52' title='bbox 1496 1169 1625 1236; x_wconf 78' lang='lat' dir='ltr'>est3</span> <span class='ocrx_word' id='word_1_53' title='bbox 1659 1183 1788 1225; x_wconf 91' lang='lat' dir='ltr'>non</span> <span class='ocrx_word' id='word_1_54' title='bbox 1817 1167 1983 1226; x_wconf 88' lang='lat' dir='ltr'>enim</span> <span class='ocrx_word' id='word_1_55' title='bbox 2016 1167 2085 1228; x_wconf 83' lang='lat' dir='ltr'>fit</span> 
     </span>
     <span class='ocr_line' id='line_1_10' title="bbox 519 1253 2086 1327; baseline 0.004 -13"><span class='ocrx_word' id='word_1_56' title='bbox 519 1253 741 1315; x_wconf 89' lang='lat' dir='ltr'>morali</span> <span class='ocrx_word' id='word_1_57' title='bbox 777 1255 988 1327; x_wconf 87' lang='lat' dir='ltr'>mode,</span> <span class='ocrx_word' id='word_1_58' title='bbox 1035 1255 1358 1317; x_wconf 88' lang='lat' dir='ltr'>suadendo</span> <span class='ocrx_word' id='word_1_59' title='bbox 1390 1263 1450 1318; x_wconf 89' lang='lat' dir='ltr'>et</span> <span class='ocrx_word' id='word_1_60' title='bbox 1494 1258 1822 1321; x_wconf 87' lang='lat' dir='ltr'>afficiendo</span> <span class='ocrx_word' id='word_1_61' title='bbox 1863 1261 2086 1321; x_wconf 83' lang='lat' dir='ltr'>volun-</span> 
     </span>
     <span class='ocr_line' id='line_1_11' title="bbox 519 1349 2084 1430; baseline 0.004 -22"><span class='ocrx_word' id='word_1_62' title='bbox 519 1351 710 1408; x_wconf 89' lang='lat' dir='ltr'>tatem</span> <span class='ocrx_word' id='word_1_63' title='bbox 761 1365 876 1425; x_wconf 88' lang='lat' dir='ltr'>per</span> <span class='ocrx_word' id='word_1_64' title='bbox 921 1349 1163 1428; x_wconf 87' lang='lat' dir='ltr'>aliquos</span> <span class='ocrx_word' id='word_1_65' title='bbox 1211 1356 1386 1411; x_wconf 89' lang='lat' dir='ltr'>actus</span> <span class='ocrx_word' id='word_1_66' title='bbox 1435 1355 1544 1412; x_wconf 87' lang='lat' dir='ltr'>aut</span> <span class='ocrx_word' id='word_1_67' title='bbox 1570 1353 1834 1430; x_wconf 82' lang='lat' dir='ltr'>praevios</span> <span class='ocrx_word' id='word_1_68' title='bbox 1875 1360 2084 1414; x_wconf 89' lang='lat' dir='ltr'>motus</span> 
     </span>
     <span class='ocr_line' id='line_1_12' title="bbox 518 1441 2084 1524; baseline 0.004 -23"><span class='ocrx_word' id='word_1_69' title='bbox 518 1441 760 1507; x_wconf 81' lang='lat' dir='ltr'>vitales,</span> <span class='ocrx_word' id='word_1_70' title='bbox 795 1441 909 1501; x_wconf 90' lang='lat' dir='ltr'>sed</span> <span class='ocrx_word' id='word_1_71' title='bbox 949 1442 1152 1502; x_wconf 90' lang='lat' dir='ltr'>solum</span> <span class='ocrx_word' id='word_1_72' title='bbox 1193 1461 1272 1504; x_wconf 85' lang='lat' dir='ltr'>ex</span> <span class='ocrx_word' id='word_1_73' title='bbox 1315 1451 1494 1523; x_wconf 87' lang='lat' dir='ltr'>parte</span> <span class='ocrx_word' id='word_1_74' title='bbox 1536 1446 1851 1524; x_wconf 62' lang='lat' dir='ltr'>potentiae,</span> <span class='ocrx_word' id='word_1_75' title='bbox 1883 1447 2084 1507; x_wconf 89' lang='lat' dir='ltr'>deter-</span> 
     </span>
     <span class='ocr_line' id='line_1_13' title="bbox 519 1533 2078 1617; baseline 0.004 -23"><span class='ocrx_word' id='word_1_76' title='bbox 519 1533 820 1594; x_wconf 88' lang='lat' dir='ltr'>minando</span> <span class='ocrx_word' id='word_1_77' title='bbox 848 1533 1018 1594; x_wconf 85' lang='lat' dir='ltr'>illam</span> <span class='ocrx_word' id='word_1_78' title='bbox 1049 1536 1226 1615; x_wconf 86' lang='lat' dir='ltr'>quasi</span> <span class='ocrx_word' id='word_1_79' title='bbox 1255 1539 1314 1598; x_wconf 83' lang='lat' dir='ltr'>vi</span> <span class='ocrx_word' id='word_1_80' title='bbox 1365 1537 1673 1617; x_wconf 87' lang='lat' dir='ltr'>quadam;</span> <span class='ocrx_word' id='word_1_81' title='bbox 1709 1545 1772 1600; x_wconf 89' lang='lat' dir='ltr'>at</span> <span class='ocrx_word' id='word_1_82' title='bbox 1810 1557 1959 1600; x_wconf 80' lang='lat' dir='ltr'>vero</span> <span class='ocrx_word' id='word_1_83' title='bbox 2005 1541 2078 1600; x_wconf 89' lang='lat' dir='ltr'>D.</span> 
     </span>
     <span class='ocr_line' id='line_1_14' title="bbox 519 1626 2086 1712; baseline 0.003 -25"><span class='ocrx_word' id='word_1_84' title='bbox 519 1626 906 1706; x_wconf 78' lang='lat' dir='ltr'>Augustinus</span> <span class='ocrx_word' id='word_1_85' title='bbox 925 1645 1176 1707; x_wconf 85' lang='lat' dir='ltr'>semper</span> <span class='ocrx_word' id='word_1_86' title='bbox 1195 1629 1471 1691; x_wconf 89' lang='lat' dir='ltr'>declarat</span> <span class='ocrx_word' id='word_1_87' title='bbox 1485 1631 1652 1692; x_wconf 85' lang='lat' dir='ltr'>hunc</span> <span class='ocrx_word' id='word_1_88' title='bbox 1679 1636 1945 1694; x_wconf 87' lang='lat' dir='ltr'>tractum</span> <span class='ocrx_word' id='word_1_89' title='bbox 1972 1651 2086 1712; x_wconf 89' lang='lat' dir='ltr'>per</span> 
     </span>
     <span class='ocr_line' id='line_1_15' title="bbox 519 1705 2085 1803; baseline 0.004 -24"><span class='ocrx_word' id='word_1_90' title='bbox 519 1719 822 1781; x_wconf 83' lang='lat' dir='ltr'>moralem</span> <span class='ocrx_word' id='word_1_91' title='bbox 851 1705 1359 1798; x_wconf 62' lang='lat' dir='ltr'>persuasionem}</span> <span class='ocrx_word' id='word_1_92' title='bbox 1393 1730 1526 1786; x_wconf 87' lang='lat' dir='ltr'>tum</span> <span class='ocrx_word' id='word_1_93' title='bbox 1561 1723 1752 1786; x_wconf 87' lang='lat' dir='ltr'>etiam</span> <span class='ocrx_word' id='word_1_94' title='bbox 1797 1726 1945 1803; x_wconf 84' lang='lat' dir='ltr'>quia</span> <span class='ocrx_word' id='word_1_95' title='bbox 1979 1726 2085 1786; x_wconf 87' lang='lat' dir='ltr'>illa</span> 
     </span>
     <span class='ocr_line' id='line_1_16' title="bbox 520 1812 2085 1893; baseline 0.007 -23"><span class='ocrx_word' id='word_1_96' title='bbox 520 1812 779 1891; x_wconf 83' lang='lat' dir='ltr'>physica</span> <span class='ocrx_word' id='word_1_97' title='bbox 809 1813 1380 1893; x_wconf 78' lang='lat' dir='ltr'>praedeteminatio</span> <span class='ocrx_word' id='word_1_98' title='bbox 1421 1836 1550 1879; x_wconf 91' lang='lat' dir='ltr'>non</span> <span class='ocrx_word' id='word_1_99' title='bbox 1577 1823 1673 1878; x_wconf 91' lang='lat' dir='ltr'>est</span> <span class='ocrx_word' id='word_1_100' title='bbox 1701 1818 1764 1878; x_wconf 87' lang='lat' dir='ltr'>in</span> <span class='ocrx_word' id='word_1_101' title='bbox 1794 1819 2085 1881; x_wconf 89' lang='lat' dir='ltr'>manibus</span> 
     </span>
     <span class='ocr_line' id='line_1_17' title="bbox 523 1903 2084 1991; baseline 0.006 -28"><span class='ocrx_word' id='word_1_102' title='bbox 523 1903 820 1978; x_wconf 90' lang='lat' dir='ltr'>hominis,</span> <span class='ocrx_word' id='word_1_103' title='bbox 850 1924 968 1966; x_wconf 89' lang='lat' dir='ltr'>nec</span> <span class='ocrx_word' id='word_1_104' title='bbox 1013 1915 1224 1986; x_wconf 84' lang='lat' dir='ltr'>posset</span> <span class='ocrx_word' id='word_1_105' title='bbox 1263 1910 1400 1988; x_wconf 87' lang='lat' dir='ltr'>ejus</span> <span class='ocrx_word' id='word_1_106' title='bbox 1443 1911 1640 1988; x_wconf 82' lang='lat' dir='ltr'>culpae</span> <span class='ocrx_word' id='word_1_107' title='bbox 1685 1911 1872 1972; x_wconf 87' lang='lat' dir='ltr'>tribui</span> <span class='ocrx_word' id='word_1_108' title='bbox 1915 1912 2084 1991; x_wconf 89' lang='lat' dir='ltr'>quod</span> 
     </span>
     <span class='ocr_line' id='line_1_18' title="bbox 525 1995 2083 2081; baseline 0.008 -27"><span class='ocrx_word' id='word_1_109' title='bbox 525 1995 696 2056; x_wconf 88' lang='lat' dir='ltr'>illam</span> <span class='ocrx_word' id='word_1_110' title='bbox 725 2016 854 2058; x_wconf 93' lang='lat' dir='ltr'>non</span> <span class='ocrx_word' id='word_1_111' title='bbox 900 2000 1152 2073; x_wconf 89' lang='lat' dir='ltr'>habeat,</span> <span class='ocrx_word' id='word_1_112' title='bbox 1187 2007 1254 2062; x_wconf 87' lang='lat' dir='ltr'>ut</span> <span class='ocrx_word' id='word_1_113' title='bbox 1301 2003 1366 2063; x_wconf 92' lang='lat' dir='ltr'>in</span> <span class='ocrx_word' id='word_1_114' title='bbox 1414 2002 1836 2081; x_wconf 89' lang='lat' dir='ltr'>superioribus</span> <span class='ocrx_word' id='word_1_115' title='bbox 1880 2005 2083 2067; x_wconf 82' lang='lat' dir='ltr'>visum</span> 
     </span>
     <span class='ocr_line' id='line_1_19' title="bbox 523 2093 2084 2174; baseline 0.008 -26"><span class='ocrx_word' id='word_1_116' title='bbox 523 2095 649 2161; x_wconf 87' lang='lat' dir='ltr'>cst;</span> <span class='ocrx_word' id='word_1_117' title='bbox 692 2093 855 2152; x_wconf 88' lang='lat' dir='ltr'>trahi</span> <span class='ocrx_word' id='word_1_118' title='bbox 883 2099 1094 2155; x_wconf 88' lang='lat' dir='ltr'>autem</span> <span class='ocrx_word' id='word_1_119' title='bbox 1147 2100 1208 2156; x_wconf 88' lang='lat' dir='ltr'>et</span> <span class='ocrx_word' id='word_1_120' title='bbox 1255 2096 1554 2170; x_wconf 82' lang='lat' dir='ltr'>converti,</span> <span class='ocrx_word' id='word_1_121' title='bbox 1587 2095 1947 2174; x_wconf 84' lang='lat' dir='ltr'>simpliciter</span> <span class='ocrx_word' id='word_1_122' title='bbox 1990 2107 2084 2162; x_wconf 84' lang='lat' dir='ltr'>est</span> 
     </span>
     <span class='ocr_line' id='line_1_20' title="bbox 523 2182 2085 2267; baseline 0.009 -26"><span class='ocrx_word' id='word_1_123' title='bbox 523 2182 588 2242; x_wconf 88' lang='lat' dir='ltr'>in</span> <span class='ocrx_word' id='word_1_124' title='bbox 631 2190 936 2261; x_wconf 81' lang='lat' dir='ltr'>potestate</span> <span class='ocrx_word' id='word_1_125' title='bbox 971 2187 1263 2262; x_wconf 89' lang='lat' dir='ltr'>heminis,</span> <span class='ocrx_word' id='word_1_126' title='bbox 1299 2206 1376 2249; x_wconf 90' lang='lat' dir='ltr'>ex</span> <span class='ocrx_word' id='word_1_127' title='bbox 1425 2190 1606 2267; x_wconf 86' lang='lat' dir='ltr'>cujus</span> <span class='ocrx_word' id='word_1_128' title='bbox 1655 2191 1977 2254; x_wconf 76' lang='lat' dir='ltr'>voluntate</span> <span class='ocrx_word' id='word_1_129' title='bbox 2022 2198 2085 2254; x_wconf 86' lang='lat' dir='ltr'>ct</span> 
     </span>
     <span class='ocr_line' id='line_1_21' title="bbox 525 2277 2085 2359; baseline 0.008 -25"><span class='ocrx_word' id='word_1_130' title='bbox 525 2277 714 2356; x_wconf 90' lang='lat' dir='ltr'>culpa</span> <span class='ocrx_word' id='word_1_131' title='bbox 741 2279 1050 2358; x_wconf 85' lang='lat' dir='ltr'>provenit,</span> <span class='ocrx_word' id='word_1_132' title='bbox 1083 2281 1277 2359; x_wconf 86' lang='lat' dir='ltr'>quod,</span> <span class='ocrx_word' id='word_1_133' title='bbox 1314 2300 1460 2343; x_wconf 90' lang='lat' dir='ltr'>cum</span> <span class='ocrx_word' id='word_1_134' title='bbox 1509 2282 1812 2346; x_wconf 82' lang='lat' dir='ltr'>excitatur</span> <span class='ocrx_word' id='word_1_135' title='bbox 1864 2291 1926 2345; x_wconf 89' lang='lat' dir='ltr'>et</span> <span class='ocrx_word' id='word_1_136' title='bbox 1978 2305 2085 2347; x_wconf 88' lang='lat' dir='ltr'>vo-</span> 
     </span>
     <span class='ocr_line' id='line_1_22' title="bbox 527 2373 1438 2444; baseline 0.008 -15"><span class='ocrx_word' id='word_1_137' title='bbox 527 2378 726 2444; x_wconf 87' lang='lat' dir='ltr'>catur,</span> <span class='ocrx_word' id='word_1_138' title='bbox 758 2389 885 2432; x_wconf 91' lang='lat' dir='ltr'>non</span> <span class='ocrx_word' id='word_1_139' title='bbox 915 2373 1102 2435; x_wconf 86' lang='lat' dir='ltr'>etiam</span> <span class='ocrx_word' id='word_1_140' title='bbox 1131 2375 1438 2436; x_wconf 88' lang='lat' dir='ltr'>trahatur.</span> 
     </span>
    </p>
   </div>
   <div class='ocr_carea' id='block_1_3' title="bbox 525 2571 2089 2748">
    <p class='ocr_par' dir='ltr' id='par_1_3' title="bbox 525 2571 2089 2748">
     <span class='ocr_line' id='line_1_23' title="bbox 525 2571 2089 2662; baseline 0.003 -24"><span class='ocrx_word' id='word_1_141' title='bbox 525 2571 884 2658; x_wconf 59' lang='lat' dir='ltr'>Reponitur</span> <span class='ocrx_word' id='word_1_142' title='bbox 928 2577 1093 2642; x_wconf 72' lang='lat' dir='ltr'>locus</span> <span class='ocrx_word' id='word_1_143' title='bbox 1137 2579 1400 2643; x_wconf 73' lang='lat' dir='ltr'>loannis</span> <span class='ocrx_word' id='word_1_144' title='bbox 1449 2581 1523 2641; x_wconf 81' lang='lat'>6:</span> <span class='ocrx_word' id='word_1_145' title='bbox 1565 2581 1781 2642; x_wconf 89' lang='lat' dir='ltr'>Omnis</span> <span class='ocrx_word' id='word_1_146' title='bbox 1825 2583 1932 2662; x_wconf 90' lang='lat' dir='ltr'>qui</span> <span class='ocrx_word' id='word_1_147' title='bbox 1976 2599 2089 2642; x_wconf 88' lang='lat' dir='ltr'>au-</span> 
     </span>
     <span class='ocr_line' id='line_1_24' title="bbox 1009 2672 1596 2748; baseline 0.003 -16"><span class='ocrx_word' id='word_1_148' title='bbox 1009 2672 1159 2733; x_wconf 82' lang='lat' dir='ltr'>divit</span> <span class='ocrx_word' id='word_1_149' title='bbox 1185 2691 1220 2734; x_wconf 88' lang='lat' dir='ltr'>a</span> <span class='ocrx_word' id='word_1_150' title='bbox 1247 2675 1454 2748; x_wconf 89' lang='lat' dir='ltr'>Patre,</span> <span class='ocrx_word' id='word_1_151' title='bbox 1486 2680 1596 2738; x_wconf 75' lang='lat' dir='ltr'>etc.</span> 
     </span>
    </p>
   </div>
   <div class='ocr_carea' id='block_1_4' title="bbox 513 2846 2095 5645">
    <p class='ocr_par' dir='ltr' id='par_1_4' title="bbox 513 2846 2095 5645">
     <span class='ocr_line' id='line_1_25' title="bbox 606 2846 2091 2926; baseline -0.001 -17"><span class='ocrx_word' id='word_1_152' title='bbox 606 2849 668 2909; x_wconf 87' lang='grc'>9.</span> <span class='ocrx_word' id='word_1_153' title='bbox 713 2846 1068 2910; x_wconf 88' lang='lat' dir='ltr'>Secundum</span> <span class='ocrx_word' id='word_1_154' title='bbox 1125 2847 1552 2907; x_wconf 87' lang='lat' dir='ltr'>testimonium</span> <span class='ocrx_word' id='word_1_155' title='bbox 1609 2846 1896 2926; x_wconf 86' lang='lat' dir='ltr'>ejusdem</span> <span class='ocrx_word' id='word_1_156' title='bbox 1960 2849 2091 2909; x_wconf 81' lang='lat' dir='ltr'>sere</span> 
     </span>
     <span class='ocr_line' id='line_1_26' title="bbox 528 2939 2091 3018; baseline 0.001 -18"><span class='ocrx_word' id='word_1_157' title='bbox 528 2940 786 3002; x_wconf 86' lang='lat' dir='ltr'>rationis</span> <span class='ocrx_word' id='word_1_158' title='bbox 823 2947 916 3000; x_wconf 89' lang='lat' dir='ltr'>est</span> <span class='ocrx_word' id='word_1_159' title='bbox 937 2957 1078 3000; x_wconf 92' lang='lat' dir='ltr'>cum</span> <span class='ocrx_word' id='word_1_160' title='bbox 1107 2939 1540 3018; x_wconf 84' lang='lat' dir='ltr'>praeeedente;</span> <span class='ocrx_word' id='word_1_161' title='bbox 1575 2957 1722 3000; x_wconf 84' lang='lat' dir='ltr'>nam</span> <span class='ocrx_word' id='word_1_162' title='bbox 1753 2941 1852 3000; x_wconf 88' lang='lat' dir='ltr'>illa</span> <span class='ocrx_word' id='word_1_163' title='bbox 1897 2942 2091 3002; x_wconf 78' lang='lat' dir='ltr'>verba</span> 
     </span>
     <span class='ocr_line' id='line_1_27' title="bbox 529 3033 2091 3113; baseline -0.001 -19"><span class='ocrx_word' id='word_1_164' title='bbox 529 3039 987 3113; x_wconf 81' lang='lat' dir='ltr'>consequenter</span> <span class='ocrx_word' id='word_1_165' title='bbox 1047 3033 1210 3094; x_wconf 89' lang='lat' dir='ltr'>dicta</span> <span class='ocrx_word' id='word_1_166' title='bbox 1267 3040 1412 3094; x_wconf 88' lang='lat' dir='ltr'>sunt</span> <span class='ocrx_word' id='word_1_167' title='bbox 1471 3053 1510 3093; x_wconf 89' lang='lat' dir='ltr'>a</span> <span class='ocrx_word' id='word_1_168' title='bbox 1557 3033 1795 3094; x_wconf 89' lang='lat' dir='ltr'>Christo</span> <span class='ocrx_word' id='word_1_169' title='bbox 1825 3033 2091 3093; x_wconf 88' lang='lat' dir='ltr'>Domino</span> 
     </span>
     <span class='ocr_line' id='line_1_28' title="bbox 528 3127 2086 3207; baseline 0 -20"><span class='ocrx_word' id='word_1_170' title='bbox 528 3132 670 3206; x_wconf 88' lang='lat' dir='ltr'>post</span> <span class='ocrx_word' id='word_1_171' title='bbox 725 3127 1168 3207; x_wconf 71' lang='lat' dir='ltr'>praecedentia,</span> <span class='ocrx_word' id='word_1_172' title='bbox 1227 3134 1290 3188; x_wconf 87' lang='lat' dir='ltr'>et</span> <span class='ocrx_word' id='word_1_173' title='bbox 1341 3128 1424 3188; x_wconf 89' lang='lat' dir='ltr'>ad</span> <span class='ocrx_word' id='word_1_174' title='bbox 1469 3127 1918 3189; x_wconf 89' lang='lat' dir='ltr'>declarandum</span> <span class='ocrx_word' id='word_1_175' title='bbox 1960 3127 2086 3189; x_wconf 86' lang='lat' dir='ltr'>illa.</span> 
     </span>
     <span class='ocr_line' id='line_1_29' title="bbox 529 3220 2093 3301; baseline 0.001 -21"><span class='ocrx_word' id='word_1_176' title='bbox 529 3220 868 3280; x_wconf 83' lang='lat' dir='ltr'>Possumus</span> <span class='ocrx_word' id='word_1_177' title='bbox 901 3224 1114 3281; x_wconf 86' lang='lat' dir='ltr'>autem</span> <span class='ocrx_word' id='word_1_178' title='bbox 1153 3221 1273 3282; x_wconf 88' lang='lat' dir='ltr'>hoc</span> <span class='ocrx_word' id='word_1_179' title='bbox 1318 3221 1456 3282; x_wconf 86' lang='lat' dir='ltr'>loco</span> <span class='ocrx_word' id='word_1_180' title='bbox 1488 3222 1832 3301; x_wconf 85' lang='lat' dir='ltr'>adjungere</span> <span class='ocrx_word' id='word_1_181' title='bbox 1875 3222 1940 3281; x_wconf 85' lang='lat' dir='ltr'>in</span> <span class='ocrx_word' id='word_1_182' title='bbox 1976 3221 2093 3282; x_wconf 88' lang='lat' dir='ltr'>illis</span> 
     </span>
     <span class='ocr_line' id='line_1_30' title="bbox 527 3312 2094 3375; baseline 0.002 -3"><span class='ocrx_word' id='word_1_183' title='bbox 527 3312 736 3375; x_wconf 79' lang='lat' dir='ltr'>verbis</span> <span class='ocrx_word' id='word_1_184' title='bbox 761 3332 892 3374; x_wconf 87' lang='lat' dir='ltr'>uon</span> <span class='ocrx_word' id='word_1_185' title='bbox 931 3318 1176 3375; x_wconf 89' lang='lat' dir='ltr'>tantum</span> <span class='ocrx_word' id='word_1_186' title='bbox 1223 3332 1361 3375; x_wconf 88' lang='lat' dir='ltr'>esse</span> <span class='ocrx_word' id='word_1_187' title='bbox 1415 3332 1772 3375; x_wconf 88' lang='lat' dir='ltr'>sermonem</span> <span class='ocrx_word' id='word_1_188' title='bbox 1805 3315 1884 3375; x_wconf 93' lang='lat' dir='ltr'>de</span> <span class='ocrx_word' id='word_1_189' title='bbox 1934 3314 2094 3375; x_wconf 84' lang='lat' dir='ltr'>exci-</span> 
     </span>
     <span class='ocr_line' id='line_1_31' title="bbox 529 3406 2093 3487; baseline 0.001 -20"><span class='ocrx_word' id='word_1_190' title='bbox 529 3410 700 3467; x_wconf 80' lang='lat' dir='ltr'>tante</span> <span class='ocrx_word' id='word_1_191' title='bbox 731 3406 952 3484; x_wconf 85' lang='lat' dir='ltr'>gratia,</span> <span class='ocrx_word' id='word_1_192' title='bbox 1015 3408 1126 3468; x_wconf 87' lang='lat' dir='ltr'>sed</span> <span class='ocrx_word' id='word_1_193' title='bbox 1179 3409 1366 3469; x_wconf 89' lang='lat' dir='ltr'>etiam</span> <span class='ocrx_word' id='word_1_194' title='bbox 1413 3408 1492 3469; x_wconf 91' lang='lat' dir='ltr'>de</span> <span class='ocrx_word' id='word_1_195' title='bbox 1533 3409 1890 3487; x_wconf 80' lang='lat' dir='ltr'>adjuvante,</span> <span class='ocrx_word' id='word_1_196' title='bbox 1923 3408 2093 3487; x_wconf 89' lang='lat' dir='ltr'>quod</span> 
     </span>
     <span class='ocr_line' id='line_1_32' title="bbox 531 3500 2085 3579; baseline 0.003 -20"><span class='ocrx_word' id='word_1_197' title='bbox 531 3500 918 3579; x_wconf 79' lang='lat' dir='ltr'>Augustinus</span> <span class='ocrx_word' id='word_1_198' title='bbox 965 3500 1113 3561; x_wconf 88' lang='lat' dir='ltr'>satis</span> <span class='ocrx_word' id='word_1_199' title='bbox 1157 3500 1526 3579; x_wconf 86' lang='lat' dir='ltr'>significavit</span> <span class='ocrx_word' id='word_1_200' title='bbox 1573 3502 1680 3561; x_wconf 87' lang='lat' dir='ltr'>lib.</span> <span class='ocrx_word' id='word_1_201' title='bbox 1719 3506 1742 3563; x_wconf 80' lang='grc'>1</span> <span class='ocrx_word' id='word_1_202' title='bbox 1793 3502 1871 3562; x_wconf 91' lang='lat' dir='ltr'>de</span> <span class='ocrx_word' id='word_1_203' title='bbox 1917 3502 2085 3563; x_wconf 89' lang='lat' dir='ltr'>Grat.</span> 
     </span>
     <span class='ocr_line' id='line_1_33' title="bbox 531 3592 2085 3674; baseline 0.001 -21"><span class='ocrx_word' id='word_1_204' title='bbox 531 3592 778 3668; x_wconf 85' lang='lat' dir='ltr'>Christi,</span> <span class='ocrx_word' id='word_1_205' title='bbox 807 3612 861 3654; x_wconf 92' lang='lat' dir='ltr'>c.</span> <span class='ocrx_word' id='word_1_206' title='bbox 892 3596 990 3665; x_wconf 74' lang='grc' dir='ltr'>Μ,</span> <span class='ocrx_word' id='word_1_207' title='bbox 1023 3594 1128 3655; x_wconf 88' lang='lat' dir='ltr'>ubi</span> <span class='ocrx_word' id='word_1_208' title='bbox 1151 3600 1426 3657; x_wconf 86' lang='lat' dir='ltr'>tractans</span> <span class='ocrx_word' id='word_1_209' title='bbox 1455 3597 1584 3656; x_wconf 85' lang='lat' dir='ltr'>haec</span> <span class='ocrx_word' id='word_1_210' title='bbox 1609 3595 1824 3668; x_wconf 82' lang='lat' dir='ltr'>verba,</span> <span class='ocrx_word' id='word_1_211' title='bbox 1853 3595 2085 3674; x_wconf 84' lang='lat' dir='ltr'>inquit:</span> 
     </span>
     <span class='ocr_line' id='line_1_34' title="bbox 536 3684 2092 3771; baseline -0.001 -22"><span class='ocrx_word' id='word_1_212' title='bbox 536 3684 687 3761; x_wconf 61' lang='lat' dir='ltr'>oecis</span> <span class='ocrx_word' id='word_1_213' title='bbox 717 3703 836 3748; x_wconf 78' lang='lat' dir='ltr'>noa.</span> <span class='ocrx_word' id='word_1_214' title='bbox 863 3684 1081 3762; x_wconf 71' lang='lat' dir='ltr'>videat,</span> <span class='ocrx_word' id='word_1_215' title='bbox 1125 3693 1186 3751; x_wconf 78' lang='lat' dir='ltr'>et</span> <span class='ocrx_word' id='word_1_216' title='bbox 1222 3689 1424 3751; x_wconf 74' lang='lat' dir='ltr'>venire</span> <span class='ocrx_word' id='word_1_217' title='bbox 1454 3706 1826 3771; x_wconf 71' lang='lat' dir='ltr'>quemquam,</span> <span class='ocrx_word' id='word_1_218' title='bbox 1871 3693 1931 3750; x_wconf 75' lang='lat' dir='ltr'>et</span> <span class='ocrx_word' id='word_1_219' title='bbox 1973 3706 2092 3749; x_wconf 75' lang='lat' dir='ltr'>non</span> 
     </span>
     <span class='ocr_line' id='line_1_35' title="bbox 529 3778 2092 3853; baseline 0.002 -13"><span class='ocrx_word' id='word_1_220' title='bbox 529 3780 752 3853; x_wconf 75' lang='lat' dir='ltr'>venire,</span> <span class='ocrx_word' id='word_1_221' title='bbox 783 3778 1036 3843; x_wconf 78' lang='lat' dir='ltr'>arbitrio</span> <span class='ocrx_word' id='word_1_222' title='bbox 1072 3782 1448 3845; x_wconf 78' lang='lat' dir='ltr'>voluntatis?</span> <span class='ocrx_word' id='word_1_223' title='bbox 1475 3782 1604 3845; x_wconf 78' lang='lat' dir='ltr'>Sed</span> <span class='ocrx_word' id='word_1_224' title='bbox 1629 3784 1736 3845; x_wconf 75' lang='grc' dir='ltr'>Ιιοο</span> <span class='ocrx_word' id='word_1_225' title='bbox 1767 3782 2092 3845; x_wconf 70' lang='lat' dir='ltr'>arbitrium</span> 
     </span>
     <span class='ocr_line' id='line_1_36' title="bbox 522 3874 2092 3957; baseline 0.003 -23"><span class='ocrx_word' id='word_1_226' title='bbox 522 3877 868 3955; x_wconf 73' lang='lat' dir='ltr'>potestesse</span> <span class='ocrx_word' id='word_1_227' title='bbox 897 3874 1111 3949; x_wconf 73' lang='lat' dir='ltr'>solum,</span> <span class='ocrx_word' id='word_1_228' title='bbox 1161 3876 1222 3938; x_wconf 74' lang='lat' dir='ltr'>si</span> <span class='ocrx_word' id='word_1_229' title='bbox 1244 3892 1364 3937; x_wconf 79' lang='lat' dir='ltr'>non</span> <span class='ocrx_word' id='word_1_230' title='bbox 1405 3877 1605 3948; x_wconf 75' lang='lat' dir='ltr'>venit,·</span> <span class='ocrx_word' id='word_1_231' title='bbox 1625 3892 1744 3936; x_wconf 77' lang='lat' dir='ltr'>uon</span> <span class='ocrx_word' id='word_1_232' title='bbox 1763 3879 1965 3957; x_wconf 73' lang='lat' dir='ltr'>potest</span> <span class='ocrx_word' id='word_1_233' title='bbox 1986 3894 2092 3938; x_wconf 70' lang='lat' dir='ltr'>aw-</span> 
     </span>
     <span class='ocr_line' id='line_1_37' title="bbox 531 3968 2089 4049; baseline 0 -20"><span class='ocrx_word' id='word_1_234' title='bbox 531 3972 648 4029; x_wconf 76' lang='lat' dir='ltr'>tom</span> <span class='ocrx_word' id='word_1_235' title='bbox 675 3985 802 4031; x_wconf 72' lang='lat' dir='ltr'>esse</span> <span class='ocrx_word' id='word_1_236' title='bbox 821 3968 949 4031; x_wconf 77' lang='lat' dir='ltr'>nisi</span> <span class='ocrx_word' id='word_1_237' title='bbox 971 3969 1273 4049; x_wconf 74' lang='lat' dir='ltr'>adjutum,</span> <span class='ocrx_word' id='word_1_238' title='bbox 1301 3968 1360 4031; x_wconf 76' lang='lat' dir='ltr'>ei</span> <span class='ocrx_word' id='word_1_239' title='bbox 1377 3971 1560 4034; x_wconf 74' lang='lat' dir='ltr'>teuit.</span> <span class='ocrx_word' id='word_1_240' title='bbox 1595 3971 1732 4031; x_wconf 89' lang='lat' dir='ltr'>Non</span> <span class='ocrx_word' id='word_1_241' title='bbox 1759 3970 1929 4033; x_wconf 84' lang='lat' dir='ltr'>dicit.</span> <span class='ocrx_word' id='word_1_242' title='bbox 1972 3969 2089 4029; x_wconf 85' lang='lat' dir='ltr'>nisi</span> 
     </span>
     <span class='ocr_line' id='line_1_38' title="bbox 531 4060 2095 4147; baseline 0.003 -29"><span class='ocrx_word' id='word_1_243' title='bbox 531 4060 786 4139; x_wconf 84' lang='lat' dir='ltr'>physice</span> <span class='ocrx_word' id='word_1_244' title='bbox 801 4061 1442 4140; x_wconf 58' lang='lat' dir='ltr'>praedeterminatum,</span> <span class='ocrx_word' id='word_1_245' title='bbox 1464 4063 1575 4123; x_wconf 90' lang='lat' dir='ltr'>sed</span> <span class='ocrx_word' id='word_1_246' title='bbox 1593 4064 1906 4147; x_wconf 68' lang='lat' dir='ltr'>adjutum;</span> <span class='ocrx_word' id='word_1_247' title='bbox 1923 4062 2095 4142; x_wconf 90' lang='lat' dir='ltr'>quod</span> 
     </span>
     <span class='ocr_line' id='line_1_39' title="bbox 529 4154 2087 4232; baseline 0.003 -19"><span class='ocrx_word' id='word_1_248' title='bbox 529 4154 711 4216; x_wconf 81' lang='lat' dir='ltr'>valde</span> <span class='ocrx_word' id='word_1_249' title='bbox 737 4155 1054 4217; x_wconf 86' lang='lat' dir='ltr'>diversum</span> <span class='ocrx_word' id='word_1_250' title='bbox 1079 4162 1198 4232; x_wconf 89' lang='lat' dir='ltr'>cst,</span> <span class='ocrx_word' id='word_1_251' title='bbox 1227 4164 1296 4219; x_wconf 90' lang='lat' dir='ltr'>ut</span> <span class='ocrx_word' id='word_1_252' title='bbox 1331 4176 1410 4218; x_wconf 86' lang='lat' dir='ltr'>ex</span> <span class='ocrx_word' id='word_1_253' title='bbox 1435 4157 1616 4218; x_wconf 86' lang='lat' dir='ltr'>dictis</span> <span class='ocrx_word' id='word_1_254' title='bbox 1637 4161 1900 4229; x_wconf 88' lang='lat' dir='ltr'>constat,</span> <span class='ocrx_word' id='word_1_255' title='bbox 1934 4164 1997 4218; x_wconf 87' lang='lat' dir='ltr'>et</span> <span class='ocrx_word' id='word_1_256' title='bbox 2022 4157 2087 4218; x_wconf 89' lang='lat' dir='ltr'>in</span> 
     </span>
     <span class='ocr_line' id='line_1_40' title="bbox 529 4250 2093 4332; baseline 0.001 -21"><span class='ocrx_word' id='word_1_257' title='bbox 529 4250 934 4329; x_wconf 87' lang='lat' dir='ltr'>sequentibus</span> <span class='ocrx_word' id='word_1_258' title='bbox 988 4251 1258 4332; x_wconf 89' lang='lat' dir='ltr'>amplius</span> <span class='ocrx_word' id='word_1_259' title='bbox 1309 4251 1853 4312; x_wconf 83' lang='lat' dir='ltr'>demonstrabitur.</span> <span class='ocrx_word' id='word_1_260' title='bbox 1905 4251 2093 4312; x_wconf 84' lang='lat' dir='ltr'>Juxta</span> 
     </span>
     <span class='ocr_line' id='line_1_41' title="bbox 531 4344 2094 4425; baseline 0.001 -22"><span class='ocrx_word' id='word_1_261' title='bbox 531 4344 692 4406; x_wconf 88' lang='lat' dir='ltr'>hanc</span> <span class='ocrx_word' id='word_1_262' title='bbox 723 4350 937 4406; x_wconf 89' lang='lat' dir='ltr'>autem</span> <span class='ocrx_word' id='word_1_263' title='bbox 971 4346 1420 4425; x_wconf 85' lang='lat' dir='ltr'>expositionem</span> <span class='ocrx_word' id='word_1_264' title='bbox 1455 4350 1666 4423; x_wconf 88' lang='lat' dir='ltr'>posset</span> <span class='ocrx_word' id='word_1_265' title='bbox 1695 4345 1834 4423; x_wconf 88' lang='lat' dir='ltr'>quis</span> <span class='ocrx_word' id='word_1_266' title='bbox 1877 4344 2094 4405; x_wconf 82' lang='lat' dir='ltr'>distin-</span> 
     </span>
     <span class='ocr_line' id='line_1_42' title="bbox 531 4437 2091 4517; baseline 0.002 -19"><span class='ocrx_word' id='word_1_267' title='bbox 531 4456 724 4517; x_wconf 84' lang='lat' dir='ltr'>guere</span> <span class='ocrx_word' id='word_1_268' title='bbox 754 4437 915 4499; x_wconf 88' lang='lat' dir='ltr'>inter</span> <span class='ocrx_word' id='word_1_269' title='bbox 951 4437 1053 4498; x_wconf 91' lang='lat' dir='ltr'>illa</span> <span class='ocrx_word' id='word_1_270' title='bbox 1085 4438 1210 4500; x_wconf 89' lang='lat' dir='ltr'>duo</span> <span class='ocrx_word' id='word_1_271' title='bbox 1247 4437 1462 4510; x_wconf 88' lang='lat' dir='ltr'>verba,</span> <span class='ocrx_word' id='word_1_272' title='bbox 1495 4439 1704 4500; x_wconf 72' lang='lat' dir='ltr'>audire</span> <span class='ocrx_word' id='word_1_273' title='bbox 1741 4444 1802 4497; x_wconf 92' lang='lat' dir='ltr'>et</span> <span class='ocrx_word' id='word_1_274' title='bbox 1827 4438 2091 4511; x_wconf 75' lang='lat' dir='ltr'>discere,-</span> 
     </span>
     <span class='ocr_line' id='line_1_43' title="bbox 528 4530 2093 4609; baseline 0 -18"><span class='ocrx_word' id='word_1_275' title='bbox 528 4548 656 4593; x_wconf 90' lang='lat' dir='ltr'>non</span> <span class='ocrx_word' id='word_1_276' title='bbox 701 4532 872 4591; x_wconf 88' lang='lat' dir='ltr'>enim</span> <span class='ocrx_word' id='word_1_277' title='bbox 901 4531 1104 4591; x_wconf 89' lang='lat' dir='ltr'>omnis</span> <span class='ocrx_word' id='word_1_278' title='bbox 1135 4532 1246 4609; x_wconf 88' lang='lat' dir='ltr'>qui</span> <span class='ocrx_word' id='word_1_279' title='bbox 1281 4530 1475 4604; x_wconf 86' lang='lat' dir='ltr'>audit,</span> <span class='ocrx_word' id='word_1_280' title='bbox 1509 4530 1690 4591; x_wconf 85' lang='lat' dir='ltr'>discit</span> <span class='ocrx_word' id='word_1_281' title='bbox 1709 4546 1730 4607; x_wconf 88' lang='lat'>;</span> <span class='ocrx_word' id='word_1_282' title='bbox 1765 4530 1959 4591; x_wconf 88' lang='lat' dir='ltr'>sedis</span> <span class='ocrx_word' id='word_1_283' title='bbox 1986 4532 2093 4609; x_wconf 83' lang='lat' dir='ltr'>qui</span> 
     </span>
     <span class='ocr_line' id='line_1_44' title="bbox 529 4624 2093 4703; baseline 0 -18"><span class='ocrx_word' id='word_1_284' title='bbox 529 4626 610 4686; x_wconf 89' lang='lat' dir='ltr'>ita</span> <span class='ocrx_word' id='word_1_285' title='bbox 637 4624 924 4702; x_wconf 82' lang='lat' dir='ltr'>intelligit</span> <span class='ocrx_word' id='word_1_286' title='bbox 943 4642 1016 4684; x_wconf 87' lang='lat' dir='ltr'>ea</span> <span class='ocrx_word' id='word_1_287' title='bbox 1041 4642 1179 4703; x_wconf 66' lang='lat' dir='ltr'>quai</span> <span class='ocrx_word' id='word_1_288' title='bbox 1205 4624 1401 4695; x_wconf 89' lang='lat' dir='ltr'>audit,</span> <span class='ocrx_word' id='word_1_289' title='bbox 1427 4630 1536 4683; x_wconf 90' lang='lat' dir='ltr'>aut</span> <span class='ocrx_word' id='word_1_290' title='bbox 1559 4624 1648 4685; x_wconf 88' lang='lat' dir='ltr'>eis</span> <span class='ocrx_word' id='word_1_291' title='bbox 1679 4624 2093 4703; x_wconf 87' lang='lat' dir='ltr'>persuadetur</span> 
     </span>
     <span class='ocr_line' id='line_1_45' title="bbox 531 4718 2092 4797; baseline 0.003 -20"><span class='ocrx_word' id='word_1_292' title='bbox 531 4724 594 4777; x_wconf 90' lang='lat' dir='ltr'>ut</span> <span class='ocrx_word' id='word_1_293' title='bbox 623 4735 950 4779; x_wconf 87' lang='lat' dir='ltr'>assensum</span> <span class='ocrx_word' id='word_1_294' title='bbox 982 4718 1278 4797; x_wconf 72' lang='lat' dir='ltr'>praebeat.</span> <span class='ocrx_word' id='word_1_295' title='bbox 1301 4718 1504 4797; x_wconf 79' lang='lat' dir='ltr'>Atque</span> <span class='ocrx_word' id='word_1_296' title='bbox 1531 4718 1650 4778; x_wconf 89' lang='lat' dir='ltr'>hoe</span> <span class='ocrx_word' id='word_1_297' title='bbox 1664 4718 1853 4779; x_wconf 88' lang='lat' dir='ltr'>modo</span> <span class='ocrx_word' id='word_1_298' title='bbox 1881 4718 2092 4781; x_wconf 72' lang='lat' dir='ltr'>audire</span> 
     </span>
     <span class='ocr_line' id='line_1_46' title="bbox 525 4810 2091 4891; baseline -0.001 -16"><span class='ocrx_word' id='word_1_299' title='bbox 525 4832 564 4875; x_wconf 86' lang='lat' dir='ltr'>a</span> <span class='ocrx_word' id='word_1_300' title='bbox 587 4812 802 4884; x_wconf 78' lang='lat' dir='ltr'>Patre,</span> <span class='ocrx_word' id='word_1_301' title='bbox 831 4810 1108 4873; x_wconf 89' lang='lat' dir='ltr'>indicare</span> <span class='ocrx_word' id='word_1_302' title='bbox 1151 4816 1354 4891; x_wconf 88' lang='lat' dir='ltr'>potest</span> <span class='ocrx_word' id='word_1_303' title='bbox 1389 4812 1586 4872; x_wconf 88' lang='lat' dir='ltr'>solam</span> <span class='ocrx_word' id='word_1_304' title='bbox 1619 4812 1884 4891; x_wconf 84' lang='lat' dir='ltr'>gratiam</span> <span class='ocrx_word' id='word_1_305' title='bbox 1921 4812 2091 4873; x_wconf 86' lang='lat' dir='ltr'>suffi-</span> 
     </span>
     <span class='ocr_line' id='line_1_47' title="bbox 525 4904 2092 4984; baseline 0.001 -19"><span class='ocrx_word' id='word_1_306' title='bbox 525 4904 817 4977; x_wconf 85' lang='lat' dir='ltr'>cientem,</span> <span class='ocrx_word' id='word_1_307' title='bbox 842 4922 1032 4983; x_wconf 85' lang='lat' dir='ltr'>quam</span> <span class='ocrx_word' id='word_1_308' title='bbox 1057 4906 1290 4967; x_wconf 88' lang='lat' dir='ltr'>habent</span> <span class='ocrx_word' id='word_1_309' title='bbox 1315 4924 1536 4967; x_wconf 88' lang='lat' dir='ltr'>omnes</span> <span class='ocrx_word' id='word_1_310' title='bbox 1563 4906 1667 4984; x_wconf 89' lang='lat' dir='ltr'>qui</span> <span class='ocrx_word' id='word_1_311' title='bbox 1701 4912 2004 4967; x_wconf 86' lang='lat' dir='ltr'>vocantur</span> <span class='ocrx_word' id='word_1_312' title='bbox 2030 4911 2092 4966; x_wconf 93' lang='lat' dir='ltr'>et</span> 
     </span>
     <span class='ocr_line' id='line_1_48' title="bbox 524 4998 2089 5076; baseline -0.001 -17"><span class='ocrx_word' id='word_1_313' title='bbox 524 4999 805 5072; x_wconf 86' lang='lat' dir='ltr'>audiunt,</span> <span class='ocrx_word' id='word_1_314' title='bbox 835 4998 1120 5076; x_wconf 86' lang='lat' dir='ltr'>quamvis</span> <span class='ocrx_word' id='word_1_315' title='bbox 1149 5016 1276 5059; x_wconf 88' lang='lat' dir='ltr'>non</span> <span class='ocrx_word' id='word_1_316' title='bbox 1317 4998 1560 5059; x_wconf 86' lang='lat' dir='ltr'>discant</span> <span class='ocrx_word' id='word_1_317' title='bbox 1582 5016 1702 5058; x_wconf 91' lang='lat' dir='ltr'>nec</span> <span class='ocrx_word' id='word_1_318' title='bbox 1724 5004 2089 5059; x_wconf 84' lang='lat' dir='ltr'>convertan-</span> 
     </span>
     <span class='ocr_line' id='line_1_49' title="bbox 522 5089 2090 5170; baseline -0.001 -16"><span class='ocrx_word' id='word_1_319' title='bbox 522 5099 659 5165; x_wconf 89' lang='lat' dir='ltr'>tur;</span> <span class='ocrx_word' id='word_1_320' title='bbox 699 5092 907 5155; x_wconf 80' lang='lat' dir='ltr'>audire</span> <span class='ocrx_word' id='word_1_321' title='bbox 923 5097 1122 5155; x_wconf 78' lang='lat' dir='ltr'>autem</span> <span class='ocrx_word' id='word_1_322' title='bbox 1144 5097 1201 5155; x_wconf 78' lang='lat' dir='ltr'>et</span> <span class='ocrx_word' id='word_1_323' title='bbox 1223 5089 1470 5163; x_wconf 64' lang='lat' dir='ltr'>diseno,</span> <span class='ocrx_word' id='word_1_324' title='bbox 1501 5090 1649 5152; x_wconf 84' lang='lat' dir='ltr'>dicit</span> <span class='ocrx_word' id='word_1_325' title='bbox 1667 5091 1931 5170; x_wconf 86' lang='lat' dir='ltr'>gratiam</span> <span class='ocrx_word' id='word_1_326' title='bbox 1962 5092 2090 5153; x_wconf 86' lang='lat' dir='ltr'>effi-</span> 
     </span>
     <span class='ocr_line' id='line_1_50' title="bbox 523 5182 2081 5262; baseline -0.002 -14"><span class='ocrx_word' id='word_1_327' title='bbox 523 5203 760 5259; x_wconf 89' lang='lat' dir='ltr'>cacem,</span> <span class='ocrx_word' id='word_1_328' title='bbox 795 5202 908 5246; x_wconf 89' lang='lat' dir='ltr'>seu</span> <span class='ocrx_word' id='word_1_329' title='bbox 935 5184 1274 5245; x_wconf 87' lang='lat' dir='ltr'>habentem</span> <span class='ocrx_word' id='word_1_330' title='bbox 1300 5185 1593 5245; x_wconf 82' lang='lat' dir='ltr'>effectum</span> <span class='ocrx_word' id='word_1_331' title='bbox 1635 5182 2081 5262; x_wconf 87' lang='lat' dir='ltr'>persuadendi,</span> 
     </span>
     <span class='ocr_line' id='line_1_51' title="bbox 521 5278 2080 5357; baseline -0.003 -13"><span class='ocrx_word' id='word_1_332' title='bbox 521 5300 652 5344; x_wconf 88' lang='lat' dir='ltr'>non</span> <span class='ocrx_word' id='word_1_333' title='bbox 690 5286 900 5342; x_wconf 84' lang='lat' dir='ltr'>tamen</span> <span class='ocrx_word' id='word_1_334' title='bbox 929 5278 1062 5339; x_wconf 87' lang='lat' dir='ltr'>sine</span> <span class='ocrx_word' id='word_1_335' title='bbox 1105 5278 1546 5357; x_wconf 86' lang='lat' dir='ltr'>cooperatione</span> <span class='ocrx_word' id='word_1_336' title='bbox 1589 5278 1766 5338; x_wconf 86' lang='lat' dir='ltr'>liberi</span> <span class='ocrx_word' id='word_1_337' title='bbox 1809 5278 2080 5351; x_wconf 85' lang='lat' dir='ltr'>arbitrii;</span> 
     </span>
     <span class='ocr_line' id='line_1_52' title="bbox 521 5370 2088 5457; baseline -0.003 -20"><span class='ocrx_word' id='word_1_338' title='bbox 521 5374 692 5457; x_wconf 87' lang='lat' dir='ltr'>quia,</span> <span class='ocrx_word' id='word_1_339' title='bbox 718 5380 788 5435; x_wconf 88' lang='lat' dir='ltr'>ut</span> <span class='ocrx_word' id='word_1_340' title='bbox 813 5372 1044 5435; x_wconf 89' lang='lat' dir='ltr'>dictum</span> <span class='ocrx_word' id='word_1_341' title='bbox 1073 5378 1188 5444; x_wconf 92' lang='lat' dir='ltr'>est,</span> <span class='ocrx_word' id='word_1_342' title='bbox 1211 5371 1345 5450; x_wconf 88' lang='lat' dir='ltr'>jam</span> <span class='ocrx_word' id='word_1_343' title='bbox 1375 5371 1438 5431; x_wconf 90' lang='lat' dir='ltr'>in</span> <span class='ocrx_word' id='word_1_344' title='bbox 1471 5390 1547 5431; x_wconf 90' lang='lat' dir='ltr'>eo</span> <span class='ocrx_word' id='word_1_345' title='bbox 1569 5370 1798 5433; x_wconf 82' lang='lat' dir='ltr'>effectu</span> <span class='ocrx_word' id='word_1_346' title='bbox 1825 5371 2088 5433; x_wconf 89' lang='lat' dir='ltr'>includi-</span> 
     </span>
     <span class='ocr_line' id='line_1_53' title="bbox 517 5464 2087 5545; baseline -0.002 -15"><span class='ocrx_word' id='word_1_347' title='bbox 517 5474 622 5530; x_wconf 86' lang='lat' dir='ltr'>tur</span> <span class='ocrx_word' id='word_1_348' title='bbox 649 5485 778 5529; x_wconf 91' lang='lat' dir='ltr'>non</span> <span class='ocrx_word' id='word_1_349' title='bbox 807 5465 1012 5527; x_wconf 87' lang='lat' dir='ltr'>solum</span> <span class='ocrx_word' id='word_1_350' title='bbox 1054 5464 1254 5545; x_wconf 84' lang='lat' dir='ltr'>gratia</span> <span class='ocrx_word' id='word_1_351' title='bbox 1285 5464 1584 5536; x_wconf 85' lang='lat' dir='ltr'>excitans,</span> <span class='ocrx_word' id='word_1_352' title='bbox 1617 5464 1730 5527; x_wconf 89' lang='lat' dir='ltr'>sed</span> <span class='ocrx_word' id='word_1_353' title='bbox 1757 5465 1949 5527; x_wconf 85' lang='lat' dir='ltr'>etiam</span> <span class='ocrx_word' id='word_1_354' title='bbox 1980 5466 2087 5527; x_wconf 86' lang='lat' dir='ltr'>ad-</span> 
     </span>
     <span class='ocr_line' id='line_1_54' title="bbox 513 5556 2085 5645; baseline -0.001 -22"><span class='ocrx_word' id='word_1_355' title='bbox 513 5565 766 5645; x_wconf 67' lang='lat' dir='ltr'>juvem,</span> <span class='ocrx_word' id='word_1_356' title='bbox 807 5574 968 5639; x_wconf 78' lang='lat' dir='ltr'>quae,</span> <span class='ocrx_word' id='word_1_357' title='bbox 999 5576 1140 5619; x_wconf 88' lang='lat' dir='ltr'>cum</span> <span class='ocrx_word' id='word_1_358' title='bbox 1189 5556 1264 5621; x_wconf 87' lang='lat' dir='ltr'>sit</span> <span class='ocrx_word' id='word_1_359' title='bbox 1295 5576 1664 5639; x_wconf 87' lang='lat' dir='ltr'>cooperans,</span> <span class='ocrx_word' id='word_1_360' title='bbox 1725 5576 1850 5619; x_wconf 88' lang='lat' dir='ltr'>non</span> <span class='ocrx_word' id='word_1_361' title='bbox 1881 5565 2085 5639; x_wconf 88' lang='lat' dir='ltr'>potest</span> 
     </span>
    </p>
   </div>
   <div class='ocr_carea' id='block_1_5' title="bbox 1361 409 2903 474">
    <p class='ocr_par' dir='ltr' id='par_1_5' title="bbox 1361 409 2903 474">
     <span class='ocr_line' id='line_1_55' title="bbox 1361 409 2903 474; baseline -0.001 -12"><span class='ocrx_word' id='word_1_362' title='bbox 1361 411 1576 463; x_wconf 67' lang='lat' dir='ltr'>opusc,</span> <span class='ocrx_word' id='word_1_363' title='bbox 1609 413 1646 474; x_wconf 85' lang='lat'>1,</span> <span class='ocrx_word' id='word_1_364' title='bbox 1683 413 1798 463; x_wconf 71' lang='grc' dir='ltr'>ΗΒ.</span> <span class='ocrx_word' id='word_1_365' title='bbox 1835 413 1918 464; x_wconf 84' lang='grc'><strong>111.</strong></span> <span class='ocrx_word' id='word_1_366' title='bbox 1956 411 2036 462; x_wconf 82' lang='lat' dir='ltr'>DE</span> <span class='ocrx_word' id='word_1_367' title='bbox 2068 411 2342 464; x_wconf 74' lang='lat' dir='ltr'>Auleus</span> <span class='ocrx_word' id='word_1_368' title='bbox 2376 411 2608 464; x_wconf 65' lang='lat' dir='ltr'>mvmAE:</span> <span class='ocrx_word' id='word_1_369' title='bbox 2638 409 2903 463; x_wconf 56' lang='lat' dir='ltr'>omnm.</span> 
     </span>
    </p>
   </div>
   <div class='ocr_carea' id='block_1_6' title="bbox 2159 509 3815 3955">
    <p class='ocr_par' dir='ltr' id='par_1_6' title="bbox 2159 509 3815 4220">
     <span class='ocr_line' id='line_1_56' title="bbox 2166 509 3815 620; baseline -0.002 -48"><span class='ocrx_word' id='word_1_370' title='bbox 2166 529 2304 572; x_wconf 84' lang='lat' dir='ltr'>csse</span> <span class='ocrx_word' id='word_1_371' title='bbox 2329 513 2570 584; x_wconf 87' lang='lat' dir='ltr'>efficax,</span> <span class='ocrx_word' id='word_1_372' title='bbox 2614 529 2726 572; x_wconf 90' lang='lat' dir='ltr'>seu</span> <span class='ocrx_word' id='word_1_373' title='bbox 2748 511 2980 570; x_wconf 88' lang='lat' dir='ltr'>habere</span> <span class='ocrx_word' id='word_1_374' title='bbox 3010 509 3299 570; x_wconf 81' lang='lat' dir='ltr'>effectum</span> <span class='ocrx_word' id='word_1_375' title='bbox 3335 509 3473 569; x_wconf 88' lang='lat' dir='ltr'>sine</span> <span class='ocrx_word' id='word_1_376' title='bbox 3506 527 3697 587; x_wconf 84' lang='lat' dir='ltr'>coope—</span> <span class='ocrx_word' id='word_1_377' title='bbox 3809 547 3815 620; x_wconf 58' lang='grc' dir='ltr'>Ι</span> 
     </span>
     <span class='ocr_line' id='line_1_57' title="bbox 2162 601 3815 682; baseline 0 -18"><span class='ocrx_word' id='word_1_378' title='bbox 2162 605 2403 666; x_wconf 89' lang='lat' dir='ltr'>ratione</span> <span class='ocrx_word' id='word_1_379' title='bbox 2458 605 2634 666; x_wconf 90' lang='lat' dir='ltr'>liberi</span> <span class='ocrx_word' id='word_1_380' title='bbox 2664 604 2921 665; x_wconf 87' lang='lat' dir='ltr'>arbitrii.</span> <span class='ocrx_word' id='word_1_381' title='bbox 2968 603 3069 664; x_wconf 89' lang='lat' dir='ltr'>Sic</span> <span class='ocrx_word' id='word_1_382' title='bbox 3106 602 3293 682; x_wconf 85' lang='lat' dir='ltr'>igitur</span> <span class='ocrx_word' id='word_1_383' title='bbox 3332 601 3697 664; x_wconf 77' lang='lat' dir='ltr'>verissimum</span> <span class='ocrx_word' id='word_1_384' title='bbox 3810 625 3815 678; x_wconf 61' lang='grc' dir='ltr'>ξ</span> 
     </span>
     <span class='ocr_line' id='line_1_58' title="bbox 2164 679 3815 777; baseline -0.002 -19"><span class='ocrx_word' id='word_1_385' title='bbox 2164 703 2261 758; x_wconf 88' lang='lat' dir='ltr'>est</span> <span class='ocrx_word' id='word_1_386' title='bbox 2298 717 2573 772; x_wconf 90' lang='lat' dir='ltr'>omnem,</span> <span class='ocrx_word' id='word_1_387' title='bbox 2606 699 2711 777; x_wconf 87' lang='lat' dir='ltr'>qui</span> <span class='ocrx_word' id='word_1_388' title='bbox 2742 696 3030 756; x_wconf 78' lang='lat' dir='ltr'>audivita</span> <span class='ocrx_word' id='word_1_389' title='bbox 3062 696 3239 756; x_wconf 88' lang='lat' dir='ltr'>Patre</span> <span class='ocrx_word' id='word_1_390' title='bbox 3270 701 3333 755; x_wconf 90' lang='lat' dir='ltr'>et</span> <span class='ocrx_word' id='word_1_391' title='bbox 3358 695 3593 765; x_wconf 87' lang='lat' dir='ltr'>didicit,</span> <span class='ocrx_word' id='word_1_392' title='bbox 3612 715 3697 756; x_wconf 74' lang='lat' dir='ltr'>ve·—</span> <span class='ocrx_word' id='word_1_393' title='bbox 3811 679 3815 754; x_wconf 93' lang='grc' dir='ltr'>Ι</span> 
     </span>
     <span class='ocr_line' id='line_1_59' title="bbox 2162 757 3815 869; baseline -0.001 -17"><span class='ocrx_word' id='word_1_394' title='bbox 2162 793 2297 852; x_wconf 87' lang='lat' dir='ltr'>nire</span> <span class='ocrx_word' id='word_1_395' title='bbox 2328 793 2408 852; x_wconf 91' lang='lat' dir='ltr'>ad</span> <span class='ocrx_word' id='word_1_396' title='bbox 2437 793 2768 862; x_wconf 88' lang='lat' dir='ltr'>Christum,</span> <span class='ocrx_word' id='word_1_397' title='bbox 2802 791 2947 869; x_wconf 89' lang='lat' dir='ltr'>quia</span> <span class='ocrx_word' id='word_1_398' title='bbox 2974 791 3311 869; x_wconf 87' lang='lat' dir='ltr'>ipsummet</span> <span class='ocrx_word' id='word_1_399' title='bbox 3342 787 3585 849; x_wconf 86' lang='lat' dir='ltr'>discere</span> <span class='ocrx_word' id='word_1_400' title='bbox 3624 795 3699 850; x_wconf 86' lang='lat' dir='ltr'>cst</span> <span class='ocrx_word' id='word_1_401' title='bbox 3811 757 3815 864; x_wconf 67' lang='grc' dir='ltr'>Ι</span> 
     </span>
     <span class='ocr_line' id='line_1_60' title="bbox 2160 869 3815 958; baseline -0.002 -13"><span class='ocrx_word' id='word_1_402' title='bbox 2160 885 2375 946; x_wconf 86' lang='lat' dir='ltr'>venire</span> <span class='ocrx_word' id='word_1_403' title='bbox 2406 905 2419 958; x_wconf 91' lang='lat'>;</span> <span class='ocrx_word' id='word_1_404' title='bbox 2464 904 2593 946; x_wconf 90' lang='lat' dir='ltr'>non</span> <span class='ocrx_word' id='word_1_405' title='bbox 2624 891 2719 946; x_wconf 89' lang='lat' dir='ltr'>est</span> <span class='ocrx_word' id='word_1_406' title='bbox 2748 885 2913 944; x_wconf 88' lang='lat' dir='ltr'>enim</span> <span class='ocrx_word' id='word_1_407' title='bbox 2952 883 3123 943; x_wconf 89' lang='lat' dir='ltr'>aliud</span> <span class='ocrx_word' id='word_1_408' title='bbox 3148 881 3369 943; x_wconf 86' lang='lat' dir='ltr'>audire</span> <span class='ocrx_word' id='word_1_409' title='bbox 3396 887 3462 942; x_wconf 90' lang='lat' dir='ltr'>et</span> <span class='ocrx_word' id='word_1_410' title='bbox 3488 882 3697 943; x_wconf 86' lang='lat' dir='ltr'>discere</span> <span class='ocrx_word' id='word_1_411' title='bbox 3811 869 3815 930; x_wconf 65' lang='grc' dir='ltr'><strong><em>Ε</em></strong></span> 
     </span>
     <span class='ocr_line' id='line_1_61' title="bbox 2162 967 3815 1066; baseline -0.002 -28"><span class='ocrx_word' id='word_1_412' title='bbox 2162 996 2349 1058; x_wconf 87' lang='lat' dir='ltr'>qnam</span> <span class='ocrx_word' id='word_1_413' title='bbox 2404 979 2701 1049; x_wconf 84' lang='lat' dir='ltr'>credere;</span> <span class='ocrx_word' id='word_1_414' title='bbox 2748 977 3005 1040; x_wconf 87' lang='lat' dir='ltr'>credere</span> <span class='ocrx_word' id='word_1_415' title='bbox 3036 981 3247 1037; x_wconf 87' lang='lat' dir='ltr'>autem</span> <span class='ocrx_word' id='word_1_416' title='bbox 3294 976 3359 1035; x_wconf 91' lang='lat' dir='ltr'>in</span> <span class='ocrx_word' id='word_1_417' title='bbox 3388 974 3695 1048; x_wconf 86' lang='lat' dir='ltr'>Christum,</span> <span class='ocrx_word' id='word_1_418' title='bbox 3811 967 3815 1066; x_wconf 71' lang='grc' dir='ltr'>ξ</span> 
     </span>
     <span class='ocr_line' id='line_1_62' title="bbox 2162 1068 3699 1148; baseline -0.004 -14"><span class='ocrx_word' id='word_1_419' title='bbox 2162 1079 2257 1134; x_wconf 90' lang='lat' dir='ltr'>est</span> <span class='ocrx_word' id='word_1_420' title='bbox 2280 1074 2493 1134; x_wconf 84' lang='lat' dir='ltr'>venire</span> <span class='ocrx_word' id='word_1_421' title='bbox 2522 1072 2602 1132; x_wconf 87' lang='lat' dir='ltr'>ad</span> <span class='ocrx_word' id='word_1_422' title='bbox 2628 1091 2795 1132; x_wconf 90' lang='lat' dir='ltr'>eum.</span> <span class='ocrx_word' id='word_1_423' title='bbox 2828 1071 3028 1144; x_wconf 87' lang='lat' dir='ltr'>Unde,</span> <span class='ocrx_word' id='word_1_424' title='bbox 3074 1087 3273 1148; x_wconf 88' lang='lat' dir='ltr'>quum</span> <span class='ocrx_word' id='word_1_425' title='bbox 3312 1068 3535 1129; x_wconf 85' lang='lat' dir='ltr'>venire</span> <span class='ocrx_word' id='word_1_426' title='bbox 3578 1070 3699 1129; x_wconf 84' lang='lat' dir='ltr'>dici·</span> 
     </span>
     <span class='ocr_line' id='line_1_63' title="bbox 2164 1151 3815 1245; baseline -0.004 -15"><span class='ocrx_word' id='word_1_427' title='bbox 2164 1173 2266 1230; x_wconf 88' lang='lat' dir='ltr'>tur</span> <span class='ocrx_word' id='word_1_428' title='bbox 2312 1169 2515 1228; x_wconf 88' lang='lat' dir='ltr'>omnis</span> <span class='ocrx_word' id='word_1_429' title='bbox 2554 1167 2660 1245; x_wconf 84' lang='lat' dir='ltr'>qui</span> <span class='ocrx_word' id='word_1_430' title='bbox 2692 1167 2867 1228; x_wconf 88' lang='lat' dir='ltr'>audit</span> <span class='ocrx_word' id='word_1_431' title='bbox 2890 1173 2955 1227; x_wconf 89' lang='lat' dir='ltr'>et</span> <span class='ocrx_word' id='word_1_432' title='bbox 3000 1164 3201 1232; x_wconf 86' lang='lat' dir='ltr'>discit,</span> <span class='ocrx_word' id='word_1_433' title='bbox 3240 1163 3415 1224; x_wconf 86' lang='lat' dir='ltr'>idem</span> <span class='ocrx_word' id='word_1_434' title='bbox 3460 1166 3698 1242; x_wconf 83' lang='lat' dir='ltr'>utroque</span> <span class='ocrx_word' id='word_1_435' title='bbox 3811 1151 3815 1232; x_wconf 69' lang='grc' dir='ltr'><strong>ἱ</strong></span> 
     </span>
     <span class='ocr_line' id='line_1_64' title="bbox 2162 1254 3815 1340; baseline -0.002 -19"><span class='ocrx_word' id='word_1_436' title='bbox 2162 1261 2355 1322; x_wconf 87' lang='lat' dir='ltr'>verbo</span> <span class='ocrx_word' id='word_1_437' title='bbox 2392 1261 2808 1340; x_wconf 72' lang='lat' dir='ltr'>significatur:</span> <span class='ocrx_word' id='word_1_438' title='bbox 2862 1259 2972 1319; x_wconf 91' lang='lat' dir='ltr'>sed</span> <span class='ocrx_word' id='word_1_439' title='bbox 3000 1275 3114 1337; x_wconf 88' lang='lat' dir='ltr'>per</span> <span class='ocrx_word' id='word_1_440' title='bbox 3140 1257 3404 1318; x_wconf 85' lang='lat' dir='ltr'>verbum</span> <span class='ocrx_word' id='word_1_441' title='bbox 3450 1254 3703 1318; x_wconf 86' lang='lat' dir='ltr'>discendi</span> <span class='ocrx_word' id='word_1_442' title='bbox 3811 1289 3815 1304; x_wconf 74' lang='lat'><em>=</em></span> 
     </span>
     <span class='ocr_line' id='line_1_65' title="bbox 2165 1343 3815 1434; baseline -0.004 -18"><span class='ocrx_word' id='word_1_443' title='bbox 2165 1355 2507 1434; x_wconf 85' lang='lat' dir='ltr'>explicatur</span> <span class='ocrx_word' id='word_1_444' title='bbox 2526 1355 2917 1432; x_wconf 87' lang='lat' dir='ltr'>metaphora,</span> <span class='ocrx_word' id='word_1_445' title='bbox 2950 1371 3089 1432; x_wconf 82' lang='lat' dir='ltr'>quae</span> <span class='ocrx_word' id='word_1_446' title='bbox 3116 1353 3181 1412; x_wconf 91' lang='lat' dir='ltr'>in</span> <span class='ocrx_word' id='word_1_447' title='bbox 3211 1351 3403 1412; x_wconf 81' lang='lat' dir='ltr'>verbo</span> <span class='ocrx_word' id='word_1_448' title='bbox 3436 1350 3703 1411; x_wconf 81' lang='lat' dir='ltr'>veniendi</span> <span class='ocrx_word' id='word_1_449' title='bbox 3811 1343 3815 1368; x_wconf 78' lang='lat'><em>³</em></span> 
     </span>
     <span class='ocr_line' id='line_1_66' title="bbox 2165 1445 3815 1522; baseline -0.004 -12"><span class='ocrx_word' id='word_1_450' title='bbox 2165 1447 2551 1520; x_wconf 88' lang='lat' dir='ltr'>continetur;</span> <span class='ocrx_word' id='word_1_451' title='bbox 2590 1454 2651 1510; x_wconf 92' lang='lat' dir='ltr'>et</span> <span class='ocrx_word' id='word_1_452' title='bbox 2680 1448 2820 1508; x_wconf 90' lang='lat' dir='ltr'>ideo</span> <span class='ocrx_word' id='word_1_453' title='bbox 2854 1447 3081 1508; x_wconf 89' lang='lat' dir='ltr'>mirum</span> <span class='ocrx_word' id='word_1_454' title='bbox 3110 1463 3239 1506; x_wconf 90' lang='lat' dir='ltr'>non</span> <span class='ocrx_word' id='word_1_455' title='bbox 3278 1450 3373 1505; x_wconf 91' lang='lat' dir='ltr'>est</span> <span class='ocrx_word' id='word_1_456' title='bbox 3402 1445 3572 1522; x_wconf 88' lang='lat' dir='ltr'>quod</span> <span class='ocrx_word' id='word_1_457' title='bbox 3596 1463 3703 1504; x_wconf 87' lang='lat' dir='ltr'>om·</span> <span class='ocrx_word' id='word_1_458' title='bbox 3812 1445 3815 1452; x_wconf 87' lang='lat'>&#39;</span> 
     </span>
     <span class='ocr_line' id='line_1_67' title="bbox 2164 1537 3699 1620; baseline -0.004 -18"><span class='ocrx_word' id='word_1_459' title='bbox 2164 1541 2261 1602; x_wconf 89' lang='lat' dir='ltr'>nis</span> <span class='ocrx_word' id='word_1_460' title='bbox 2302 1542 2406 1620; x_wconf 90' lang='lat' dir='ltr'>qui</span> <span class='ocrx_word' id='word_1_461' title='bbox 2434 1541 2668 1614; x_wconf 83' lang='lat' dir='ltr'>didicit,</span> <span class='ocrx_word' id='word_1_462' title='bbox 2702 1541 2931 1614; x_wconf 88' lang='lat' dir='ltr'>veniat,</span> <span class='ocrx_word' id='word_1_463' title='bbox 2970 1558 3113 1602; x_wconf 90' lang='lat' dir='ltr'>cum</span> <span class='ocrx_word' id='word_1_464' title='bbox 3152 1539 3217 1598; x_wconf 90' lang='lat' dir='ltr'>in</span> <span class='ocrx_word' id='word_1_465' title='bbox 3244 1556 3321 1599; x_wconf 89' lang='lat' dir='ltr'>eo</span> <span class='ocrx_word' id='word_1_466' title='bbox 3348 1538 3458 1614; x_wconf 81' lang='lat' dir='ltr'>qui</span> <span class='ocrx_word' id='word_1_467' title='bbox 3492 1537 3699 1607; x_wconf 85' lang='lat' dir='ltr'>didicit,</span> 
     </span>
     <span class='ocr_line' id='line_1_68' title="bbox 2166 1631 3700 1714; baseline -0.002 -19"><span class='ocrx_word' id='word_1_468' title='bbox 2166 1635 2353 1695; x_wconf 89' lang='lat' dir='ltr'>etiam</span> <span class='ocrx_word' id='word_1_469' title='bbox 2412 1634 2767 1714; x_wconf 87' lang='lat' dir='ltr'>cooperatio</span> <span class='ocrx_word' id='word_1_470' title='bbox 2824 1634 3001 1696; x_wconf 88' lang='lat' dir='ltr'>liberi</span> <span class='ocrx_word' id='word_1_471' title='bbox 3054 1632 3291 1693; x_wconf 88' lang='lat' dir='ltr'>arbitrii</span> <span class='ocrx_word' id='word_1_472' title='bbox 3344 1631 3700 1692; x_wconf 85' lang='lat' dir='ltr'>includatur.</span> 
     </span>
     <span class='ocr_line' id='line_1_69' title="bbox 2166 1725 3815 1808; baseline -0.004 -18"><span class='ocrx_word' id='word_1_473' title='bbox 2166 1729 2379 1808; x_wconf 86' lang='lat' dir='ltr'>Neque</span> <span class='ocrx_word' id='word_1_474' title='bbox 2410 1729 2635 1788; x_wconf 87' lang='lat' dir='ltr'>mirum</span> <span class='ocrx_word' id='word_1_475' title='bbox 2666 1728 2855 1790; x_wconf 89' lang='lat' dir='ltr'>etiam</span> <span class='ocrx_word' id='word_1_476' title='bbox 2910 1733 3007 1788; x_wconf 88' lang='lat' dir='ltr'>est</span> <span class='ocrx_word' id='word_1_477' title='bbox 3034 1726 3206 1805; x_wconf 87' lang='lat' dir='ltr'>quod</span> <span class='ocrx_word' id='word_1_478' title='bbox 3232 1725 3377 1786; x_wconf 89' lang='lat' dir='ltr'>talis</span> <span class='ocrx_word' id='word_1_479' title='bbox 3426 1726 3621 1804; x_wconf 85' lang='lat' dir='ltr'>gratia</span> <span class='ocrx_word' id='word_1_480' title='bbox 3646 1727 3707 1785; x_wconf 81' lang='lat' dir='ltr'>sit</span> <span class='ocrx_word' id='word_1_481' title='bbox 3811 1725 3815 1728; x_wconf 83' lang='grc'><strong>’</strong></span> 
     </span>
     <span class='ocr_line' id='line_1_70' title="bbox 2166 1820 3703 1900; baseline -0.002 -17"><span class='ocrx_word' id='word_1_482' title='bbox 2166 1823 2407 1895; x_wconf 84' lang='lat' dir='ltr'>efficax,</span> <span class='ocrx_word' id='word_1_483' title='bbox 2462 1841 2604 1882; x_wconf 92' lang='lat' dir='ltr'>cum</span> <span class='ocrx_word' id='word_1_484' title='bbox 2638 1823 2701 1881; x_wconf 91' lang='lat' dir='ltr'>in</span> <span class='ocrx_word' id='word_1_485' title='bbox 2749 1839 2823 1882; x_wconf 89' lang='lat' dir='ltr'>ea</span> <span class='ocrx_word' id='word_1_486' title='bbox 2870 1821 3224 1882; x_wconf 85' lang='lat' dir='ltr'>includatur</span> <span class='ocrx_word' id='word_1_487' title='bbox 3268 1820 3477 1900; x_wconf 85' lang='lat' dir='ltr'>gratia</span> <span class='ocrx_word' id='word_1_488' title='bbox 3503 1837 3703 1897; x_wconf 88' lang='lat' dir='ltr'>coope-</span> 
     </span>
     <span class='ocr_line' id='line_1_71' title="bbox 2164 1913 3709 1995; baseline -0.003 -18"><span class='ocrx_word' id='word_1_489' title='bbox 2164 1934 2334 1987; x_wconf 83' lang='lat' dir='ltr'>rans,</span> <span class='ocrx_word' id='word_1_490' title='bbox 2361 1935 2507 1976; x_wconf 90' lang='lat' dir='ltr'>cum</span> <span class='ocrx_word' id='word_1_491' title='bbox 2524 1934 2649 1995; x_wconf 91' lang='lat' dir='ltr'>qua</span> <span class='ocrx_word' id='word_1_492' title='bbox 2670 1913 2854 1976; x_wconf 91' lang='lat' dir='ltr'>simul</span> <span class='ocrx_word' id='word_1_493' title='bbox 2874 1915 3140 1974; x_wconf 88' lang='lat' dir='ltr'>liberum</span> <span class='ocrx_word' id='word_1_494' title='bbox 3162 1913 3493 1974; x_wconf 84' lang='lat' dir='ltr'>arbitrium</span> <span class='ocrx_word' id='word_1_495' title='bbox 3516 1931 3709 1990; x_wconf 85' lang='lat' dir='ltr'>coope-</span> 
     </span>
     <span class='ocr_line' id='line_1_72' title="bbox 2164 2005 3705 2081; baseline -0.001 -11"><span class='ocrx_word' id='word_1_496' title='bbox 2164 2016 2367 2081; x_wconf 87' lang='lat' dir='ltr'>ratur;</span> <span class='ocrx_word' id='word_1_497' title='bbox 2396 2015 2457 2070; x_wconf 91' lang='lat' dir='ltr'>et</span> <span class='ocrx_word' id='word_1_498' title='bbox 2479 2009 2621 2069; x_wconf 89' lang='lat' dir='ltr'>ideo</span> <span class='ocrx_word' id='word_1_499' title='bbox 2651 2009 3007 2070; x_wconf 88' lang='lat' dir='ltr'>necessario</span> <span class='ocrx_word' id='word_1_500' title='bbox 3042 2007 3231 2068; x_wconf 87' lang='lat' dir='ltr'>habet</span> <span class='ocrx_word' id='word_1_501' title='bbox 3248 2005 3573 2076; x_wconf 84' lang='lat' dir='ltr'>effectum,</span> <span class='ocrx_word' id='word_1_502' title='bbox 3603 2026 3705 2068; x_wconf 88' lang='lat' dir='ltr'>non</span> 
     </span>
     <span class='ocr_line' id='line_1_73' title="bbox 2166 2101 3708 2181; baseline -0.001 -19"><span class='ocrx_word' id='word_1_503' title='bbox 2166 2121 2242 2162; x_wconf 86' lang='lat' dir='ltr'>cx</span> <span class='ocrx_word' id='word_1_504' title='bbox 2267 2102 2917 2181; x_wconf 81' lang='lat' dir='ltr'>praedeterminatione</span> <span class='ocrx_word' id='word_1_505' title='bbox 2938 2101 3218 2180; x_wconf 82' lang='lat' dir='ltr'>physica,</span> <span class='ocrx_word' id='word_1_506' title='bbox 3248 2107 3358 2162; x_wconf 86' lang='lat' dir='ltr'>aut</span> <span class='ocrx_word' id='word_1_507' title='bbox 3382 2117 3465 2160; x_wconf 90' lang='lat' dir='ltr'>ex</span> <span class='ocrx_word' id='word_1_508' title='bbox 3493 2106 3708 2160; x_wconf 76' lang='lat' dir='ltr'>antece-</span> 
     </span>
     <span class='ocr_line' id='line_1_74' title="bbox 2162 2193 3707 2274; baseline -0.003 -18"><span class='ocrx_word' id='word_1_509' title='bbox 2162 2197 2349 2257; x_wconf 82' lang='lat' dir='ltr'>dente</span> <span class='ocrx_word' id='word_1_510' title='bbox 2385 2197 2595 2274; x_wconf 85' lang='lat' dir='ltr'>aliqua</span> <span class='ocrx_word' id='word_1_511' title='bbox 2626 2194 3077 2274; x_wconf 87' lang='lat' dir='ltr'>suppositione,</span> <span class='ocrx_word' id='word_1_512' title='bbox 3111 2194 3225 2256; x_wconf 89' lang='lat' dir='ltr'>sed</span> <span class='ocrx_word' id='word_1_513' title='bbox 3249 2213 3327 2254; x_wconf 86' lang='lat' dir='ltr'>ex</span> <span class='ocrx_word' id='word_1_514' title='bbox 3354 2193 3707 2254; x_wconf 84' lang='lat' dir='ltr'>determina-</span> 
     </span>
     <span class='ocr_line' id='line_1_75' title="bbox 2164 2287 3710 2367; baseline -0.005 -15"><span class='ocrx_word' id='word_1_515' title='bbox 2164 2291 2331 2352; x_wconf 87' lang='lat' dir='ltr'>tione</span> <span class='ocrx_word' id='word_1_516' title='bbox 2376 2290 2570 2350; x_wconf 85' lang='lat' dir='ltr'>libcra</span> <span class='ocrx_word' id='word_1_517' title='bbox 2612 2289 2951 2349; x_wconf 87' lang='lat' dir='ltr'>voluntatis</span> <span class='ocrx_word' id='word_1_518' title='bbox 2980 2307 3123 2348; x_wconf 89' lang='lat' dir='ltr'>cum</span> <span class='ocrx_word' id='word_1_519' title='bbox 3152 2287 3364 2349; x_wconf 86' lang='lat' dir='ltr'>divina</span> <span class='ocrx_word' id='word_1_520' title='bbox 3394 2288 3595 2367; x_wconf 83' lang='lat' dir='ltr'>gratia</span> <span class='ocrx_word' id='word_1_521' title='bbox 3620 2288 3710 2345; x_wconf 89' lang='lat' dir='ltr'>ad-</span> 
     </span>
     <span class='ocr_line' id='line_1_76' title="bbox 2159 2381 3710 2461; baseline -0.003 -19"><span class='ocrx_word' id='word_1_522' title='bbox 2159 2383 2440 2461; x_wconf 83' lang='lat' dir='ltr'>juvante.</span> <span class='ocrx_word' id='word_1_523' title='bbox 2492 2386 2693 2458; x_wconf 83' lang='lat' dir='ltr'>Atque</span> <span class='ocrx_word' id='word_1_524' title='bbox 2716 2381 2851 2442; x_wconf 77' lang='lat' dir='ltr'>hoec</span> <span class='ocrx_word' id='word_1_525' title='bbox 2890 2387 3015 2441; x_wconf 86' lang='lat' dir='ltr'>tota</span> <span class='ocrx_word' id='word_1_526' title='bbox 3050 2381 3355 2460; x_wconf 86' lang='lat' dir='ltr'>expositio</span> <span class='ocrx_word' id='word_1_527' title='bbox 3386 2397 3710 2440; x_wconf 87' lang='lat' dir='ltr'>accommo-</span> 
     </span>
     <span class='ocr_line' id='line_1_77' title="bbox 2166 2472 3711 2552; baseline -0.004 -16"><span class='ocrx_word' id='word_1_528' title='bbox 2166 2475 2300 2536; x_wconf 89' lang='lat' dir='ltr'>dari</span> <span class='ocrx_word' id='word_1_529' title='bbox 2334 2475 2513 2536; x_wconf 84' lang='lat' dir='ltr'>facile</span> <span class='ocrx_word' id='word_1_530' title='bbox 2540 2481 2755 2552; x_wconf 89' lang='lat' dir='ltr'>posset</span> <span class='ocrx_word' id='word_1_531' title='bbox 2804 2472 3109 2552; x_wconf 83' lang='lat' dir='ltr'>superiori</span> <span class='ocrx_word' id='word_1_532' title='bbox 3150 2473 3539 2534; x_wconf 87' lang='lat' dir='ltr'>testimonio.</span> <span class='ocrx_word' id='word_1_533' title='bbox 3586 2473 3711 2531; x_wconf 72' lang='lat' dir='ltr'>Nam</span> 
     </span>
     <span class='ocr_line' id='line_1_78' title="bbox 2168 2565 3707 2647; baseline 0.001 -19"><span class='ocrx_word' id='word_1_534' title='bbox 2168 2569 2288 2630; x_wconf 90' lang='lat' dir='ltr'>dici</span> <span class='ocrx_word' id='word_1_535' title='bbox 2316 2572 2518 2647; x_wconf 86' lang='lat' dir='ltr'>potest</span> <span class='ocrx_word' id='word_1_536' title='bbox 2540 2569 2722 2628; x_wconf 88' lang='lat' dir='ltr'>Pater</span> <span class='ocrx_word' id='word_1_537' title='bbox 2749 2568 2998 2628; x_wconf 88' lang='lat' dir='ltr'>trahere</span> <span class='ocrx_word' id='word_1_538' title='bbox 3028 2565 3107 2626; x_wconf 90' lang='lat' dir='ltr'>ad</span> <span class='ocrx_word' id='word_1_539' title='bbox 3134 2565 3357 2627; x_wconf 88' lang='lat' dir='ltr'>Filium</span> <span class='ocrx_word' id='word_1_540' title='bbox 3382 2565 3707 2630; x_wconf 67' lang='lat' dir='ltr'>credentes¹</span> 
     </span>
     <span class='ocr_line' id='line_1_79' title="bbox 2174 2659 3715 2740; baseline -0.003 -18"><span class='ocrx_word' id='word_1_541' title='bbox 2174 2681 2299 2722; x_wconf 91' lang='lat' dir='ltr'>non</span> <span class='ocrx_word' id='word_1_542' title='bbox 2338 2663 2540 2722; x_wconf 89' lang='lat' dir='ltr'>solum</span> <span class='ocrx_word' id='word_1_543' title='bbox 2566 2679 2683 2740; x_wconf 88' lang='lat' dir='ltr'>per</span> <span class='ocrx_word' id='word_1_544' title='bbox 2708 2661 3105 2732; x_wconf 84' lang='lat' dir='ltr'>excitantem,</span> <span class='ocrx_word' id='word_1_545' title='bbox 3134 2659 3247 2720; x_wconf 86' lang='lat' dir='ltr'>sed</span> <span class='ocrx_word' id='word_1_546' title='bbox 3278 2659 3477 2720; x_wconf 86' lang='lat' dir='ltr'>etiam</span> <span class='ocrx_word' id='word_1_547' title='bbox 3510 2677 3615 2737; x_wconf 90' lang='lat' dir='ltr'>per</span> <span class='ocrx_word' id='word_1_548' title='bbox 3630 2659 3715 2718; x_wconf 83' lang='lat' dir='ltr'>ad-</span> 
     </span>
     <span class='ocr_line' id='line_1_80' title="bbox 2166 2753 3714 2835; baseline -0.003 -21"><span class='ocrx_word' id='word_1_549' title='bbox 2166 2756 2491 2835; x_wconf 79' lang='lat' dir='ltr'>juvantem</span> <span class='ocrx_word' id='word_1_550' title='bbox 2520 2762 2581 2815; x_wconf 88' lang='lat' dir='ltr'>et</span> <span class='ocrx_word' id='word_1_551' title='bbox 2608 2759 3051 2832; x_wconf 83' lang='lat' dir='ltr'>cooperantem</span> <span class='ocrx_word' id='word_1_552' title='bbox 3076 2753 3365 2831; x_wconf 84' lang='lat' dir='ltr'>gratiam,</span> <span class='ocrx_word' id='word_1_553' title='bbox 3410 2759 3483 2812; x_wconf 90' lang='lat' dir='ltr'>ut</span> <span class='ocrx_word' id='word_1_554' title='bbox 3514 2753 3714 2831; x_wconf 83' lang='lat' dir='ltr'>signiti-</span> 
     </span>
     <span class='ocr_line' id='line_1_81' title="bbox 2168 2846 3815 2927; baseline -0.005 -17"><span class='ocrx_word' id='word_1_555' title='bbox 2168 2850 2333 2910; x_wconf 74' lang='lat' dir='ltr'>cavit</span> <span class='ocrx_word' id='word_1_556' title='bbox 2360 2849 2623 2927; x_wconf 83' lang='lat' dir='ltr'>Cyrillus</span> <span class='ocrx_word' id='word_1_557' title='bbox 2648 2847 3126 2916; x_wconf 83' lang='lat' dir='ltr'>Alexandrinus,</span> <span class='ocrx_word' id='word_1_558' title='bbox 3154 2847 3194 2904; x_wconf 93' lang='lat' dir='ltr'>l.</span> <span class='ocrx_word' id='word_1_559' title='bbox 3229 2848 3267 2906; x_wconf 71' lang='grc'><strong>4</strong></span> <span class='ocrx_word' id='word_1_560' title='bbox 3302 2846 3365 2905; x_wconf 90' lang='lat' dir='ltr'>in</span> <span class='ocrx_word' id='word_1_561' title='bbox 3396 2847 3644 2908; x_wconf 87' lang='lat' dir='ltr'>Joann.,</span> <span class='ocrx_word' id='word_1_562' title='bbox 3668 2865 3708 2904; x_wconf 85' lang='lat' dir='ltr'>c.</span> <span class='ocrx_word' id='word_1_563' title='bbox 3812 2873 3815 2896; x_wconf 88' lang='lat'><em>=</em></span> 
     </span>
     <span class='ocr_line' id='line_1_82' title="bbox 2172 2938 3815 3020; baseline -0.004 -16"><span class='ocrx_word' id='word_1_564' title='bbox 2172 2946 2233 3015; x_wconf 77' lang='lat'>5,</span> <span class='ocrx_word' id='word_1_565' title='bbox 2256 2945 2317 3003; x_wconf 84' lang='lat' dir='ltr'>in</span> <span class='ocrx_word' id='word_1_566' title='bbox 2340 2941 2711 3002; x_wconf 76' lang='lat' dir='ltr'>verbisiltis:</span> <span class='ocrx_word' id='word_1_567' title='bbox 2738 2940 3006 3004; x_wconf 75' lang='lat' dir='ltr'>Consilio</span> <span class='ocrx_word' id='word_1_568' title='bbox 3026 2939 3248 3002; x_wconf 77' lang='lat' dir='ltr'>Patri-s</span> <span class='ocrx_word' id='word_1_569' title='bbox 3270 2943 3455 3020; x_wconf 72' lang='lat' dir='ltr'>atquo</span> <span class='ocrx_word' id='word_1_570' title='bbox 3478 2938 3715 3009; x_wconf 48' lang='lat' dir='ltr'>ausilia-</span> <span class='ocrx_word' id='word_1_571' title='bbox 3812 2949 3815 2992; x_wconf 81' lang='grc'>1</span> 
     </span>
     <span class='ocr_line' id='line_1_83' title="bbox 2175 3031 3815 3115; baseline -0.002 -17"><span class='ocrx_word' id='word_1_572' title='bbox 2175 3044 2237 3098; x_wconf 89' lang='lat' dir='ltr'>ct</span> <span class='ocrx_word' id='word_1_573' title='bbox 2262 3037 2548 3115; x_wconf 87' lang='lat' dir='ltr'>Prosper.</span> <span class='ocrx_word' id='word_1_574' title='bbox 2572 3040 2737 3095; x_wconf 91' lang='lat' dir='ltr'>cont.</span> <span class='ocrx_word' id='word_1_575' title='bbox 2758 3033 3003 3105; x_wconf 83' lang='lat' dir='ltr'>Collat.,</span> <span class='ocrx_word' id='word_1_576' title='bbox 3030 3053 3087 3092; x_wconf 90' lang='lat' dir='ltr'>c.</span> <span class='ocrx_word' id='word_1_577' title='bbox 3110 3035 3173 3103; x_wconf 82' lang='lat'>6,</span> <span class='ocrx_word' id='word_1_578' title='bbox 3202 3032 3465 3092; x_wconf 88' lang='lat' dir='ltr'>dicens:</span> <span class='ocrx_word' id='word_1_579' title='bbox 3500 3031 3714 3094; x_wconf 67' lang='lat' dir='ltr'>Nona</span> <span class='ocrx_word' id='word_1_580' title='bbox 3812 3041 3815 3084; x_wconf 87' lang='grc' dir='ltr'>Ι</span> 
     </span>
     <span class='ocr_line' id='line_1_84' title="bbox 2174 3127 3714 3209; baseline -0.004 -16"><span class='ocrx_word' id='word_1_581' title='bbox 2174 3135 2293 3193; x_wconf 78' lang='lat' dir='ltr'>toto</span> <span class='ocrx_word' id='word_1_582' title='bbox 2322 3149 2529 3193; x_wconf 79' lang='lat' dir='ltr'>verum</span> <span class='ocrx_word' id='word_1_583' title='bbox 2550 3134 2702 3193; x_wconf 73' lang='lat' dir='ltr'>esset</span> <span class='ocrx_word' id='word_1_584' title='bbox 2716 3129 2874 3209; x_wconf 78' lang='lat' dir='ltr'>quod</span> <span class='ocrx_word' id='word_1_585' title='bbox 2897 3128 2987 3191; x_wconf 82' lang='lat' dir='ltr'>ait</span> <span class='ocrx_word' id='word_1_586' title='bbox 3006 3130 3303 3190; x_wconf 72' lang='lat' dir='ltr'>Dominus</span> <span class='ocrx_word' id='word_1_587' title='bbox 3320 3152 3343 3187; x_wconf 88' lang='lat'>.·</span> <span class='ocrx_word' id='word_1_588' title='bbox 3364 3127 3563 3190; x_wconf 82' lang='lat' dir='ltr'>Nemo</span> <span class='ocrx_word' id='word_1_589' title='bbox 3580 3130 3714 3187; x_wconf 66' lang='lat' dir='ltr'>teuit</span> 
     </span>
     <span class='ocr_line' id='line_1_85' title="bbox 2172 3192 3813 3303; baseline -0.004 -16"><span class='ocrx_word' id='word_1_590' title='bbox 2172 3226 2378 3294; x_wconf 73' lang='lat' dir='ltr'>adme,</span> <span class='ocrx_word' id='word_1_591' title='bbox 2398 3224 2520 3285; x_wconf 70' lang='lat' dir='ltr'>nisi</span> <span class='ocrx_word' id='word_1_592' title='bbox 2542 3224 2758 3297; x_wconf 73' lang='lat' dir='ltr'>Pater,</span> <span class='ocrx_word' id='word_1_593' title='bbox 2782 3224 2887 3303; x_wconf 79' lang='lat' dir='ltr'>qui</span> <span class='ocrx_word' id='word_1_594' title='bbox 2906 3221 3075 3284; x_wconf 72' lang='lat' dir='ltr'>misit</span> <span class='ocrx_word' id='word_1_595' title='bbox 3088 3240 3198 3297; x_wconf 54' lang='lat' dir='ltr'>mr,</span> <span class='ocrx_word' id='word_1_596' title='bbox 3226 3222 3565 3284; x_wconf 64' lang='lat' dir='ltr'>attraxerit</span> <span class='ocrx_word' id='word_1_597' title='bbox 3584 3239 3709 3285; x_wconf 73' lang='lat' dir='ltr'>cum,</span> <span class='ocrx_word' id='word_1_598' title='bbox 3796 3192 3813 3245; x_wconf 77' lang='lat'><strong>⁴</strong></span> 
     </span>
     <span class='ocr_line' id='line_1_86' title="bbox 2172 3314 3812 3400; baseline -0.004 -18"><span class='ocrx_word' id='word_1_599' title='bbox 2172 3320 2231 3382; x_wconf 74' lang='lat' dir='ltr'>si</span> <span class='ocrx_word' id='word_1_600' title='bbox 2279 3320 2621 3400; x_wconf 76' lang='lat' dir='ltr'>cujuspiam</span> <span class='ocrx_word' id='word_1_601' title='bbox 2674 3319 2933 3380; x_wconf 71' lang='lat' dir='ltr'>hominis</span> <span class='ocrx_word' id='word_1_602' title='bbox 2978 3316 3108 3379; x_wconf 72' lang='lat' dir='ltr'>sine</span> <span class='ocrx_word' id='word_1_603' title='bbox 3138 3318 3257 3379; x_wconf 70' lang='lat' dir='ltr'>Dei</span> <span class='ocrx_word' id='word_1_604' title='bbox 3294 3314 3713 3379; x_wconf 72' lang='lat' dir='ltr'>illuminatione</span> <span class='ocrx_word' id='word_1_605' title='bbox 3810 3318 3812 3323; x_wconf 82' lang='grc'>’</span> 
     </span>
     <span class='ocr_line' id='line_1_87' title="bbox 2171 3410 3713 3483; baseline -0.004 -6"><span class='ocrx_word' id='word_1_606' title='bbox 2171 3419 2325 3477; x_wconf 72' lang='lat' dir='ltr'>esset</span> <span class='ocrx_word' id='word_1_607' title='bbox 2364 3414 2653 3476; x_wconf 74' lang='lat' dir='ltr'>credenda</span> <span class='ocrx_word' id='word_1_608' title='bbox 2688 3414 3011 3483; x_wconf 68' lang='lat' dir='ltr'>comer-sio,</span> <span class='ocrx_word' id='word_1_609' title='bbox 3060 3416 3171 3475; x_wconf 74' lang='lat' dir='ltr'>aut</span> <span class='ocrx_word' id='word_1_610' title='bbox 3194 3410 3323 3473; x_wconf 74' lang='lat' dir='ltr'>allo</span> <span class='ocrx_word' id='word_1_611' title='bbox 3360 3412 3533 3471; x_wconf 79' lang='lat' dir='ltr'>modo</span> <span class='ocrx_word' id='word_1_612' title='bbox 3557 3430 3617 3472; x_wconf 76' lang='lat' dir='ltr'>se</span> <span class='ocrx_word' id='word_1_613' title='bbox 3640 3428 3713 3471; x_wconf 68' lang='lat' dir='ltr'><strong><em>w</em></strong></span> 
     </span>
     <span class='ocr_line' id='line_1_88' title="bbox 2170 3505 3711 3583; baseline -0.006 -12"><span class='ocrx_word' id='word_1_614' title='bbox 2170 3510 2379 3571; x_wconf 75' lang='lat' dir='ltr'>luntas</span> <span class='ocrx_word' id='word_1_615' title='bbox 2400 3506 2655 3568; x_wconf 70' lang='lat' dir='ltr'>hominis</span> <span class='ocrx_word' id='word_1_616' title='bbox 2682 3506 2767 3567; x_wconf 79' lang='lat' dir='ltr'>ad</span> <span class='ocrx_word' id='word_1_617' title='bbox 2795 3508 2987 3568; x_wconf 71' lang='lat' dir='ltr'>Dotem</span> <span class='ocrx_word' id='word_1_618' title='bbox 3012 3505 3146 3567; x_wconf 72' lang='lat' dir='ltr'>sine</span> <span class='ocrx_word' id='word_1_619' title='bbox 3172 3506 3293 3567; x_wconf 74' lang='lat' dir='ltr'>Deo</span> <span class='ocrx_word' id='word_1_620' title='bbox 3312 3511 3518 3583; x_wconf 75' lang='lat' dir='ltr'>posset</span> <span class='ocrx_word' id='word_1_621' title='bbox 3545 3510 3711 3565; x_wconf 69' lang='lat' dir='ltr'>exten-</span> 
     </span>
     <span class='ocr_line' id='line_1_89' title="bbox 2172 3594 3713 3684; baseline -0.007 -19"><span class='ocrx_word' id='word_1_622' title='bbox 2172 3604 2328 3674; x_wconf 75' lang='lat' dir='ltr'>dere,</span> <span class='ocrx_word' id='word_1_623' title='bbox 2355 3602 2460 3681; x_wconf 80' lang='lat' dir='ltr'>qui</span> <span class='ocrx_word' id='word_1_624' title='bbox 2486 3618 2615 3684; x_wconf 66' lang='lat' dir='ltr'>qum</span> <span class='ocrx_word' id='word_1_625' title='bbox 2640 3604 2911 3661; x_wconf 78' lang='lat' dir='ltr'>vocatum</span> <span class='ocrx_word' id='word_1_626' title='bbox 2934 3600 3015 3661; x_wconf 77' lang='lat' dir='ltr'>ad</span> <span class='ocrx_word' id='word_1_627' title='bbox 3034 3594 3271 3659; x_wconf 78' lang='lat' dir='ltr'>Filium</span> <span class='ocrx_word' id='word_1_628' title='bbox 3296 3599 3520 3661; x_wconf 72' lang='lat' dir='ltr'>trahit.</span> <span class='ocrx_word' id='word_1_629' title='bbox 3552 3598 3713 3673; x_wconf 82' lang='lat' dir='ltr'>Igitur</span> 
     </span>
     <span class='ocr_line' id='line_1_90' title="bbox 2170 3691 3713 3770; baseline -0.005 -16"><span class='ocrx_word' id='word_1_630' title='bbox 2170 3694 2275 3754; x_wconf 89' lang='lat' dir='ltr'>illa</span> <span class='ocrx_word' id='word_1_631' title='bbox 2302 3694 2521 3754; x_wconf 89' lang='lat' dir='ltr'>tractio</span> <span class='ocrx_word' id='word_1_632' title='bbox 2568 3698 2903 3770; x_wconf 86' lang='lat' dir='ltr'>utrumque</span> <span class='ocrx_word' id='word_1_633' title='bbox 2948 3691 3229 3762; x_wconf 75' lang='lat' dir='ltr'>includit,</span> <span class='ocrx_word' id='word_1_634' title='bbox 3276 3691 3539 3761; x_wconf 88' lang='lat' dir='ltr'>scilicet,</span> <span class='ocrx_word' id='word_1_635' title='bbox 3590 3691 3713 3750; x_wconf 73' lang='lat' dir='ltr'>divi-</span> 
     </span>
     <span class='ocr_line' id='line_1_91' title="bbox 2170 3783 3810 3862; baseline -0.005 -15"><span class='ocrx_word' id='word_1_636' title='bbox 2170 3806 2317 3847; x_wconf 88' lang='lat' dir='ltr'>nam</span> <span class='ocrx_word' id='word_1_637' title='bbox 2347 3786 2861 3846; x_wconf 87' lang='lat' dir='ltr'>illuminationem</span> <span class='ocrx_word' id='word_1_638' title='bbox 2884 3789 2945 3845; x_wconf 93' lang='lat' dir='ltr'>et</span> <span class='ocrx_word' id='word_1_639' title='bbox 2970 3784 3387 3862; x_wconf 85' lang='lat' dir='ltr'>adjutorium;</span> <span class='ocrx_word' id='word_1_640' title='bbox 3424 3790 3489 3844; x_wconf 85' lang='lat' dir='ltr'>et</span> <span class='ocrx_word' id='word_1_641' title='bbox 3520 3785 3598 3844; x_wconf 92' lang='lat' dir='ltr'>ita</span> <span class='ocrx_word' id='word_1_642' title='bbox 3624 3783 3715 3859; x_wconf 87' lang='lat' dir='ltr'>qui</span> <span class='ocrx_word' id='word_1_643' title='bbox 3808 3846 3810 3857; x_wconf 32' lang='lat'><em>2</em></span> 
     </span>
     <span class='ocr_line' id='line_1_92' title="bbox 2172 3876 3715 3955; baseline -0.004 -16"><span class='ocrx_word' id='word_1_644' title='bbox 2172 3886 2426 3941; x_wconf 88' lang='lat' dir='ltr'>vocatus</span> <span class='ocrx_word' id='word_1_645' title='bbox 2448 3878 2637 3948; x_wconf 83' lang='lat' dir='ltr'>venit,</span> <span class='ocrx_word' id='word_1_646' title='bbox 2670 3896 2795 3937; x_wconf 91' lang='lat' dir='ltr'>non</span> <span class='ocrx_word' id='word_1_647' title='bbox 2828 3876 3030 3936; x_wconf 88' lang='lat' dir='ltr'>solum</span> <span class='ocrx_word' id='word_1_648' title='bbox 3066 3877 3335 3937; x_wconf 89' lang='lat' dir='ltr'>trahitur</span> <span class='ocrx_word' id='word_1_649' title='bbox 3378 3876 3529 3955; x_wconf 85' lang='lat' dir='ltr'>quia</span> <span class='ocrx_word' id='word_1_650' title='bbox 3560 3894 3715 3935; x_wconf 79' lang='lat' dir='ltr'>vora·</span> 
     </span>
    </p>
   </div>
   <div class='ocr_carea' id='block_1_7' title="bbox 3810 3326 3813 3657">
    <p class='ocr_par' dir='ltr' id='par_1_7' title="bbox 3810 3326 3813 3657">
     <span class='ocr_line' id='line_1_93' title="bbox 3810 3326 3813 3657; baseline 0 0"><span class='ocrx_word' id='word_1_651' title='bbox 3810 3326 3813 3657; x_wconf 95' lang='lat' dir='ltr'> </span> 
     </span>
    </p>
   </div>
   <div class='ocr_carea' id='block_1_8' title="bbox 2166 3970 3806 5642">
    <p class='ocr_par' dir='ltr' id='par_1_8' title="bbox 2166 3970 3808 5528">
     <span class='ocr_line' id='line_1_94' title="bbox 2176 3970 3715 4048; baseline -0.005 -14"><span class='ocrx_word' id='word_1_652' title='bbox 2176 3980 2295 4045; x_wconf 90' lang='lat' dir='ltr'>tur,</span> <span class='ocrx_word' id='word_1_653' title='bbox 2329 3972 2442 4033; x_wconf 88' lang='lat' dir='ltr'>sed</span> <span class='ocrx_word' id='word_1_654' title='bbox 2462 3972 2649 4032; x_wconf 87' lang='lat' dir='ltr'>etiam</span> <span class='ocrx_word' id='word_1_655' title='bbox 2678 3970 2823 4047; x_wconf 89' lang='lat' dir='ltr'>quia</span> <span class='ocrx_word' id='word_1_656' title='bbox 2854 3970 3189 4048; x_wconf 90' lang='lat' dir='ltr'>ipsummet</span> <span class='ocrx_word' id='word_1_657' title='bbox 3216 3975 3451 4035; x_wconf 87' lang='lat' dir='ltr'>actum,</span> <span class='ocrx_word' id='word_1_658' title='bbox 3481 3986 3604 4048; x_wconf 89' lang='lat' dir='ltr'>quo</span> <span class='ocrx_word' id='word_1_659' title='bbox 3630 3986 3715 4027; x_wconf 66' lang='lat' dir='ltr'>ve-</span> 
     </span>
     <span class='ocr_line' id='line_1_95' title="bbox 2176 4062 3706 4143; baseline -0.007 -16"><span class='ocrx_word' id='word_1_660' title='bbox 2176 4067 2287 4137; x_wconf 89' lang='lat' dir='ltr'>nit,</span> <span class='ocrx_word' id='word_1_661' title='bbox 2328 4084 2366 4126; x_wconf 83' lang='lat' dir='ltr'>a</span> <span class='ocrx_word' id='word_1_662' title='bbox 2394 4066 2573 4125; x_wconf 86' lang='lat' dir='ltr'>Patre</span> <span class='ocrx_word' id='word_1_663' title='bbox 2618 4064 2839 4143; x_wconf 88' lang='lat' dir='ltr'>recipit</span> <span class='ocrx_word' id='word_1_664' title='bbox 2862 4082 2975 4142; x_wconf 88' lang='lat' dir='ltr'>per</span> <span class='ocrx_word' id='word_1_665' title='bbox 3006 4062 3411 4141; x_wconf 86' lang='lat' dir='ltr'>adjuvantem</span> <span class='ocrx_word' id='word_1_666' title='bbox 3440 4062 3706 4143; x_wconf 86' lang='lat' dir='ltr'>gratiam.</span> 
     </span>
     <span class='ocr_line' id='line_1_96' title="bbox 2174 4156 3713 4235; baseline -0.006 -12"><span class='ocrx_word' id='word_1_667' title='bbox 2174 4161 2351 4224; x_wconf 87' lang='lat' dir='ltr'>Unde</span> <span class='ocrx_word' id='word_1_668' title='bbox 2382 4160 2569 4221; x_wconf 88' lang='lat' dir='ltr'>etiam</span> <span class='ocrx_word' id='word_1_669' title='bbox 2608 4158 2834 4218; x_wconf 89' lang='lat' dir='ltr'>mirum</span> <span class='ocrx_word' id='word_1_670' title='bbox 2862 4174 2993 4217; x_wconf 90' lang='lat' dir='ltr'>non</span> <span class='ocrx_word' id='word_1_671' title='bbox 3020 4164 3136 4228; x_wconf 88' lang='lat' dir='ltr'>est,</span> <span class='ocrx_word' id='word_1_672' title='bbox 3173 4156 3343 4235; x_wconf 89' lang='lat' dir='ltr'>quod</span> <span class='ocrx_word' id='word_1_673' title='bbox 3372 4157 3597 4220; x_wconf 83' lang='lat' dir='ltr'>omnis,</span> <span class='ocrx_word' id='word_1_674' title='bbox 3626 4156 3713 4233; x_wconf 88' lang='lat' dir='ltr'>qui</span> 
     </span>
     <span class='ocr_line' id='line_1_97' title="bbox 2174 4249 3711 4329; baseline -0.004 -15"><span class='ocrx_word' id='word_1_675' title='bbox 2174 4254 2263 4314; x_wconf 90' lang='lat' dir='ltr'>sic</span> <span class='ocrx_word' id='word_1_676' title='bbox 2302 4254 2589 4323; x_wconf 84' lang='lat' dir='ltr'>trahitur,</span> <span class='ocrx_word' id='word_1_677' title='bbox 2630 4252 2874 4322; x_wconf 86' lang='lat' dir='ltr'>veniat;</span> <span class='ocrx_word' id='word_1_678' title='bbox 2919 4250 3086 4329; x_wconf 87' lang='lat' dir='ltr'>quia,</span> <span class='ocrx_word' id='word_1_679' title='bbox 3134 4250 3283 4310; x_wconf 90' lang='lat' dir='ltr'>dum</span> <span class='ocrx_word' id='word_1_680' title='bbox 3322 4249 3409 4311; x_wconf 89' lang='lat' dir='ltr'>sic</span> <span class='ocrx_word' id='word_1_681' title='bbox 3448 4250 3711 4315; x_wconf 83' lang='lat' dir='ltr'>trahitur,</span> 
     </span>
     <span class='ocr_line' id='line_1_98' title="bbox 2167 4342 3711 4425; baseline -0.005 -18"><span class='ocrx_word' id='word_1_682' title='bbox 2167 4346 2301 4425; x_wconf 86' lang='lat' dir='ltr'>jam</span> <span class='ocrx_word' id='word_1_683' title='bbox 2352 4347 2545 4407; x_wconf 88' lang='lat' dir='ltr'>libere</span> <span class='ocrx_word' id='word_1_684' title='bbox 2590 4342 2914 4406; x_wconf 89' lang='lat' dir='ltr'>consentit.</span> <span class='ocrx_word' id='word_1_685' title='bbox 2966 4344 3249 4421; x_wconf 89' lang='lat' dir='ltr'>Denique</span> <span class='ocrx_word' id='word_1_686' title='bbox 3292 4342 3519 4404; x_wconf 89' lang='lat' dir='ltr'>eodem</span> <span class='ocrx_word' id='word_1_687' title='bbox 3550 4342 3711 4402; x_wconf 88' lang='lat' dir='ltr'>modo</span> 
     </span>
     <span class='ocr_line' id='line_1_99' title="bbox 2174 4436 3711 4519; baseline -0.001 -20"><span class='ocrx_word' id='word_1_688' title='bbox 2174 4452 2431 4519; x_wconf 83' lang='lat' dir='ltr'>possent</span> <span class='ocrx_word' id='word_1_689' title='bbox 2470 4438 2696 4517; x_wconf 83' lang='lat' dir='ltr'>exponi</span> <span class='ocrx_word' id='word_1_690' title='bbox 2728 4436 3053 4517; x_wconf 87' lang='lat' dir='ltr'>superiora</span> <span class='ocrx_word' id='word_1_691' title='bbox 3082 4436 3301 4497; x_wconf 87' lang='lat' dir='ltr'>Christi</span> <span class='ocrx_word' id='word_1_692' title='bbox 3335 4436 3561 4497; x_wconf 88' lang='lat' dir='ltr'>verba:</span> <span class='ocrx_word' id='word_1_693' title='bbox 3598 4436 3711 4497; x_wconf 80' lang='lat' dir='ltr'>Om-</span> 
     </span>
     <span class='ocr_line' id='line_1_100' title="bbox 2172 4530 3711 4614; baseline -0.004 -21"><span class='ocrx_word' id='word_1_694' title='bbox 2172 4550 2247 4595; x_wconf 71' lang='lat' dir='ltr'>ne</span> <span class='ocrx_word' id='word_1_695' title='bbox 2273 4534 2429 4614; x_wconf 75' lang='lat' dir='ltr'>quod</span> <span class='ocrx_word' id='word_1_696' title='bbox 2448 4534 2555 4595; x_wconf 79' lang='lat' dir='ltr'>dat</span> <span class='ocrx_word' id='word_1_697' title='bbox 2572 4532 2725 4593; x_wconf 70' lang='lat' dir='ltr'>mihi</span> <span class='ocrx_word' id='word_1_698' title='bbox 2744 4530 2955 4603; x_wconf 81' lang='lat' dir='ltr'>Pater,</span> <span class='ocrx_word' id='word_1_699' title='bbox 2984 4531 3067 4593; x_wconf 84' lang='lat' dir='ltr'>ad</span> <span class='ocrx_word' id='word_1_700' title='bbox 3088 4548 3180 4592; x_wconf 81' lang='lat' dir='ltr'>me</span> <span class='ocrx_word' id='word_1_701' title='bbox 3204 4530 3404 4602; x_wconf 74' lang='lat' dir='ltr'>vonit;</span> <span class='ocrx_word' id='word_1_702' title='bbox 3432 4530 3541 4589; x_wconf 86' lang='lat' dir='ltr'>dat</span> <span class='ocrx_word' id='word_1_703' title='bbox 3568 4530 3711 4589; x_wconf 89' lang='lat' dir='ltr'>enim</span> 
     </span>
     <span class='ocr_line' id='line_1_101' title="bbox 2178 4622 3711 4701; baseline -0.004 -16"><span class='ocrx_word' id='word_1_704' title='bbox 2178 4627 2357 4686; x_wconf 80' lang='lat' dir='ltr'>Pater</span> <span class='ocrx_word' id='word_1_705' title='bbox 2404 4625 2555 4686; x_wconf 87' lang='lat' dir='ltr'>Filio</span> <span class='ocrx_word' id='word_1_706' title='bbox 2584 4624 2871 4684; x_wconf 87' lang='lat' dir='ltr'>homines</span> <span class='ocrx_word' id='word_1_707' title='bbox 2899 4622 2964 4683; x_wconf 91' lang='lat' dir='ltr'>in</span> <span class='ocrx_word' id='word_1_708' title='bbox 2986 4623 3191 4701; x_wconf 88' lang='lat' dir='ltr'>ipsum</span> <span class='ocrx_word' id='word_1_709' title='bbox 3220 4623 3572 4693; x_wconf 83' lang='lat' dir='ltr'>credentes„</span> <span class='ocrx_word' id='word_1_710' title='bbox 3606 4640 3711 4681; x_wconf 87' lang='lat' dir='ltr'>non</span> 
     </span>
     <span class='ocr_line' id='line_1_102' title="bbox 2174 4716 3711 4796; baseline -0.005 -17"><span class='ocrx_word' id='word_1_711' title='bbox 2174 4718 2377 4779; x_wconf 90' lang='lat' dir='ltr'>solum</span> <span class='ocrx_word' id='word_1_712' title='bbox 2420 4718 2563 4796; x_wconf 88' lang='lat' dir='ltr'>quia</span> <span class='ocrx_word' id='word_1_713' title='bbox 2594 4735 2703 4777; x_wconf 88' lang='lat' dir='ltr'>eos</span> <span class='ocrx_word' id='word_1_714' title='bbox 2730 4719 2929 4788; x_wconf 88' lang='lat' dir='ltr'>vocat,</span> <span class='ocrx_word' id='word_1_715' title='bbox 2954 4716 3069 4776; x_wconf 83' lang='lat' dir='ltr'>sed</span> <span class='ocrx_word' id='word_1_716' title='bbox 3096 4716 3283 4777; x_wconf 85' lang='lat' dir='ltr'>etiam</span> <span class='ocrx_word' id='word_1_717' title='bbox 3304 4716 3453 4795; x_wconf 89' lang='lat' dir='ltr'>quia</span> <span class='ocrx_word' id='word_1_718' title='bbox 3482 4716 3711 4795; x_wconf 72' lang='lat' dir='ltr'>adjuvat</span> 
     </span>
     <span class='ocr_line' id='line_1_103' title="bbox 2172 4808 3705 4889; baseline -0.003 -19"><span class='ocrx_word' id='word_1_719' title='bbox 2172 4818 2243 4872; x_wconf 88' lang='lat' dir='ltr'>ut</span> <span class='ocrx_word' id='word_1_720' title='bbox 2270 4812 2548 4872; x_wconf 87' lang='lat' dir='ltr'>credant.</span> <span class='ocrx_word' id='word_1_721' title='bbox 2590 4809 2765 4881; x_wconf 88' lang='lat' dir='ltr'>Quod</span> <span class='ocrx_word' id='word_1_722' title='bbox 2810 4808 3178 4889; x_wconf 81' lang='lat' dir='ltr'>significavit</span> <span class='ocrx_word' id='word_1_723' title='bbox 3230 4810 3705 4889; x_wconf 63' lang='lat' dir='ltr'>chrysostomus</span> 
     </span>
     <span class='ocr_line' id='line_1_104' title="bbox 2172 4903 3711 4977; baseline -0.005 -10"><span class='ocrx_word' id='word_1_724' title='bbox 2172 4907 2343 4967; x_wconf 89' lang='lat' dir='ltr'>hom.</span> <span class='ocrx_word' id='word_1_725' title='bbox 2400 4907 2481 4965; x_wconf 61' lang='lat'>44</span> <span class='ocrx_word' id='word_1_726' title='bbox 2506 4910 2569 4964; x_wconf 89' lang='lat' dir='ltr'>et</span> <span class='ocrx_word' id='word_1_727' title='bbox 2597 4906 2676 4964; x_wconf 70' lang='lat'>45</span> <span class='ocrx_word' id='word_1_728' title='bbox 2704 4904 2769 4963; x_wconf 89' lang='lat' dir='ltr'>in</span> <span class='ocrx_word' id='word_1_729' title='bbox 2818 4904 3153 4975; x_wconf 88' lang='lat' dir='ltr'>Joannem,</span> <span class='ocrx_word' id='word_1_730' title='bbox 3188 4903 3431 4977; x_wconf 77' lang='lat' dir='ltr'>dicenS,</span> <span class='ocrx_word' id='word_1_731' title='bbox 3476 4904 3571 4963; x_wconf 89' lang='lat' dir='ltr'>his</span> <span class='ocrx_word' id='word_1_732' title='bbox 3596 4920 3711 4962; x_wconf 86' lang='lat' dir='ltr'>om-</span> 
     </span>
     <span class='ocr_line' id='line_1_105' title="bbox 2172 4996 3711 5070; baseline -0.005 -9"><span class='ocrx_word' id='word_1_733' title='bbox 2172 5001 2355 5061; x_wconf 86' lang='lat' dir='ltr'>nibus</span> <span class='ocrx_word' id='word_1_734' title='bbox 2385 4998 2799 5070; x_wconf 79' lang='lat' dir='ltr'>sermonibuS,</span> <span class='ocrx_word' id='word_1_735' title='bbox 2826 4998 2915 5057; x_wconf 87' lang='lat' dir='ltr'>nil</span> <span class='ocrx_word' id='word_1_736' title='bbox 2937 4996 3103 5057; x_wconf 89' lang='lat' dir='ltr'>aliud</span> <span class='ocrx_word' id='word_1_737' title='bbox 3128 4997 3401 5057; x_wconf 78' lang='lat' dir='ltr'>voluisse</span> <span class='ocrx_word' id='word_1_738' title='bbox 3424 4998 3711 5059; x_wconf 86' lang='lat' dir='ltr'>Christum</span> 
     </span>
     <span class='ocr_line' id='line_1_106' title="bbox 2170 5092 3806 5173; baseline -0.002 -18"><span class='ocrx_word' id='word_1_739' title='bbox 2170 5096 2421 5166; x_wconf 85' lang='lat' dir='ltr'>docere,</span> <span class='ocrx_word' id='word_1_740' title='bbox 2454 5110 2668 5171; x_wconf 87' lang='lat' dir='ltr'>quam,</span> <span class='ocrx_word' id='word_1_741' title='bbox 2698 5094 3181 5173; x_wconf 73' lang='lat' dir='ltr'>nemi-›temposse</span> <span class='ocrx_word' id='word_1_742' title='bbox 3224 5093 3291 5153; x_wconf 77' lang='lat' dir='ltr'>in</span> <span class='ocrx_word' id='word_1_743' title='bbox 3312 5092 3513 5173; x_wconf 68' lang='lat' dir='ltr'>ipsum</span> <span class='ocrx_word' id='word_1_744' title='bbox 3544 5092 3711 5153; x_wconf 78' lang='lat' dir='ltr'>oredc-</span> <span class='ocrx_word' id='word_1_745' title='bbox 3805 5152 3806 5159; x_wconf 44' lang='lat'>,</span> 
     </span>
     <span class='ocr_line' id='line_1_107' title="bbox 2168 5186 3806 5264; baseline -0.004 -15"><span class='ocrx_word' id='word_1_746' title='bbox 2168 5208 2255 5262; x_wconf 77' lang='lat' dir='ltr'>re,</span> <span class='ocrx_word' id='word_1_747' title='bbox 2290 5190 2413 5251; x_wconf 75' lang='lat' dir='ltr'>nisi</span> <span class='ocrx_word' id='word_1_748' title='bbox 2441 5188 2839 5259; x_wconf 77' lang='lat' dir='ltr'>illuminetur,</span> <span class='ocrx_word' id='word_1_749' title='bbox 2873 5192 2932 5249; x_wconf 78' lang='lat' dir='ltr'>et</span> <span class='ocrx_word' id='word_1_750' title='bbox 2960 5186 3185 5248; x_wconf 73' lang='lat' dir='ltr'>coelesti</span> <span class='ocrx_word' id='word_1_751' title='bbox 3212 5186 3441 5247; x_wconf 74' lang='lat' dir='ltr'>virtute</span> <span class='ocrx_word' id='word_1_752' title='bbox 3454 5186 3706 5264; x_wconf 70' lang='lat' dir='ltr'>juvetur.</span> <span class='ocrx_word' id='word_1_753' title='bbox 3805 5192 3806 5243; x_wconf 71' lang='lat'>3</span> 
     </span>
     <span class='ocr_line' id='line_1_108' title="bbox 2168 5277 3707 5361; baseline -0.005 -19"><span class='ocrx_word' id='word_1_754' title='bbox 2168 5281 2451 5361; x_wconf 78' lang='lat' dir='ltr'>quamvis</span> <span class='ocrx_word' id='word_1_755' title='bbox 2498 5298 2616 5341; x_wconf 89' lang='lat' dir='ltr'>nec</span> <span class='ocrx_word' id='word_1_756' title='bbox 2662 5279 2919 5339; x_wconf 89' lang='lat' dir='ltr'>credere</span> <span class='ocrx_word' id='word_1_757' title='bbox 2960 5277 3175 5356; x_wconf 86' lang='lat' dir='ltr'>possit,</span> <span class='ocrx_word' id='word_1_758' title='bbox 3225 5296 3345 5338; x_wconf 90' lang='lat' dir='ltr'>nec</span> <span class='ocrx_word' id='word_1_759' title='bbox 3373 5278 3552 5348; x_wconf 85' lang='lat' dir='ltr'>trahi,</span> <span class='ocrx_word' id='word_1_760' title='bbox 3609 5294 3707 5335; x_wconf 81' lang='lat' dir='ltr'>nec</span> 
     </span>
     <span class='ocr_line' id='line_1_109' title="bbox 2168 5370 3709 5448; baseline -0.005 -13"><span class='ocrx_word' id='word_1_761' title='bbox 2168 5373 2298 5435; x_wconf 88' lang='lat' dir='ltr'>dari</span> <span class='ocrx_word' id='word_1_762' title='bbox 2330 5394 2367 5435; x_wconf 89' lang='lat' dir='ltr'>a</span> <span class='ocrx_word' id='word_1_763' title='bbox 2394 5373 2597 5441; x_wconf 88' lang='lat' dir='ltr'>Patre,</span> <span class='ocrx_word' id='word_1_764' title='bbox 2626 5372 2745 5433; x_wconf 90' lang='lat' dir='ltr'>nisi</span> <span class='ocrx_word' id='word_1_765' title='bbox 2775 5370 2959 5433; x_wconf 83' lang='lat' dir='ltr'>simul</span> <span class='ocrx_word' id='word_1_766' title='bbox 2988 5371 3183 5431; x_wconf 88' lang='lat' dir='ltr'>libero</span> <span class='ocrx_word' id='word_1_767' title='bbox 3216 5371 3471 5432; x_wconf 87' lang='lat' dir='ltr'>arbitrio</span> <span class='ocrx_word' id='word_1_768' title='bbox 3508 5386 3709 5448; x_wconf 87' lang='lat' dir='ltr'>coope-</span> 
     </span>
     <span class='ocr_line' id='line_1_110' title="bbox 2166 5467 2683 5528; baseline 0.002 -1"><span class='ocrx_word' id='word_1_769' title='bbox 2166 5472 2341 5527; x_wconf 87' lang='lat' dir='ltr'>retur</span> <span class='ocrx_word' id='word_1_770' title='bbox 2368 5472 2432 5528; x_wconf 88' lang='lat' dir='ltr'>et</span> <span class='ocrx_word' id='word_1_771' title='bbox 2454 5467 2683 5528; x_wconf 82' lang='lat' dir='ltr'>veniat.</span> 
     </span>
    </p>

    <p class='ocr_par' dir='ltr' id='par_1_9' title="bbox 2250 5556 3707 5642">
     <span class='ocr_line' id='line_1_111' title="bbox 2250 5556 3707 5642; baseline -0.002 -22"><span class='ocrx_word' id='word_1_772' title='bbox 2250 5562 2347 5621; x_wconf 72' lang='lat'>10.</span> <span class='ocrx_word' id='word_1_773' title='bbox 2379 5560 2529 5623; x_wconf 75' lang='lat' dir='ltr'>Alia</span> <span class='ocrx_word' id='word_1_774' title='bbox 2556 5558 2843 5642; x_wconf 67' lang='lat' dir='ltr'>expositio</span> <span class='ocrx_word' id='word_1_775' title='bbox 2868 5556 3223 5641; x_wconf 62' lang='lat' dir='ltr'>Anqustini.</span> <span class='ocrx_word' id='word_1_776' title='bbox 3246 5590 3331 5605; x_wconf 92' lang='lat'>--</span> <span class='ocrx_word' id='word_1_777' title='bbox 3360 5558 3483 5620; x_wconf 89' lang='lat' dir='ltr'>Sed</span> <span class='ocrx_word' id='word_1_778' title='bbox 3512 5572 3707 5637; x_wconf 82' lang='lat' dir='ltr'>quam—</span> 
     </span>
    </p>
   </div>
  </div>
 </body>
</html>
