3850 6225
747 410 881 464 CAP.
919 411 978 461 V.
1015 411 1183 462 DEUM
1216 410 1338 462 NON
1374 411 1772 466 COGNOSCERE
1803 411 1943 464 HAEC
1976 411 2225 463 FCTURA
2258 410 2319 462 IN
2354 410 2511 462 som
2546 409 2685 472 SUA,
2720 409 2853 461 ETC.

180 510 484 591 cognitio,
523 517 832 590 quatenus
867 511 1136 590 cognitio
1181 514 1296 584 est,
1329 514 1622 592 supponit
1649 514 1756 576 ob-

171 606 418 684 jectum
457 605 902 684 cognoscibile,
935 610 1004 664 ut
1040 611 1210 665 recte
1239 608 1433 666 sensit
1464 607 1754 686 Augusti-

179 716 328 772 nuS‚
355 699 396 756 4
432 697 588 758 Gen.
617 697 696 758 ad
725 697 1018 769 litteram,
1048 715 1188 776 cap.
1221 699 1320 758 32.
1351 698 1526 761 Unde
1565 701 1754 761 etiam

181 791 446 852 scientia
468 791 764 870 practica,
800 809 938 870 quae
969 795 1038 850 ut
1073 791 1162 852 sic
1187 797 1282 852 est
1311 810 1499 852 causa
1521 794 1616 854 sui
1647 794 1752 854 ob-

175 884 356 962 jecti,
396 889 708 963 quatenus
751 883 1022 962 cognitio
1067 889 1164 945 est
1209 886 1502 964 supponit
1549 886 1753 964 objec-

181 984 318 1036 tum
346 994 486 1038 esse
527 976 820 1050 factibile,
855 982 918 1037 et
959 978 1238 1040 noudum
1282 980 1600 1058 cognoscit
1625 970 1754 1040 fac-

181 1077 356 1142 tum;
409 1070 680 1148 cognitio
727 1076 939 1132 autem
989 1089 1114 1149 qua
1163 1071 1384 1132 artifex
1435 1072 1755 1152 cognoscit

183 1164 502 1238 effectum,
533 1168 604 1224 ut
629 1183 666 1224 a
694 1182 762 1224 se
803 1163 1058 1236 factum,
1089 1182 1412 1243 nunquam
1441 1170 1534 1226 est
1565 1182 1756 1226 causa

181 1257 436 1335 objecti,
486 1259 634 1336 quia
677 1257 971 1336 supponit
1023 1257 1178 1319 iliud
1217 1259 1349 1336 jam
1401 1264 1748 1320 causatum.

181 1351 274 1410 lta
301 1367 453 1429 ergo
475 1356 570 1410 est
593 1350 660 1410 iu
671 1352 804 1411 Deo
831 1367 1126 1429 supremo
1145 1351 1404 1424 artifice;
1427 1369 1556 1412 non
1587 1351 1756 1412 enim

184 1449 486 1522 operatur
531 1462 634 1505 res
677 1444 1020 1507 formaliter
1075 1461 1190 1523 per
1245 1462 1386 1505 eam
1433 1444 1756 1504 scientiam

180 1555 300 1616 per
329 1555 520 1616 quam
541 1539 654 1600 scit
673 1557 782 1598 eas
807 1555 946 1598 esse
965 1537 1184 1608 factaS,
1217 1537 1366 1616 quia
1389 1538 1530 1598 talis
1555 1538 1754 1597 scien-

182 1634 272 1694 tia
295 1631 593 1710 supponit
621 1631 1014 1692 effectionem
1061 1631 1276 1691 talium
1317 1649 1558 1705 rerum,
1577 1632 1755 1709 juxta

180 1725 342 1786 illud
375 1725 600 1786 Genes.
635 1728 660 1784 i
693 1743 707 1782 ;
748 1725 914 1790 Vidit
939 1725 1100 1786 Deus
1127 1730 1340 1787 cuncta
1360 1743 1492 1804 quoe
1507 1727 1750 1799 fecerat,

183 1826 242 1882 et
275 1823 452 1881 erant
497 1819 666 1880 valde
705 1819 896 1888 bona;
950 1816 1062 1876 sed
1107 1818 1244 1876 haec
1294 1818 1574 1888 scientia,
1633 1836 1756 1896 qua

183 1915 360 1973 Deus
407 1910 725 1990 cognoscit
749 1909 1030 1970 futurum
1068 1911 1458 1989 contingens„
1513 1916 1605 1971 est
1651 1910 1756 1970 illa

187 2026 316 2086 qua
339 2007 508 2068 videt
519 2025 656 2067 rem
671 2011 740 2066 ut
768 2005 1134 2066 existentem
1155 2023 1268 2083 pro
1298 2024 1412 2066 suo
1437 2010 1750 2083 tempore;

185 2119 344 2180 ergo
373 2101 480 2160 illa
503 2105 572 2160 ut
597 2101 683 2161 sic
697 2117 826 2160 non
847 2103 942 2158 est
962 2117 1150 2158 causa
1176 2098 1270 2159 sui
1302 2099 1531 2177 objecti
1553 2117 1568 2170 3
1603 2117 1753 2177 ergo

185 2213 322 2254 non
351 2199 558 2273 potest
583 2213 720 2254 esse
745 2194 876 2253 hoec
905 2192 1162 2253 scientia
1188 2193 1440 2272 propria
1467 2192 1625 2253 ratio
1651 2191 1757 2252 de-

182 2287 650 2349 terminationis
673 2287 764 2346 rei
793 2286 1034 2345 futurae.

207 2415 216 2420 ·
271 2384 332 2444 8.
382 2381 668 2444 Secundo
695 2426 712 2452 ,
761 2387 1168 2459 argumentor
1201 2378 1460 2440 ulterius
1485 2424 1500 2451 ,
1559 2377 1706 2458 quia
1736 2423 1752 2452 ‚

185 2476 480 2554 quamvis
522 2475 817 2535 daremus
841 2475 1016 2534 illam
1061 2473 1382 2534 scientiam
1425 2491 1563 2534 esse
1613 2491 1756 2533 cau-

185 2587 356 2640 sam,
385 2573 620 2642 tamen,
675 2571 978 2646 quantum
1009 2573 1102 2628 est
1141 2585 1216 2628 ex
1269 2573 1446 2645 parte
1479 2566 1612 2639 Dei,
1646 2566 1757 2626 de-

183 2663 372 2723 beret
417 2680 556 2723 esse
601 2681 792 2722 causa
835 2663 1030 2722 libera
1073 2667 1134 2721 et
1184 2661 1568 2732 indifferens,
1610 2679 1753 2721 cum

185 2757 486 2815 causetur
553 2761 726 2816 extra
779 2757 1021 2827 Deum;
1079 2773 1229 2833 ergo
1279 2754 1752 2814 determinanda

185 2850 298 2910 iila
345 2856 508 2911 esset
535 2849 616 2910 ad
661 2848 1050 2910 causandum
1078 2849 1198 2909 hoc
1226 2849 1429 2927 potius
1457 2867 1648 2926 quam
1683 2849 1755 2907 il-

185 2943 298 3004 lud
327 2989 344 3015 ,
395 2948 454 3003 et
509 2943 1031 3003 determinaretur
1059 2940 1140 3001 ad
1181 2941 1594 3020 judicandum
1635 2942 1753 3001 hoc

185 3037 400 3117 potius
455 3054 644 3115 quam
691 3035 878 3108 illud;
925 3035 1038 3095 sed
1077 3053 1206 3095 non
1245 3037 1447 3114 potest
1493 3035 1628 3114 ipsa
1657 3053 1756 3094 se-

185 3133 404 3209 ipsam·
447 3130 905 3201 determinare,
964 3130 1109 3207 quia
1161 3129 1418 3189 scientia
1473 3147 1602 3189 non
1661 3134 1756 3189 est

183 3224 536 3286 formaliter
577 3224 772 3283 libera
805 3242 821 3293 ς
871 3222 1129 3283 deberet
1168 3241 1318 3301 ergo
1351 3222 1754 3283 determinari

185 3336 305 3397 per
363 3316 638 3396 priorem
688 3316 1112 3387 voluntatem3
1165 3334 1316 3394 ergo
1371 3314 1753 3394 impossibile

186 3417 286 3471 est
311 3415 382 3471 ut
413 3409 670 3470 scientia
699 3408 831 3468 sola
873 3425 986 3485 per
1013 3409 1286 3487 seipsam
1319 3409 1396 3469 sit
1427 3410 1626 3487 prima
1657 3427 1754 3469 ra-

185 3504 294 3563 dix
351 3504 542 3583 hujus
583 3500 1158 3575 determinationis;
1207 3520 1356 3581 ergo
1399 3502 1498 3563 vel
1541 3521 1755 3564 recur-

183 3596 456 3657 rendum
506 3601 600 3656 est
647 3595 730 3655 ad
771 3594 1162 3655 voluntatem
1207 3595 1478 3656 divinam
1505 3640 1522 3669 ,
1585 3595 1755 3674 quod

183 3690 520 3770 praedictus
546 3694 764 3749 auctor
803 3691 1014 3767 negat,
1059 3688 1138 3749 de
1167 3706 1292 3767 quo
1333 3688 1496 3750 infra
1523 3689 1749 3761 dicam,

185 3787 500 3863 quantum
550 3782 632 3842 ad
667 3800 805 3842 rem
835 3787 1105 3861 spectat;
1137 3781 1238 3843 ille
1267 3801 1414 3843 vero
1457 3801 1584 3843 non
1613 3800 1756 3842 con-

183 3882 528 3955 sequenter
563 3876 858 3955 loquitur,
909 3893 1052 3937 cum
1098 3876 1430 3937 causalitas
1481 3876 1752 3937 scientiae

189 3988 336 4031 esse
385 3988 518 4029 non
557 3970 752 4047 possit
795 3969 916 4029 nisi
961 3986 1076 4048 per
1119 3970 1600 4049 applicationem
1645 3988 1756 4030 vo-

189 4062 452 4123 luntatis
481 4106 502 4137 ,
551 4068 808 4140 propter
865 4080 1058 4141 quam
1109 4063 1418 4123 rationem
1477 4063 1754 4142 potentia

187 4158 518 4219 executiva
555 4157 668 4217 Dei
714 4175 842 4217 non
884 4163 1090 4236 potest
1150 4176 1286 4219 esse
1337 4158 1536 4237 prima
1580 4157 1758 4218 radix

185 4252 382 4329 hujus
427 4249 970 4311 determinationis
998 4296 1016 4324 ,
1062 4253 1208 4331 quia
1255 4252 1442 4312 debet
1495 4270 1607 4329 per
1653 4269 1757 4311 vo-

187 4346 497 4405 luntatem
549 4342 972 4404 determinari.
1007 4344 1121 4405 Vel
1149 4344 1423 4423 denique
1461 4344 1512 4403 si
1539 4342 1758 4403 volun-

187 4445 288 4499 tas
338 4436 706 4498 excludatur
753 4455 834 4497 ex
877 4443 1054 4516 parte
1087 4437 1315 4517 objecti
1345 4456 1462 4499 seu
1504 4436 1598 4497 rei
1643 4435 1756 4495 sci-

188 4539 294 4605 tae,
345 4529 690 4609 quaerenda
745 4535 842 4590 est
887 4530 1320 4591 determinatio
1353 4576 1366 4602 ,
1426 4535 1494 4590 ut
1539 4535 1756 4608 postea

185 4622 660 4685 concludemus,
1073 4666 1085 4681 .

267 4720 331 4780 9.
383 4718 724 4782 Solvuntur
745 4718 1140 4797 fundamenta
1157 4716 1391 4798 prim-is
1420 4714 1751 4778 sententiae.

185 4846 270 4859 -
299 4813 396 4872 Ad
419 4811 903 4873 fundamentum
945 4809 1200 4870 alterius
1247 4808 1610 4881 sententiae,
1657 4826 1757 4865 re-

189 4904 538 4985 spondetur
563 4904 696 4983 jam
744 4903 894 4965 satis
921 4907 1205 4963 constare
1247 4920 1324 4961 ex
1367 4901 1566 4971 dictis,
1607 4898 1758 4977 quid

189 5002 408 5061 Patres
449 4999 514 5058 in
559 4999 677 5059 hac
708 5016 780 5059 re
827 4996 1120 5068 sentiant,
1162 4996 1323 5055 inter
1364 5013 1521 5073 quos
1569 4994 1758 5054 etiam

189 5092 611 5173 ,augustinum
639 5090 1050 5162 adduximu53
1077 5107 1222 5149 cum
1251 5106 1402 5167 ergo
1423 5088 1490 5147 in
1515 5088 1650 5147 aliis
1668 5087 1758 5147 lo-

189 5188 282 5249 cis
307 5187 580 5247 affirmet
601 5203 704 5245 res
741 5202 882 5247 esse
921 5183 1191 5255 futuraS,
1243 5181 1390 5260 quia
1435 5183 1602 5241 Deus
1647 5182 1760 5242 scit

185 5282 353 5354 inas,
383 5298 514 5340 non
540 5279 816 5357 loquitur
844 5278 922 5339 de
959 5277 1216 5339 scientia
1240 5276 1494 5336 visionis
1535 5281 1606 5335 ut
1645 5275 1752 5349 sic,

187 5374 306 5437 sed
333 5374 416 5436 de
448 5372 710 5434 scientia
734 5373 1030 5451 practica,
1068 5388 1206 5449 quae
1241 5370 1497 5430 scientia
1535 5386 1760 5447 appro-

185 5468 462 5529 bationis
495 5465 704 5526 vocari
732 5465 910 5537 solet,
953 5482 1092 5543 quae
1123 5464 1465 5524 secundum
1505 5482 1570 5523 se
1607 5481 1763 5542 prae-

185 5560 356 5622 cedit
383 5558 602 5621 ordine
627 5557 884 5620 rationis
911 5559 1238 5619 decretum
1257 5557 1612 5631 voluntem,
1637 5573 1762 5633 quo

3282 405 3391 466 311

1834 514 2003 573 Deus
2030 511 2163 573 vult
2203 528 2339 572 rem
2372 510 2647 572 futuram
2680 529 2841 584 esse,
2870 511 2971 572 vel
3000 511 3395 591 permittere3

1833 623 1950 684 per
1974 605 2360 666 voluntatem
2403 609 2617 664 autem
2656 605 3106 666 determinatur
3153 605 3235 666 ad
3283 606 3403 666 hoc

1832 699 1935 760 vel
1959 698 2114 759 illud
2136 698 2515 770 faciendum,
2548 705 2608 759 et
2638 699 2723 759 sic
2761 699 3225 777 approbationis
3250 699 3404 759 dici-

1833 797 1965 864 tur3
2012 797 2073 852 et
2104 791 2243 852 ideo
2283 793 2688 871 AugustinuS,
2738 791 2845 852 lib.
2892 792 3109 870 quinto
3136 791 3214 852 de
3244 792 3405 852 Civi-

1831 891 1971 960 tat.,
1994 903 2132 964 cap.
2164 902 2354 957 nono,
2380 903 2631 964 semper
2658 903 2800 946 cum
2832 884 3089 944 scientia
3117 884 3403 944 volunta-

1833 983 1963 1040 tem
2010 978 2331 1058 adjungit:
2374 979 2461 1038 sic
2506 979 2676 1039 enim
2712 979 2903 1038 habet
2946 978 3011 1038 in
3053 977 3179 1038 fine
3215 996 3397 1056 cap.:

1841 1073 2219 1154 Quapropter
2263 1076 2322 1134 et
2374 1073 2711 1135 voluntates
2764 1079 2988 1134 nosco-ce
3034 1075 3272 1135 tantuma
3299 1089 3405 1134 va·

1835 1167 1983 1240 lent,
2026 1171 2318 1246 quantu-m
2371 1167 2534 1229 Deus
2590 1183 2690 1228 eas
2743 1165 2941 1230 valere
2987 1163 3179 1228 voluit
3227 1171 3405 1245 atque

1825 1261 2183 1338 prce-scivit,
2222 1259 2613 1338 praescientia
2638 1260 2891 1332 scilicet,
2922 1277 3045 1337 qua
3086 1257 3405 1336 cognoscit

1835 1354 2281 1432 proprietatem
2304 1353 2398 1414 rei
2433 1357 2495 1414 et
2534 1353 2811 1414 valorem
2862 1353 3031 1431 ejus:
3063 1352 3141 1412 de
3182 1351 3403 1411 eadem

1837 1465 1987 1525 ergo
2018 1446 2421 1525 intelligenda
2452 1451 2597 1506 sunt
2624 1452 2849 1506 caetera
2894 1463 3031 1522 quae
3068 1437 3293 1507 sufidit.
3330 1447 3405 1506 Et

1837 1539 2062 1600 eodem
2088 1539 2277 1600 modo
2308 1540 2393 1600 ait
2434 1539 2609 1600 libris
2639 1538 2717 1599 de
2742 1537 2957 1600 Trinit.
2990 1557 3002 1598 ε
3048 1540 3191 1601 Ideo
3233 1542 3399 1610 sunt,

1833 1633 1980 1713 quia
2005 1631 2171 1695 novit
2194 1658 2219 1704 ,·
2259 1650 2378 1694 non
2404 1631 2559 1694 enim
2586 1634 2839 1696 nescivit
2866 1651 2998 1712 quoe
3019 1635 3220 1707 fuerat
3242 1650 3404 1694 crea-

1836 1733 2015 1790 turus
2030 1751 2057 1798 ;
2084 1726 2359 1804 loquitur
2388 1743 2537 1804 ergo
2563 1724 2641 1785 de
2686 1726 2943 1786 scientia
2983 1744 3121 1804 quae
3154 1730 3407 1784 antece—

1838 1820 1967 1892 dit,
2019 1827 2081 1882 ct
2129 1839 2256 1899 qua
2287 1821 2453 1880 Deus
2494 1828 2587 1880 est
2630 1826 2853 1899 potens
2899 1820 2981 1880 ad
3028 1820 3399 1890 creandum3

1835 1915 1914 1976 de
1964 1914 2184 1975 eadem
2232 1933 2381 1988 crgo
2429 1913 2672 1973 subdit:
2721 1913 2875 1988 Quia
2919 1912 3116 1985 scivit,
3158 1911 3403 1984 creavit,

1837 2009 2131 2087 adjuncta
2192 2008 2424 2068 scilicet
2472 2007 2821 2078 voluntate3
2878 2006 3133 2066 scientia
3194 2011 3404 2066 autem

1835 2103 2091 2163 visionis
2122 2102 2521 2181 subsequitur
2554 2101 2901 2162 secundum
2930 2101 3233 2161 rationem
3265 2103 3404 2178 post

1838 2198 2161 2260 decretum
2189 2197 2547 2272 voluntatiS,
2581 2203 2643 2257 et
2670 2196 2812 2257 ideo
2856 2197 2991 2256 haec
3032 2195 3289 2254 scientia
3336 2200 3405 2254 ut

1839 2293 1926 2354 sic
1952 2311 2081 2352 non
2108 2295 2313 2369 potest
2342 2309 2478 2352 esse
2508 2309 2717 2351 causa.
2744 2292 2817 2350 Et
2847 2289 3069 2350 eodem
3098 2288 3285 2348 modo
3310 2287 3404 2346 iu-

1839 2385 2214 2464 telligendus
2236 2391 2330 2446 est
2356 2386 2429 2444 D.
2458 2385 2753 2455 Thomas,
2780 2387 2805 2444 1
2836 2387 3023 2460 part.,
3054 2387 3275 2459 quaest.
3302 2383 3399 2448 14.

1837 2483 1953 2539 art.
1994 2481 2091 2550 13,
2120 2478 2202 2538 ad
2234 2481 2290 2539 1.
2324 2476 2585 2548 Quando
2612 2495 2761 2537 vero
2787 2481 2979 2556 negat
3016 2475 3403 2554 Augustinus

1833 2573 2035 2632 Deum
2068 2590 2446 2648 cog-noscere
2473 2589 2611 2631 rem
2656 2569 2955 2641 futuram,
3002 2567 3149 2647 quia
3194 2567 3403 2626 futura

1835 2673 1951 2740 est,
1984 2665 2247 2725 intendit
2271 2665 2585 2743 praecipue
2612 2664 2720 2724 Dei
2751 2663 3070 2724 scientiam
3100 2681 3227 2722 non
3252 2679 3403 2739 pcn-

1835 2759 1987 2820 dere
2030 2775 2107 2818 ex
2153 2759 2481 2836 praesentia
2533 2775 2644 2818 seu
2682 2757 3004 2818 existentia
3056 2756 3185 2828 rei;
3233 2753 3401 2814 unde

1835 2871 1960 2912 non
1994 2852 2077 2912 ait
2105 2851 2183 2912 de
2214 2851 2445 2924 futuro,
2476 2852 2591 2912 sed
2618 2852 2695 2912 de
2729 2851 3055 2929 praesenti:
3090 2851 3224 2910 Non
3256 2848 3403 2927 quia

1835 2951 2005 3018 sunt,
2038 2945 2180 3005 ideo
2228 2945 2426 3018 novit;
2473 2951 2535 3005 et
2580 2945 2935 3022 subiungit:
2968 2946 3181 3021 Neque
3226 2943 3404 3002 aliter

1835 3039 2009 3100 scivit
2038 3044 2243 3099 creata
2277 3055 2465 3117 quam
2503 3037 2795 3098 creanda.
2828 3039 2901 3098 Et
2942 3037 3165 3097 eodem
3215 3035 3400 3096 modo

1833 3132 2109 3211 loquitur
2134 3132 2494 3211 Gregorius„
2528 3131 2703 3191 Adde
2748 3131 2917 3209 quod
2946 3132 3008 3190 in
3052 3130 3271 3215 ordiqe
3321 3128 3403 3189 ad

1837 3225 2127 3287 eamdem
2174 3224 2497 3284 scientiam
2544 3224 3034 3302 approbationiS,
3083 3242 3119 3283 a
3166 3222 3403 3282 fortiori

1837 3324 1933 3379 est
1958 3336 2107 3378 vcra
2138 3317 2239 3377 illa
2284 3317 2557 3396 negatio,
2594 3317 2872 3395 Denique
2912 3317 3102 3395 aliqui
3134 3316 3403 3376 scholas·
3454 3326 3463 3337 ’

1833 3411 1937 3473 tici
1981 3411 2070 3471 ita
2120 3411 2496 3489 loquuntur,
2544 3428 2623 3471 ne
2678 3410 3031 3490 significare
3074 3408 3403 3469 videantur

1836 3505 2152 3583 objectum
2179 3503 2330 3563 illud
2362 3504 2595 3565 habere
2626 3504 2943 3581 propriam
2972 3502 3403 3563 causalitatem

1835 3598 1999 3659 circa
2029 3598 2137 3658 Dei
2162 3596 2506 3669 scientiam,
2531 3602 2639 3657 aut
2666 3599 2865 3657 Deum
2894 3596 3180 3674 accipere
3208 3595 3403 3656 scien-

1832 3692 1987 3753 tiam
2008 3708 2043 3750 a
2064 3690 2273 3763 rebus,
2300 3708 2443 3750 cum
2469 3708 2583 3768 per
2604 3708 2742 3750 sese
2768 3689 2977 3749 omnia
3000 3690 3185 3761 sciat;
3215 3706 3405 3765 quam

1833 3790 1987 3865 puto
2024 3784 2214 3844 fuisse
2248 3790 2524 3843 mentem
2566 3786 2639 3844 D.
2688 3784 2963 3844 Thomae.
3010 3785 3147 3843 Non
3192 3789 3405 3844 tamen

1835 3884 2071 3958 negant
2111 3877 2535 3938 necessarium
2568 3876 2853 3939 ordinem
2900 3876 3405 3955 praesuppositio-

1835 3973 1956 4044 niS,
1988 3990 2111 4050 quo
2134 3970 2559 4031 necessarium
2590 3975 2683 4030 est
2703 3970 2822 4030 hoc
2852 3988 2988 4030 esse
3008 3970 3312 4042 futurum,
3337 3973 3407 4028 ut

1837 4066 2095 4127 scientia
2137 4064 2388 4125 visionis
2420 4063 2688 4142 praesciri
2729 4062 2947 4141 possit.
2992 4062 3169 4133 Quod
3210 4062 3405 4139 signi-
3470 4082 3473 4087 ·

1835 4158 2027 4219 ficant
2058 4157 2161 4219 alii
2211 4158 2445 4231 PatreS,
2488 4174 2633 4217 cum
2674 4156 2777 4217 illa
2828 4155 3062 4217 causali
3093 4154 3403 4216 locutione

1838 4256 2120 4313 utuntur.

1919 4346 2019 4407 ⁴0.
2066 4344 2161 4405 Ad
2188 4343 2455 4422 primam
2474 4341 3039 4413 confirmationem,
3066 4337 3409 4419 responde-

1836 4444 1941 4499 tur
2000 4456 2115 4518 per
2169 4438 2455 4499 eamdem
2513 4436 2839 4498 scientiam
2892 4439 3091 4498 Deum
3146 4450 3407 4497 causare

1838 4530 2208 4611 praesentia,
2264 4548 2379 4610 per
2414 4548 2603 4609 quam
2650 4535 2869 4591 causat
2904 4530 3153 4601 futura;
3186 4533 3413 4589 neutra

1839 4630 2050 4685 autem
2096 4628 2313 4685 causat
2350 4641 2465 4702 per
2512 4624 2837 4683 scientiam
2885 4623 3141 4685 visionis
3186 4626 3255 4681 ut
3299 4620 3406 4680 sic.

1836 4719 2056 4796 Neque
2096 4717 2385 4777 Albertus
2413 4715 2688 4795 loquitur
2712 4715 2789 4776 de
2838 4714 3097 4777 scientia
3128 4712 3407 4783 visioniS,

1839 4811 1953 4871 sed
1980 4811 2059 4871 de
2092 4810 2351 4871 scientia
2386 4810 2693 4871 absolute.
2727 4809 2823 4869 Ad
2871 4807 3216 4869 secundam
3261 4824 3413 4867 con-

1836 4902 2278 4976 firmationem,
2312 4903 2377 4963 in
2412 4898 2535 4981 qua
2583 4902 2925 4963 absurdum
2974 4918 3113 4962 esse
3164 4903 3414 4978 reputat

1839 4997 2165 5059 scientiam
2191 4996 2303 5057 Dei
2344 4995 2746 5057 determinari
2778 5014 2857 5056 ex
2892 4994 3107 5067 rebus,
3152 5010 3414 5071 respon-

1841 5091 2058 5152 detur:
2095 5090 2145 5150 si
2168 5088 2473 5168 intelligat
2511 5088 2591 5150 de
2621 5088 3141 5151 determinatione
3166 5085 3414 5146 formali

1838 5183 2179 5244 intrinseca
2208 5186 2268 5243 et
2303 5182 2483 5255 reali,
2519 5200 2660 5261 quae
2700 5182 2763 5242 in
2814 5182 2943 5246 Deo
2990 5180 3088 5252 sit,
3124 5196 3271 5241 vere
3320 5184 3416 5238 cst

1841 5275 2221 5348 absurdum;
2258 5275 2368 5336 sed
2398 5294 2435 5335 a
2462 5276 2718 5335 nemine
2748 5275 2869 5335 hoc
2900 5274 3153 5335 dicitur:
3185 5272 3238 5332 si
3264 5288 3414 5331 vcro

1841 5370 1922 5430 de
1964 5369 2267 5449 objectiva
2306 5368 2825 5430 determinatione
2854 5373 3157 5445 tanquam
3200 5362 3417 5425 eondi-

1843 5463 2013 5524 tione
2040 5463 2418 5537 necessaria,
2444 5469 2511 5522 ut
2532 5464 2601 5522 in
2622 5462 2829 5523 divina
2856 5460 3113 5521 scientia
3132 5459 3415 5518 futimim

1845 5561 2353 5635 repraesentetur,
2386 5554 2448 5615 id
2474 5574 2603 5616 non
2646 5554 2849 5614 solum
2894 5570 3019 5613 non
3068 5555 3161 5613 est
3204 5552 3424 5611 absur-
