3850 6225
489 484 570 546 de
609 485 1016 548 mercenariis
1054 504 1132 548 ex
1173 487 1434 568 denario
1481 491 1744 564 diurno:
1786 511 1959 566 nam,
2002 493 2054 555 si

487 578 627 658 quis
645 577 900 640 illorum
925 577 1270 654 dimidiam,
1301 582 1400 644 vel
1441 583 1630 645 aliam
1665 591 1906 664 partem
1941 587 2058 648 ali·

484 675 742 750 quotam
787 670 912 732 diei
957 671 1302 735 laborando
1343 679 1750 756 consumpsit,
1805 679 1886 740 ad
1913 680 2059 742 red-

487 763 760 832 dendam
807 763 863 825 ei
927 767 1286 828 mercedem
1341 770 1648 849 aequalem
1703 772 2049 834 secundum

481 855 790 936 justitiam
837 859 1342 922 commutativam
1363 907 1379 934 ‚
1443 881 1702 926 necesse
1763 871 1858 926 est
1909 883 2055 945 per-

485 949 764 1028 pendere
819 956 888 1011 ut
937 970 1080 1012 eam
1139 956 1606 1034 proportionem
1652 965 1860 1020 servet
1911 965 2055 1030 tan-

485 1049 550 1104 ta
581 1061 724 1122 pars
744 1043 1032 1122 stipendii
1059 1045 1143 1106 ad
1171 1052 1370 1109 totum
1404 1049 1594 1122 diem,
1623 1067 1814 1129 quam
1844 1059 2055 1114 servat

487 1135 628 1198 talis
663 1153 810 1214 pars
831 1136 956 1198 diei
995 1137 1078 1198 ad
1125 1143 1323 1202 totum
1351 1141 1541 1215 diem,
1587 1161 1728 1223 quae
1774 1149 1868 1206 est
1909 1162 2056 1223 pro-

485 1228 688 1309 portio
731 1231 1152 1310 geometrica3
1199 1239 1262 1294 et
1293 1239 1508 1296 tamen
1551 1255 1679 1298 non
1721 1244 2053 1318 propterea

485 1321 592 1382 illa
629 1321 952 1384 retributio
991 1325 1264 1404 pertinet
1299 1327 1383 1390 ad
1416 1329 1724 1407 justitiam
1762 1331 2055 1392 distribu-

482 1417 700 1490 tivam,
725 1417 838 1478 sed
867 1423 1110 1480 tantum
1137 1420 1222 1483 ad
1247 1425 1780 1486 commutativam.
1813 1426 1890 1487 Et
1903 1444 2057 1488 con-

480 1508 768 1570 firmatur
821 1529 860 1570 a
901 1510 1121 1587 simili,
1107 1535 1121 1550 ·
1159 1532 1310 1576 nam
1355 1517 1610 1594 quando
1675 1525 1822 1580 sunt
1869 1519 2055 1598 plura

485 1601 744 1675 debita,
789 1621 931 1682 quae
969 1623 1098 1667 non
1137 1616 1402 1688 possunt
1449 1610 1637 1672 simul
1679 1613 1883 1687 solvi,
1939 1613 2053 1675 sed

487 1697 878 1772 successive,
939 1699 1098 1760 ratio
1173 1706 1390 1762 autem
1435 1703 1711 1796 justitias
1779 1706 2055 1786 postulat

485 1797 554 1850 ut
595 1796 878 1852 servetur
915 1793 1232 1872 proportio
1270 1795 1338 1856 in
1372 1781 1588 1858 ordine
1627 1799 1949 1877 temporis,
1988 1807 2057 1861 ut

484 1880 804 1956 nimirum,
845 1885 1082 1946 caeteris
1123 1888 1400 1965 paribus,
1431 1889 1748 1968 antiquius
1773 1890 2057 1954 debitum

487 1975 663 2053 prius
715 1977 1014 2052 solvatur,
1069 1997 1261 2058 quam
1319 1983 1786 2061 proportionem
1831 1985 2056 2047 eadem

477 2067 722 2146 justitia
753 2073 1196 2134 commutativa
1223 2076 1512 2154 respicit;
1541 2078 1712 2156 quia,
1745 2079 1959 2159 positis
1986 2079 2057 2140 il-

483 2161 560 2222 lis
603 2163 1106 2243 circumstantiis,
1135 2171 1488 2232 necessaria
1535 2179 1632 2234 est
1675 2173 1758 2236 ad
1799 2191 2055 2236 servan-

485 2253 634 2316 dam
659 2257 1076 2336 aequalitatem
1107 2261 1586 2336 arithmeticam,
1619 2272 1932 2344 quatenus
1956 2267 2055 2328 hic

485 2354 549 2409 et
571 2366 742 2411 nunc
765 2352 1002 2413 servari
1037 2359 1276 2433 potest,
1327 2375 1478 2438 ergo
1507 2357 1674 2420 idem
1719 2358 2053 2420 dicendum

485 2447 582 2504 est
621 2443 685 2504 in
740 2449 1054 2525 praesenti.
1097 2449 1171 2510 Et
1211 2453 1674 2530 proportionale
1719 2471 2055 2534 argumen-

479 2539 616 2596 tum
645 2535 806 2598 sumi
833 2545 1036 2618 potest
1059 2559 1137 2602 ex
1169 2541 1388 2605 ordine
1413 2545 1730 2607 charitatis
1753 2591 1768 2618 ,
1795 2553 1858 2608 et
1883 2545 2055 2608 idem

479 2635 575 2690 est
603 2647 750 2690 cum
768 2633 1170 2710 proportione
1197 2635 1280 2697 de
1308 2637 1759 2700 misericordia.
1788 2640 2055 2702 Inclinat

481 2721 650 2783 enim
691 2724 962 2786 charitas
1011 2727 1094 2787 ad
1139 2727 1320 2807 plura
1379 2729 1624 2810 objecta
1679 2731 2001 2812 diligibilia
2026 2777 2043 2806 ,

477 2815 560 2877 ad
597 2819 1092 2900 unumquodque
1131 2825 1344 2884 tamen
1389 2825 1740 2886 secundum
1780 2827 2049 2906 gradum

479 2927 704 2981 suum;
743 2915 804 2972 et
833 2911 974 2974 ideo
1005 2913 1070 2974 in
1109 2915 1524 2978 beneficentia
1567 2918 1666 2980 vel
1695 2919 2051 2982 subventio-

475 3020 558 3065 ne
595 3003 1058 3080 misericordiis,
1089 3009 1344 3086 quando
1373 3029 1498 3073 non
1530 3017 1734 3090 potest
1759 3013 2051 3076 omnibus

477 3097 839 3174 subvenire,
884 3105 1070 3181 prout
1107 3102 1442 3185 unicuique
1464 3124 1722 3169 necesse
1763 3116 1880 3182 est,
1907 3128 2055 3189 pro-

477 3193 834 3271 portionem
863 3200 1070 3259 servat
1105 3196 1268 3259 inter
1313 3198 1520 3278 plura,
1547 3201 1945 3263 considerata
1984 3202 2051 3263 in

481 3304 866 3366 unoquoque
911 3290 1284 3353 necessitate
1332 3297 1396 3353 et
1439 3294 1764 3371 qualitate,
1813 3300 1876 3357 et
1911 3295 2051 3357 aliis

475 3378 958 3457 conditionibus,
1020 3402 1160 3461 quae
1213 3384 1296 3445 ad
1339 3386 1644 3449 moralem
1699 3390 2047 3467 proportio·

475 3488 624 3533 nem
667 3472 952 3537 conterre
995 3484 1296 3557 possum
1341 3496 1534 3556 quam
1575 3482 2045 3561 proportionem

479 3565 704 3627 eadem
739 3568 932 3631 virtus
971 3572 1222 3651 respicit
1251 3578 1312 3635 et
1345 3574 1672 3649 observat,
1711 3575 1858 3655 quia
1891 3582 2043 3638 tunc

476 3664 572 3718 est
617 3658 1080 3724 circumstantia
1123 3664 1482 3727 necessaria
1529 3666 1612 3729 ad
1663 3669 2043 3731 servandum

474 3750 776 3828 medium,
811 3758 874 3817 et
901 3755 1349 3837 obligationem
1373 3760 1514 3823 talis
1547 3762 1810 3823 virtutis.

597 4013 784 4081 Ratio
808 4016 1085 4099 ,iustitiae
1111 4016 1513 4087 distributiva
1549 4022 1916 4085 declaratur.

555 4224 616 4285 8.
663 4222 886 4289 Prima
915 4190 1099 4289 ratic'».
1139 4258 1226 4273 —
1263 4225 1598 4304 Refutatoer
1631 4230 1906 4309 maan·
1946 4248 2045 4293 ro-

473 4318 740 4399 spoaem‘o.
747 4320 1032 4397 —Atque
1063 4336 1140 4379 ex
1174 4319 1272 4379 his
1299 4320 1602 4399 exemplis
1625 4328 1686 4383 et
1713 4322 2043 4385 virtutibus

473 4408 690 4471 inferri
719 4410 988 4483 videtur,
1015 4412 1324 4473 rationem
1349 4412 1604 4491 justitiae
1635 4414 2041 4477 distributivae

475 4520 602 4563 non
641 4504 982 4567 consistere
1025 4504 1378 4585 adaequate,
1423 4514 1612 4587 atque
1647 4508 1904 4587 praecise
1946 4509 2044 4569 vel

475 4594 884 4669 formaliter,
867 4614 932 4657 m
955 4598 1386 4661 constituenda
1407 4599 1508 4661 illa
1527 4600 1880 4678 aequalitate
1905 4620 2045 4681 pro-

477 4688 779 4769 portionis
835 4692 1254 4770 geometricoe.
1313 4694 1518 4756 Primo
1565 4694 1844 4773 quidem,
1895 4696 2043 4775 quia

475 4781 662 4843 etiam
721 4782 862 4845 aliae
907 4784 1190 4861 virtutes,
1237 4804 1380 4866 quas
1433 4792 1580 4849 suut
1619 4788 1702 4849 ad
1747 4788 2039 4863 alterum,

477 4874 770 4956 eamdem
793 4876 1214 4953 aequalitatem
1243 4896 1412 4958 saepe
1437 4880 1844 4954 constituunt,
1875 4886 1942 4943 ut
1964 4882 2043 4943 de

468 4966 712 5047 justitia
769 4971 1210 5033 commutativa
1261 4978 1584 5033 ostensum
1639 4978 1756 5045 est,
1813 4980 1878 5035 et
1930 4994 2042 5037 suo

473 5061 663 5122 modo
691 5060 772 5123 de
801 5062 1260 5135 misericordia;
1294 5082 1468 5138 nam,
1497 5066 1548 5125 si
1583 5068 1722 5145 quis
1751 5086 1827 5127 ex
1857 5069 2045 5129 mise-

473 5154 740 5215 ricordia
763 5160 1010 5217 tenetur
1029 5155 1400 5219 distribuere
1425 5166 1700 5231 centum,
1719 5178 1798 5223 ex
1819 5161 2043 5223 eadem

475 5247 904 5309 misericordia
947 5248 1300 5324 inclinatur,
1349 5252 1448 5312 vel
1499 5252 1690 5316 etiam
1731 5254 2044 5333 obligatur

473 5346 544 5402 nt
573 5342 774 5421 magis
817 5340 1118 5422 indigenti
1161 5344 1302 5422 plns
1345 5344 1576 5408 tribuat
1603 5364 1748 5409 cum
1787 5365 2043 5426 propor-

471 5432 664 5495 tione.
713 5434 890 5499 Idem
941 5442 1245 5515 praeterea
1296 5437 1650 5501 invenimus
1697 5440 1762 5501 in
1815 5441 2043 5505 virtute

471 5526 908 5605 observantiae,
947 5546 1090 5610 quae
1125 5530 1460 5614 unicuique
1505 5531 1708 5597 defert
1734 5533 2041 5597 honorem

1461 391 1673 446 owse.
1710 393 1772 448 Vl
1835 393 2205 448 msruuuo
2240 395 2319 448 ΒΕ
2350 394 2629 450 susurra
2660 395 2783 448 nm.

2138 495 2486 557 secundum
2510 495 2777 577 gradum
2800 515 3017 570 suum3
3046 496 3219 576 quod
3246 497 3300 557 si
3324 497 3551 576 plures
3574 502 3719 558 sunt
3841 509 3843 540 ³

2138 588 2485 651 honorandi
2514 637 2531 662 ,
2594 591 2757 652 inter
2812 609 2920 654 eos
2980 597 3191 662 servat
3238 590 3719 670 proportionem
3841 645 3843 648 .

2136 684 2607 763 geometricam.
2644 683 2819 746 Idem
2846 684 3205 746 invenietur
3232 685 3300 744 in
3334 684 3573 744 virtute
3608 683 3721 744 du·
3841 733 3843 768 ς

2136 776 2237 836 liae
2280 781 2344 838 et
2372 777 2690 856 religionis
2718 795 2833 838 suo
2862 777 3073 838 modo.
3104 778 3285 838 Dicet
3304 776 3585 838 fortasse
3616 776 3723 836 ali-
3841 785 3843 828 ἲ

2136 871 2297 950 quisi,
2332 869 2447 930 has
2478 871 2737 932 virtutes
2764 888 2879 949 per
2912 871 3205 932 accidens
3238 887 3501 932 servare
3546 869 3721 930 illam
3841 945 3843 948 Ι

2136 962 2631 1042 proportionem
2658 963 2915 1042 quando
2936 969 3151 1026 tamen
3180 982 3297 1043 per
3324 981 3397 1024 se
3426 968 3493 1024 et
3530 981 3613 1022 ex
3640 961 3724 1022 in-
3841 1045 3843 1048 Ι

2134 1057 2413 1118 tentione
2434 1063 2741 1130 servatur,
2758 1074 3011 1136 semper
3040 1075 3179 1118 esse
3210 1075 3449 1118 munus
3460 1056 3723 1134 justitiae
3841 1057 3843 1132 j

2134 1149 2557 1212 distributivae.
2587 1152 2665 1212 At
2696 1151 2815 1210 hoc
2842 1149 3025 1212 facile
3050 1169 3129 1212 ex
3168 1149 3351 1212 dictis
3386 1151 3725 1228 impugna-

2136 1249 2254 1318 tur,
2286 1243 2434 1322 quia
2462 1251 2787 1306 ostensum
2824 1249 2921 1305 est
2954 1243 3267 1324 justitiam
3310 1243 3724 1304 commutati-

2132 1356 2277 1400 vam
2314 1337 2653 1416 aliquando
2681 1355 2799 1417 per
2838 1355 2931 1411 se,
2964 1344 3029 1398 et
3066 1355 3145 1400 ex
3188 1337 3553 1400 intentione
3596 1355 3723 1396 ser-

2134 1431 2325 1492 vandi
2376 1429 2657 1492 debitum
2700 1429 2819 1490 sibi
2864 1431 3169 1503 medium,
3214 1437 3439 1492 tenere
3490 1429 3723 1490 dictam

2134 1525 2601 1606 proportionem
2648 1523 2812 1590 inter
2844 1525 3109 1596 multos;
3153 1523 3457 1602 idemque
3486 1523 3575 1584 de
3613 1523 3727 1582 mi-
3841 1581 3843 1588 .

2136 1616 2473 1678 sericordia
2536 1617 2927 1678 ostendimus
2988 1618 3155 1678 intra
3208 1618 3529 1678 terminos
3592 1633 3719 1676 suae
3841 1641 3843 1646 ·

2138 1709 2553 1790 obligationis.
2582 1711 2657 1772 Et
2684 1709 2751 1782 in
2776 1711 3173 1772 observantia
3202 1710 3461 1772 videtur
3484 1709 3555 1770 id
3592 1727 3724 1769 ma·
3841 1697 3843 1726 '

2137 1803 2441 1874 infestius,
2464 1809 2526 1865 et
2552 1803 2753 1882 magis
2776 1821 2891 1882 per
2916 1821 3009 1877 se,
3036 1805 3189 1882 quia
3216 1803 3491 1864 honoris
3520 1821 3725 1881 quan-
3841 1811 3843 1878 ζ

2136 1897 2281 1958 titas
2300 1896 2481 1977 juxta
2524 1897 2848 1958 hominum
2896 1897 3387 1960 aestimationem
3417 1915 3595 1974 soepe
3638 1903 3729 1956 est
3841 1901 3843 1930 ³

2137 1991 2345 2070 potius
2370 1990 2793 2070 comparativa
2814 2009 3009 2070 quam
3042 1991 3358 2063 absoluta,
3390 1991 3641 2052 scilicet
3667 1992 3727 2050 in

2106 2083 2495 2164 ,proelalione
2534 2085 2723 2145 unius
2766 2085 2848 2146 ad
2876 2085 3071 2146 alium
3112 2085 3177 2145 in
3214 2085 3427 2156 titulo,
3460 2085 3535 2144 in
3565 2085 3725 2156 loco,
3841 2117 3843 2138 .

2136 2177 2290 2238 etin
2320 2177 2461 2238 aliis
2488 2177 2683 2256 signis
2700 2177 2981 2251 honoris,
3004 2196 3377 2257 quanquam
3400 2177 3729 2238 interdum
3841 2177 3843 2214 ³

2136 2270 2325 2332 etiam
2372 2271 2451 2332 sit
2494 2270 2817 2344 absolutm
2862 2289 3015 2350 ergo
3056 2271 3249 2332 etiam
3292 2271 3439 2332 aliae
3468 2271 3726 2332 virtutes

2136 2381 2303 2442 soepe
2327 2379 2441 2442 per
2464 2383 2531 2425 se
2562 2365 2905 2442 respiciunt
2928 2364 3101 2426 illam
3124 2365 3609 2444 aequalitatem:
3638 2383 3724 2422 er-

2136 2475 2215 2536 go
2256 2455 2507 2536 signum
2542 2463 2637 2518 est
2666 2457 2995 2528 illam‚non
3032 2476 3175 2520 esse
3206 2457 3489 2518 formale
3518 2457 3725 2536 objec-

2134 2555 2267 2610 tum
2304 2549 2493 2610 unius
2528 2549 2773 2612 virtutis
2798 2551 3127 2630 specificae,
3158 2551 3313 2630 quia
3340 2549 3529 2628 quod
3558 2569 3723 2610 com-

2134 2661 2327 2704 mune
2376 2648 2471 2705 est
2514 2643 2749 2716 multis,
2792 2661 2919 2704 non
2959 2648 3165 2722 potest
3202 2661 3347 2705 esse
3392 2643 3717 2722 proprium
3841 2671 3843 2678 ·

2130 2735 2341 2807 unius,
2386 2753 2503 2798 nec
2550 2739 2813 2814 possunt
2844 2737 3033 2798 varioe
3082 2736 3345 2799 virtutes
3388 2737 3715 2816 proprium

2128 2847 2361 2892 munus
2408 2829 2674 2909 alicujus
2716 2828 2959 2892 virtutis
3001 2830 3293 2910 specialis
3314 2875 3333 2903 ,
3406 2830 3711 2892 distinctae

2130 2923 2213 2984 ab
2252 2921 2423 3002 ipsis,
2471 2941 2585 3002 per
2626 2941 2696 2984 se
2736 2941 2811 2984 ac
2850 2923 3199 2986 formaliter
3224 2929 3293 2984 et
3336 2923 3471 2984 sub
3498 2923 3734 2984 eodem·
3841 2933 3843 3008 ξ

2132 3017 2365 3078 motivo
2394 3033 2711 3078 exercere.

2210 3110 2273 3171 9.
2322 3107 2607 3175 Semela
2642 3109 2825 3175 ratio.
2846 3146 2931 3159 -
2952 3110 3315 3194 Responsio.
3350 3142 3443 3157 -
3470 3109 3719 3187 Besdli-
3841 3132 3843 3179 z

2131 3209 2255 3265 tur.
2280 3234 2361 3249 —
2398 3203 2689 3265 Secundo
2732 3209 2793 3265 et
2831 3205 3259 3285 principaliter
3300 3222 3525 3285 augeo
3566 3202 3717 3263 diffi-

2134 3296 2427 3357 cultatem
2464 3314 2479 3356 :
2515 3313 2690 3372 nam,
2726 3296 2871 3359 licet
2894 3297 3123 3359 demus
3151 3296 3475 3377 justitiam
3515 3296 3717 3356 distri-
3841 3292 3843 3355 l

2124 3388 2407 3449 butivam
2434 3389 2659 3467 saepius
2690 3408 2805 3468 per
2830 3408 2899 3451 se
2932 3390 3261 3453 intendere
3290 3390 3475 3451 illam
3504 3406 3717 3467 aequa-
3841 3374 3843 3451 Ι

2124 3482 2385 3554 litatem,
2418 3500 2549 3543 non
2582 3488 2795 3543 tamen
2820 3501 3073 3564 semper
3092 3490 3159 3545 et
3184 3485 3251 3545 in
3276 3484 3591 3547 omnihus
3618 3500 3713 3541 ac·
3841 3486 3843 3495 '

2124 3574 2291 3637 tibus
2318 3575 2447 3637 suis
2498 3574 2669 3636 illam
2708 3582 2941 3649 servat;
2976 3594 3129 3656 ergo
3176 3596 3309 3637 non
3346 3584 3567 3657 potest
3602 3575 3707 3635 iila

2124 3668 2449 3746 aequalitas
2476 3686 2613 3729 esse
2638 3668 3043 3748 adaequatum
3058 3670 3323 3733 formale
3354 3672 3701 3751 objectum,

2126 3780 2239 3823 seu
2286 3761 2587 3823 motivum
2635 3761 2777 3823 talis
2824 3763 3095 3837 virtutis,
3126 3764 3278 3845 quia
3328 3765 3537 3826 vii-tus
3578 3782 3699 3823 non

2123 3858 2331 3935 potest
2358 3853 2633 3933 aliquem
2676 3861 2887 3917 aetum
2930 3872 3225 3919 exercere
3272 3863 3459 3919 extra
3494 3856 3700 3935 objec-

2123 3954 2259 4010 tum
2304 3964 2491 4007 suum
2518 3946 2803 4009 formale.
2860 3950 3259 4013 antecedens
3306 3954 3489 4029 patet
3534 3968 3699 4011 com-

2122 4040 2297 4101 muni
2326 4038 2615 4119 exemplo
2640 4039 2721 4101 de
2748 4040 3055 4105 electione
3080 4043 3161 4105 ad
3186 4042 3577 4105 beneficium
3604 4041 3699 4102 rel

2122 4134 2207 4195 ad
2240 4132 2603 4195 cathedram
2624 4178 2641 4207 ,
2699 4135 2807 4196 ubi
2848 4155 2975 4197 non
3022 4136 3093 4199 fit
3134 4137 3501 4199 distributio
3540 4138 3697 4197 inter

2122 4224 2375 4299 multoS,
2404 4244 2549 4289 cum
2580 4228 2935 4307 supradicta
2957 4230 3387 4311 proportione,
3446 4230 3565 4293 sed
3610 4236 3697 4290 to-

2124 4326 2259 4381 tum
2304 4319 2683 4383 beneficium
2732 4321 2919 4383 datur
2958 4323 3248 4402 digniori.
3302 4323 3695 4403 Responderi

2124 4418 2331 4493 potest
2379 4411 2465 4473 ibi
2514 4413 2897 4476 considerari
2950 4423 3013 4477 et
3052 4418 3289 4479 servari
3333 4419 3711 4496 aequitatem·

2123 4505 2540 4587 proportionis
2587 4506 2769 4584 juxta
2824 4510 3327 4587 comparationes
3394 4530 3694 4589 persona-

2124 4616 2289 4671 rum,
2322 4605 2385 4659 et
2412 4598 2532 4661 hoc
2580 4600 2729 4661 satis
2772 4618 2911 4662 esse
2957 4603 3040 4663 ad
3078 4604 3395 4665 rationem
3440 4603 3692 4681 justitiae

2126 4692 2551 4755 distributivae.
2576 4694 2701 4754 Sed
2724 4700 2967 4771 contra,
2990 4694 3139 4774 quia
3164 4714 3392 4757 revera
3418 4697 3507 4757 ibi
3530 4696 3693 4755 nulla

2126 4792 2410 4847 servatur
2450 4786 2766 4865 proportio
2810 4788 3195 4863 geometrica
3234 4792 3347 4849 aut
3402 4790 3695 4851 arithme-

2124 4879 2271 4955 tica,
2300 4878 2413 4941 sed
2442 4878 2643 4941 solum
2686 4878 2793 4941 illa
2836 4879 3123 4958 aequitas,
3162 4881 3427 4955 scilicet,
3472 4891 3543 4945 ut
3572 4885 3694 4962 dig-

2124 4972 2264 5033 nior
2290 4972 2675 5052 praeferatur‚
2706 4990 2849 5051 quae
2876 4990 3001 5033 uon
3032 4975 3315 5035 consistit
3342 4976 3409 5035 in
3442 4996 3693 5057 propor-

2126 5066 2319 5140 tione,
2350 5067 2463 5128 sed
2492 5068 2557 5127 in
2588 5068 2754 5145 jure,
2784 5066 2955 5144 quod
2982 5066 3175 5129 habet
3210 5068 3291 5129 ad
3328 5070 3529 5131 talem
3567 5089 3693 5131 rem

2124 5159 2371 5239 dignior
2392 5161 2859 5239 comparatione
2886 5160 3095 5221 minus
3121 5160 3329 5241 digni;
3364 5163 3543 5241 quod
3570 5164 3693 5223 lon-

2124 5271 2203 5332 ge
2239 5254 2555 5315 diversum
2604 5260 2699 5317 est
2746 5272 2785 5314 a
2822 5254 3289 5333 comparatione
3346 5258 3693 5336 proportio-

2124 5364 2307 5407 num:
2334 5347 2495 5409 sicut
2520 5348 2805 5409 dicebam
2836 5366 3049 5425 supra,
3072 5348 3393 5427 antiquius
3412 5350 3691 5411 debitum

2124 5440 2225 5503 hic
2256 5448 2319 5503 et
2344 5460 2515 5504 nunc
2546 5441 3005 5522 praeferendum
3046 5460 3209 5515 esse,
3246 5443 3311 5503 in
3354 5444 3687 5517 solutione,

2122 5536 2487 5609 recentiori,
2532 5535 2771 5601 caeteris
2822 5538 3101 5616 paribus,
3152 5556 3295 5620 qua}
3350 5545 3453 5601 est
3508 5540 3685 5602 etiam
