3850 6225
488 362 611 425 284-

484 490 570 533 no
628 477 867 532 certum
908 476 971 533 et
1021 471 1341 533 infallibile
1384 473 1707 535 hominem
1755 478 2048 533 vocatum

484 584 941 627 consensurum
984 585 1121 627 esse
1156 567 1487 641 vocationi,
1523 566 1695 646 quod
1736 572 2052 647 repugnat

484 658 784 719 absolutae
820 658 1153 721 intentioni
1202 660 1333 721 Dei.
1380 662 1457 721 At
1496 679 1669 733 vere,
1718 660 1783 719 iu
1814 678 1891 723 eo
1944 660 2048 739 qui

487 770 909 813 consensurus
940 772 1068 814 non
1116 757 1211 814 est
1238 754 1569 829 vocationi,
1607 756 1775 814 Deus
1800 772 1930 814 non
1957 772 2052 813 re-

486 851 695 907 movet
720 846 1195 926 impedimenta,
1226 853 1294 908 ut
1331 866 1445 928 per
1470 867 1535 910 se
1562 852 1805 909 constat
1832 867 1847 921 ;
1900 866 2052 927 ergo

488 938 726 1017 aliquid
764 940 1093 1018 specialius·
1134 947 1431 1018 operatur
1475 942 1643 1001 Deus
1692 941 1778 1019 in„
1810 942 2048 1013 alter03

486 1049 639 1109 ergo
694 1032 933 1093 ratione
972 1034 1137 1094 illius
1190 1052 1337 1096 vere
1373 1034 1598 1095 dicitur
1650 1034 1803 1095 illud
1846 1035 2054 1114 majus

485 1124 825 1195 auxilium;
857 1143 983 1187 non
1035 1128 1203 1187 enim
1248 1134 1491 1189 tantum
1538 1128 1820 1189 consistit
1845 1128 2052 1206 majus

486 1217 785 1277 auxilium
815 1218 879 1278 in
916 1220 1217 1300 principio
1249 1240 1364 1301 per
1394 1240 1460 1282 se
1504 1220 1807 1299 requisito
1839 1221 1920 1281 ad
1945 1238 2052 1281 ac·-

484 1310 742 1385 tionem,
784 1310 897 1371 secl
942 1314 1129 1373 etiam
1175 1315 1240 1374 in
1294 1315 1746 1376 remotionibus
1788 1314 2054 1393 impedi-

486 1408 865 1477 mentorum,
912 1409 974 1465 et
1013 1405 1077 1465 in
1118 1425 1517 1487 quacumque
1546 1407 1668 1469 alia
1694 1407 2050 1469 conditione

486 1512 626 1573 quae
658 1495 743 1556 ad
780 1495 1025 1559 facilius
1066 1501 1382 1579 agendum
1418 1500 1701 1562 conferre
1730 1500 1944 1580 possit.
1979 1503 2054 1563 Et

456 1588 711 1651 cadem
749 1590 993 1653 ratione
1034 1594 1257 1655 merito
1286 1595 1530 1655 dicetur
1562 1594 1662 1654 illa
1704 1594 1907 1673 major
1947 1612 2052 1654 vo-

485 1681 667 1756 catio,
712 1682 861 1761 quia
914 1704 1058 1745 cum
1099 1687 1339 1749 vocatio
1378 1687 1461 1749 ad
1494 1687 1856 1748 audientem
1893 1685 2050 1747 refe-

482 1781 677 1851 ratur,
708 1775 815 1837 illa
840 1795 979 1856 quae
1007 1778 1114 1838 tali
1159 1780 1348 1841 modo
1397 1785 1459 1841 et
1504 1799 1647 1841 cum
1675 1779 1905 1841 talibus
1935 1780 2056 1840 cir-

486 1870 875 1934 cumstantiis
920 1871 1127 1945 datur,
1156 1880 1223 1934 ut
1246 1874 1471 1935 melius
1512 1880 1573 1935 et
1606 1873 1901 1933 attentius
1945 1892 2054 1931 au-

486 1962 727 2036 diatur,
772 1983 921 2027 vere
979 1966 1204 2027 dicitur
1248 1969 1450 2046 major
1504 1968 1785 2039 vocatio;
1828 1968 2051 2045 hujus-

484 2055 657 2117 modi
712 2063 925 2118 autem
968 2066 1063 2120 est
1110 2059 1215 2121 illa
1246 2062 1513 2133 vocatio,
1562 2078 1701 2139 quoe
1752 2078 1895 2121 cum
1948 2078 2052 2119 re-

484 2148 761 2211 motione
792 2151 1073 2213 omnium
1109 2152 1697 2233 impedimentorum
1754 2153 1836 2214 ad
1878 2159 2048 2213 recte

484 2242 869 2308 audiendum
916 2246 1253 2307 confertur.

564 2340 623 2399 3.
676 2336 959 2401 Secunda
984 2343 1165 2403 ratio,
1190 2374 1270 2388 --
1288 2341 1465 2404 Unde
1496 2342 1687 2402 etiam
1714 2340 2050 2403 confirma·-

484 2434 588 2489 tur
640 2431 881 2493 ratione
926 2434 1357 2514 philosophica
1396 2436 1667 2507 morali,
1710 2435 1857 2513 quia
1910 2434 2048 2495 fieri

484 2541 613 2583 non
652 2531 857 2603 potest
884 2532 955 2587 ut
996 2546 1075 2589 ex
1118 2528 1365 2589 dnobus
1412 2529 1739 2608 aequaliter
1784 2528 2044 2599 affeetiS,

486 2618 549 2676 et
576 2616 655 2677 de
686 2618 913 2679 eodem
940 2620 1187 2699 objecto
1218 2622 1443 2683 eodem
1490 2620 1679 2681 modo
1722 2620 2050 2699 cogitanti-

484 2708 625 2781 bus,
667 2711 839 2771 verbi
882 2715 1104 2789 gratia,
1150 2714 1229 2775 de
1270 2715 1547 2775 castitate
1596 2714 1901 2775 servanda
1942 2720 2050 2775 aut

484 2803 796 2872 violanda,
816 2805 939 2866 fide
953 2808 1385 2887 amplectenda
1402 2809 1499 2868 vel
1520 2807 1869 2879 refutanda,
1882 2826 2052 2869 unus

485 2896 665 2958 bonae
700 2899 1059 2977 cogitationi
1098 2902 1465 2973 consentiat,
1503 2901 1659 2963 alter
1697 2900 2044 2974 dissentiat,

484 2998 777 3052 manente
824 2994 1197 3073 cogitatione
1252 2995 1589 3067 invariata,
1644 3002 1710 3055 ut
1750 2996 2050 3074 supponi·

484 3102 647 3158 muti,
678 3104 878 3166 usque
908 3087 987 3148 ad
1019 3088 1257 3150 instans
1284 3090 1607 3152 electionis
1654 3088 1994 3151 voluntatis
2027 3110 2044 3164 ς

486 3196 659 3258 ergo,
694 3185 763 3240 ut
792 3180 855 3240 in
894 3181 989 3242 his
1022 3183 1377 3244 hominibus
1416 3182 1611 3262 possit
1638 3183 1880 3244 vocatio
1910 3182 2046 3262 ipsa

485 3289 565 3334 ex
606 3279 783 3352 parte
820 3275 933 3336 Dei
978 3293 1115 3337 esse
1158 3277 1379 3337 efficax
1420 3277 1486 3336 in
1520 3294 1668 3348 uno,
1702 3280 1767 3337 et
1809 3295 1938 3337 non
1981 3275 2048 3336 in

485 3365 631 3438 alio,
662 3385 919 3428 necesse
952 3371 1047 3428 est
1082 3373 1153 3429 ut
1182 3369 1245 3428 in
1286 3388 1411 3430 uno
1446 3369 1771 3430 meliorem
1824 3369 2052 3428 excitet

484 3458 949 3538 cogitationem,
988 3467 1095 3524 aut
1136 3463 1441 3541 majorem
1482 3463 1915 3534 attentionem,
1951 3462 2050 3521 vel

486 3551 724 3631 aliquid
752 3553 991 3632 simile3
1016 3573 1167 3635 ergo
1190 3555 1255 3616 in
1280 3557 1605 3617 vocatione
1626 3555 1861 3616 efficaci
1888 3573 2050 3615 sem-

484 3663 600 3723 per
640 3650 735 3707 est
780 3647 1016 3727 aliquid
1063 3650 1267 3728 majus
1316 3667 1391 3708 ex
1424 3655 1597 3728 parte
1640 3649 1771 3708 Dei.
1814 3649 2048 3710 Conse-

484 3738 759 3816 quentiae
802 3747 947 3804 sunt
970 3741 1341 3816 manifestae,
1374 3749 1435 3804 et
1464 3741 1845 3804 antecedens
1878 3747 2049 3821 patet

484 3851 564 3894 ex
590 3833 693 3894 illo
731 3833 1034 3914 principio
1066 3836 1311 3909 morali,
1342 3837 1511 3915 quod
1539 3835 1821 3898 defectus
1846 3836 1911 3896 in
1940 3855 2050 3896 vo·

480 3927 721 3988 luntate
772 3947 1023 4008 semper
1072 3931 1365 4010 supponit
1410 3930 1688 4008 aliquem
1734 3929 2046 3991 defectum

480 4019 545 4080 in
598 4021 937 4084 intellectu.
990 4021 1169 4093 Quod
1194 4023 1460 4084 sumitur
1492 4042 1567 4085 ex
1620 4023 1976 4094 Aristotele,
2009 4025 2047 4082 3

480 4113 705 4188 Ethic.,
730 4134 785 4176 c.
827 4119 885 4187 1,
920 4124 983 4176 et
1006 4117 1079 4176 D.
1112 4117 1374 4188 Thomu,
1412 4120 1467 4178 1.
1500 4119 1561 4190 2,
1596 4120 1818 4195 quaest.
1848 4118 1950 4186 77,
1986 4133 2040 4176 a.

481 4209 541 4269 2.
570 4209 703 4270 Imo
734 4209 923 4270 etiam
952 4209 1357 4288 Augustinus,
1384 4209 1547 4270 hanc
1574 4209 1706 4270 fere
1734 4225 1871 4270 rem
1893 4214 2048 4268 trac-

480 4305 647 4372 tans,
680 4301 787 4362 lib.
831 4304 871 4363 Ξ
898 4302 977 4364 de
1007 4302 1323 4364 Peccator.
1356 4303 1561 4364 merit.
1597 4307 1659 4363 et
1680 4302 1951 4372 remiss.,
1985 4321 2040 4361 c.

485 4395 556 4453 ⁴7
588 4399 651 4456 et
679 4396 779 4468 19,
810 4395 1099 4456 eamdem
1130 4395 1409 4456 radicem
1456 4394 1708 4466 indicat,
1744 4395 1827 4456 ob
1854 4411 2044 4472 quam

482 4486 769 4548 homines
826 4489 1043 4566 gratioe
1087 4488 1191 4550 Dei
1236 4489 1557 4560 resistunt,
1597 4487 1855 4559 scilicet,
1898 4487 2046 4565 quia

481 4581 591 4638 aut
619 4579 797 4642 deest
820 4580 945 4640 illis
973 4581 1286 4643 sufficiens
1301 4581 1583 4656 scientia,
1600 4580 2043 4654 consideratiO,

480 4677 591 4732 aut
632 4674 915 4746 attentio,
950 4675 1049 4734 vel
1094 4674 1423 4736 delectatio
1476 4674 1665 4734 etiam
1702 4673 2041 4745 sufficiens,

480 4783 620 4845 quoe
682 4767 1014 4828 efficaciter
1072 4767 1153 4828 ad
1208 4767 1725 4829 consentiendum
1770 4766 2038 4838 alliciat;

482 4859 668 4920 sentit
707 4878 858 4939 ergo
884 4879 997 4938 per
1023 4861 1413 4922 vocationem
1452 4861 1771 4922 efficacem
1796 4878 2046 4938 semper

480 4955 617 5016 fieri
668 4956 733 5016 in
784 4952 1035 5014 homine
1086 4954 1389 5032 majorem
1420 4954 1833 5016 attentionem
1862 4954 2042 5016 intel-

478 5049 701 5120 lectuS,
732 5046 833 5108 vel
856 5045 1336 5107 delectationem
1364 5047 1724 5117 voluntatiS‚
1752 5063 1878 5122 qua
1906 5046 2044 5107 red·

481 5143 667 5204 datur
690 5139 970 5202 docibilis
998 5158 1039 5200 a
1076 5140 1229 5198 Deo.
1262 5137 1437 5210 Quod
1468 5139 1529 5198 in
1550 5140 1761 5200 multis
1790 5139 1927 5200 aliis
1951 5139 2046 5200 lo-

481 5237 570 5298 cis
610 5232 1032 5315 prosequitur,
1076 5231 1141 5292 in
1171 5231 1397 5308 quibus
1424 5232 1697 5294 insinuat
1720 5235 1921 5294 Deum
1949 5234 2045 5294 in·

480 5329 675 5392 terius
702 5345 953 5406 semper
982 5325 1216 5404 aliquid
1246 5325 1558 5404 peculiare
1588 5327 1833 5404 operari
1864 5328 1927 5388 in
1964 5345 2042 5388 co

480 5421 587 5500 qui
616 5419 1019 5492 convertitur,
1058 5419 1279 5480 ctideo
1306 5418 1709 5480 inscrutabile
1732 5417 2042 5495 judicium

480 5513 596 5576 Dei
620 5531 759 5574 esse
780 5511 949 5590 dicit,
972 5529 1083 5574 cur
1111 5529 1189 5572 ex
1210 5511 1457 5574 duobus
1483 5511 1717 5574 vocatis
1736 5512 2036 5586 exteriuS,

1330 369 1542 421 OPUSG.
1578 371 1617 430 1,
1653 370 1771 423 uu.
1808 370 1893 423 111.
1929 370 2010 421 DE
2041 370 2314 423 aumas
2347 373 2578 459 131leAE
2609 375 2872 429 GRATIAE.

2131 492 2296 535 unus
2317 482 2734 553 convertatur,
2764 483 2826 540 et
2849 496 2978 539 non
3007 480 3196 553 alius;
3227 486 3298 542 ut
3319 488 3500 560 patet
3523 484 3692 561 epist.

2134 569 2274 640 105,
2302 575 2366 629 et
2393 569 2530 631 aliis
2555 570 2710 631 locis
2749 573 3142 651 vulgaribus;
3179 575 3468 636 consistit
3493 582 3692 637 autem

2133 659 2288 721 illud
2307 661 2616 739 judicium
2659 664 3056 727 inscrutabile
3097 667 3160 726 in
3195 685 3272 729 eo
3313 668 3494 745 quod
3539 670 3694 729 Deus

2135 756 2487 833 specialiter
2515 765 2830 836 operatur.
2865 760 3022 820 Nam
3051 761 3102 819 si
3143 764 3274 821 tota
3311 762 3479 821 ratio
3530 763 3694 825 diffe-

2133 849 2350 911 rentiae
2377 856 2544 911 esset
2565 852 2764 929 posita
2792 852 2856 914 in
2879 852 3166 914 libertate
3196 853 3541 915 voluntatis
3565 874 3694 916 cum

2135 942 2363 1005 auxilio
2391 945 2502 1005 Dei
2542 946 3034 1025 proportionato‚
3065 947 3315 1007 nullum
3345 953 3522 1009 esset
3544 950 3694 1029 judi·

2135 1038 2302 1101 cium
2341 1039 2763 1101 inscrutabile.

2211 1134 2272 1193 4.
2321 1131 2532 1195 Tertia
2561 1132 2744 1197 ratio.
2767 1166 2852 1179 —-
2871 1136 3153 1197 Tandem
3191 1140 3604 1216 argumentor
3637 1140 3692 1199 in

2131 1228 2300 1287 hunc
2339 1224 2631 1299 modum,
2679 1227 2826 1305 quia
2873 1229 3174 1288 auxilium
3219 1230 3414 1289 datur
3472 1228 3690 1289 homini

2133 1336 2261 1379 non
2289 1318 2492 1379 solum
2515 1322 2584 1379 ut
2623 1319 2832 1398 ipsum
2860 1321 3113 1397 excitet,
3135 1322 3249 1383 sed
3279 1324 3482 1382 etiam
3509 1327 3577 1379 ut
3603 1322 3694 1380 ad-

2126 1414 2326 1491 juvet,
2357 1417 2427 1472 ut
2443 1412 2510 1471 in
2533 1414 2958 1491 superioribus
2977 1414 3368 1475 declaratum
3389 1422 3526 1487 est3
3555 1433 3690 1491 ergo

2131 1506 2287 1566 illud
2327 1511 2424 1567 est
2451 1505 2812 1585 simpliciter
2834 1508 3038 1586 majus
3077 1509 3407 1580 auxilium,
3451 1508 3622 1585 qnod
3645 1509 3690 1567 ei

2133 1606 2228 1662 est
2264 1598 2464 1679 magis
2495 1616 2864 1677 congruum,
2909 1606 2979 1661 ut
3009 1618 3156 1661 eum
3179 1601 3388 1679 magis
3417 1600 3596 1679 juvet
3619 1602 3690 1661 ad

2133 1693 2568 1774 operandum3
2618 1693 2978 1773 hujusmodi
3022 1699 3234 1755 autem
3287 1712 3551 1771 semper
3596 1712 3689 1753 vo-

2133 1788 2294 1849 catio
2329 1804 2628 1866 congrua,
2666 1804 2814 1845 uam
2844 1786 2946 1847 illa
2977 1792 3038 1847 et
3083 1788 3310 1847 excitat
3349 1786 3682 1858 hominem,

2133 1890 2196 1943 et
2235 1898 2382 1942 eum
2425 1880 2616 1941 etiam
2655 1880 2912 1957 adjuvat
2959 1900 3104 1940 cum
3135 1880 3399 1951 affectu,
3447 1878 3594 1955 quia
3621 1880 3689 1938 ab

2131 1977 2236 2036 illo
2265 1990 2642 2035 consensum
2673 1973 2932 2045 obtinet,
2964 1974 3134 2051 quod
3171 1990 3298 2033 non
3327 1972 3490 2032 facit
3525 1990 3686 2031 voea-

2130 2070 2216 2130 tio
2245 2068 2562 2139 inefficax3
2617 2072 2712 2128 est
2733 2084 2886 2143 ergo
2931 2066 3296 2145 simpliciter
3335 2066 3556 2144 majus
3593 2082 3686 2123 au-

2129 2163 2369 2223 xilium.

2137 2346 2298 2423 Quid
2317 2344 2386 2407 in
2417 2344 2718 2408 sententia
2743 2344 2812 2405 do
2846 2361 2914 2405 re
2949 2344 3112 2424 ipsa,
3145 2346 3296 2425 quid
3315 2346 3394 2407 de
3423 2346 3590 2407 modo
3609 2345 3684 2406 lo-

2477 2438 2694 2519 quendi
2723 2439 3086 2499 controverti
3119 2439 3336 2519 possit.

2209 2630 2268 2689 5.
2319 2624 2732 2687 Nihilominus
2751 2622 3126 2684 sententiam
3155 2624 3474 2703 superiori
3503 2626 3680 2701 capite

2129 2720 2512 2800 propositam
2543 2734 2756 2779 veram
2799 2734 2938 2778 esse
2989 2734 3239 2789 censeo,
3271 2723 3336 2777 et
3399 2724 3678 2797 quantum

2130 2814 2210 2874 ad
2237 2832 2374 2875 rem
2403 2812 2625 2890 ipsam,
2656 2815 2720 2870 et
2747 2815 3050 2887 quantum
3099 2810 3181 2869 ad
3214 2810 3525 2888 loquendi
3567 2829 3682 2870 mo-

2129 2907 2324 2981 dum3
2367 2907 2611 2983 oportet
2655 2903 2824 2964 enim
2870 2904 3000 2963 haec
3033 2903 3173 2979 [duo
3217 2910 3520 2963 accurate
3575 2903 3678 2963 dis-

2130 2999 2440 3078 tinguere,
2477 3004 2540 3057 et
2573 3003 2640 3057 ut
2673 2996 2902 3056 clarius
2939 2995 3448 3075 respondeamus
3495 2996 3680 3074 objec-

2127 3092 2229 3162 tis,
2273 3096 2335 3152 ct
2365 3109 2442 3152 ex
2477 3089 2886 3169 responsione
2915 3089 3146 3150 veritas
3185 3089 3512 3168 praedictae
3555 3106 3678 3150 sen-

2129 3185 2336 3246 tentiae
2363 3185 2565 3263 magis
2595 3183 3018 3245 confirmetur.
3053 3183 3262 3246 Unum
3287 3201 3448 3262 ergo
3481 3201 3676 3243 verum

2129 3279 2386 3339 omnino
2415 3293 2668 3349 cense0,
2701 3276 2936 3336 scilicet
2959 3321 2974 3348 ,
3029 3275 3236 3355 majus
3291 3277 3596 3337 auxili-um
3627 3283 3676 3336 et

2129 3372 2432 3449 majorem
2461 3369 2853 3444 vocationem
2885 3387 3013 3429 non
3055 3375 3300 3430 tantum
3353 3371 3674 3430 consistere

2129 3465 2194 3525 in
2209 3463 2828 3543 majori'perfectione
2851 3463 3114 3542 positiva
3140 3470 3400 3525 actuum
3425 3463 3676 3524 intellec-

2130 3563 2229 3618 tus
2260 3563 2322 3617 et
2343 3557 2701 3628 voluntatiS,
2735 3555 2964 3634 quihus
3001 3557 3266 3616 interius
3293 3557 3364 3617 fit
3403 3558 3540 3618 talis
3583 3575 3673 3616 vo-

2131 3651 2324 3722 catio;
2365 3649 2475 3710 sed
2503 3649 2692 3710 etiam
2710 3649 2772 3708 in
2795 3667 3194 3728 quocumque
3215 3650 3446 3729 majori
3475 3650 3671 3710 effectu

2129 3743 2352 3804 divinae
2383 3742 2596 3822 gratiae
2617 3741 2716 3801 vel
2737 3741 3140 3820 providentiae
3171 3742 3668 3820 supernaturalia

2129 3837 2236 3916 qui
2265 3837 2539 3913 (caeteris
2577 3835 2832 3914 paribus
2859 3835 2878 3912 )
2907 3835 3102 3913 possit
3151 3836 3356 3914 magis
3415 3835 3670 3896 conterre

2129 3931 2212 3992 ad
2235 3928 2606 3992 eliciendum
2652 3945 3030 3988 consensum
3059 3927 3140 3987 ab
3175 3929 3456 3990 humana
3485 3927 3669 3988 volun·

2127 4031 2279 4099 tate,
2307 4023 2438 4084 sive
2468 4021 2752 4085 conferat
2795 4039 2908 4100 per
2939 4039 3028 4095 se,
3063 4021 3191 4082 sive
3220 4041 3336 4102 per
3371 4022 3664 4091 accidenS,

2127 4116 2514 4178 removendo
2557 4115 2919 4194 prohibens,
2953 4119 3064 4176 aut
3089 4116 3276 4177 aliter
3307 4117 3664 4176 voluntatem

2129 4208 2526 4272 attrahendo.
2571 4209 2726 4268 Nam
2755 4207 2819 4268 in
2859 4208 3202 4269 moralibus
3239 4215 3536 4270 censetur
3559 4225 3666 4267 ma—

2125 4303 2290 4364 xime
2319 4320 2434 4381 per
2457 4319 2526 4362 se
2551 4319 2928 4362 concurrere
2951 4301 3122 4380 quod
3149 4303 3414 4382 physice
3431 4319 3664 4364 concur-

2125 4397 2204 4458 rit
2231 4415 2348 4475 per
2373 4395 2668 4456 accidens
2697 4413 2712 4466 ;
2749 4401 2810 4455 et
2849 4394 2912 4454 in
2957 4397 3076 4456 hac
3100 4397 3369 4457 materia
3397 4413 3522 4456 non
3569 4393 3664 4452 mi-

2125 4509 2248 4550 nus
2272 4488 2748 4549 considerantur
2777 4487 3006 4550 auxilia
3033 4489 3298 4549 moralia
3323 4507 3512 4568 quam
3535 4487 3662 4567 phy·

2127 4583 2295 4659 sica3
2337 4581 2456 4642 erit
2497 4599 2648 4660 ergo
2679 4579 2830 4640 illud
2863 4581 3226 4660 simpliciter
3267 4583 3474 4661 majus
3517 4580 3662 4639 auxi-

2124 4676 2296 4749 lium,
2333 4674 2402 4746 si,
2433 4676 2672 4736 caeteris
2711 4675 2988 4754 paribus,
3029 4675 3095 4736 in
3133 4674 3348 4754 aliquo
3379 4675 3550 4736 simili
3585 4671 3658 4732 cf-

2125 4769 2290 4830 fectu
2321 4768 2422 4830 vel
2445 4787 2598 4829 casu
2627 4775 2900 4846 superet.
2937 4769 3092 4828 Hinc
3117 4787 3270 4847 ergo
3299 4775 3470 4829 recte
3511 4765 3658 4826 intel-

2124 4863 2335 4942 ligitur
2373 4861 2524 4940 quid
2551 4863 2743 4942 possit
2775 4863 2840 4922 in
2885 4860 3004 4922 hac
3047 4863 3398 4940 quaesfione
3445 4864 3653 4921 contro-

2123 4955 2278 5016 verti
2325 4955 2404 5016 de
2429 4973 2498 5016 re
2537 4955 2692 5034 ipsa,
2725 4955 2877 5033 quid
2903 4972 3052 5015 vero
3089 4954 3168 5014 de
3208 4955 3400 5018 modo
3427 4953 3652 5030 loquen-

2125 5047 2212 5108 di.
2242 5047 2374 5108 Erit
2401 5047 2570 5108 enim
2603 5049 2872 5109 maxime
2907 5048 2988 5108 de
3013 5065 3083 5108 re
3113 5047 3402 5126 quaestio,
3431 5063 3508 5106 an
3533 5060 3650 5104 con-

2127 5159 2284 5219 grua
2337 5141 2578 5201 vocatio
2633 5159 2884 5220 semper
2927 5141 3188 5202 excedat
3213 5140 3234 5217 (
3257 5139 3491 5200 caeteris
3518 5133 3648 5215 pari-

2126 5234 2246 5294 bus
2275 5233 2296 5310 )
2323 5232 2388 5292 in
2421 5232 2632 5311 aliquo
2657 5235 2912 5312 speciali
2945 5233 3174 5294 effectu
3207 5235 3424 5312 gratim
3447 5246 3648 5312 praeve-

2125 5325 2378 5398 aientis,
2413 5344 2524 5386 seu
2565 5326 2972 5404 providentiae
3009 5325 3496 5406 supernaturalis
3531 5320 3644 5390 Dei,

2123 5435 2248 5497 qua
2309 5425 2619 5497 praeparat
2677 5419 3062 5480 voluntatem
3127 5425 3408 5480 nostram
3432 5463 3450 5492 ‚
3497 5421 3551 5476 et
3579 5411 3644 5472 ob

2123 5529 2264 5574 eam
2317 5529 2574 5574 causam
2613 5529 2760 5574 vere
2789 5531 2862 5574 ac
2903 5513 3153 5576 realiter
3199 5515 3278 5574 sit
3331 5512 3522 5591 majus
3555 5524 3640 5568 au·
