3850 6225
490 366 610 429 290

490 476 746 550 propter
786 472 1191 533 eminentiam
1220 479 1278 534 et
1317 472 1868 553 independentiam
1906 491 2056 533 con-

485 576 709 625 cursus
740 564 951 641 divini,
979 584 1108 627 non
1139 571 1233 627 est
1270 565 1349 627 de
1379 566 1633 628 nomine
1676 566 2055 628 contenden-

492 658 668 732 dum,
724 659 1065 720 dummodo
1094 658 1172 721 de
1202 678 1269 721 re
1304 665 1367 721 et
1396 660 1474 720 de
1500 678 1647 721 vero
1676 678 1867 721 sensu
1904 680 2055 721 con-

488 759 650 824 stet;
700 753 1033 823 nimirum,
1081 753 1335 815 nomine
1386 754 2052 833 praedeterminationis

487 864 619 909 non
650 846 911 928 intelligi
962 847 1238 924 aliquam
1279 849 1611 923 actionem,
1646 867 1785 929 quoe
1830 869 1867 911 a
1916 850 2051 911 solo

487 943 618 1003 Deo
662 942 725 1001 in
753 942 1071 1003 voluntate
1114 942 1243 1014 fiat,
1277 960 1390 1022 per
1418 960 1607 1021 quam
1638 945 1775 1023 ejus
1814 944 2054 1005 indiffe-

482 1036 710 1111 rentia,
744 1040 813 1095 ut
842 1035 1151 1115 applicata
1172 1034 1255 1094 ad
1278 1054 1484 1107 usum,
1508 1054 1545 1097 a
1570 1037 1703 1099 solo
1725 1038 1851 1098 Deo
1878 1038 2052 1117 prius

488 1128 741 1191 tollatur
793 1129 895 1189 vel
936 1134 1288 1189 coarctetur
1323 1128 1405 1190 ad
1448 1148 1675 1206 unum,
1724 1149 1915 1210 quam
1959 1133 2054 1211 ip-

486 1242 555 1283 sa
582 1222 870 1283 voluntas
926 1222 1305 1294 consentiat;
1348 1222 1449 1283 hic
1492 1224 1661 1285 enim
1710 1243 1934 1287 sensus
1957 1230 2053 1287 est

484 1336 670 1397 quem
698 1319 1003 1379 hactenus
1038 1317 1543 1397 impugnavimus
1585 1326 1841 1399 propter
1866 1340 2052 1401 repu-

484 1412 827 1492 gnantiam,
860 1411 1005 1491 quia
1030 1429 1173 1471 eum
1192 1410 1480 1474 libertate
1516 1412 1747 1475 habere
1776 1414 2043 1477 videtur.

482 1505 755 1585 Ideoque
786 1505 971 1567 etiam
994 1505 1165 1565 illam
1197 1503 1497 1583 loquendi
1522 1505 1789 1567 formam
1818 1525 2046 1569 censeo

484 1588 613 1661 hoc
631 1606 912 1678 tempore
952 1598 1267 1660 vitandam
1304 1616 1465 1671 esse,
1507 1616 1587 1659 ne
1628 1618 1771 1661 cum
1802 1601 2048 1663 haereti-

484 1693 595 1766 cie,
625 1694 813 1754 etiam
838 1693 901 1753 in
946 1692 1134 1753 modo
1189 1692 1510 1771 loquendi,
1572 1694 2041 1769 conveniamuS,

485 1793 548 1849 et
576 1806 655 1849 ne
716 1787 1109 1848 occasionem
1170 1786 1417 1847 errandi
1462 1786 1610 1847 inde
1660 1788 1856 1866 aliqui
1882 1790 2046 1850 acci-

488 1882 685 1963 piant.
716 1880 935 1943 Merito
966 1882 1133 1941 enim
1162 1880 1511 1941 observavit
1536 1882 1726 1941 Divus
1748 1882 2043 1958 Thomas»,

489 1976 789 2055 opusculo
819 1974 1019 2053 primo
1047 1980 1263 2035 contra
1295 1992 1539 2035 errores
1572 1974 1959 2050 Graecorum‚
1981 1976 2044 2037 in

488 2068 795 2149 prooemio
827 2114 842 2141 ,
896 2086 1131 2131 errores
1190 2074 1428 2130 exortos
1486 2068 1851 2135 occasionem
1904 2070 2048 2133 darc

483 2161 720 2225 sanctis
757 2160 1054 2224 Ecclesiae
1093 2162 1447 2234 doctoribus,
1478 2164 1549 2222 ut
1574 2162 1717 2239 fidei
1750 2163 2048 2241 mysteria

482 2255 707 2337 majori
748 2256 1271 2337 circumspectione
1312 2258 1577 2317 tractent
1610 2254 1693 2317 ad
1728 2255 2047 2320 eliminan-

482 2352 589 2413 dos
616 2368 850 2415 errores
877 2354 1137 2413 exortos.
1170 2350 1245 2410 Et
1272 2348 1435 2409 inter
1464 2348 1585 2409 alia
1626 2348 1800 2427 ponit
1838 2368 2044 2412 exem-

1320 372 1532 425 OPL'SC.
1568 372 1604 435 Ι,
1642 372 1758 425 Lm.
1798 374 1879 425 ΙΙΙ.
1918 372 2000 425 DE
2031 372 2305 427 Anxlffls
2341 374 2570 425 ⁰1leAE
2601 373 2866 425 cunm.

2135 472 2308 551 plum
2338 474 2420 533 ad
2447 490 2581 533 rem
2611 472 2690 533 de
2725 490 2850 551 qua
2887 470 3132 550 agimus
3159 472 3698 533 accommodatum

2134 568 2198 628 in
2231 568 2602 647 Augustino,
2661 568 2766 647 qui
2795 570 2934 649 post
2973 568 3245 627 exortam
3299 566 3695 647 Pelagiauam

2135 659 2434 733 luco-esim,
2467 660 2710 723 cautius
2734 661 2803 722 de
2830 658 3013 721 libero
3045 656 3326 733 arbitrio,
3373 660 3696 723 alibertus

2133 758 2201 820 dc
2225 757 2435 837 qratia
2457 754 2687 815 locutus
2711 759 2820 827 cst,
2839 772 3018 835 quam
3038 761 3178 818 ante
3201 752 3388 815 illam
3400 754 3691 817 Iacer-esim.

2134 849 2312 922 Quod
2345 849 2408 911 in
2453 848 2897 929 Chrysostomo
2951 850 3186 911 notavit
3213 850 3384 910 idem
3415 849 3695 927 Angusti-

2132 964 2276 1018 nus‚
2303 945 2411 1005 lib.
2443 945 2646 1024 primo
2673 950 2838 1005 cont.
2865 944 3127 1020 Julian„
3161 964 3216 1004 c.
3255 946 3284 1005 1
3315 964 3328 1003 :
3373 942 3546 1009 Vobis
3585 944 3696 1020 (in-

2132 1038 2263 1117 quit
2289 1037 2367 1098 ad
2400 1036 2791 1115 Pelagianos)
2821 1039 3081 1099 nondum
3107 1037 3506 1118 Zitiyantibm
3542 1054 3697 1098 cecu-

2131 1132 2267 1193 rius
2291 1131 2662 1212 loquebatwr.
2697 1132 2852 1191 Cum
2877 1149 3028 1211 ergo
3057 1132 3178 1191 hoc
3221 1134 3512 1209 tempore
3537 1148 3698 1189 erro·

2131 1241 2234 1285 res
2277 1224 2439 1285 circa
2485 1223 2711 1285 divina}
2743 1224 2958 1302 gratiae
2990 1223 3430 1285 necessitatem
3451 1222 3698 1283 extincti

2133 1316 2276 1391 sint,
2306 1324 2368 1377 et
2395 1316 2478 1377 ad
2504 1316 2772 1379 alterum
2803 1323 3154 1378 extremum
3183 1316 3566 1383 declinetur,
3595 1334 3698 1375 no-

2129 1413 2223 1475 vis
2251 1412 2562 1473 haereticis
2609 1410 2986 1491 negantibus
3025 1410 3378 1471 libertatem
3437 1409 3695 1483 arbitrii,

2129 1506 2212 1567 ad
2247 1506 2394 1568 fidei
2446 1505 2734 1567 doctores
2769 1503 3038 1583 pertinet
3079 1504 3322 1564 cautius
3371 1504 3578 1581 loqui,
3620 1512 3694 1572 ct,

2129 1600 2302 1661 salva
2339 1598 2485 1661 fidei
2527 1599 2788 1671 veritate
2829 1616 2970 1677 quae
3013 1596 3094 1657 ad
3131 1596 3404 1676 gratiam
3435 1602 3694 1675 spectat,

2127 1693 2356 1755 clarius
2409 1699 2472 1754 et
2509 1690 2897 1753 manifestius
2957 1689 3185 1751 docere
3227 1689 3410 1751 liberi
3462 1690 3698 1749 arbitrii

2129 1790 2472 1851 veritatem.
2507 1784 2686 1857 Quod
2705 1784 2758 1845 si
2785 1785 2849 1845 in
2877 1784 3012 1862 ipso
3031 1782 3334 1863 loquendi
3359 1782 3561 1843 modo
3593 1784 3698 1843 hoc

2128 1880 2588 1945 observandum
2615 1884 2730 1950 est,
2759 1878 2956 1938 multo
2988 1878 3190 1957 magis
3227 1876 3293 1936 in
3321 1876 3523 1937 modo
3546 1876 3698 1956 judi·

2129 1976 2310 2037 candi
2342 1980 2404 2036 et
2449 1971 2794 2044 sentiendi;
2853 1976 3044 2049 atque
3083 1971 3248 2031 hanc
3289 1969 3373 2029 ob
3417 1988 3694 2045 causam,

2127 2070 2292 2131 inter
2319 2068 2495 2140 alias,
2538 2064 2888 2127 doctrinam
2917 2082 3108 2142 quam
3130 2062 3209 2123 de
3233 2062 3437 2142 gratia
3471 2062 3698 2124 efficaci

2127 2162 2614 2235 declaravimuS‚
2666 2156 3062 2219 retinendam
3125 2174 3268 2217 esse
3323 2174 3694 2229 censemw,

2127 2257 2295 2338 quod
2315 2255 2397 2317 ad
2422 2252 2613 2315 fidem
2629 2250 3092 2313 defendendam
3111 2249 3403 2311 videatur
3429 2268 3576 2312 esse
3603 2268 3698 2309 ac-

2125 2347 2724 2413 commodatissima.

1792 2692 1889 2739 ΠΝ
1892 2694 1948 2740 13
1985 2694 2142 2741 unm
2183 2696 2406 2743 marn.
