3850 6225
1405 601 1706 694 LIBER
1757 601 2206 694 TERTIUS.

640 865 916 1088 DE
1057 865 1816 1093 DIVINA
1964 866 2943 1094 MOTIONE

145 1227 298 1292 SEU
347 1225 635 1293 EFFIGAGI
671 1227 782 1293 DEI
816 1229 1090 1295 AUXILIO
1124 1230 1210 1295 AD
1245 1228 1830 1296 SUPERNATURALES
1879 1231 1965 1297 ET
1997 1230 2267 1298 LIBEROS
2302 1229 2701 1296 VOLUNTATIS
2749 1231 2949 1300 AGTUS
2988 1232 3399 1300 NEGESSARIO.

251 1773 412 1833 Haec
461 1777 556 1834 est
605 1773 923 1852 praecipua
977 1790 1124 1852 pars
1161 1773 1348 1854 hujus
1395 1774 1624 1856 operiS,
1670 1772 1752 1834 ad

155 1884 376 1946 quam
404 1871 650 1942 cffltera,
675 1885 816 1946 quoe
840 1868 906 1927 in
937 1867 1364 1948 superioribus
1389 1869 1564 1931 libris
1587 1867 1752 1930 dicta

159 1967 352 2034 sunt,
377 1960 760 2022 referuntur.
793 1962 970 2025 Unde
991 1961 1060 2022 in
1085 1963 1376 2042 praesenti
1405 1965 1470 2024 in
1497 1965 1620 2024 hoc
1644 1981 1754 2043 po-

157 2055 492 2117 tissimum
538 2055 1032 2117 incumbendum
1079 2062 1196 2130 est,
1239 2061 1310 2118 ut
1349 2057 1752 2118 ostendamus

161 2169 276 2220 ea,
297 2167 440 2228 quoe
459 2147 528 2208 in
553 2149 978 2228 superioribus
1007 2151 1170 2212 dicta
1200 2155 1346 2212 sunt
1371 2151 1450 2212 de
1465 2150 1752 2212 libertate

161 2249 416 2316 nostra,
445 2247 506 2302 et
534 2241 614 2303 de
642 2242 830 2304 modo
857 2261 984 2322 quo
1010 2245 1179 2306 Deus
1199 2262 1346 2306 cum
1368 2244 1468 2305 illa
1495 2261 1754 2306 concur-

159 2338 286 2410 rit,
342 2334 518 2396 salva
569 2335 708 2415 ejus
758 2335 1178 2399 indifferentia
1221 2337 1288 2398 in
1328 2355 1450 2400 usu
1495 2355 1754 2398 suorum

165 2437 460 2502 actuum,
481 2427 715 2490 habere
737 2428 948 2490 locum
963 2431 1028 2490 in
1053 2431 1636 2511 supernaturalibus
1655 2449 1755 2492 ac-

163 2523 368 2594 tibus,
396 2527 710 2600 quatenus
739 2523 928 2584 etiam
955 2525 1074 2603 ipsi
1103 2524 1284 2585 liberi
1315 2529 1484 2598 sunt,
1511 2541 1753 2602 suoque

163 2618 370 2678 modo
400 2618 466 2677 in
493 2617 763 2679 hominis
791 2623 1098 2698 potestate
1127 2637 1274 2680 cum
1299 2619 1512 2681 divina
1553 2620 1754 2700 gratia

169 2711 488 2782 existunt;
517 2717 578 2771 et
600 2713 884 2790 quamvis
903 2713 1252 2773 secundum
1275 2731 1413 2774 eam
1433 2713 1754 2792 propriam

165 2804 514 2875 rationem,
555 2822 682 2883 qua
725 2806 1235 2884 supernaturales
1283 2811 1468 2881 sunt,
1512 2806 1752 2885 majora

165 2899 288 2958 Dei
341 2898 580 2958 auxilia
629 2897 990 2976 requirant,
1044 2917 1172 2961 non
1221 2905 1434 2960 tamen
1483 2899 1566 2960 ob
1612 2916 1752 2958 eam

167 3009 442 3050 causam
473 2989 788 3070 postulare
821 2992 1120 3072 praeviam
1157 2992 1426 3071 aliquam
1460 2991 1755 3052 determi-

165 3085 508 3147 nationem
549 3083 876 3163 physicam
918 3085 1272 3160 voluntatiS,
1315 3102 1507 3165 quam
1545 3103 1582 3146 a
1620 3085 1754 3146 solo

165 3180 306 3239 Deo
341 3178 630 3256 recipiat,
658 3178 812 3239 etin
841 3196 915 3239 ea
941 3179 1303 3259 recipienda
1332 3178 1536 3240 solum
1561 3176 1756 3256 passi-

165 3290 246 3331 ve
289 3279 666 3344 concurrat,
711 3277 774 3331 et
821 3288 898 3333 ea
939 3278 1215 3350 recepta,
1262 3288 1524 3333 necesse
1557 3271 1642 3332 illi
1677 3270 1758 3331 sit

165 3363 732 3443 supernaturalem
757 3381 1136 3425 consensum
1165 3368 1488 3444 praestare,
1517 3370 1626 3425 aut
1653 3382 1756 3425 su-

165 3456 656 3537 pernaturalem
696 3462 906 3517 actum
937 3458 1192 3531 amoriS‚
1221 3458 1320 3518 vel
1350 3458 1544 3518 alium
1584 3456 1758 3517 simi-

161 3554 306 3613 lem
334 3550 594 3611 elicere.
621 3552 702 3613 Ut
729 3556 940 3611 autem
972 3552 1090 3613 hoc
1120 3550 1430 3625 ultimum,
1465 3549 1635 3630 quod
1663 3555 1758 3611 est

161 3643 514 3725 praesentis
572 3642 1007 3723 disputationis
1055 3662 1308 3724 scopuS,
1357 3662 1436 3705 ex
1489 3643 1756 3723 propriis

163 3737 512 3818 principiis
537 3737 984 3815 comprehendi
1012 3738 1230 3818 possit,
1259 3754 1464 3817 operae
1488 3736 1758 3815 pretium

164 3832 300 3893 erit
327 3848 536 3911 pauca
561 3830 642 3891 de
675 3830 771 3890 his
799 3831 1039 3891 actibus
1067 3828 1668 3911 supernaturalibuS,
1697 3833 1768 3889 et·

164 3926 258 3989 de
292 3924 526 3985 divinis
555 3924 800 3985 auxiliis
828 3924 910 3985 ad
945 3943 1056 3986 eos
1081 3924 1452 3985 necessariis
1478 3921 1756 4002 praemit-

165 4026 342 4091 tere,
393 4035 644 4079 necnon
691 4016 877 4077 etiam
925 4017 1084 4079 duos
1136 4023 1446 4079 extremos
1489 4033 1752 4089 erroreS,

169 4113 292 4193 qui
335 4113 404 4172 in
446 4114 568 4173 hac
613 4111 878 4172 materia
923 4112 1153 4173 versati
1199 4118 1368 4185 sunt,
1399 4110 1754 4181 declarare;

167 4214 248 4267 ut
279 4211 593 4285 quantum
633 4209 850 4265 nostra
878 4206 1186 4267 sententia
1221 4206 1304 4265 ab
1342 4210 1606 4283 utroque
1635 4202 1761 4263 dis-

169 4304 293 4371 tet,
337 4298 672 4359 manifeste
727 4304 990 4374 constet,
1019 4298 1300 4378 nihilque
1343 4296 1603 4378 periculi
1651 4301 1760 4357 aut

171 4391 560 4471 suspicionis
589 4391 654 4450 in
684 4407 760 4451 ea
783 4391 1069 4470 reperiri,
1095 4391 1208 4452 sed
1225 4407 1524 4471 magnam
1551 4388 1758 4468 potius

173 4484 692 4565 probabilitatem
723 4503 796 4547 ac
829 4484 1174 4547 veritatem.

821 4710 1072 4774 CAPUT
1105 4711 1154 4772 1.

183 4954 334 5000 ESSE
375 4951 438 4997 m
479 4948 642 4997 Nonis
687 4888 874 4995 Alnus
914 4946 1184 5002 QuosnAM
1225 4946 1504 4995 annuos
1547 4948 1758 4993 SUPER-

319 5042 670 5091 nummus
711 5041 1068 5089 surromwa
1104 5042 1180 5089 Aa
1217 5041 1626 5089 monuwa.

1835 1773 2027 1846 tinus,
2058 1772 2163 1836 lib.
2194 1773 2264 1836 do
2300 1773 2570 1847 Hoeros„
2600 1775 2669 1836 in
2709 1774 2813 1849 83,
2846 1778 2905 1837 et
2943 1772 2989 1834 l.
3026 1776 3055 1834 1
3099 1774 3169 1837 do
3214 1774 3396 1837 (ἕνα.

1837 1864 2097 1940 Christi,
2129 1884 2181 1930 c.
2216 1867 2318 1941 41,
2346 1872 2405 1928 ot
2439 1885 2597 1949 soepe
2626 1865 3242 1938 aliam—Quamvis,
3282 1867 3401 1928 sub

1833 1961 1955 2022 hac
1982 1978 2135 2022 voce
2176 1965 2239 2022 et
2280 1960 2789 2022 denominatione
2826 1967 3002 2022 actus
3032 1966 3403 2040 supernatu-

1832 2054 2005 2126 raIiS,
2028 2071 2158 2115 non
2182 2054 2537 2116 inveniatur
2550 2060 2661 2116 aut
2674 2055 2739 2116 in
2760 2072 2937 2115 sacra
2954 2054 3272 2133 Scriptura
3295 2071 3403 2115 ex-

1833 2166 2143 2228 pressum,
2170 2148 2371 2208 autin
2400 2149 2591 2210 sacris
2618 2148 2903 2210 Conciliis
2931 2147 3279 2217 definitum,
3308 2165 3404 2209 es·

1833 2259 1902 2301 se
1934 2242 1999 2302 in
2030 2241 2212 2302 nobis
2241 2241 2601 2321 hujusmodi
2635 2247 2833 2314 actus,
2864 2246 3079 2304 tamen
3106 2258 3211 2302 res
3238 2241 3399 2320 ipsa,

1835 2352 1977 2414 quae
2025 2353 2063 2394 a
2103 2334 2284 2396 nobis
2330 2336 2451 2398 hac
2494 2355 2647 2398 voce
2680 2334 3087 2415 significatur,
3120 2333 3271 2396 satis
3308 2339 3404 2394 est

1833 2427 2149 2489 declarata
2181 2448 2255 2490 ac
2288 2428 2565 2492 definita.
2600 2428 2765 2491 Nihil
2804 2429 2972 2490 enim
3004 2426 3174 2488 aliud
3201 2428 3404 2488 nomi-

1832 2540 1914 2582 ne
1942 2527 2119 2583 actus
2153 2523 2646 2602 supernaturalis
2691 2522 3117 2602 intelligimuS‚
3150 2521 3269 2581 nisi
3300 2538 3405 2582 ac·-

1832 2621 1989 2689 tum,
2022 2617 2129 2695 qui
2176 2617 2325 2677 solis
2367 2617 2658 2677 humanae
2702 2621 2945 2678 naturae
2990 2614 3227 2676 viribus
3264 2613 3405 2676 fieri

1833 2725 1963 2769 non
2003 2713 2241 2788 potest;
2270 2709 2410 2772 talis
2452 2711 2621 2771 enim
2659 2716 2837 2772 actus
2882 2727 3071 2789 supra
3112 2708 3279 2770 vires
3308 2713 3403 2770 est

1832 2806 2075 2864 naturae
2098 2849 2114 2878 ,
2168 2809 2231 2866 et
2277 2803 2425 2864 inde
2478 2804 2972 2884 supernaturalis
3025 2803 3398 2882 appellatur.

1833 2897 2155 2958 Definiunt
2182 2903 2394 2958 autem
2422 2898 2692 2960 Concilia
2730 2915 2869 2960 esse
2910 2898 2977 2959 in
3004 2897 3185 2958 nohis
3214 2915 3404 2976 quos-

1835 2989 1985 3050 dam
2016 2995 2211 3064 actua,
2246 3008 2403 3068 quos
2425 2990 2571 3051 solis
2590 2996 2831 3052 naturae
2852 2990 3087 3052 viribus
3112 3007 3405 3051 exercere

1838 3101 1965 3145 non
1991 3101 2349 3163 possumus,
2382 3083 2487 3163 qui
2516 3083 2911 3163 potissimum
2952 3089 3119 3159 sunt,
3148 3083 3401 3155 credere,

1835 3194 2101 3261 sperare,
2132 3176 2403 3259 diliqere,
2434 3196 2507 3241 ao
2526 3180 2818 3260 poeniteo-0
2851 3178 3013 3241 sima
3052 3182 3304 3260 oportet,
3334 3180 3407 3239 ut

1835 3272 2004 3335 nobis
2019 3271 2495 3352 justificationis
2530 3274 2741 3355 qratia
2781 3276 3147 3353 conseratur,
3180 3278 3249 3333 ut
3273 3272 3405 3333 Tri-

1838 3365 2167 3426 dentinum
2222 3365 2567 3427 Concilium
2620 3366 2850 3440 docuit,
2903 3372 2967 3427 et
3023 3371 3169 3427 ante
3226 3364 3403 3437 illud,

1837 3458 2180 3520 Concilium
2219 3458 2668 3532 Milevitanum,
2717 3465 2780 3521 et
2828 3458 3281 3521 Arausicanum
3324 3459 3401 3520 Π.

1833 3550 2031 3629 Igitur
2054 3568 2133 3611 ex
2156 3552 2527 3615 necessitate
2555 3554 2789 3633 gratioe,
2813 3569 2954 3632 qum
2985 3552 3067 3613 ad
3086 3552 3202 3613 hos
3230 3556 3406 3612 actus

1838 3644 2226 3706 exercendos
2268 3646 2629 3725 simpliciter
2670 3644 3029 3707 necessaria
3074 3650 3190 3717 est,
3236 3649 3407 3705 certo

1837 3737 2020 3799 nobis
2060 3742 2305 3799 constat
2344 3739 2461 3801 hos
2491 3745 2667 3800 actus
2694 3756 2833 3799 esse
2873 3737 3405 3817 supernaturales,

1839 3834 1923 3903 et,
1958 3831 2105 3911 quia
2138 3831 2255 3911 ipsi
2282 3832 2795 3911 supernaturales
2820 3836 2987 3905 sunt,
3016 3830 3158 3893 ideo
3189 3830 3273 3891 ad
3300 3848 3409 3891 eos

1839 3924 2049 3985 divina
2100 3926 2299 4005 gratia
2352 3932 2449 3989 est
2494 3925 2855 4005 simpliciter
2908 3925 3286 3987 necessaria.
3336 3926 3407 3985 In

1839 4020 1961 4080 hoc
1990 4037 2141 4098 ergo
2179 4038 2369 4081 sensu
2396 4021 2625 4084 veritas
2650 4022 2786 4082 haec
2812 4020 2895 4081 ad
2934 4018 3082 4080 fidei
3110 4018 3410 4097 dogmata

1841 4114 2149 4193 pertinen
2182 4113 2349 4175 unde
2396 4114 2463 4175 in
2488 4116 2609 4177 hoc
2646 4113 3059 4175 fundamento
3105 4112 3279 4173 nulla
3318 4116 3411 4174 est

1841 4206 2148 4268 dissensio
2170 4206 2335 4269 inter
2360 4208 2709 4270 catholicos
2732 4208 3051 4279 Doctores,
3078 4206 3407 4285 solumque

1841 4300 2157 4377 Pelagiani
2188 4301 2465 4363 haeretici
2492 4300 2871 4362 contrariam
2899 4299 3274 4361 sententiam
3300 4298 3410 4359 do-

1840 4398 2126 4455 cuerunt.
2159 4394 2239 4455 Ut
2276 4394 2447 4455 enim
2483 4394 2903 4473 Hieronymus
2932 4398 2995 4453 et
3022 4392 3409 4472 Augustinus

1838 4487 2139 4558 referunt,
2168 4506 2333 4549 unus
2363 4506 2441 4549 ex
2468 4488 2802 4568 praecipuis
2828 4486 3143 4549 erroribus
3168 4485 3406 4563 Pelagii

1838 4580 1977 4656 fuit,
2008 4598 2193 4660 posse
2231 4580 2554 4641 hominem
2580 4580 2817 4643 viribus
2844 4579 3083 4641 arbitrii
3120 4578 3217 4640 sui
3246 4596 3411 4657 quae-

1837 4674 1991 4735 libet
2028 4691 2223 4753 opera
2262 4673 2344 4735 ad
2373 4674 2641 4735 salutem
2680 4673 3037 4735 necessaria
3070 4676 3133 4734 et
3158 4672 3318 4733 velle
3348 4676 3412 4732 et

1837 4768 2165 4848 perficere.
2196 4768 2375 4832 Unde
2404 4768 2569 4829 illius
2609 4768 2802 4829 veluti
2830 4768 3079 4829 axioma
3106 4772 3242 4828 erat
3273 4786 3287 4828 ε
3328 4765 3413 4831 Si

1839 4862 2098 4924 alterius
2151 4879 2255 4944 opo
2304 4862 2563 4945 indigeo,
2620 4861 2871 4925 libertas
2916 4860 3169 4924 arbitrii
3214 4861 3283 4922 in
3319 4877 3412 4922 mo

1837 4955 2219 5029 desto-uitam·
2248 4956 2379 5017 haec
2421 4954 2617 5035 ipsius
2652 4954 2845 5016 verba
2884 4952 3075 5016 refert
3104 4954 3411 5031 Hierony-

1835 5065 1981 5109 mus
2000 5094 2015 5122 ,
2048 5048 2156 5128 qui
2198 5046 2523 5128 eleganter
2556 5048 2899 5127 respondet
2932 5066 2945 5106 :
2994 5046 3151 5114 Vallo
3182 5052 3239 5107 et
3272 5063 3411 5108 cur-

1836 5158 1971 5205 rere
1998 5158 2195 5204 mcum
2227 5146 2338 5214 est,
2368 5141 2476 5203 sod
2496 5141 2699 5221 ipsum
2728 5157 2927 5204 meum
2948 5140 3078 5203 sino
3100 5138 3219 5201 Dei
3255 5154 3409 5201 sem-

277 5245 332 5299 l.
371 5237 570 5301 Actus
615 5236 1112 5317 supernaturales
1164 5253 1247 5299 an
1299 5235 1452 5309 sint,
1501 5240 1561 5299 et
1613 5236 1763 5317 quid
1828 5254 1946 5317 per
1985 5230 2219 5297 aemilio
2268 5251 2388 5295 non
2439 5234 2557 5297 oric
2602 5251 2819 5297 meum.
2870 5234 2947 5295 Et
3000 5230 3407 5310 Augustinus,

195 5332 359 5398 sint?
377 5364 462 5377 —
489 5328 826 5395 Concilium
853 5328 1300 5401 Tridentinum,
1329 5346 1480 5391 sess.
1513 5328 1576 5403 6,
1607 5347 1660 5392 o.
1699 5333 1754 5399 ¹,

202 5430 304 5490 5et
325 5443 472 5506 seq„
493 5430 548 5487 ot
576 5441 714 5487 can.
735 5426 795 5496 1,
813 5425 852 5483 2
877 5426 935 5486 et
964 5423 1549 5501 3.—Hieronymus,
1569 5441 1658 5504 ep.
1681 5424 1762 5485 60

206 5523 279 5585 ad
297 5518 756 5598 Ctesiphontem,
775 5517 845 5582 de
869 5516 1210 5580 Erroribus
1235 5514 1506 5600 Pelopi&
1521 5512 1761 5599 Auma-

1841 5330 2021 5409 epist.
2052 5330 2133 5391 89
2167 5347 2181 5390 :
2214 5328 2360 5392 Non
2394 5328 2523 5391 ideo
2566 5326 2839 5407 (inquit)
2880 5325 3123 5390 tollitur
3156 5323 3411 5387 liberum

1839 5421 2188 5496 arbitrium,
2215 5420 2361 5501 quia
2370 5420 2658 5499 jwvatwr,
2682 5422 2789 5484 sed
2808 5420 2936 5483 ideo
2948 5420 3234 5499 juvatur,
3264 5418 3410 5499 quia

1839 5532 1957 5577 non
1988 5514 2248 5577 tollitur.
2280 5512 2405 5576 Sed
2432 5513 2499 5573 in
2526 5513 2644 5574 hoc
2684 5529 2895 5575 errore
2936 5508 3317 5573 confutando
3346 5515 3414 5572 et
