3850 6225
772 377 905 430 CAP.
942 381 1045 431 XV.
1083 379 1448 435 soLvUNTmt
1482 374 1885 432 OBJECTlONES
1918 375 2188 441 ALIQUOT
2221 379 2482 439 CONTRA.
2519 378 2652 431 ETC.

211 479 265 540 6.
298 475 566 558 objectio.
603 507 687 522 —-
714 475 1111 542 Dissolvitur.
1143 513 1225 526 -—
1264 480 1462 542 Dices:
1494 480 1558 540 in
1591 498 1667 540 co

142 577 432 632 momento
460 569 521 628 in
550 588 675 649 quo
704 570 929 632 eadem
956 574 1117 634 actio
1148 573 1221 634 fit
1256 591 1293 633 a
1348 574 1667 636 voluntate

141 665 389 724 humana
442 668 501 722 et
555 663 785 738 divina,
840 671 1107 745 utraque
1152 665 1462 741 voluntaS,
1496 668 1669 746 prius

140 763 339 816 natura
384 773 565 834 quam
612 757 679 816 in
730 763 939 818 actum
988 759 1227 830 influat,
1280 765 1375 820 est
1422 759 1669 830 indiffe-

136 868 266 910 rens
316 847 394 908 ad
446 847 837 910 innuendum
870 857 933 912 et
978 871 1105 912 non
1147 853 1561 927 influendum,
1608 859 1671 914 et

137 943 207 1002 ad
256 941 631 1002 innuendum
694 945 759 1004 in
811 945 981 1005 bunc
1042 949 1252 1006 actum
1319 950 1382 1007 et
1448 947 1513 1007 in
1564 965 1671 1007 ac-

138 1043 251 1097 tum
296 1035 521 1106 alium3
549 1036 801 1114 quando
856 1038 1109 1098 veroin
1162 1037 1440 1100 secundo
1490 1039 1667 1116 signo

136 1137 349 1188 naturae
396 1134 663 1207 utraque
723 1129 923 1190 influit
971 1131 1039 1190 in
1089 1137 1298 1192 actum
1317 1177 1339 1208 ,
1402 1138 1667 1212 utraque

137 1222 301 1283 etiam
326 1227 415 1282 est
461 1221 804 1284 formaliter
850 1222 1265 1285 determinata
1312 1226 1524 1304 quoad
1564 1243 1671 1286 ac-

134 1317 384 1388 tionem;
418 1333 533 1376 cur
562 1334 711 1396 ergo
758 1317 963 1395 potius
992 1317 1347 1380 attribuitur
1374 1318 1669 1380 determi-

136 1409 285 1469 natio
314 1427 517 1468 causoe
548 1410 861 1484 secundae,
894 1429 1083 1490 quam
1112 1412 1365 1491 primas?
1390 1415 1669 1492 Respon-

137 1504 295 1562 detur
324 1503 531 1581 quoad
558 1504 953 1564 efficientiam
989 1504 1235 1583 utrique
1270 1521 1455 1582 posse
1499 1506 1674 1566 attri-

138 1598 247 1665 bui,
287 1603 344 1658 et
368 1597 579 1657 neutri
618 1598 751 1658 sine
794 1597 937 1671 alia,
970 1603 1043 1658 ut
1076 1598 1311 1658 dictum
1354 1605 1483 1671 est;
1522 1599 1671 1678 quia

138 1709 317 1770 neque
344 1709 535 1752 causa
560 1691 839 1752 secunda
870 1698 1075 1771 potest
1099 1692 1443 1772 quidquam
1480 1711 1669 1774 agere

142 1787 253 1845 sine
278 1785 507 1844 influxu
540 1786 783 1863 primae,
814 1803 1021 1863 neque
1042 1805 1233 1846 causa
1258 1787 1458 1866 prima
1478 1787 1543 1846 in
1562 1787 1670 1848 tali

142 1879 299 1939 modo
330 1878 581 1958 agendi,
624 1879 727 1957 qui
774 1879 851 1938 sit
890 1879 1049 1940 liber
1092 1898 1297 1942 causoe
1338 1880 1629 1942 secundae
1650 1926 1667 1954 ,

142 1977 315 2050 potest
334 1973 585 2032 efficere
612 1973 1198 2034 determinationem
1226 1976 1359 2054 ejus
1386 1976 1519 2036 sine
1539 1975 1665 2036 illa.

144 2069 207 2124 At
227 2083 361 2125 vero
380 2065 661 2142 quodam
682 2066 937 2145 speciali
958 2067 1143 2128 modo
1165 2069 1520 2130 attribuitur
1536 2069 1675 2130 haec

142 2158 539 2220 determinatio
564 2177 771 2220 causae
796 2161 1110 2234 secundoe,
1134 2161 1399 2241 ejusque
1424 2162 1674 2224 liberta-

141 2253 195 2324 ti,
218 2257 497 2330 tanquam
514 2252 817 2330 proximae
834 2253 1029 2314 radici
1040 2254 1229 2329 illius,
1248 2255 1351 2333 qui
1357 2272 1393 2314 a
1410 2272 1487 2315 ex
1511 2255 1675 2316 illius

140 2343 389 2404 libertate
424 2345 747 2422 dependet
796 2345 937 2406 talis
986 2346 1459 2420 determinatim
1508 2347 1675 2407 Deus

142 2439 303 2509 enim,
328 2438 391 2498 in
436 2439 547 2498 illo
578 2439 831 2500 instanti
861 2440 926 2500 in
984 2458 1109 2519 quo
1137 2440 1341 2502 influit
1388 2448 1459 2503 ut
1486 2459 1675 2501 causa

140 2530 333 2608 prima,
356 2532 528 2609 prius
562 2537 785 2604 natura
806 2533 1173 2613 intelligitur
1198 2534 1433 2596 habere
1462 2553 1678 2613 quam-

142 2623 265 2682 dam
287 2625 925 2686 determinationema
950 2645 1065 2686 sua
1090 2626 1410 2689 voluntate
1449 2634 1674 2700 ortam,

141 2735 245 2794 qua
264 2719 578 2796 expositus
588 2724 683 2778 est
700 2719 779 2778 ad
803 2720 1303 2781 concurrendum
1318 2722 1385 2780 in
1395 2721 1563 2780 hunc
1578 2719 1679 2782 vel

142 2809 289 2870 illum
316 2817 547 2886 actum,
583 2819 651 2874 ut
680 2813 841 2886 dixi;
878 2819 939 2874 et
968 2815 1170 2875 solum
1200 2821 1293 2876 est
1318 2814 1679 2876 indifferens

142 2904 439 2964 universali
478 2906 762 2983 quadam
792 2912 853 2967 et
899 2907 1185 2968 absoluta
1218 2907 1673 2980 indifferentia3

142 2995 561 3058 determinatus
592 3003 805 3059 tamen
836 3000 1013 3077 quasi
1054 3000 1171 3061 sub
1199 3001 1555 3062 conditione
1596 3000 1679 3061 ad

144 3092 579 3169 cooperandum
606 3098 928 3166 creaturae,
944 3095 1029 3155 ita
1043 3100 1134 3168 ut,
1155 3095 1204 3155 si
1226 3094 1363 3155 haec
1379 3093 1679 3175 adjunga-

144 3188 243 3256 tur,
270 3187 625 3247 necessario
655 3186 787 3266 ipse
831 3188 1087 3263 influat3
1126 3206 1267 3268 quae
1301 3189 1447 3249 licet
1478 3188 1545 3249 in
1572 3188 1678 3248 illo

142 3294 251 3336 non
276 3281 489 3341 sitnisi
532 3282 883 3343 necessitas
922 3282 1463 3357 immutabilitatis,
1511 3288 1573 3343 et
1602 3298 1681 3342 ex

144 3372 533 3451 suppositione
576 3392 705 3435 suae
731 3374 943 3436 liberae
968 3376 1328 3450 voluntatis,
1348 3381 1581 3445 tamen,
1610 3374 1679 3433 il-

144 3462 193 3521 la
212 3467 535 3544 supposita,
578 3474 639 3527 et
671 3467 967 3546 adjuncta
1001 3469 1441 3547 cooperatione
1474 3484 1679 3528 causoe

146 3558 425 3631 secundae,
442 3559 735 3639 procedit
754 3561 911 3620 actio
930 3578 967 3621 a
980 3562 1107 3623 Deo
1124 3567 1425 3640 tanquam
1437 3579 1475 3621 a
1490 3578 1679 3621 causa

144 3648 545 3725 determinata,
594 3670 721 3712 non
752 3655 958 3714 minus
994 3672 1187 3733 quam
1214 3655 1265 3714 si
1300 3672 1375 3715 ex
1405 3654 1682 3715 necessi-

144 3746 247 3801 tate
272 3750 498 3806 naturae
526 3752 701 3806 esset
726 3746 1175 3807 determinatus
1198 3746 1280 3807 ad
1309 3746 1397 3807 sic
1424 3762 1683 3806 concur-

144 3837 415 3911 rendum3
449 3844 513 3900 et
539 3841 598 3900 si
625 3858 813 3900 causa
854 3840 1131 3900 secunda
1162 3856 1289 3899 non
1316 3839 1539 3911 influit,
1578 3856 1683 3899 ea-

148 3927 270 3988 dem
312 3934 687 3993 necessitate
756 3950 873 3993 nec
918 3934 1086 3993 Deus
1123 3932 1325 3992 influit
1360 3976 1376 4006 ,
1433 3937 1496 3992 et
1540 3929 1681 3991 ideo

148 4019 553 4085 determinatio
580 4026 845 4086 actionis
870 4044 997 4086 non
1030 4029 1235 4104 potest
1275 4024 1361 4085 illi
1398 4023 1685 4103 speciali-

146 4116 226 4171 ter
255 4118 516 4178 attribui.
556 4125 637 4179 At
674 4136 823 4180 vero
862 4121 1144 4198 proxima
1178 4136 1291 4180 seu
1340 4123 1548 4178 creata
1579 4134 1685 4176 vo-

134 4203 329 4289 luntas
351 4212 415 4270 in
441 4212 549 4273 illo
578 4212 773 4291 priori
816 4218 1055 4273 naturae
1082 4218 1180 4273 est
1206 4214 1459 4273 omnino
1505 4210 1685 4269 inde-

150 4303 473 4379 terminata,
520 4312 585 4367 et
612 4304 853 4367 nullam
884 4307 1079 4367 hahet
1113 4304 1553 4366 necessitatem
1588 4302 1685 4362 in-

150 4396 378 4472 fluendi,
416 4416 625 4479 neque
675 4400 1057 4479 simpliciter,
1090 4416 1296 4478 neque
1346 4416 1427 4459 ex
1452 4412 1685 4475 suppo·

152 4486 347 4551 sitione
371 4492 627 4553 alterius
656 4499 831 4554 actus
865 4493 960 4553 sui
1001 4493 1216 4571 ipsius,
1259 4490 1372 4551 sed
1418 4508 1495 4550 ex
1549 4488 1683 4549 sola

152 4596 249 4639 sua
306 4584 719 4647 indifferentia
764 4586 1067 4647 libertatis
1116 4591 1327 4645 actum
1380 4582 1677 4655 inchoat,

152 4676 377 4749 quando
406 4681 468 4739 et
504 4680 763 4757 qualem
801 4681 966 4754 vult;
1011 4686 1072 4741 et
1100 4679 1243 4740 ideo
1276 4679 1341 4738 in
1380 4695 1521 4738 eam
1548 4681 1687 4736 tan-

154 4784 319 4843 quam
348 4772 411 4831 in
438 4774 717 4835 radicem
753 4774 1103 4855 proximam
1140 4774 1277 4834 haec
1306 4772 1686 4833 determina-

156 4859 227 4921 tio
254 4872 591 4939 revocatur,
628 4868 913 4947 quamvis
940 4886 1081 4929 eam
1119 4885 1249 4928 non
1278 4866 1505 4927 efficiat
1550 4864 1685 4925 sine

158 4971 436 5019 concursu
472 4961 689 5041 primae
736 4978 961 5035 causae,
1004 4978 1123 5023 nec
1163 4959 1543 5039 simpliciter,
1576 4972 1688 5017 ne-

160 5050 347 5125 quein
382 5053 593 5132 aliquo
634 5055 813 5134 signo
840 5059 1105 5129 naturae,
1134 5053 1237 5115 vel
1264 5053 1452 5115 etiam
1497 5051 1689 5111 ratio-

159 5142 259 5215 nis,
303 5152 365 5205 ut
394 5165 557 5226 soepe
600 5147 834 5210 dictum
875 5153 991 5208 est.

160 5290 471 5373 Improprie
507 5298 574 5361 dc·
580 5298 741 5363 citur
786 5317 975 5362 causa
1022 5298 1285 5361 secunda
1323 5298 1581 5377 influere
1618 5294 1687 5357 in

190 5401 385 5463 yenere
406 5406 605 5452 causoe
630 5392 965 5457 materialis
992 5392 1175 5475 prius
1209 5409 1393 5473 quam
1412 5391 1640 5473 prima.

228 5520 281 5576 7.
326 5518 412 5580 Ex
465 5522 691 5601 quibus
744 5524 945 5587 obiter
996 5524 1359 5606 intelligitur
1393 5540 1688 5602 quaenam

3235 379 3314 440 79

1749 477 1976 536 harum
2041 495 2375 538 causarum
2421 477 2682 539 dicenda
2742 478 2820 537 sit
2865 479 3036 557 prius
3088 489 3314 544 natura

1751 569 2012 631 influere
2062 571 2126 631 in
2177 572 2371 633 talem
2424 578 2632 632 actum
2687 591 2800 632 seu
2847 573 3315 638 determinatio-

1748 681 1927 737 nem3
1959 664 2322 742 frequenter
2357 665 2526 725 enim
2549 665 2669 726 dici
2709 666 2867 726 solet
2893 685 3082 727 causa
3115 671 3316 747 prima

1750 756 1923 834 prius
1979 764 2204 818 natura
2247 757 2510 818 influere
2553 757 2618 818 in
2671 777 2902 836 genere
2963 761 3309 834 efficientiS‚

1749 867 2006 910 causam
2036 869 2187 911 vero
2218 850 2560 910 secundam
2591 850 2962 912 antecedere
2985 852 3050 913 in
3079 872 3314 932 genere

1751 961 1955 1004 causae
1981 944 2346 1017 materialis,
2375 945 2546 1022 quia,
2569 950 2638 1004 ut
2658 944 2806 1019 dixi,
2837 944 2902 1004 in
2931 946 3050 1006 hoc
3081 965 3314 1024 genere

1752 1037 2012 1097 actionis
2047 1055 2158 1097 seu
2193 1055 2534 1098 concursus
2561 1056 2690 1097 non
2719 1038 3150 1102 consideratur
3173 1061 3316 1103 cau-

1750 1145 1817 1188 sa
1866 1128 2067 1207 prima
2111 1134 2181 1189 ut
2229 1130 2498 1191 influens
2547 1130 2781 1210 aliquid
2823 1132 2889 1191 in
2945 1133 3312 1208 secundam,

1750 1221 1920 1299 quod
1960 1221 2040 1281 ab
2077 1222 2205 1295 illa,
2238 1227 2308 1282 ut
2335 1241 2372 1282 a
2404 1224 2665 1284 materia
2706 1223 2868 1285 circa
2909 1244 3098 1305 quam
3155 1228 3314 1288 actio

1747 1319 2054 1388 versatur,
2103 1314 2688 1377 determinationem
2727 1319 3022 1396 recipiat;
3071 1321 3183 1381 scd
3221 1340 3317 1381 so-

1751 1407 1882 1467 lum
1914 1408 2296 1470 considerari
2327 1409 2514 1471 debet
2541 1417 2610 1471 ut
2641 1410 2910 1473 influens
2931 1431 3076 1473 cum
3101 1413 3205 1474 illa
3236 1413 3318 1474 ad

1754 1501 2043 1562 eamdem
2086 1503 2417 1576 actionem,
2453 1504 2518 1564 in
2565 1521 2690 1582 quo
2727 1523 2956 1585 genere
2988 1525 3177 1568 causa
3219 1525 3320 1568 se-

1752 1594 1958 1654 cunda
1999 1601 2092 1655 est
2137 1595 2344 1654 minus
2395 1597 2752 1675 principalis
2805 1604 2868 1660 et
2913 1599 3317 1662 subordinata

1752 1688 1994 1766 primae,
2027 1693 2088 1748 et
2119 1706 2195 1746 ex
2229 1707 2342 1748 sua
2373 1689 2842 1768 imperfectione
2882 1698 2944 1753 et
2973 1693 3318 1773 indigentia

1750 1781 2076 1860 postulans
2113 1782 2248 1859 ejus
2277 1781 2658 1860 adjutorium
2681 1803 2696 1856 ς
2723 1789 2786 1843 et
2814 1784 3022 1863 quoad
3053 1787 3170 1846 boc
3195 1786 3318 1846 dici

1753 1878 1958 1952 potest
1999 1874 2347 1935 secundum
2391 1875 2804 1936 imitationem
2847 1877 2947 1938 vel
2989 1878 3318 1957 imperfec-

1754 1965 1990 2026 tionem
2019 1985 2210 2028 causa
2240 1967 2516 2028 secunda
2555 1987 2623 2030 se
2653 1969 2887 2032 habere
2933 1971 3014 2030 ad
3059 1972 3318 2032 modum

1754 2059 2117 2122 materialis.
2153 2060 2406 2139 Proprie
2447 2079 2599 2140 ergo
2647 2061 2960 2124 concurrit
2992 2081 3182 2124 causa
3227 2083 3320 2124 se-

1756 2151 1961 2213 cunda
2010 2155 2078 2213 ut
2123 2171 2434 2214 concausa
2472 2153 2750 2216 efficiens
2777 2155 3090 2218 inferioris
3131 2175 3322 2236 gene-

1752 2248 1873 2318 ris;
1929 2246 2132 2325 prima
2180 2265 2330 2308 vero
2372 2239 2882 2309 concurrit'cum
2921 2251 3196 2310 secunda
3252 2255 3320 2311 ut

1758 2339 2046 2417 superior
2085 2347 2148 2400 et
2176 2339 2483 2419 adjuvans
2514 2341 2706 2402 illam.
2737 2341 2999 2417 Deinde,
3031 2343 3200 2421 quod
3228 2357 3323 2405 at·-

1756 2431 1914 2492 tinet
1965 2431 2048 2492 ad
2095 2432 2378 2494 ordinem
2433 2433 2658 2512 prioris
2713 2440 2776 2496 et
2819 2436 3218 2514 posterioris,
3269 2439 3319 2498 si

1758 2525 2048 2604 prioritas
2079 2531 2317 2586 naturae
2347 2532 2634 2587 sumatur
2674 2529 2924 2606 proprie
2971 2530 3320 2590 secundum

1760 2617 2209 2690 causalitatem,
2255 2619 2376 2680 boc
2415 2619 2604 2680 modo
2653 2626 2878 2680 neutra
2915 2621 3139 2682 barum
3179 2641 3324 2683 cau-

1760 2731 1972 2772 sarum
1997 2713 2170 2791 prius
2190 2729 2380 2791 quam
2403 2713 2525 2774 alia
2555 2714 2784 2786 influit;
2809 2715 2956 2792 quia
2978 2721 3201 2777 neutra
3228 2716 3322 2776 in-

1760 2807 1897 2867 fluit
1933 2807 1998 2866 in
2036 2805 2245 2878 aliam,
2291 2805 2402 2866 sed
2441 2811 2706 2886 utraque
2755 2808 2820 2868 in
2869 2809 3179 2883 effectum,
3220 2811 3320 2872 vel

1762 2900 2095 2971 actionem,
2137 2904 2200 2959 et
2239 2903 2462 2960 neutra
2489 2900 2762 2980 applicat
2785 2901 2998 2974 aliam,
3029 2908 3138 2963 aut
3177 2903 3323 2964 facit

1760 2991 1934 3052 illam
1967 2992 2178 3052 facere
2213 3009 2291 3052 ex
2321 2989 2382 3050 vi
2409 2992 2595 3072 hujus
2623 3011 2988 3056 concursus

1843 3085 2044 3149 Causa
2067 3086 2276 3167 prim
2311 3101 2432 3147 non
2471 3085 2766 3151 antecedit
2801 3088 3122 3151 secundam
3153 3089 3326 3167 prio-

1758 3178 1944 3243 ritate
1999 3180 2385 3244 causalitatis
2406 3225 2421 3254 ,
2475 3181 2583 3243 sed
2632 3180 2780 3243 aliis
2833 3182 3194 3244 rationibus.
3243 3214 3323 3228 —

1760 3273 1913 3334 Aliis
1947 3290 2097 3333 vero
2135 3274 2478 3335 rationibus
2510 3279 2715 3353 potest
2752 3292 2940 3335 causa
2978 3274 3180 3354 prima
3211 3294 3325 3336 an-

1757 3365 2048 3427 tecedere
2077 3366 2142 3425 in
2164 3366 2504 3439 causand0,
2539 3372 2850 3445 quatenus
2871 3368 2977 3427 dat
2998 3373 3056 3429 et
3078 3386 3326 3429 conser-

1758 3465 1863 3519 vat
1890 3476 2029 3519 esse
2059 3477 2264 3519 causae
2296 3459 2586 3520 secundae
2609 3504 2626 3533 ,
2677 3465 2737 3521 et
2765 3466 3075 3539 quatenus
3105 3476 3326 3521 omnes

1760 3553 1915 3614 alias
1949 3552 2362 3627 conditiones,
2407 3554 2506 3615 vel
2544 3554 3013 3633 applicatione8‚
3061 3560 3169 3615 aut
3197 3573 3328 3615 mo-

1762 3648 1966 3706 tiones
1991 3664 2130 3724 quae
2157 3646 2240 3705 ad
2267 3646 2438 3707 illam
2460 3646 2772 3707 actionem
2802 3646 3203 3723 antecedunt,
3239 3647 3329 3708 ef·-

1761 3739 1909 3799 ficit.
1941 3739 2260 3817 Sumendo
2289 3744 2502 3800 autem
2530 3738 2916 3818 prioritatem
2941 3746 3178 3802 naturae
3209 3740 3327 3801 sub

1762 3834 1899 3894 aliis
1920 3834 2266 3894 rationibus
2293 3880 2310 3907 ,
2361 3834 2450 3895 sic
2480 3833 2705 3895 dicitur
2737 3852 2926 3895 causa
2955 3836 3156 3914 prima
3185 3836 3327 3897 sim-

1763 3928 2004 4008 pliciter
2025 3927 2198 4006 prius
2217 3930 2440 3988 natura
2467 3929 2867 4002 antecedere,
2899 3931 3049 4008 quia
3075 3935 3138 3991 et
3163 3946 3327 4009 prae-
3367 3946 3374 3951 ·

1765 4022 2129 4083 stantiorem
2157 4020 2412 4082 adhibet
2444 4040 2840 4096 concursum,
2873 4029 2935 4084 et
2965 4042 3043 4085 ex
3070 4041 3184 4085 suo
3215 4042 3327 4103 ge·-

1762 4134 1914 4175 nere
1971 4113 2400 4194 independens
2446 4120 2538 4175 est
2593 4116 2920 4195 magisque
2966 4116 3324 4177 necessaria

1764 4225 1972 4269 causa.
2003 4208 2180 4270 Unde
2217 4226 2345 4268 non
2373 4209 2751 4269 convertitur
2779 4208 3156 4270 subsistendi
3182 4228 3328 4269 con-

1763 4301 2088 4379 sequentia
2122 4318 2266 4360 eum
2305 4314 2492 4361 causa
2538 4302 2846 4375 secunda;
2893 4304 3063 4381 quia,
3101 4304 3148 4365 si
3191 4304 3328 4364 haec

1764 4395 1925 4473 agit,
1975 4393 2146 4453 illam
2175 4394 2366 4455 etiam
2397 4412 2586 4474 agere
2613 4412 2872 4456 necesse
2901 4402 3035 4469 est3
3075 4415 3202 4458 non
3235 4404 3328 4458 ta-

1764 4506 1913 4549 men
1943 4506 1978 4548 e
2011 4506 2309 4548 converso
2329 4534 2344 4561 ,
2376 4488 2440 4547 in
2467 4490 2784 4549 communi
2807 4490 3156 4569 loquendo,
3184 4492 3329 4553 lieet

1764 4582 1828 4640 in
1868 4581 1974 4641 tali
2007 4580 2196 4641 modo
2229 4581 2488 4641 actionis
2531 4587 2752 4642 neutra
2795 4584 2992 4661 possit
3032 4584 3166 4645 sine
3206 4584 3328 4645 alia

1766 4692 1978 4753 agere.
2024 4675 2225 4735 Causa
2261 4692 2412 4735 vero
2445 4675 2722 4735 secunda
2746 4719 2763 4749 ,
2796 4676 2942 4737 licet
2969 4677 3330 4755 simpliciter

1766 4769 1845 4828 sit
1871 4768 1992 4829 hoc
2018 4767 2206 4827 modo
2233 4768 2544 4845 posterior
2568 4774 2812 4846 natura,
2857 4775 3089 4845 tamen,
3133 4788 3330 4849 quan-

1764 4868 1897 4921 tum
1949 4861 2032 4921 ad
2078 4861 2662 4922 determinationem
2707 4865 2990 4937 actioniS,
3037 4870 3132 4926 est
3178 4882 3330 4944 quo-

1768 4954 2106 5017 dammodo
2137 4954 2337 5033 prima
2362 4954 2574 5029 radix;
2615 4962 2676 5017 et
2699 4956 2818 5018 boc
2847 4958 3196 5038 significare
3225 4978 3331 5019 vo-

1768 5050 2056 5121 luerunt,
2100 5048 2206 5127 qui
2235 5066 2378 5109 eam
2405 5049 2468 5109 in
2500 5066 2730 5129 genere
2758 5070 2962 5113 causae
2989 5053 3330 5115 materIalis

1767 5144 1940 5222 prius
1971 5146 2197 5203 natura
2225 5160 2600 5204 concurrere
2631 5144 2940 5207 dixerunt.

1846 5238 1907 5298 8.
1959 5236 2242 5301 Solvitm·
2269 5242 2488 5318 quarta
2524 5238 2973 5318 obscene—Ad
3013 5248 3326 5321 quartum,

1766 5332 2160 5393 verissimum
2195 5338 2290 5393 est
2306 5328 2532 5405 Deum,
2565 5334 2884 5412 supposito
2915 5334 3166 5397 decreto
3199 5354 3328 5396 suae

1766 5424 2126 5497 voluntati5‚
2145 5440 2222 5485 ex
2242 5424 2516 5503 quadam
2544 5427 2914 5489 necessitate
2953 5446 3165 5507 agere,
3199 5448 3330 5491 non

1769 5520 1979 5579 minus
2013 5536 2204 5597 quam
2243 5518 2292 5578 si
2322 5536 2399 5579 ex
2425 5524 2649 5579 natura
2685 5538 2796 5580 sua
2825 5526 2886 5581 et
2900 5520 3136 5600 absque
3167 5540 3332 5603 proe-
