3850 6225
390 374 417 401 ⁸
485 388 602 452 308

478 496 887 559 minationem
913 495 1137 574 objecti
1170 514 1285 575 per
1308 496 1706 575 praesentiam
1740 497 2048 558 aeternita-

478 592 580 663 tis,
624 596 692 649 ut
729 588 888 649 tales
926 588 1202 649 rationes
1238 606 1453 649 rerum
1488 590 1571 651 ad
1610 589 1759 650 talia
1802 590 2048 669 objecta

478 682 993 743 determinentur.

559 777 619 837 8.
666 777 926 837 Ratione
980 776 1333 838 declaratur
1389 778 1742 851 conclusio,
1796 778 1997 857 primo
2023 822 2039 851 ,

480 870 625 949 quia
647 870 824 949 juxta
870 872 1179 933 veriorem
1219 873 1615 945 sententiam,
1648 871 1828 944 ideae,
1860 878 2046 951 prout

478 963 543 1023 in
571 964 701 1023 Deo
740 968 906 1038 sunt,
930 981 1060 1023 non
1098 971 1477 1025 concurrunt
1504 965 1585 1025 ad
1624 964 2043 1043 cognitionem

478 1062 909 1115 creaturarum
938 1074 1051 1134 per
1076 1056 1335 1116 modum
1362 1056 1589 1135 objecti
1616 1057 1902 1137 proximi,
1933 1058 2044 1119 sed

480 1166 593 1227 per
630 1148 889 1208 modum
917 1154 1093 1209 actus
1118 1148 1576 1223 intellectuaIiS,
1604 1168 1729 1229 quo
1757 1150 2046 1211 intentio-

480 1241 703 1301 naliter
746 1248 1273 1320 repraesentantur
1308 1249 1608 1303 creaturae
1648 1244 1823 1323 ipsae,
1872 1248 1943 1303 ut
1977 1245 2044 1303 in

480 1337 666 1394 citato
710 1335 847 1394 loco
890 1335 1332 1414 Metaphysicae
1367 1337 1742 1414 generaliter
1773 1335 2038 1397 ostendi.

480 1428 683 1498 Quare
728 1428 1057 1506 Cajetanus
1093 1428 1159 1488 in
1208 1446 1323 1489 suo
1370 1428 1779 1490 fundamento
1816 1428 2046 1490 falsum

476 1521 847 1601 principium
880 1521 1087 1581 sumit.
1130 1522 1452 1597 Secunde,
1488 1524 1633 1602 quia
1666 1523 1825 1583 ideae
1864 1542 1944 1583 ex
1975 1540 2042 1583 se

478 1622 542 1676 et
568 1632 645 1675 ex
672 1621 897 1675 natura
926 1633 1061 1685 sua,
1088 1615 1154 1675 id
1180 1624 1294 1690 est,
1324 1623 1635 1696 quatenus
1674 1617 1910 1677 habent
1937 1634 2044 1677 ne-

476 1708 815 1769 cessariam
856 1710 1497 1785 repraesentationem,
1532 1728 1657 1769 non
1698 1728 2043 1789 repraesen·

474 1809 613 1863 tant
630 1802 837 1861 futura
860 1803 1305 1880 contingentia,
1328 1810 1398 1864 ut
1421 1810 1587 1865 recte
1614 1803 1765 1865 dixit
1787 1805 2038 1875 Scotus;

478 1896 712 1975 alioqui
740 1896 843 1957 illa
870 1896 1080 1956 futura
1117 1898 1477 1976 simpliciter
1517 1905 1727 1959 essent
1754 1914 2042 1959 necessa-

476 1991 592 2063 ria,
626 1990 773 2069 quia
812 1989 1117 2051 haherent
1142 1992 1595 2051 connexionem
1634 2009 1776 2051 cum
1806 1991 2038 2070 alique,

476 2082 647 2160 quod
678 2102 757 2143 ex
780 2084 1151 2144 necessitate
1185 2084 1545 2162 simpliciter
1572 2086 1863 2146 com-enit
1883 2086 2039 2159 Deo,

476 2176 711 2237 scilicet
748 2194 892 2237 cum
936 2176 1130 2248 ideis;
1177 2195 1326 2257 ergo
1372 2176 1527 2238 ideas
1575 2196 1705 2237 non
1752 2196 2042 2239 necessa·-

476 2270 592 2343 ri0,
640 2270 752 2331 sed
795 2270 989 2329 libere
1027 2266 1522 2331 determinantur
1568 2271 1649 2331 ad
1696 2288 2045 2350 repraesen-

472 2364 667 2425 tanda
700 2366 831 2425 haec
859 2364 1097 2435 futura3
1146 2382 1295 2443 ergo
1333 2365 1489 2425 ratio
1520 2366 1708 2444 hujus
1749 2364 2045 2427 determi-

474 2458 745 2519 nationis
774 2476 901 2519 non
932 2463 1136 2537 potest
1172 2478 1249 2519 ex
1283 2459 1434 2538 ipsis
1476 2459 1633 2520 ideis
1678 2461 1863 2533 sumi,
1896 2460 2044 2539 quia

474 2554 539 2613 in
580 2554 671 2613 eis
698 2558 769 2613 ut
796 2553 884 2613 sic
914 2572 1043 2613 non
1072 2558 1166 2613 est
1207 2552 1484 2613 libertas.
1518 2555 1591 2613 Et
1628 2554 1759 2613 haec
1788 2558 1883 2615 est
1910 2554 2042 2613 fere

474 2653 603 2707 tota
621 2648 713 2707 vis
734 2653 1248 2725 argumentorum
1278 2648 1465 2707 Scoti.
1490 2646 1687 2718 Quam
1711 2649 2042 2727 cajetanus

474 2758 693 2801 revera
721 2759 847 2800 non
892 2741 1091 2811 solvit,
1124 2741 1230 2800 sed
1276 2740 1407 2799 fere
1456 2745 1651 2801 totum
1704 2741 1873 2819 quod
1904 2758 2043 2819 pro-

472 2832 659 2894 batur
701 2833 985 2893 admittit.
1020 2834 1121 2895 Ait
1154 2840 1391 2905 tamen,
1425 2834 1623 2912 posita
1665 2834 2044 2895 determina-

470 2927 642 2987 tione
692 2926 889 2987 libera
938 2926 1163 2986 divinae
1210 2926 1569 3000 voluntatiS,
1621 2927 1826 2987 statim
1866 2926 2042 2986 ideas

472 3017 873 3079 determinari
920 3017 1001 3077 ad
1054 3018 1559 3097 repraesentanda
1609 3019 1851 3093 futura,
1904 3036 2043 3096 quae

464 3113 602 3190 jam
630 3110 839 3172 futura
868 3117 1013 3172 sunt
1056 3131 1132 3173 ex
1173 3113 1232 3172 vi
1261 3111 1796 3173 determinationis
1821 3111 2043 3173 volun—

472 3205 637 3265 tatis,
664 3204 789 3266 Sed
810 3206 1116 3284 imprimis
1138 3223 1461 3284 nunquam
1487 3207 1558 3266 D.
1582 3207 1855 3266 Thomas
1878 3207 2041 3266 hanc

472 3297 685 3358 docuit
730 3297 1007 3358 radicem
1058 3298 1475 3378 cognoscendi
1529 3299 1594 3358 in
1650 3297 1781 3360 Deo
1832 3297 2040 3359 futura

472 3391 920 3470 contingentia.
952 3391 1129 3454 Unde
1159 3392 1368 3470 quoad
1395 3393 1515 3454 hoc
1548 3392 1838 3452 coincidit
1862 3393 2042 3470 Caje-

472 3491 659 3545 tanus
698 3503 845 3546 cum
874 3486 1166 3563 opinione
1196 3485 1359 3546 Secti
1400 3485 1559 3546 infra
1599 3485 1945 3560 tractanda,
1979 3489 2042 3546 et

472 3577 705 3656 patitur
734 3577 1127 3638 difficultates
1156 3596 1377 3639 omnes
1414 3596 1573 3657 quas
1608 3585 1823 3640 contra
1868 3579 2040 3638 illam

474 3671 862 3752 objiciemus.
912 3671 1171 3746 Deinde,
1223 3672 1275 3734 si
1325 3672 1406 3732 ad
1452 3673 2040 3735 determinationem

474 3763 699 3825 divinae
740 3765 1073 3826 voluntatis
1122 3783 1445 3826 recurrere
1477 3771 1741 3844 oportet,
1776 3785 1906 3826 non
1947 3771 2040 3826 est

472 3875 733 3919 necesse
760 3857 929 3918 aliud
954 3859 1327 3937 objectivum
1352 3859 1629 3920 medium
1659 3859 2032 3936 excogitare.

472 3951 631 4010 Nam
670 3951 1107 4012 determinatio
1141 3952 1365 4012 divinae
1408 3951 1743 4014 voluntatis
1770 3969 1897 4012 non
1939 3969 2040 4012 co-

471 4044 792 4122 gnoscitur
816 4044 881 4104 in
906 4043 1085 4116 ideis,
1122 4045 1327 4105 sedin
1360 4045 1527 4124 ipsa;
1562 4051 1626 4106 et
1658 4045 1763 4106 illa
1790 4046 2040 4124 cognita

472 4137 991 4198 determinabitur
1023 4139 1279 4200 scientia
1319 4139 1432 4200 Dei
1477 4138 1556 4199 ad
1600 4137 2040 4217 cognoscenda

471 4230 711 4304 futura;
781 4236 845 4292 et
910 4230 1134 4292 eodem
1200 4231 1391 4292 modo
1455 4230 2042 4292 determinahuntur

470 4323 650 4396 ideae,
704 4325 911 4403 potius
966 4341 1159 4402 quam
1205 4325 1341 4404 ipsa
1384 4323 1527 4385 idea
1575 4325 1652 4388 sit
1698 4326 1856 4386 ratio
1900 4326 2040 4387 talis

470 4415 1033 4477 determinationis
1084 4417 1281 4492 Addo,
1330 4417 1523 4479 etiam
1560 4419 1612 4478 si
1654 4419 2043 4498 concipiatur

473 4509 617 4569 idea
642 4527 755 4588 per
780 4509 1039 4570 modum
1065 4509 1353 4589 imaginis
1382 4511 1725 4590 objectivae,
1758 4518 1819 4572 et
1844 4512 2041 4573 seclu—

472 4619 541 4662 sa
574 4602 793 4681 judicii
836 4603 1375 4676 determinatione,
1418 4605 1521 4664 vix
1566 4605 1809 4684 concipi
1855 4623 2038 4684 posse

472 4697 641 4775 quod
666 4716 743 4757 ex
771 4697 904 4757 sola
932 4697 1273 4770 voluntate,
1306 4715 1447 4776 quae
1478 4698 1825 4758 secundum
1849 4700 2041 4760 ratio-

470 4809 620 4850 nem
650 4792 999 4852 extrinseca
1029 4797 1143 4862 est,
1175 4791 1625 4853 determinetur
1649 4793 1813 4866 idea,
1848 4799 1917 4853 ut
1947 4800 2042 4855 est

470 4885 703 4966 image,
747 4886 831 4946 ad
871 4886 989 4946 hoc
1032 4887 1237 4964 potius
1265 4905 1455 4965 quam
1494 4886 1577 4947 ad
1618 4887 1771 4948 illud
1814 4905 2040 4966 reprae-

470 4979 885 5053 sentandum;
916 4981 1063 5058 quia
1094 4981 1212 5040 hoc
1256 4999 1383 5040 non
1430 4981 1609 5042 aliter
1652 4981 1787 5043 fieri
1833 4987 2039 5061 potest

470 5091 663 5152 quam
692 5073 1127 5152 cognoscendo
1154 5073 1346 5134 talem
1371 5073 1775 5150 voluntatem,
1802 5081 1864 5137 et
1894 5094 2038 5136 con-

470 5173 809 5247 sequenter
863 5166 1299 5245 cognoscendo
1360 5185 1437 5226 ex
1488 5167 1594 5226 illa
1654 5168 1775 5228 hoc
1830 5168 2036 5247 potius

472 5277 663 5340 quam
689 5260 842 5320 illud
864 5259 1165 5319 futurum.
1194 5260 1341 5320 Haec
1364 5277 1515 5338 ergo
1546 5259 1853 5320 sententia
1876 5261 2037 5321 diffl-

470 5355 771 5415 cultatem
820 5360 879 5413 et
922 5353 1367 5414 obscuritatem
1408 5352 1621 5426 habet,
1659 5359 1721 5414 et
1754 5373 1883 5414 non
1929 5354 2040 5414 de-

468 5448 665 5509 clarat
693 5446 861 5507 aliud
888 5445 1161 5508 medium
1183 5444 1405 5506 divinoe
1430 5446 1617 5524 hujus
1642 5445 2034 5523 cognitionis,

466 5549 697 5624 praeter
722 5541 997 5602 divinam
1024 5539 1431 5615 voluntatem,
1461 5538 1539 5599 de
1570 5556 1695 5617 qua
1728 5539 1956 5599 statim.

983 392 1194 448 OPUSC.
1230 397 1292 457 11,
1329 394 1444 449 Lm.
1483 394 1519 448 Ι.
1557 396 1637 447 m:
1670 394 1993 447 ABSOLUTA
2025 389 2311 448 SCOENTIA
2343 394 2648 449 Furcnon.
2685 392 3205 447 commulatum.

2731 630 2980 691 CAPUT
3023 630 3093 688 V.

2122 862 2286 909 Imm!
2325 861 2438 907 NON
2465 859 2828 907 coenosum
2853 859 2984 905 HEC
3009 856 3246 903 PUTURA
3273 856 3336 902 m
3375 856 3514 901 sou
3557 856 3686 901 sm

2525 954 2802 1001 SCOENTIAE
2842 952 3289 999 Errlcaclra‘rn.

2212 1158 2268 1215 1.
2293 1154 2672 1235 Emplicatur
2691 1151 2990 1215 sententia
3009 1148 3690 1229 affirmatam—Invenio

2125 1248 2432 1328 quosdam
2460 1264 2658 1306 novos
2679 1244 3049 1322 TheologoS‚
3081 1248 3438 1303 asserentes
3465 1243 3688 1311 Deum,

2127 1358 2240 1403 sua
2279 1339 2538 1401 scientia
2569 1344 2632 1399 et
2656 1338 2934 1397 efficacia
2961 1337 3116 1414 ejuS‚
3142 1341 3212 1395 ut
3241 1334 3555 1396 antecedit
3583 1353 3694 1393 vo-

2124 1435 2428 1495 luntatem
2472 1431 2606 1504 Dei,
2651 1431 3068 1491 determinare
3107 1436 3170 1490 et
3207 1430 3459 1489 efficere
3506 1434 3578 1491 ut
3617 1448 3692 1488 ex

2127 1527 2448 1589 effectibus
2493 1524 2998 1603 contingentibus
3033 1523 3530 1584 contradictoriis
3573 1524 3694 1583 hoc

2125 1622 2330 1700 potius
2373 1637 2564 1698 quam
2591 1616 2746 1678 illud
2781 1617 3062 1677 futurum
3103 1616 3202 1687 sit,
3251 1623 3316 1678 et
3353 1617 3476 1677 hoc
3505 1616 3692 1676 modo

2126 1721 2314 1793 atque
2343 1714 2461 1773 hac
2495 1712 2736 1772 ratione
2781 1726 3162 1789 cognoscere
3191 1709 3347 1769 illud
3387 1709 3562 1788 quod
3605 1708 3696 1769 fu-

2125 1814 2337 1869 turum
2367 1811 2483 1877 est,
2515 1804 2663 1884 quia
2689 1804 2837 1864 facit
2870 1808 2938 1863 ut
2965 1803 3118 1862 illud
3145 1803 3430 1863 futurum
3461 1802 3562 1862 sit.
3607 1804 3692 1861 Ita

2126 1900 2338 1961 docuit
2365 1899 2586 1971 Palat.‚
2611 1898 2674 1957 in
2709 1901 2768 1970 ¹,
2795 1896 3064 1957 distinct.
3094 1898 3193 1969 38,
3227 1903 3456 1975 quaest.
3485 1899 3548 1965 2,
3575 1896 3694 1956 dis-

2123 1999 2255 2074 put.
2287 1996 2350 2068 2,
2383 1991 2532 2053 dub.
2565 1991 2830 2071 penult..
2867 1991 2970 2051 ubi
3000 1989 3286 2051 distincte
3321 1990 3596 2068 explicat
3629 2008 3691 2051 se

2123 2088 2294 2168 loqui
2324 2087 2403 2147 de
2433 2086 2691 2146 scientia
2727 2084 2982 2145 visionis
3011 2089 3080 2144 ut
3107 2083 3217 2156 sic,
3251 2088 3316 2144 et
3349 2084 3696 2143 vehemen-

2125 2189 2220 2245 ter
2271 2181 2598 2261 impugnat
2645 2178 3006 2258 opinionem
3043 2178 3230 2250 Scoti,
3279 2176 3552 2238 dicentis
3597 2195 3696 2237 vo-

2123 2277 2430 2337 luntatem
2459 2272 2732 2333 divinam
2757 2270 3178 2331 determinare
3201 2271 3478 2331 divinam
3503 2272 3696 2331 scien·

2125 2370 2273 2429 tiam
2301 2367 2380 2427 ad
2400 2364 2814 2445 judicandum
2841 2365 2962 2425 hoc
2989 2382 3128 2425 esse
3155 2364 3464 2433 futurum,
3491 2366 3694 2443 potius

2125 2478 2316 2541 quam
2359 2458 2532 2519 illud.
2578 2460 2652 2518 Et
2679 2457 2838 2517 ratio
2872 2458 3008 2535 ejus
3053 2476 3183 2517 non
3221 2457 3530 2517 fundatur
3563 2477 3691 2536 spe-

2125 2553 2364 2615 cialiter
2389 2552 2454 2612 in
2480 2550 2820 2623 voluntate,
2851 2550 2964 2610 sed
3003 2551 3148 2628 quia
3180 2550 3568 2629 generaliter
3589 2569 3694 2629 pu-

2123 2652 2214 2707 tat
2243 2663 2378 2706 esse
2409 2662 2668 2723 gravem
2691 2661 2966 2703 errorem
2989 2662 3226 2721 ponere
3251 2644 3494 2722 aliquid
3523 2652 3690 2703 extra

2121 2739 2398 2799 divinam
2432 2737 2778 2809 scientiam,
2820 2735 3245 2797 determinans
3288 2736 3484 2811 illam,
3517 2738 3688 2815 quasi

2121 2834 2257 2912 ipsa
2291 2832 2352 2891 in
2383 2850 2450 2891 se
2477 2830 2840 2891 indifferens
2867 2830 2968 2901 sit,
2999 2835 3060 2889 et
3085 2830 3364 2908 indigeat
3395 2830 3690 2891 determi-

2121 2932 2312 2987 nante
2335 2971 2348 2997 ‚
2378 2926 2508 2985 sive
2550 2925 2666 2984 hoc
2709 2924 2787 2983 sit
2814 2922 3102 2983 voluntas
3141 2922 3444 2995 Dei,·sive
3481 2924 3692 3002 objec—

2123 3026 2256 3079 tum
2287 3017 2490 3097 ipsum
2539 3024 2608 3077 ut
2652 3015 2954 3076 futurum.
2999 3014 3176 3077 Unde
3232 3016 3464 3077 eodem
3503 3017 3688 3079 modo

2123 3113 2378 3173 damnat
2417 3110 2667 3184 erroriS,
2715 3110 2948 3185 dicere,
2987 3109 3312 3170 scientiam
3343 3111 3458 3172 Dei
3485 3111 3690 3172 deter-

2121 3206 2348 3265 minari
2393 3224 2430 3265 a
2483 3205 2673 3265 rebus
2703 3203 2870 3282 ipsis,
2918 3203 3064 3282 quia
3111 3203 3540 3266 indifferentia
3571 3206 3686 3283 (in-

2123 3299 2290 3378 quit)
2323 3299 2493 3358 nulla
2523 3305 2618 3358 cst
2658 3297 2826 3376 apud
2875 3298 3096 3370 Deum,
3130 3297 3237 3374 qui
3297 3299 3513 3360 omnia
3557 3299 3695 3358 lim-

2121 3392 2438 3472 pidissime
2469 3392 2662 3463 novit,
2697 3397 2760 3451 et
2791 3390 2954 3450 actui
2991 3389 3329 3468 purissimo
3365 3393 3584 3452 omnis
3613 3393 3694 3452 in-

2121 3487 2470 3547 differentia
2503 3491 2832 3565 repugnat.

2199 3582 2260 3641 2.
2307 3579 2498 3642 Illius
2525 3580 2828 3660 opinionis
2848 3579 3696 3654 fundamentum—Funda-

2121 3680 2223 3734 tur
2247 3672 2559 3752 praecipue
2591 3672 2707 3732 hac
2743 3671 3008 3744 ratione,
3039 3672 3188 3750 quia
3236 3671 3448 3732 divina
3487 3673 3695 3734 scien·-

2120 3767 2206 3827 tia
2235 3771 2330 3826 est
2363 3782 2553 3825 causa
2587 3763 2978 3836 futurorum;
3015 3783 3166 3844 ergo
3205 3783 3284 3825 ex
3315 3783 3382 3826 se
3415 3771 3478 3826 et
3525 3785 3612 3826 ex
3639 3767 3692 3824 ri

2121 3878 2251 3920 suae
2301 3856 2680 3920 causalitatis
2717 3858 2832 3918 scit
2872 3857 3000 3918 illa.
3036 3858 3434 3919 Antecedens
3457 3859 3696 3936 colligit

2121 3955 2322 4033 primo
2365 3971 2444 4014 ex
2469 3951 2658 4013 variis
2695 3951 2846 4011 locis
2892 3951 3246 4030 Augustini,
3293 3951 3568 4012 dicentis
3599 3971 3696 4012 res

2119 4047 2362 4107 futuras
2387 4063 2548 4117 esse,
2577 4045 2725 4124 quia
2750 4045 2917 4104 Deus
2955 4044 3070 4104 scit
3115 4044 3252 4104 illas
3271 4089 3286 4116 ‚
3322 4061 3454 4106 non
3477 4063 3516 4105 e
3545 4065 3696 4106 con·

2119 4157 2322 4200 verso,
2355 4141 2448 4200 Ita
2495 4138 2769 4217 loquitur
2805 4137 2914 4198 lib.
2943 4138 2983 4197 6
3011 4137 3090 4196 de
3119 4137 3362 4212 Trinit.‚
3395 4157 3537 4218 cap.
3595 4143 3692 4208 10,

2123 4240 2184 4294 et
2221 4233 2327 4294 lib.
2363 4236 2463 4306 15,
2497 4252 2633 4312 cap.
2669 4233 2766 4306 13,
2800 4233 2864 4292 et
2889 4231 2998 4291 lib.
3039 4232 3077 4291 5
3103 4231 3182 4292 de
3215 4232 3420 4304 civit„
3453 4251 3604 4311 cap.
3635 4237 3692 4295 9.

2121 4329 2404 4405 Eumque
2435 4327 2714 4388 imitatur
2753 4325 3115 4404 Gregoriu5‚
3155 4325 3236 4384 20
3263 4325 3511 4399 Moral.,
3547 4345 3691 4406 cap.

2121 4423 2239 4494 ΞΜ
2283 4421 2470 4481 sentit
2519 4419 2708 4480 etiam
2739 4419 2813 4478 D.
2843 4418 3139 4488 ThomaS,
3167 4421 3194 4478 l
3231 4424 3422 4495 part„
3457 4429 3688 4497 qua-st.

2123 4517 2222 4588 Μ,
2253 4516 2426 4575 artic.
2457 4515 2519 4586 8,
2559 4513 2634 4572 ad
2671 4515 2727 4584 i,
2757 4517 2816 4572 et
2843 4511 3017 4572 artic.
3060 4513 3134 4572 13
3163 4511 3246 4571 ad
3278 4515 3303 4572 l
3335 4530 3352 4582 3
3381 4518 3446 4571 et
3469 4512 3696 4573 Alber-

2119 4619 2244 4680 ωε,
2269 4610 2329 4682 3,
2361 4607 2631 4667 distinct.
2665 4607 2762 4678 38,
2795 4603 2968 4664 artic.
3014 4603 3076 4676 3,
3100 4608 3163 4664 et
3189 4603 3364 4664 multi
3399 4603 3692 4664 moderni

2119 4700 2422 4776 Theologi
2457 4699 2544 4759 ita
2571 4698 2932 4776 loquuntur.
2969 4695 3126 4766 Quia
3155 4714 3256 4756 res
3291 4696 3516 4757 futurae
3559 4716 3694 4757 non

2119 4797 2381 4871 possunt
2407 4809 2544 4851 esse
2575 4808 2763 4851 causa
2793 4788 3062 4852 scientioe
3091 4789 3340 4861 divinae,
3379 4807 3525 4850 cum
3555 4791 3692 4850 haec

2121 4887 2199 4946 sit
2243 4892 2476 4946 oeterna
2527 4889 2591 4946 et
2631 4901 2818 4962 supra
2875 4901 3130 4942 omnem
3185 4901 3483 4954 causam:
3531 4902 3690 4963 ergo

2121 4979 2376 5040 scientia
2405 4979 2542 5058 ipsa
2569 4985 2664 5039 est
2691 4995 2882 5038 causa
2915 4977 2996 5037 ob
3041 4994 3232 5055 quam
3268 4993 3374 5038 res
3403 4984 3552 5038 sunt
3599 4978 3690 5036 fu-

2116 5078 2314 5148 turae3
2359 5073 2505 5150 quia
2551 5087 2814 5132 necesse
2871 5074 2968 5130 est
3022 5076 3090 5128 ut
3141 5071 3218 5130 sit
3253 5071 3483 5149 aliquis
3533 5071 3688 5131 ordo

2119 5166 2495 5227 causalitatis
2529 5167 2689 5226 inter
2715 5163 2818 5224 illa
2841 5163 2988 5224 duo.
3015 5163 3434 5225 Confirmatur
3459 5165 3685 5244 primo.

2120 5259 2266 5339 quia
2294 5259 2501 5320 divina
2549 5259 2810 5320 scientia
2865 5263 2963 5318 est
3005 5275 3196 5318 causa
3241 5258 3683 5336 praesentium;

2119 5371 2270 5433 ergo
2301 5357 2362 5413 et
2415 5351 2764 5413 futurorum
2785 5399 2800 5424 ,
2849 5351 2995 5431 quia
3027 5350 3317 5412 eamdem
3361 5351 3687 5412 causalita-

2116 5452 2244 5507 tem
2281 5463 2531 5524 semper
2557 5445 2767 5506 habet.
2801 5443 3196 5505 Antecedens
3225 5443 3454 5521 prohat
3479 5461 3558 5504 ex
3588 5443 3688 5503 Al-

2115 5539 2318 5612 berto,
2343 5537 2500 5598 libro
2528 5537 2604 5598 de
2619 5537 3020 5598 Processione
3039 5535 3490 5614 universitatis,
3509 5541 3680 5596 tract.
