3850 6225
545 385 660 449 372

1051 391 1262 447 OPUSC.
1301 392 1366 459 11,
1397 396 1513 449 Lm.
1551 392 1612 450 11.
1649 392 1728 449 DE
1761 390 2045 450 SClENTlA
2078 388 2539 452 cortol‘rloNATA
2572 392 2796 452 FUTUR.
2832 392 3238 453 commcnx‘r.

551 501 1044 573 praesupponunt
1070 496 1422 557 naturalem
1457 498 1929 576 dispositionem
1957 496 2113 557 divi·
2190 498 2550 573 dictionem,
2586 505 2650 559 et
2700 498 3071 579 particulam
3114 499 3399 574 she-sitan,
3440 519 3555 561 non
3584 520 3691 564 esse

541 606 640 648 nae
667 587 963 663 scientias,
985 589 1339 662 voluntatiS,
1359 590 1654 651 honitatis
1689 597 1750 651 et
1778 590 2105 670 potentiae3

542 697 937 759 consequens
979 688 1188 743 autem
1229 682 1472 744 videtur
1509 682 1760 757 falsum,
1797 689 1931 745 tum
1962 683 2109 764 quia

541 774 632 834 rei
675 781 926 835 aeternae
967 776 1215 837 videtur
1243 794 1598 855 repugnare
1628 776 1730 836 illa
1759 777 2107 838 antecessio

535 866 724 928 futuri
753 888 768 939 ;
804 874 934 929 tum
969 868 1155 929 etiam
1191 869 1336 947 quia
1365 870 1519 929 alias
1557 870 1617 929 in
1661 869 1764 930 illo
1791 870 1973 947 signo
1998 889 2107 929 an·

539 965 599 1020 te
647 961 888 1021 actuale
937 960 1261 1021 decretum
1303 981 1430 1023 suae
1457 963 1814 1037 voluntatis,
1833 964 2105 1025 haberet

535 1054 700 1114 Deus
731 1053 1052 1113 scientiam
1084 1053 1162 1114 de
1206 1054 1532 1116 effectibus
1567 1056 1790 1117 futuris
1819 1074 1856 1117 a
1881 1056 2105 1117 volun-

535 1152 661 1206 tate
701 1152 932 1219 creata,
973 1164 1102 1206 non
1150 1152 1392 1209 tantum
1437 1148 1946 1224 conditionatum,
1994 1150 2108 1211 sed

537 1239 913 1312 absolutam,
939 1239 1038 1299 vel
1067 1239 1354 1313 visionis;
1387 1247 1520 1301 tum
1549 1242 1820 1322 denique
1851 1249 2107 1323 propter

534 1331 688 1393 illud
721 1332 1188 1405 inconveniens„
1227 1334 1372 1412 quia
1404 1334 1812 1415 impediretur
1849 1334 2105 1395 libertas

530 1427 646 1487 Dei
674 1473 689 1500 ,
717 1445 866 1487 nam
893 1426 1097 1505 posita
1123 1426 1228 1487 illa
1254 1428 1533 1503 scientia,
1555 1429 1688 1508 jam
1715 1448 1844 1491 non
1867 1429 2105 1507 potuis-

531 1527 627 1581 set
651 1521 820 1581 Deus
855 1538 983 1580 non
1013 1519 1246 1582 habere
1279 1521 1382 1582 illa
1413 1522 1688 1597 decreta,
1715 1522 1873 1583 sicut
1901 1522 2104 1583 solent

529 1614 742 1675 dicere
774 1616 1007 1688 Sancti,
1040 1617 1394 1678 Luciferum
1420 1616 1520 1677 vel
1551 1616 1750 1677 Adam
1789 1633 1918 1676 non
1947 1632 2104 1694 prae-

531 1708 784 1769 seivisse
813 1726 996 1769 suum
1025 1710 1294 1789 lapsum,
1333 1710 1503 1789 quia,
1537 1709 1586 1769 si
1621 1709 2096 1788 praescivissent,

529 1819 658 1862 non
687 1802 1038 1879 potuissent
1075 1822 1202 1863 non
1234 1803 1482 1877 cadere,
1513 1808 1578 1863 ut
1614 1802 1826 1863 videre
1853 1802 1999 1863 licet
2036 1801 2103 1861 in

531 1896 852 1969 AnselmO,
898 1894 976 1957 de
1005 1896 1167 1959 Casu
1209 1896 1405 1970 diab.‚
1442 1915 1496 1957 c.
1525 1898 1594 1957 21
1622 1915 1639 1968 ;
1667 1896 1959 1969 Eusebio,
1986 1894 2027 1955 l.
2062 1894 2102 1955 6

529 1988 608 2051 de
639 1989 972 2067 Praeparat.
1009 1990 1336 2069 Evangel.,
1373 1990 1556 2067 capit.
1585 1990 1656 2061 93
1679 1987 2095 2061 Theodoreto,

527 2080 594 2141 in
626 2082 692 2141 id
719 2084 953 2143 Jerem.
983 2082 1100 2143 26:
1135 2081 1236 2147 Ne
1263 2086 1506 2161 auferas
1551 2082 1821 2155 Verbum,
1839 2085 2100 2161 sanasse

527 2175 792 2238 audient.

1065 2295 1223 2362 Vera
1249 2296 1568 2359 sententia.

621 2460 679 2521 5.
727 2458 1094 2523 Declaratur
1128 2464 1186 2522 et
1228 2458 1525 2541 probatur
1579 2458 1648 2519 in
1695 2457 1792 2521 Itis
1840 2460 2095 2523 decretis

535 2570 671 2633 qvoe
711 2554 874 2615 Deus
899 2569 1020 2613 non
1048 2551 1238 2615 habet.
1273 2584 1358 2605 ·—
1393 2550 1743 2612 Dicendum
1781 2552 2096 2612 nihilomi-

527 2664 650 2705 nus
681 2652 778 2707 est
806 2647 968 2708 hanc
994 2646 1338 2719 scientiam,
1366 2652 1670 2725 quantum
1699 2644 1780 2705 ad
1824 2644 1884 2705 id
1925 2645 2094 2725 quod

531 2744 628 2799 est
655 2738 1052 2818 perfectionis
1078 2740 1144 2800 in
1170 2739 1298 2811 illa,
1334 2738 1585 2801 extendi
1615 2738 1696 2799 ad
1735 2738 1933 2799 libera
1982 2738 2094 2798 de-

533 2839 706 2896 creta
733 2834 867 2908 Dei,
895 2835 978 2895 ita
1008 2840 1078 2893 ut
1104 2835 1271 2894 Deus
1296 2852 1370 2893 ea
1393 2834 1710 2895 intueatur
1737 2851 1864 2893 non
1889 2832 2091 2893 solum

528 2928 611 2989 ad
651 2928 910 2989 modum
957 2945 1169 2989 rerum
1197 2928 1622 3007 praesentium,
1649 2926 1761 2987 sed
1791 2930 1979 2987 etiam
2010 2926 2091 2987 ad

525 3022 784 3082 modum
813 3022 1184 3095 futurarum,
1215 3040 1329 3083 seu
1359 3020 1582 3082 eadem
1629 3022 1691 3081 vi
1741 3026 1803 3081 et
1845 3022 2087 3081 ratione

527 3133 652 3193 qua
708 3121 916 3177 creata
967 3115 1176 3177 futura
1227 3116 1575 3194 cognoscin
1637 3121 1700 3176 et
1739 3115 1856 3176 hoc
1895 3132 2087 3175 sensu

525 3207 648 3268 dici
677 3226 860 3286 posse
889 3225 1269 3287 cognoscere
1299 3209 1404 3269 illa
1430 3215 1499 3269 ut
1523 3208 1754 3282 futura,
1779 3208 1878 3269 vel
1907 3209 2089 3269 ahso-

524 3300 678 3374 l‘ute,
709 3302 807 3362 vel
856 3301 972 3361 sub
1021 3301 1395 3362 conditione.
1429 3301 1931 3362 Fundamentum
1970 3301 2088 3360 hu-

518 3394 626 3473 jus
665 3394 1025 3454 assertionis
1055 3393 1223 3455 idem
1251 3395 1508 3455 omnino
1537 3413 1676 3456 esse
1707 3394 1895 3456 dehet
1917 3394 2087 3474 quod

525 3486 604 3548 de
652 3487 907 3566 reliquis
954 3487 1195 3548 actibus
1247 3487 1486 3560 liberis;
1539 3487 1828 3548 addendo
1884 3487 2088 3547 solum

527 3581 764 3640 nullam
795 3580 1206 3642 sufficientem
1225 3581 1530 3642 rationem
1559 3581 1926 3642 differentiae
1948 3579 2089 3641 red-

527 3674 590 3737 di
611 3691 794 3752 posse
821 3674 984 3734 inter
1007 3673 1281 3734 divinam
1299 3678 1360 3734 et
1382 3679 1654 3736 creatam
1675 3674 2086 3747 voluntatem,

529 3773 598 3828 ut
637 3767 704 3825 in
745 3766 958 3827 altera
985 3767 1116 3828 hoec
1161 3765 1371 3827 futura
1399 3767 1638 3845 possint
1683 3766 1998 3846 cognosci,
2030 3769 2092 3826 et

532 3877 659 3921 non
689 3859 752 3918 in
783 3857 927 3918 alia.
981 3858 1160 3930 Quod
1203 3861 1404 3938 primo
1443 3859 1704 3920 ostendo
1753 3860 1817 3919 in
1855 3859 1952 3920 his
1981 3859 2093 3920 de-

531 3955 715 4016 cretis
747 3953 980 4027 liberis,
1015 3969 1154 4032 quae
1199 3952 1276 4012 de
1313 3951 1478 4014 facto
1519 3971 1646 4014 non
1675 3960 1820 4014 sunt
1849 3954 1912 4013 in
1940 3953 2091 4013 divi-

527 4065 610 4108 na
639 4045 957 4107 voluntate
979 4091 993 4120 ,
1029 4052 1284 4124 possent
1307 4052 1520 4106 autem
1547 4064 1706 4120 esse,
1731 4046 1782 4106 si
1815 4047 1933 4108 alia
1963 4065 2092 4107 non

531 4139 816 4214 fuissent,
867 4141 968 4200 vel
1019 4141 1068 4201 si
1109 4140 1230 4200 hoc
1273 4139 1373 4200 vel
1414 4139 1568 4200 illud
1607 4139 1953 4200 accidisset.
1988 4139 2087 4211 Ut,

529 4233 704 4296 verbi
749 4233 948 4312 gratia
973 4279 988 4306 ‚
1030 4251 1200 4294 nunc
1247 4234 1414 4294 Deus
1461 4251 1584 4294 non
1631 4231 2093 4311 praedestinavit

531 4327 816 4388 homines
844 4328 948 4406 qui
981 4345 1058 4388 ex
1093 4327 1332 4388 Adamo
1363 4345 1489 4387 non
1525 4331 1670 4386 sunt
1707 4323 2087 4405 generandi;

531 4423 582 4482 si
619 4427 830 4482 autem
875 4421 1253 4482 decrevisset
1294 4423 1462 4482 Deus
1500 4419 1846 4500 producere
1893 4435 2093 4498 genus

529 4515 876 4575 humanum
905 4514 968 4574 in
1001 4514 1122 4576 alio
1159 4514 1436 4586 homine,
1469 4531 1548 4574 ex
1585 4511 1886 4593 progenie
1927 4511 2095 4571 illius

533 4608 690 4669 alios
735 4607 1259 4687 praedestinasset,
1315 4607 1394 4667 de
1441 4606 1670 4683 quibus
1715 4623 1884 4666 nunc
1940 4604 2095 4665 nihil

531 4701 837 4773 decrevit;
873 4720 1023 4782 ergo
1053 4701 1132 4762 de
1160 4699 1280 4760 illis
1311 4700 1666 4760 hominibus
1697 4702 1903 4777 potest
1931 4716 2099 4759 nunc

539 4794 724 4875 objici
765 4794 1106 4856 intellectui
1145 4793 1353 4854 divino
1403 4795 1520 4854 hoc
1554 4793 1989 4855 enunciabile:
2034 4791 2097 4853 Si

535 4905 848 4950 creassem
901 4889 1245 4948 humanum
1293 4905 1495 4966 genus
1539 4887 1604 4946 in
1655 4886 1760 4948 tali
1813 4885 2092 4958 homine,

531 5001 608 5042 ex
634 4981 801 5042 illius
829 4982 1129 5060 progenie
1162 4982 1278 5042 hos
1305 4981 1404 5040 vel
1441 4980 1578 5040 illos
1620 4979 1985 5059 elegissem;
2032 4985 2095 5038 et

529 5077 756 5138 similia
785 5075 1068 5154 exempla
1112 5081 1374 5154 possunt
1413 5073 1656 5134 infinita
1701 5073 1981 5152 cogitari,
2014 5072 2091 5133 de

531 5171 759 5250 quibus
785 5169 1095 5230 habemus
1119 5170 1183 5229 in
1217 5170 1530 5246 Scriptura
1561 5168 1931 5228 nonnullum
1962 5185 2095 5227 ves-

531 5265 775 5344 tigium,
823 5263 982 5323 Psal.
1030 5264 1151 5324 80:
1199 5259 1280 5324 Si
1318 5261 1578 5343 populus
1619 5277 1784 5322 meus
1829 5257 2096 5322 audisset

527 5376 642 5424 me.
677 5357 880 5420 Israel
916 5357 974 5417 si
999 5355 1068 5416 in
1099 5355 1219 5418 viis
1247 5355 1397 5416 meis
1425 5353 1810 5424 ambulasset,
1841 5371 1957 5433 pro
2000 5350 2093 5412 m·-

527 5451 646 5515 hilo
674 5453 940 5521 forsitan
973 5451 1251 5514 inimicos
1277 5465 1478 5511 eoram
1507 5447 1942 5510 humiliassem.
1977 5445 2092 5508 Ubi

527 5547 790 5608 Basilius
829 5550 890 5607 et
930 5543 1032 5606 alii
1079 5549 1298 5605 notant
1339 5561 1478 5605 esse
1535 5541 1885 5604 absolutam
1934 5557 2093 5619 prae-

2189 592 2457 670 positam
2473 592 2554 653 ad
2567 593 2978 653 minuendam
2996 593 3447 654 certitudinem.
3464 594 3549 654 Ad
3564 594 3693 655 idem

2190 685 2399 746 induci
2432 692 2637 764 potest
2660 685 2815 746 illud
2843 687 3057 747 Matth.
3084 688 3197 747 26:
3230 685 3331 748 Aa
3366 691 3560 767 putas,
3586 689 3693 766 quia

2186 794 2307 838 non
2328 796 2575 859 possum
2600 796 2817 861 royare
2856 779 3109 841 Patrem
3148 797 3365 850 menon,
3398 783 3454 841 et
3486 780 3596 857 ipse
3620 799 3693 842 ex-

2188 870 2403 933 hibebit
2428 872 2577 934 milii
2601 873 2927 953 plusquam
2958 873 3260 935 duodecim
3282 872 3533 952 legiones
3556 888 3695 954 anye-

2182 964 2383 1027 loowm
2403 965 2432 1025 ,ἲ
2457 964 2528 1025 Ιιι
2556 964 2655 1024 his
2682 982 2834 1041 ergo
2862 964 3391 1026 conditionalibus
3416 963 3601 1023 locum
3617 966 3695 1025 ha-

2182 1054 2334 1117 bent
2362 1056 2573 1117 omnia
2600 1063 2971 1137 argumenta
2996 1076 3185 1137 supra
3210 1057 3377 1117 facta
3406 1056 3483 1117 de
3518 1058 3695 1118 volun-

2184 1149 2417 1223 tatibus
2440 1149 2685 1221 creati3‚
2707 1150 2851 1228 quia
2874 1150 2939 1209 in
2970 1151 3089 1211 illis
3118 1150 3386 1229 objectis
3412 1156 3504 1210 est
3532 1149 3693 1211 deter-

2185 1241 2419 1302 minata
2446 1244 2677 1303 veritas
2694 1264 2713 1317 3
2746 1260 2897 1322 ergo
2936 1244 3003 1303 in
3050 1262 3117 1304 se
3162 1249 3257 1304 est
3312 1244 3693 1321 cognoscibilis

2182 1352 2297 1415 pcr
2316 1334 2593 1395 divinam
2616 1354 2689 1397 ac
2714 1335 3021 1397 infinitam
3052 1337 3349 1397 virtutem
3370 1354 3692 1415 cognoscen-

2183 1428 2267 1487 di.
2298 1429 2455 1489 Item
2484 1429 2835 1491 differentia
2876 1429 2955 1491 de
2992 1430 3691 1509 supercomprehensione

2184 1522 2433 1583 exclusa
2455 1523 2591 1602 jam
2624 1531 2738 1585 est.
2766 1524 2975 1585 Altera
3002 1542 3153 1585 vero
3189 1524 3271 1584 de
3308 1524 3611 1584 existentia
3634 1543 3691 1583 ιιι-

2182 1620 2364 1675 terna
2390 1616 2623 1677 decreti
2644 1616 2823 1677 liberi
2844 1618 2942 1677 hic
2968 1617 3175 1677 locum
3198 1635 3333 1678 non
3362 1618 3561 1689 habet,
3580 1621 3689 1695 quia

2184 1708 2303 1770 hoc
2329 1708 2652 1771 decretum
2676 1728 2803 1770 non
2832 1715 2928 1771 est
2970 1711 3243 1789 positum
3272 1710 3357 1770 ab
3382 1716 3611 1783 aeterno,
3644 1716 3691 1771 ul

2184 1802 2615 1880 supponimus.
2636 1802 2849 1865 Solum
2868 1820 3017 1882 ergo
3032 1808 3127 1864 est
3140 1803 3513 1875 differentia,
3526 1805 3642 1882 quia
3654 1808 3689 1864 si

2180 1894 2332 1955 illud
2360 1894 2683 1957 decretum
2716 1902 3058 1975 poneretur
3088 1897 3151 1955 in
3186 1898 3344 1970 Dec,
3372 1896 3518 1955 nihil
3544 1896 3691 1957 adde-

2179 1991 2355 2047 retur
2369 1988 2673 2049 voluntati
2690 1988 2745 2067 ej
2752 2007 2847 2061 us;
2868 1990 2933 2049 in
2950 1990 3269 2051 voluntate
3288 1992 3493 2049 autem
3506 1998 3689 2061 creata,

2178 2098 2307 2141 non
2322 2082 2577 2161 ponitur
2592 2083 2724 2143 sine
2754 2082 3071 2143 additione
3102 2083 3287 2162 alicuj
3296 2102 3371 2144 us
3384 2088 3567 2144 actus.
3585 2085 3689 2145 Haec

2176 2180 2389 2237 autem
2436 2174 2788 2237 differentia
2818 2176 2900 2238 ad
2930 2183 3309 2255 proesentem
3340 2176 3690 2256 impertinens

2176 2274 2290 2330 est.
2322 2268 2479 2341 Quid
2504 2270 2673 2331 enim
2700 2270 2891 2331 refert
2924 2271 3095 2349 quod
3120 2270 3450 2331 decretum
3476 2271 3687 2331 liberum

2178 2363 2366 2425 addat
2386 2364 2485 2425 vel
2514 2382 2641 2425 non
2662 2365 2874 2439 addat,
2900 2372 2970 2425 ut
2998 2367 3294 2446 cog-nosci
3324 2366 3543 2445 possit?
3560 2367 3689 2427 Sic-at

2176 2458 2365 2549 ‘iam
2392 2476 2667 2537 praesens
2694 2459 3017 2520 decretum
3062 2460 3339 2520 liberum
3379 2459 3523 2519 nihil
3558 2458 3689 2519 addit

2179 2550 2272 2610 his
2311 2568 2451 2627 quae
2484 2546 2837 2612 necessario
2877 2553 3115 2613 suntin
3151 2553 3308 2625 Dec,
3344 2558 3407 2613 et
3430 2553 3685 2613 nihilomi-

2174 2663 2294 2703 nus
2324 2644 2773 2723 perfectissime
2807 2645 3057 2707 videtur
3084 2647 3341 2725 propria
3378 2652 3437 2707 et
3462 2646 3685 2706 intuitiva

2172 2737 2433 2798 visione.
2468 2737 2645 2809 Quod
2669 2756 2817 2799 vero
2860 2738 3077 2799 dicunt
3122 2738 3247 2811 alii,
3284 2741 3404 2799 has
3446 2740 3685 2801 conditio·

2172 2831 2347 2891 nales
2371 2837 2661 2909 respectu
2698 2831 2921 2892 divinae
2950 2832 3291 2893 voluntatis
3323 2850 3447 2893 non
3474 2850 3689 2911 cognos-

2172 2925 2250 2996 ci,
2283 2924 2429 3003 quia
2460 2924 2730 2985 conditio
2771 2924 2925 2984 nihil
2966 2924 3205 2985 confert
3246 2932 3323 2985 ut
3370 2926 3485 2985 tale
3520 2926 3689 2985 decre-

2168 3022 2301 3077 tu'm
2332 3016 2409 3077 sit
2436 3016 2534 3077 vel
2565 3034 2691 3077 non
2722 3018 2822 3092 sit,
2850 3018 3009 3078 nihil
3049 3018 3260 3097 juvat;
3318 3024 3451 3079 tum
3488 3019 3609 3096 qnia
3640 3019 3688 3077 id

2166 3129 2295 3170 non
2326 3116 2419 3171 est
2444 3108 2509 3170 in
2530 3110 2895 3171 universum
2918 3130 3174 3184 verum;
3207 3117 3419 3190 potest
3444 3113 3590 3173 enim
3608 3111 3687 3171 ali-

2168 3205 2421 3282 quando
2450 3205 2757 3277 conferre,
2778 3211 2880 3266 ut:
2914 3207 2977 3268 Si
3008 3207 3223 3268 Petrus
3250 3213 3535 3268 oraturus
3560 3213 3688 3267 esset

2165 3300 2389 3372 Deum,
2408 3318 2491 3359 an
2510 3301 2677 3360 Deus
2698 3301 2997 3361 voliturus
3020 3307 3185 3362 esset
3202 3301 3383 3362 illum
3406 3301 3687 3362 exaudire?

2168 3410 2318 3452 nam
2348 3392 2545 3453 oratio
2574 3392 2655 3452 ad
2700 3392 3125 3453 inclinandam
3171 3394 3549 3455 voluntatem
3574 3413 3690 3454 con-

2169 3485 2316 3557 fert;
2361 3491 2495 3545 tum
2540 3485 2727 3546 etiam
2765 3487 2937 3564 quia,
2970 3487 3223 3564 quando
3266 3487 3531 3548 conditio
3568 3487 3688 3547 nihil

2169 3577 2429 3650 confert,
2452 3583 2657 3657 potest
2682 3579 2934 3658 agnosci
2964 3579 3468 3652 concomitantia,
3490 3580 3687 3640 etiamsi

2170 3689 2299 3732 non
2344 3677 2757 3751 cognoscatur
2778 3672 3112 3734 causalitas
3142 3673 3243 3734 vel
3272 3674 3433 3735 ratio
3460 3673 3583 3734 talis
3604 3691 3689 3733 vo-

2170 3764 2447 3838 luntatiS,
2476 3769 2758 3844 utsupra
2784 3765 3019 3827 dictum
3058 3774 3173 3828 est.

2250 3859 2311 3918 6.
2358 3858 2725 3924 Declaratur
2762 3859 2927 3922 dicta
2953 3861 3253 3924 renuntia
3280 3862 3353 3924 iu
3392 3863 3486 3925 leis
3524 3860 3687 3924 liberie

2171 3967 2305 4032 qua·
2327 3951 2492 4014 Deus
2520 3951 2712 4015 habet.
2737 3983 2818 3998 —
2840 3952 3064 4015 Prima
3082 3954 3379 4031 probatio.
3396 3987 3477 4002 —-
3500 3957 3685 4016 Secun-

2173 4043 2276 4114 do,
2310 4043 2389 4103 de
2420 4043 2517 4102 his
2554 4042 2821 4106 decretis
2860 4044 3071 4106 liberis
3098 4064 3238 4124 quae
3264 4047 3349 4108 de
3377 4047 3531 4108 facto
3556 4049 3683 4107 Dens
3771 4055 3772 4106 4

2172 4136 2383 4209 habet,
2410 4138 2757 4215 praesertim
2788 4138 2867 4199 de
2892 4139 2987 4199 his
3010 4157 3151 4218 quae
3177 4158 3255 4200 ex
3282 4159 3355 4202 se
3386 4142 3511 4202 solo
3536 4140 3683 4200 hahet
3771 4145 3772 4170 ³

2175 4229 2267 4307 (ut
2305 4229 2389 4289 ita
2416 4229 2669 4309 dicam),
2700 4231 2765 4291 id
2806 4237 2921 4304 est,
2953 4249 3093 4310 quae
3118 4232 3183 4292 in
3212 4233 3321 4295 ino
3350 4252 3475 4297 non
3502 4249 3687 4312 suppo-

2172 4329 2333 4384 nunt
2379 4341 2457 4384 ex
2502 4327 2681 4403 parte
2722 4323 3059 4386 voluntatis
3104 4325 3225 4386 nisi
3262 4327 3539 4406 proprias
3576 4343 3689 4404 per-

2172 4415 2499 4490 fectioneS,
2518 4422 2587 4476 ut
2611 4423 2705 4477 est
2723 4417 3011 4479 voluntas
3032 4419 3284 4480 creandi
3310 4420 3613 4491 mundum,
3630 4417 3687 4477 de

2174 4509 2273 4570 his
2304 4510 2607 4590 (inquam)
2640 4510 2877 4570 clarum
2923 4517 3039 4584 est,
3078 4513 3425 4574 secundum
3450 4531 3569 4573 rem
3593 4528 3691 4571 non

2180 4603 2459 4681 potuisse
2488 4603 2659 4682 prius
2688 4604 3189 4666 conditionaliter
3224 4624 3417 4684 quam
3456 4604 3693 4666 absolute

2180 4697 2485 4775 praeseiri;
2524 4698 2671 4778 quia
2712 4699 2917 4761 omnis
2952 4698 3247 4773 conditio,
3296 4718 3439 4780 quae
3476 4700 3551 4760 ad
3590 4699 3693 4758 illas

2179 4790 2489 4851 antecedit
2516 4809 2627 4852 seu
2656 4792 3143 4872 praerequiritur,
3174 4795 3536 4873 supponitur
3560 4799 3617 4852 ut
3640 4791 3689 4849 in

2176 4902 2246 4944 re
2274 4885 2497 4964 posita,
2524 4885 2671 4964 quia
2692 4903 2821 4945 non
2842 4891 2937 4946 est
2955 4886 3077 4946 alia
3096 4887 3215 4946 nisi
3244 4888 3415 4966 quod
3435 4890 3585 4947 Deus
3606 4885 3690 4943 lia-

2172 4976 2319 5038 beat
2360 4976 2549 5038 talem
2587 4984 2900 5055 naturam,
2930 4978 3295 5052 bonitatem,
3322 4981 3683 5049 voluntatem,

2176 5077 2291 5132 etc.
2316 5087 2337 5148 ;
2371 5071 2803 5134 conditionalis
2834 5077 3047 5134 autem
3098 5091 3239 5152 quae
3264 5074 3545 5153 supponit
3567 5089 3679 5132 con-

2175 5163 2475 5226 ditionem
2502 5165 2565 5224 in
2590 5183 2659 5226 re
2690 5165 2980 5244 positam,
3038 5166 3235 5228 ransit
3260 5166 3326 5226 in
3354 5166 3682 5234 absolutam,

2174 5265 2264 5332 ut,
2312 5259 2598 5320 voluntas
2646 5259 2898 5320 creandi
2938 5260 3244 5321 mundum
3295 5261 3479 5334 hunc,
3528 5273 3681 5338 quam

2172 5353 2341 5412 Deus
2360 5351 2441 5412 ab
2456 5357 2688 5413 aeterno
2710 5352 2948 5425 habuit,
2974 5352 3209 5413 nullam
3240 5352 3679 5433 suppositionem

2172 5443 2433 5505 liberam
2462 5447 2788 5525 supponit3
2836 5451 2899 5506 et
2936 5445 3077 5507 ideo
3124 5445 3295 5508 idem
3320 5446 3433 5507 fuit
3462 5459 3680 5522 cognos-

2173 5555 2315 5598 cere
2354 5539 2549 5599 Deum
2592 5539 2755 5600 hanc
2792 5537 3309 5602 conditionalem:
3348 5537 3427 5604 Si
3454 5555 3571 5600 ma
3600 5553 3677 5598 to-
