3850 6225
572 371 691 434 2¹2

575 477 989 541 antecedente
1024 492 1086 540 et
1117 477 1607 558 praeordinante,
1637 484 1980 558 antequam
2026 479 2143 539 ho-

574 591 678 634 mo
711 591 822 634 sua
839 572 1124 633 libertate
1155 577 1387 646 utatur,
1419 579 1527 634 aut
1541 591 1767 633 usurus
1795 572 2141 652 praevidea-

575 673 678 728 tur
703 685 720 739 ;
753 685 904 744 ergo
933 673 996 728 et
1019 667 1214 727 altera
1245 667 1496 745 negatio
1535 673 1735 740 actus,
1767 685 1906 746 quae
1936 671 2030 728 est
2073 665 2137 726 in

575 759 852 832 homine,
889 765 952 820 et
992 778 1070 820 ex
1099 759 1434 839 negatione
1471 760 2163 840 praedeterminationis.

575 853 932 913 necessario
977 853 1402 932 consequitur,
1449 872 1578 914 non
1619 858 1715 916 est
1755 851 1977 926 libera,
2022 851 2139 914 sed

574 946 973 1018 necessaria3
1031 947 1177 1025 quia
1215 953 1310 1006 est
1353 965 1430 1008 ex
1481 946 1758 1008 carentia
1799 945 2136 1008 necessarii

576 1057 916 1101 concursus
943 1045 1005 1100 et
1027 1040 1390 1119 impotentia
1418 1039 1693 1102 habendi
1715 1039 1914 1116 illum,
1940 1045 2010 1100 ut
2040 1057 2139 1099 su-

575 1151 690 1210 pra
717 1132 1340 1212 argumentabamur.
1373 1133 1561 1213 Ergo,
1606 1133 1848 1194 etiamsi
1900 1133 2142 1194 resolu-

575 1224 658 1286 tio
699 1225 916 1286 fiatad
947 1224 1418 1303 dispositionem
1455 1227 1814 1307 negativam
1841 1226 2134 1300 hominis,

571 1335 704 1379 non
732 1319 804 1380 fit
822 1319 886 1379 in
915 1319 1150 1398 aliquid
1177 1319 1346 1398 quod
1375 1319 1457 1380 ab
1490 1320 1628 1399 ejus
1663 1319 1951 1382 libertate
1980 1337 2139 1398 pen-

575 1410 704 1482 det,
737 1411 849 1474 sed
878 1411 1047 1492 quod
1081 1411 1140 1472 ei
1160 1412 1516 1474 necessario
1545 1413 1729 1488 inest,
1763 1415 2137 1475 necessitate

573 1506 856 1584 physica,
890 1505 1210 1585 supposita
1239 1507 1575 1586 negatione
1599 1505 2137 1569 determinationis

571 1599 814 1660 divinae.
849 1599 996 1671 Quae
1025 1599 1168 1660 licet
1197 1599 1262 1660 in
1284 1600 1538 1662 homine
1583 1619 1710 1663 non
1751 1601 1978 1664 inferat
2016 1601 2135 1662 nisi

567 1692 995 1770 negationem,
1017 1693 1081 1752 in
1096 1693 1228 1753 Deo
1251 1699 1345 1755 est
1369 1695 1658 1756 voluntas
1683 1695 1993 1769 absoluta,
2012 1713 2138 1775 qua

568 1785 702 1846 vult
728 1803 856 1845 non
897 1785 1049 1846 dare
1102 1786 1340 1846 homini
1393 1787 1580 1848 talem
1631 1806 2008 1850 concursum
2038 1786 2139 1849 vel

571 1879 936 1950 motionem,
960 1879 1106 1956 quia
1135 1877 1342 1940 divina
1373 1880 1664 1942 voluntas
1689 1899 1818 1941 non
1849 1899 1916 1942 se
1944 1881 2137 1942 habet

569 1990 740 2032 mere
769 1973 1059 2051 negative
1094 1972 1257 2032 circa
1287 1991 1362 2036 ea
1404 1991 1544 2052 quae
1575 1973 1771 2036 libere
1820 1991 1950 2034 non
1990 1973 2137 2034 facit

569 2065 590 2143 (
615 2071 710 2127 est
736 2065 903 2126 enim
925 2065 1025 2126 hic
1063 2067 1321 2145 quidam
1354 2073 1550 2128 status
1567 2067 1902 2128 voluntatis
1925 2067 2137 2128 minus

566 2157 948 2238 perfectius),
974 2159 1086 2220 sed
1113 2159 1368 2221 definite
1397 2167 1460 2221 et
1472 2160 1734 2239 positive
1757 2160 1891 2220 vult
1903 2177 2032 2220 non
2044 2159 2138 2220 fa·-

567 2268 738 2325 cere,
773 2269 914 2331 quse
944 2252 1138 2314 libere
1179 2271 1306 2314 non
1339 2253 1508 2316 facit.
1553 2254 1662 2314 Est
1689 2271 1840 2334 ergo
1879 2253 1985 2314 illa
2024 2272 2135 2316 ne-

566 2344 736 2425 gatio
766 2345 1084 2424 objectum
1101 2348 1382 2426 positivae
1411 2339 1774 2422 voluntatis⁴
1813 2366 1938 2426 qua
1967 2349 2136 2408 Deus

564 2437 845 2500 decrevit
883 2457 1013 2500 non
1045 2439 1201 2501 dare
1239 2439 1349 2501 tali
1383 2441 1622 2502 homini
1661 2441 1830 2502 hunc
1875 2459 2139 2503 concur·

563 2548 704 2591 sum
727 2575 744 2605 ,
789 2532 890 2593 vel
918 2531 1539 2608 determinationem,
1597 2533 1768 2612 quod
1813 2533 2137 2596 decretum

568 2623 658 2702 (in
681 2625 991 2686 sententia
1009 2643 1198 2705 quam
1229 2625 1696 2706 impugnamus)
1725 2627 1945 2688 habuit
1970 2629 2137 2688 Deus

567 2733 645 2778 ex
675 2735 741 2778 se
775 2718 931 2795 solo,
962 2718 1108 2798 quia
1133 2719 1351 2794 voluit,
1383 2720 1556 2780 nulla
1583 2725 1860 2800 spectata
1878 2720 2139 2799 disposi-

565 2809 734 2871 tione
757 2811 1096 2872 voluntatis
1125 2813 1436 2873 humanat.
1461 2812 1608 2884 Quae
1637 2811 1804 2873 enim
1827 2813 1981 2894 fingi
2001 2813 2137 2892 jam

563 2907 767 2982 potest
793 2903 934 2966 talis
959 2905 1332 2985 dispositio?
1359 2905 1676 2985 Numquid
1711 2906 2009 2987 fingenda
2045 2910 2141 2968 est

568 2996 690 3056 alia
719 2999 994 3077 negatio,
1027 3017 1165 3078 quae
1193 2997 1272 3060 sit
1297 2997 1620 3078 dispositio
1635 2998 1718 3060 ad
1743 2999 2007 3060 alteram
2026 3017 2141 3061 ne-

566 3089 884 3169 gationem
909 3093 935 3151 τ

1141 3210 1356 3275 Tertia
1381 3212 1566 3275 ratio.

645 3372 705 3432 9.
750 3368 956 3431 Tertio
999 3374 1094 3430 est
1121 3368 1292 3429 aliud
1321 3369 1505 3431 valde
1533 3366 1879 3429 absurdum
1915 3368 1980 3429 in
2030 3368 2139 3431 illa

565 3462 978 3543 responsione
1019 3481 1035 3535 ;
1083 3462 1405 3537 nimirum,
1435 3460 1579 3541 quia
1605 3478 1684 3521 ex
1721 3460 1824 3521 illa
1854 3461 2141 3540 sequitur

567 3560 766 3617 totam
813 3554 1126 3615 rationem
1167 3571 1244 3615 ex
1289 3559 1468 3633 parte
1496 3552 1788 3629 hominis,
1822 3554 1904 3615 ob
1946 3572 2139 3633 quam

571 3648 628 3709 ei
668 3648 852 3709 datur
893 3647 1322 3708 efficacissima
1357 3645 1550 3707 motio
1575 3645 1815 3725 gratiae,
1857 3652 1920 3707 et
1946 3646 2140 3709 veluti

567 3740 788 3803 ultima
811 3740 1132 3820 dispositio
1161 3740 1244 3802 ad
1262 3740 1455 3813 illam,
1495 3756 1636 3801 esse
1663 3738 2006 3819 quamdam
2028 3758 2141 3802 ne-

571 3833 886 3915 gationem
917 3834 1206 3906 liberam,
1250 3850 1391 3911 quae
1431 3849 1560 3893 non
1606 3838 1812 3912 potest
1839 3850 1981 3895 esse
2028 3851 2143 3895 ne-

569 3925 738 4009 gatio
777 3932 951 3988 actus
1001 3925 1529 4007 supernaturalis,
1559 3944 1707 3986 nam
1747 3926 1882 3986 haee
1934 3926 2141 4005 potius

570 4023 906 4100 repugnat,
937 4020 1037 4081 vel
1065 4024 1232 4081 certe
1269 4024 1364 4081 est
1407 4020 1662 4081 omnino
1690 4018 1896 4079 aliena
1944 4023 2007 4080 et
2032 4036 2143 4081 ex-

567 4116 791 4175 tranea
822 4158 839 4187 ,
897 4119 966 4175 ut
1003 4112 1356 4192 subjectum
1406 4112 1630 4174 reddat
1680 4112 1885 4192 aptius
1911 4112 2014 4173 vel
2048 4112 2143 4174 di-

575 4207 760 4287 gnius
807 4205 1273 4286 supernaturali
1308 4204 1516 4278 dono;
1573 4205 1691 4267 erit
1732 4222 1884 4286 ergo
1923 4224 2144 4268 caren-

569 4302 658 4361 tia
702 4306 878 4361 actus
918 4298 1244 4373 naturalis,
1285 4305 1349 4359 et
1375 4304 1838 4378 consequenter
1861 4298 1978 4361 erit
2004 4300 2141 4379 ipsa

573 4393 860 4473 ejusdem
904 4394 1143 4455 ordinis
1171 4399 1234 4454 et
1266 4410 1437 4454 mere
1475 4392 1796 4453 naturalis.
1831 4395 1910 4453 At
1942 4392 2139 4455 multo

573 4489 778 4567 majus
795 4487 1137 4549 absurdum
1159 4492 1254 4548 est
1279 4504 1518 4567 ponere
1533 4486 2007 4567 dispositionem
2030 4506 2141 4549 na-

571 4581 844 4642 turalem
889 4580 1246 4660 negativam
1293 4579 1706 4641 sufficientem
1747 4586 1810 4642 et
1855 4580 2141 4642 ultimam

575 4674 660 4735 ad
701 4673 1243 4753 supernaturalem
1273 4671 1540 4753 gratiam
1569 4674 1909 4747 efficacem,
1948 4692 2143 4753 quam

574 4784 809 4848 ponere
837 4766 1193 4827 naturalem
1237 4765 1710 4846 dispositionem
1761 4766 2137 4847 positivam;

573 4878 724 4923 nam
750 4866 1018 4939 utroque
1047 4858 1236 4920 modo
1271 4858 1490 4921 ultima
1513 4858 1810 4922 resolutio
1847 4860 2002 4922 tanti
2042 4880 2143 4923 su-

569 4953 989 5033 pernaturahs
1027 4952 1174 5013 doni
1211 4950 1283 5013 fit
1315 4952 1381 5013 in
1416 4951 1620 5013 solum
1663 4970 1849 5013 usum
1887 4960 2140 5017 natura-

569 5044 696 5110 lem
745 5046 1086 5118 libertatis;
1141 5052 1204 5107 et
1238 5045 1533 5126 ponendo
1585 5045 1758 5105 illam
1793 5045 2141 5127 dispositio-

576 5158 726 5202 nem
745 5140 1126 5221 negativam,
1157 5138 1228 5199 fit
1245 5138 1544 5200 resolutio
1571 5137 1638 5199 in
1666 5138 2141 5217 dispositionem

571 5234 780 5295 minus
807 5230 1172 5312 perfectam,
1193 5235 1254 5291 et
1273 5230 1620 5292 excluditur
1633 5232 1715 5294 ab
1735 5233 1840 5293 illa
1857 5251 2051 5295 causa
2078 5241 2143 5297 et

569 5328 812 5387 ratione
839 5342 970 5387 non
995 5324 1198 5385 solum
1217 5323 1520 5385 auxilium
1533 5324 1768 5404 gratiae,
1799 5326 1911 5387 sed
1948 5328 2140 5389 etiam

567 5436 911 5481 concursus
959 5418 1068 5479 Dei
1107 5417 1456 5491 naturalis;
1501 5416 1650 5496 quia
1691 5418 1774 5479 ad
1811 5418 1985 5481 illam
2026 5438 2139 5483 ne-

563 5515 886 5596 gationem
909 5530 1039 5574 non
1067 5518 1161 5574 est
1189 5512 1583 5575 necessarius
1603 5512 1704 5574 hic
1731 5513 1844 5576 Dei
1871 5532 2137 5577 concur-

1411 373 1624 432 opusc.
1659 378 1700 440 ι,
1732 373 1850 432 us.
1885 353 1969 431 111‘.
2007 378 2089 430 nn
2118 373 2393 432 anxians
2425 374 2657 432 mvmAE
2686 371 2953 431 casnm.

2226 497 2355 552 sus,
2374 484 2445 540 ut
2469 477 2585 558 ipsi
2602 477 2895 540 fatentur.
2914 476 3095 542 Unde
3110 481 3393 538 auctores
3414 476 3577 556 hujus
3596 499 3693 543 sen-

2221 572 2453 646 tentiae,
2480 571 3093 652 cumtinconveniens
3112 575 3425 643 censeant,
3442 570 3691 638 admittere

2222 666 2565 728 efficaciam
2595 667 2809 727 auxilii
2844 665 3053 743 aliquo
3096 663 3283 724 modo
3318 663 3567 742 pendere
3593 685 3621 724 a
3644 669 3693 728 li-

2216 759 2371 820 bero
2422 760 2699 836 arbitrio,
2744 763 2815 820 ut
2846 762 3221 837 cooperante
3262 756 3377 834 ipsi
3422 757 3625 836 gratiae,
3650 763 3693 821 in

2217 854 2423 933 majus
2468 851 2915 916 inconveniens
2970 856 3035 912 et
3086 849 3425 910 absurdum
3466 848 3693 924 incidunt,

2221 947 2642 1010 concedentes
2688 963 2768 1008 ex
2806 945 2941 1008 solo
2992 943 3259 1005 naturali
3310 961 3429 1003 usu
3472 943 3697 1010 libemtis

2218 1041 2317 1101 vel
2358 1041 2653 1121 negativo
2678 1039 2977 1120 pendere,
3012 1035 3183 1116 quod
3206 1034 3442 1098 homini
3478 1037 3625 1099 detur
3643 1043 3697 1101 et-

2219 1135 2381 1196 ficax
2404 1135 2725 1196 auxilium.

2298 1227 2723 1292 Pras-cludam·
2732 1224 2933 1290 evasio
2942 1221 3529 1306 quedam—Audivi
3544 1243 3699 1303 qnem-

2220 1322 2365 1384 dam
2416 1321 2809 1399 Theologum
2864 1317 3351 1398 respondentem
3378 1361 3395 1390 ‚
3436 1316 3583 1378 illam
3626 1338 3701 1380 ne·

2222 1416 2563 1496 gationem,
2590 1413 2733 1474 licet
2768 1429 2899 1473 non
2935 1410 3275 1472 reducatur
3302 1410 3367 1470 in
3406 1427 3699 1472 conclusum

2220 1509 2551 1590 physicum
2598 1506 2935 1587 positivum
2980 1504 3093 1566 Dei
3134 1549 3150 1578 ,
3196 1503 3411 1564 reduci
3458 1511 3629 1564 tamen
3662 1506 3701 1564 in

2221 1601 2539 1680 quoddam
2572 1600 2873 1662 auxilium
2901 1597 3164 1670 morale,
3208 1613 3337 1676 quo
3360 1596 3519 1656 Deus
3544 1597 3611 1656 ita
3632 1598 3701 1658 de·

2218 1695 2513 1756 terminat
2536 1693 2945 1764 voluntatem,
2978 1697 3049 1752 ut
3074 1690 3333 1751 omnino
3356 1707 3477 1748 non
3502 1689 3699 1750 resistat.

2220 1786 2345 1850 Sed
2372 1786 2676 1866 imprimis
2694 1786 2827 1865 jam
2858 1801 2977 1862 ego
3022 1783 3265 1844 ostendi
3296 1781 3461 1843 illam
3502 1784 3701 1860 negatis

2218 1900 2389 1957 nem,
2401 1881 2581 1960 juxta
2602 1881 2973 1942 sententiam
3002 1895 3195 1957 quam
3220 1878 3642 1956 impugnamus,
3660 1878 3701 1936 in

2218 1975 2621 2053 negationem
2654 1971 2931 2052 physicae
2972 1969 3611 2051 praedeterminationis
3646 1970 3701 2030 di·

2216 2068 2377 2128 vinae
2417 2066 2499 2128 ad
2522 2066 2855 2146 positivum
2884 2071 3115 2138 actum,
3144 2064 3244 2124 cui
3270 2061 3377 2122 illa
3400 2063 3616 2140 negatio
3632 2082 3703 2141 op-

2217 2161 2506 2242 ponitur,
2562 2158 2987 2222 reducendam
3016 2176 3155 2220 esse
3188 2175 3205 2230 ;
3248 2160 3315 2217 at
3360 2173 3501 2216 vero
3538 2156 3622 2218 illa
3642 2167 3703 2218 est

2217 2274 2345 2316 non
2374 2254 2576 2316 solum
2616 2253 2929 2316 sufficiens
2934 2299 2955 2330 ‚
2978 2251 3093 2314 sed
3126 2249 3543 2312 efficacissima
3574 2269 3703 2310 causa

2220 2348 2409 2428 hujus
2431 2348 2783 2428 negationis
2806 2347 3044 2426 absque
3067 2344 3301 2405 auxilio
3328 2343 3553 2403 morali.
3568 2344 3623 2404 Et
3638 2344 3703 2404 de-

2218 2440 2365 2502 inde
2416 2445 2525 2500 aut
2562 2439 2717 2501 illud
2744 2439 3045 2500 auxilium
3072 2436 3317 2498 morale
3348 2442 3441 2496 est
3484 2453 3705 2512 superna·

2218 2533 2419 2596 turale
2478 2541 2541 2596 et
2588 2533 2827 2611 gratim,
2862 2537 2925 2592 et
2958 2531 3083 2592 hoc
3130 2549 3261 2590 non
3296 2535 3393 2590 est
3430 2528 3707 2607 simpliciter

2216 2629 2643 2690 necessarium
2668 2625 2749 2687 ad
2776 2623 3177 2706 negationem
3214 2627 3395 2682 actus
3432 2621 3703 2692 naturalis;

2217 2727 2325 2782 aut
2356 2727 2450 2784 est
2478 2719 2777 2782 auxilium
2806 2717 3041 2780 ordinis
3080 2715 3410 2787 naturalia,
3452 2714 3603 2775 etsie
3624 2733 3707 2774 non

2221 2815 2489 2876 evitatur
2525 2814 2680 2875 illud
2708 2809 3180 2884 inconvenienS,
3224 2807 3405 2887 quod
3444 2813 3587 2868 totus
3608 2807 3709 2866 ordo
3767 2809 3768 2816 ’

2220 2907 2432 2986 gratiae
2490 2906 2829 2968 reducatur
2877 2905 2945 2964 in
3007 2902 3477 2982 dispositionem
3528 2905 3708 2960 natura·

2218 3000 2366 3060 lem.

2300 3092 2483 3154 Dices
2532 3109 2661 3154 non
2712 3087 2926 3153 reduci
2960 3088 3027 3151 in
3054 3089 3227 3151 illam
3256 3087 3645 3169 negationem,
3666 3091 3709 3145 ut

2220 3184 2715 3263 dispositionem,
2754 3182 2867 3245 sed
2896 3182 3099 3245 solum
3120 3187 3190 3243 ut
3210 3182 3601 3243 remotionem
3621 3178 3709 3238 ohi-

2222 3277 2333 3351 cis‚
2368 3296 2482 3339 seu
2511 3276 2966 3357 impedimenti,
2998 3274 3159 3337 sicut
3185 3292 3307 3337 nos
3334 3291 3515 3353 snpra
3534 3270 3707 3332 diceba-

2218 3386 2361 3431 mus
2396 3370 2459 3431 in
2488 3370 2691 3449 primo
2726 3368 2959 3431 auxilio
3002 3368 3219 3448 gratim.
3276 3366 3599 3431 excitantis.
3634 3366 3710 3424 Re·

2222 3463 2567 3543 spondetur
2592 3480 2803 3543 neque
2844 3480 2983 3523 esse
3022 3460 3223 3523 simile
3258 3460 3436 3541 quod
3484 3458 3708 3526 anteitur,

2222 3576 2431 3636 neque
2458 3556 2526 3619 in
2552 3556 2659 3617 illo
2684 3556 2875 3617 etiam
2904 3554 3197 3634 exemplo
3225 3554 3477 3634 proprie
3502 3552 3619 3623 dici,
3640 3550 3711 3608 ali-

2222 3668 2415 3730 quam
2450 3649 2849 3730 negationem
2881 3666 3021 3711 esse
3054 3648 3479 3711 necessariam
3518 3642 3711 3723 disposi-

2222 3744 2480 3815 tionem,
2508 3748 2577 3805 ut
2609 3742 2779 3805 Deus
2808 3741 3088 3803 conferat
3114 3740 3270 3801 illud
3314 3740 3611 3802 auxilium.
3636 3736 3712 3796 Ita-

2222 3854 2345 3915 que
2372 3835 2451 3896 de
2472 3836 2675 3916 prima
2696 3836 3023 3897 vocatione
3050 3852 3167 3895 seu
3185 3833 3617 3895 illuminatione
3636 3829 3709 3887 ha·

2221 3929 2445 3990 bemus
2488 3934 2725 3989 certam
2770 3928 3133 4011 generalem
3170 3926 3419 4009 legem,
3470 3924 3713 4005 quaDeus

2222 4022 2455 4097 statuit,
2490 4028 2799 4101 quantum
2826 4025 2923 4083 est
2949 4038 3027 4082 ex
3060 4038 3153 4095 se,
3199 4020 3545 4083 illuminare
3562 4022 3615 4075 et
3634 4014 3713 4073 sal·

2221 4134 2372 4177 vare
2404 4132 2649 4191 omnes,
2692 4121 2759 4177 et
2796 4120 3099 4195 praeterea
3142 4118 3389 4175 constat
3438 4110 3713 4173 illuminare

2225 4215 2291 4271 et
2330 4226 2579 4283 vocare,
2612 4214 2743 4269 tam
2772 4226 2883 4270 eos
2934 4208 3041 4287 qui
3088 4206 3409 4283 resistunt,
3441 4220 3605 4283 quam
3641 4198 3713 4278 qui

2222 4321 2351 4365 non
2378 4302 2695 4376 resistunt,
2728 4302 2874 4363 licet
2910 4318 3039 4361 non
3069 4317 3289 4361 omnes
3316 4297 3629 4378 inqualiter,
3650 4302 3713 4352 ta-

2222 4414 2371 4457 men
2400 4414 2621 4457 omnes
2648 4394 2859 4474 aliquo
2874 4392 3063 4455 modo
3091 4392 3473 4455 sufficienter
3491 4410 3506 4463 ;
3525 4396 3577 4450 et
3594 4386 3715 4447 simi-

2222 4489 2365 4551 liter
2388 4488 2701 4550 illuminat
2737 4492 2871 4549 tam
2894 4487 3095 4548 malos
3124 4502 3317 4567 quam
3359 4486 3567 4547 honos.
3586 4476 3713 4551 Quod

2224 4582 2277 4643 si
2298 4582 2563 4645 fortasse
2584 4581 2897 4643 interdum
2920 4598 2999 4641 ex
3013 4580 3259 4641 occulto
3274 4578 3527 4658 judicio,
3552 4589 3714 4653 quam-

2220 4676 2314 4737 vis
2346 4693 2475 4737 non
2502 4675 2758 4755 injusto,
2795 4674 3039 4753 aliquos
3064 4673 3267 4735 malos
3308 4690 3435 4733 non
3472 4666 3713 4731 actuillu-

2222 4769 2419 4830 minat
2448 4768 2547 4830 vel
2585 4775 2790 4842 vocat,
2832 4786 2961 4829 non
3008 4774 3104 4829 est
3140 4766 3295 4846 quia
3342 4764 3576 4844 negatio
3614 4758 3714 4819 talis

2224 4880 2431 4944 pravae
2497 4860 2923 4942 dispositionis
2976 4860 3056 4923 sit
3102 4859 3459 4921 necessaria
3504 4851 3713 4918 conditio

2222 4955 2304 5017 ad
2352 4954 2617 5034 primam
2660 4954 2833 5015 illam
2874 4954 3140 5035 gratiam
3190 4950 3611 5032 recipiendam,
3636 4940 3713 5003 sed

2220 5047 2366 5129 quia
2409 5048 2649 5128 peccati
2692 5046 3068 5109 demeritum
3108 5052 3204 5108 est
3242 5046 3321 5107 de
3358 5063 3425 5106 se
3466 5039 3715 5105 sufficiens

2220 5160 2433 5217 causa,
2460 5146 2533 5203 ut
2552 5142 2722 5203 Deus
2744 5141 2914 5221 juste
2959 5158 3089 5202 non
3126 5140 3405 5202 conferat
3430 5138 3583 5199 illam
3612 5149 3714 5211 gra·

2220 5236 2415 5307 tiam;
2468 5239 2536 5296 at
2574 5252 2723 5297 vero
2768 5233 2837 5294 in
2869 5234 3157 5314 praesenti
3200 5232 3371 5295 nulla
3410 5236 3499 5295 est
3533 5229 3616 5289 lex
3639 5242 3714 5303 gc·

2218 5328 2475 5402 neralis,
2506 5348 2632 5408 qua
2658 5328 2827 5389 Deus
2858 5326 3143 5389 statuerit
3172 5326 3453 5388 conferre
3476 5324 3619 5383 hanc
3642 5316 3713 5375 de·

2218 5422 2724 5485 terminationem
2770 5422 3090 5483 efficacem
3144 5420 3433 5481 omnibus
3480 5418 3585 5477 hoc
3617 5406 3712 5471 solo

2218 5514 2391 5595 quod
2418 5533 2546 5577 non
2572 5520 2814 5595 ponant
2843 5514 3087 5577 obicem
3126 5511 3401 5594 peccam
3442 5508 3574 5591 quia
3616 5504 3713 5563 11aess
