3850 6225
468 376 589 439 338

460 494 601 555 quae
630 481 725 537 est
748 474 1049 556 frequens
1063 478 1233 558 apud
1257 478 1453 541 dictos
1474 479 1849 541 scolasticos
1868 525 1885 552 ,
1916 478 2035 539 sci-

458 568 625 643 licet,
654 570 819 629 hanc
848 572 1289 633 necessitatem
1319 572 1383 632 in
1406 590 1477 633 re
1502 572 1715 634 futura
1736 590 1875 635 esse
1896 578 2036 633 tan-

462 668 597 723 tum
626 662 1065 727 necessitatem
1094 666 1579 742 consequentias,
1612 682 1753 745 quae
1777 682 1907 725 non
1935 682 2036 725 re·-

458 760 701 834 pugnat
728 756 1200 835 contingentiae3
1233 758 1353 817 hoc
1398 764 1493 819 est
1520 757 1689 819 enim
1738 757 1911 837 quod
1941 776 2036 817 ar-

461 855 833 926 gumentum
877 848 1234 921 contendit,
1286 849 1543 923 scilicet,
1594 851 2036 913 necessitatem

460 941 947 1021 consequentiae,
980 941 1231 1019 quando
1258 948 1351 1003 est
1379 961 1457 1003 ex
1488 942 1885 1005 antecedenti
1926 962 2037 1005 ex·-

464 1033 753 1105 trinsecO,
786 1040 849 1095 et
872 1034 1041 1112 quod
1068 1053 1197 1095 non
1222 1041 1316 1096 est
1342 1035 1408 1095 in
1436 1026 1759 1115 potestate
1782 1036 2036 1097 inferio-

460 1126 547 1187 ris
574 1145 803 1199 causae,
831 1125 1065 1188 inferre
1095 1128 1159 1187 in
1186 1128 1325 1207 ipso
1356 1134 1783 1208 consequente
1814 1147 2034 1191 neces-

461 1218 710 1280 sitatem
735 1224 1197 1297 repugnantem
1230 1222 1690 1301 contingentiae.
1722 1222 2030 1301 Denique,

460 1312 557 1373 vel
610 1311 933 1373 obscurior
962 1320 1076 1387 est,
1132 1313 1233 1373 vel
1283 1315 1573 1375 eamdem
1606 1314 2034 1377 difficultatem

459 1405 651 1465 hahet
672 1404 999 1484 responsio
1030 1407 1099 1465 D.
1121 1407 1399 1481 Thomoe,
1420 1408 1675 1481 scilicet,
1704 1408 1909 1469 solum
1939 1425 2034 1469 se-

458 1499 563 1577 qui
594 1498 747 1559 illud
776 1516 1173 1578 consequens
1203 1518 1341 1562 esse
1378 1502 1803 1563 necessarium
1836 1507 1907 1562 ut
1933 1521 2034 1563 su—

456 1592 596 1654 best
640 1592 1059 1667 antecedenti,
1118 1611 1247 1653 non
1292 1612 1441 1655 vero
1496 1596 1785 1657 absolute
1810 1614 1827 1668 ;
1883 1612 2034 1655 nam

456 1686 577 1745 hoc
606 1687 793 1747 etiam
826 1689 919 1749 est
968 1685 1138 1765 quod
1191 1693 1637 1767 argumentum
1686 1687 2030 1764 contendit,

456 1779 751 1839 nimirum
780 1781 1216 1841 necessitatem
1234 1782 1429 1855 illam,
1452 1800 1645 1861 quam
1670 1780 1861 1844 habet
1882 1800 2036 1843 con·-

460 1890 735 1952 sequens
760 1874 1003 1935 ratione
1033 1874 1489 1952 antecedentia,
1524 1874 1859 1937 excludere
1884 1893 2036 1937 con·-

462 1967 855 2046 tingentiam.
1418 2018 1429 2025 .
2009 1970 2016 1979 ’

539 2062 637 2121 16.
677 2062 1019 2125 Solvuntur
1042 2080 1115 2125 ιω
1138 2062 1341 2125 dictis.
1369 2094 1452 2108 —
1478 2064 1950 2139 Verumtamen,
1977 2066 2032 2126 si

462 2172 595 2214 rem
626 2155 827 2235 ipsam
878 2158 1125 2217 tantum
1152 2161 1527 2233 spectemus,
1556 2155 1755 2217 facilis
1782 2165 1879 2219 est
1896 2178 2032 2221 res-

456 2248 703 2326 ponsio,
748 2267 825 2308 ex
844 2248 941 2307 his
970 2266 1108 2328 quoe
1132 2248 1213 2309 de
1242 2248 1489 2328 objecto
1527 2257 1587 2311 et
1612 2249 1801 2311 modo
1842 2252 2030 2332 hujus

458 2342 731 2403 scientim
754 2341 1159 2415 tradidimus;
1195 2341 1465 2403 diximus
1496 2344 1663 2405 enim
1693 2345 1825 2405 haec
1860 2346 2030 2407 futu-

456 2454 527 2495 ra
554 2454 682 2495 non
711 2435 853 2495 ideo
892 2454 1031 2495 esse
1059 2435 1267 2495 futura
1298 2436 1445 2513 quia
1484 2438 1767 2498 sciuntur
1796 2457 1833 2498 a
1873 2442 2028 2515 De0,

458 2528 572 2589 sed
589 2547 623 2589 e
640 2547 965 2603 converso,
988 2529 1133 2609 quia
1154 2528 1363 2591 futura
1390 2535 1557 2604 sunt,
1584 2530 1708 2604 vel,
1730 2537 1800 2591 ut
1813 2534 2034 2611 purius

460 2621 815 2699 loquamur,
836 2622 1156 2702 supposito
1177 2620 1347 2700 quod
1370 2622 1580 2683 futura
1602 2624 1747 2697 sint,
1770 2642 2032 2704 cognos-

458 2715 513 2775 ci
544 2734 581 2775 a
604 2716 766 2789 Deo;
802 2721 865 2776 et
891 2716 1033 2777 ideo
1060 2714 1479 2775 conclusimus
1504 2717 1796 2795 cognosci
1830 2736 1865 2777 a
1896 2719 2028 2779 Deo

459 2810 574 2869 has
598 2810 889 2870 veritates
918 2809 983 2868 in
1014 2809 1257 2887 seipsis,
1287 2810 1457 2888 quia,
1484 2810 1805 2889 supposita
1826 2810 2031 2872 deter-

456 2904 799 2965 minatione
839 2904 1049 2964 futura
1097 2904 1313 2964 talium
1359 2922 1727 2977 causarum,
1759 2906 1890 2983 jam
1937 2912 2032 2967 est

461 2997 691 3059 veritas
727 2998 790 3057 in
816 2997 923 3058 tali
964 2997 1230 3076 objecto,
1267 3015 1461 3075 quam
1489 2998 1658 3057 Deus
1684 3016 1761 3057 ex
1788 2998 2029 3059 infinita

462 3092 847 3171 perspicacia
902 3092 997 3152 sui
1056 3092 1409 3153 intellectus
1458 3093 1667 3154 statim
1731 3092 2028 3155 intuetur.

468 3187 579 3246 llla
624 3193 839 3247 autem
879 3187 1109 3248 veritas
1150 3204 1280 3248 non
1330 3187 1585 3248 aliunde
1628 3189 2030 3266 supponitur,

471 3296 663 3356 quam
692 3299 769 3340 ex
808 3279 1005 3340 libero
1035 3298 1153 3340 usu
1197 3278 1405 3340 futuro
1430 3280 1626 3358 ipsius
1656 3298 1885 3352 causae,
1929 3282 2034 3359 qui

459 3389 591 3434 non
627 3373 1001 3452 supponitur
1038 3372 1283 3434 futurus
1330 3373 1411 3432 ob
1460 3372 1735 3451 aliquam
1775 3391 2032 3433 causam

468 3467 881 3526 extrinsecam
914 3466 1461 3539 determinantem,
1494 3465 1607 3526 sed
1636 3485 1714 3526 ex
1746 3465 2034 3528 intrinse-

472 3577 545 3620 ca
584 3565 892 3638 potestate
936 3579 1139 3620 causae
1182 3559 1505 3637 proximte,
1549 3577 1693 3618 cum
1720 3558 2032 3638 adjutorio

464 3673 579 3716 seu
608 3671 923 3714 concursu
946 3651 1416 3732 proportionato
1437 3669 1643 3712 causae
1666 3652 2026 3730 superioriS.

468 3750 625 3810 Hinc
680 3767 830 3829 ergo
871 3749 952 3808 ad
994 3753 1434 3826 argumentum
1473 3746 1537 3806 in
1573 3747 1775 3806 forma
1816 3747 2042 3808 dicitur

465 3861 685 3904 omnes
740 3841 1181 3920 responsiones
1234 3840 1415 3901 datas
1468 3859 1607 3901 esse
1658 3841 1925 3919 optimas
1979 3847 2042 3901 et

474 3937 539 3996 in
572 3935 861 3998 eamdem
888 3935 1021 3996 fere
1050 3934 1423 3996 coine-idere.
1444 3933 1731 3994 Concedo
1756 3934 1945 4013 igitur
1965 3951 2042 3994 ex

466 4030 577 4102 illo
614 4029 1023 4092 antecedente
1072 4027 1247 4106 sequi
1288 4027 1561 4106 aliquam
1604 4028 2042 4088 necessitatem

474 4125 537 4184 in
566 4123 998 4201 consequenti,
1037 4139 1161 4181 non
1194 4125 1405 4180 tamen
1437 4120 1873 4180 necessitatem
1895 4120 2046 4180 sim-

468 4217 711 4296 pliciter
740 4234 851 4276 seu
874 4213 1244 4287 absolutam,
1278 4212 1392 4274 sed
1418 4217 1665 4273 tantum
1694 4213 2044 4274 secundum

472 4310 645 4388 quid,
690 4326 829 4386 quse
857 4326 984 4368 non
1029 4311 1341 4387 repugnat
1386 4306 1845 4385 contingentiae.
1895 4305 2045 4377 Quae

476 4405 709 4484 optime
744 4403 968 4463 dicitur
994 4421 1131 4463 esse
1164 4400 1505 4461 necessitas
1530 4400 1693 4460 illius
1732 4399 2045 4480 composi-

472 4498 682 4571 tlonis,
742 4515 881 4576 quse
922 4513 1052 4556 non
1094 4499 1405 4574 repugnat
1453 4493 1891 4572 contingentiae
1935 4511 2048 4553 seu

479 4591 751 4652 libertati
780 4596 957 4650 actus
982 4607 1095 4649 seu
1130 4589 1389 4649 effectus
1410 4631 1427 4661 ‚
1468 4587 1615 4665 quia
1644 4603 1867 4647 revera
1910 4586 2050 4647 haec

484 4702 613 4744 non
654 4683 881 4744 dicitur
918 4682 1259 4742 necessitas
1288 4679 1752 4760 compositionis
1794 4684 2053 4757 propter

486 4777 685 4838 solam
718 4776 1208 4854 suppositionem
1234 4771 1506 4834 scientiae
1526 4771 1773 4844 divinae,
1798 4769 1911 4832 sed
1931 4789 2052 4850 po-

484 4871 608 4932 tius
640 4871 787 4950 quia
810 4872 945 4949 ipsa
974 4868 1235 4930 scientia
1264 4867 1477 4928 divina
1514 4863 1811 4944 supponit
1831 4863 2054 4924 futuri-

485 4966 745 5038 tionem,
784 4982 898 5024 seu
928 4962 1249 5023 veritatem
1278 4962 1371 5020 rei
1395 4959 1639 5030 futurae,
1664 4963 1947 5035 utsupra
1973 4975 2052 5018 ex

488 5058 785 5120 Ansclmo
832 5064 897 5117 et
934 5056 1073 5116 aliis
1118 5055 1403 5116 Patribus
1440 5053 1791 5114 retulimus.
1844 5051 2045 5124 Unde,

482 5152 737 5232 quando
768 5150 1183 5212 communiter
1221 5147 1464 5220 dicitur,
1510 5146 1831 5225 supposito
1876 5146 2050 5224 quod

481 5249 648 5308 Deus
674 5247 851 5308 novit
877 5263 1011 5305 rem
1040 5261 1177 5305 esse
1218 5243 1515 5313 futuram,
1538 5259 1667 5300 non
1702 5257 1887 5318 posse
1918 5257 2048 5300 non

484 5359 622 5402 esse
676 5340 955 5401 futuram
1004 5339 1067 5400 in
1110 5354 1301 5398 sensu
1352 5333 1840 5414 compositionis,
1902 5333 2050 5394 ideo

484 5436 549 5496 id
574 5453 797 5496 verum
842 5437 937 5495 est
966 5433 1101 5493 sine
1129 5429 1545 5511 repugnantia
1587 5427 1891 5488 libertatis
1937 5445 2052 5488 seu

486 5527 955 5612 contingentiae,
983 5525 1153 5608 quia,
1176 5525 1239 5586 in
1264 5523 1369 5584 illa
1396 5520 1823 5601 suppositione
1850 5520 2055 5582 scien·

972 380 1183 435 OPUSG.
1218 382 1281 445 11,
1318 357 1445 435 Lm]
1469 382 1509 435 1.
1545 383 1627 435 DE
1658 382 1984 436 assotum
2019 382 2304 437 scu-:Nm
2335 382 2640 437 ruwnon.
2675 380 3194 435 confluet-mrim.

2115 480 2236 553 tiae,
2267 480 2492 541 virtute
2535 498 2648 541 seu
2678 480 2950 540 mediate
2975 478 3312 539 includitur
3339 472 3706 555 suppositio

2119 574 2346 652 objecti
2375 574 2536 653 ejus,
2565 571 2821 647 scilicet,
2847 572 3126 634 veritatis
3155 571 3410 632 ruturae.
3431 571 3574 630 Non
3601 571 3710 625 est

2121 684 2274 746 ergo
2311 666 2416 727 illa
2453 666 2797 747 suppositio
2839 684 3016 727 mere
3061 665 3436 735 extrinseca,
3477 677 3706 739 neque

2117 766 2212 822 est
2271 758 2526 821 omnino
2569 760 3002 839 independens
3047 776 3084 819 a
3132 756 3334 845 libera
3378 756 3710 835 potestate

2117 870 2324 914 causae
2353 853 2674 932 proximas,
2708 852 2820 914 sed
2847 851 3052 931 potius
3079 851 3248 911 illius
3281 849 3564 909 futuram
3587 846 3710 905 de-

2117 945 2622 1006 terminationem
2653 945 2969 1023 supponit,
2998 945 3084 1004 ita
3111 950 3204 1015 ut,
3237 943 3290 1003 si
3318 942 3533 1003 futura
3565 956 3710 998 non

2117 1044 2305 1111 esset,
2335 1057 2374 1097 a
2401 1039 2528 1099 Deo
2555 1056 2684 1099 non
2712 1037 2932 1097 fuisset
2971 1038 3144 1098 scita.
3181 1038 3258 1097 Et
3285 1036 3370 1096 ob
3397 1033 3710 1097 eamdem

2117 1150 2374 1195 causam
2409 1131 2638 1193 dicitur
2677 1132 2913 1211 optime
2955 1132 3092 1193 haec
3135 1130 3480 1191 necessitas
3553 1143 3708 1187 esse

2115 1232 2364 1288 tantum
2406 1225 2868 1303 consequentiae
2921 1230 2984 1285 et
3029 1243 3158 1286 non
3215 1222 3700 1303 consequentiS,

2115 1320 2276 1381 sicut
2295 1322 2392 1379 est
2417 1318 2552 1378 illa:
2579 1318 2642 1381 Si
2661 1336 2763 1379 res
2781 1318 2990 1378 futura
3013 1324 3129 1390 est,
3153 1319 3296 1391 erit,
3321 1317 3420 1377 vel
3447 1334 3462 1375 :
3483 1315 3556 1375 Si
3575 1320 3702 1381 est,

2113 1412 2470 1473 necessario
2493 1417 2620 1483 est;
2644 1417 2778 1471 tum
2805 1412 2977 1491 quia,
2999 1417 3070 1471 ut
3092 1410 3330 1472 dictum
3355 1415 3470 1482 est,
3499 1410 3572 1467 in
3591 1407 3706 1466 illo

2117 1503 2536 1577 antecedenti,
2581 1505 2746 1567 Deus
2785 1503 2990 1578 scivit,
3031 1503 3376 1583 suppositio
3403 1500 3709 1581 ejusdem

2113 1597 2496 1657 futuritionis
2535 1596 2905 1669 includitur-3
2955 1605 3090 1659 tum
3123 1596 3314 1660 etiam
3359 1597 3507 1673 quia
3561 1595 3708 1653 haec

2117 1691 2378 1752 scientia
2399 1690 2478 1752 de
2503 1708 2630 1769 qua
2645 1691 2892 1770 agimus
2908 1708 3034 1751 non
3051 1696 3150 1751 est
3175 1708 3370 1753 causa
3389 1689 3472 1751 ob
3495 1706 3706 1767 quam

2113 1802 2216 1845 res
2247 1784 2324 1845 sit
2349 1784 2584 1857 futura,
2617 1789 2686 1844 ut
2721 1801 2910 1862 supra
2939 1793 3262 1845 ostensum
3293 1788 3412 1855 est,
3445 1782 3568 1843 sed
3605 1786 3703 1841 est

2113 1896 2292 1939 mera
2305 1877 2551 1938 intuitio
2577 1876 2924 1937 extrinseca
2947 1895 2964 1948 ;
2987 1876 3157 1937 unde
3173 1876 3280 1936 illa
3295 1892 3706 1953 consequen-

2111 1970 2220 2045 tia,
2240 1976 2552 2048 quatenus
2569 1974 2664 2029 est
2678 1986 2756 2029 ex
2769 1969 3028 2030 scientia
3046 1969 3302 2029 visionis
3315 1969 3456 2041 Dei,
3467 1986 3704 2028 revera

2113 2069 2206 2125 est
2237 2082 2274 2123 a
2305 2062 2658 2141 posteriori,
2691 2068 2762 2123 ut
2786 2080 2862 2123 ex
2893 2080 3082 2141 supra
3111 2060 3293 2123 dictis
3311 2067 3523 2139 patet;
3561 2060 3702 2119 illa-

2111 2158 2198 2219 tio
2231 2161 2445 2219 autem
2483 2176 2520 2217 a
2551 2155 2904 2233 posteriori,
2957 2156 3361 2235 quantumvis
3399 2155 3542 2233 ipsa
3585 2172 3702 2213 ne-

2117 2252 2393 2313 cessaria
2439 2251 2538 2324 sit,
2589 2268 2716 2310 non
2762 2254 2968 2329 potest
2991 2248 3438 2311 necessitatem
3477 2266 3698 2311 conse-

2115 2344 2364 2424 quentis
2406 2344 2660 2414 inferre,
2701 2348 3008 2423 quantum
3055 2343 3138 2403 ad
3183 2360 3326 2403 esse
3367 2342 3531 2420 ejus,
3573 2342 3698 2400 nisi

2117 2437 2369 2498 aliunde
2401 2456 2480 2499 ex
2507 2454 2576 2497 se
2607 2436 2778 2497 illam
2805 2436 3058 2512 habeat,
3081 2436 3182 2497 vel
3211 2455 3292 2497 ex
3315 2436 3530 2514 aliqua
3555 2436 3696 2513 ejus

2115 2531 2496 2609 proprietate
2538 2529 2693 2591 alias
2747 2529 3140 2602 ostendatur;
3193 2528 3368 2607 quod
3413 2529 3516 2587 hic
3571 2526 3694 2587 dici

2115 2642 2242 2685 non
2271 2629 2496 2703 potest,
2519 2640 2671 2683 nam
2695 2624 2826 2683 haec
2857 2621 3114 2683 scientia
3137 2622 3250 2683 Dei
3271 2626 3372 2681 est
3399 2620 3556 2699 qnid
3587 2638 3694 2679 ex·

2111 2718 2455 2777 trinsecum
2499 2716 2590 2776 rei
2639 2715 2883 2788 futui-11³,
2917 2720 2981 2775 et
3015 2733 3143 2775 non
3185 2714 3478 2777 immutat
3517 2714 3692 2772 illam

2113 2810 2314 2888 magis
2341 2826 2532 2888 quam
2563 2808 2820 2869 scientia
2848 2809 3128 2869 humana
3165 2807 3267 2869 vel
3297 2824 3494 2885 quam
3535 2806 3690 2867 visio

2114 2904 2460 2964 extrinseca
2488 2901 2753 2981 imponit
2781 2901 3026 2981 objecto
3067 2900 3512 2963 necessitatem
3543 2920 3557 2959 :
3597 2900 3692 2961 his

2117 2997 2284 3059 euim
2353 2996 2655 3075 exemplis
2717 3001 2981 3055 utuntur
3029 2995 3220 3055 etiam
3271 2994 3486 3057 Sancti
3537 2994 3694 3053 cita-

2119 3090 2184 3166 ti,
2236 3089 2584 3169 praesertim
2638 3088 3050 3168 Augustinus,
3093 3090 3130 3150 3
3183 3087 3264 3149 de
3321 3088 3546 3150 Libero
3597 3104 3694 3146 ar-

2115 3183 2322 3256 bitrio,
2369 3183 2556 3262 capit.
2605 3184 2674 3255 ις
2721 3187 2786 3244 et
2826 3181 3099 3256 Boetius,
3151 3181 3374 3260 quinto
3417 3181 3498 3241 de
3537 3181 3695 3240 Con-

2118 3280 2420 3340 solatione
2449 3325 2470 3356 ,
2525 3296 2730 3358 prosa·
2763 3281 2806 3339 4
2828 3323 2844 3353 ,
2903 3279 3012 3338 ubi
3071 3283 3242 3338 recte
3305 3277 3458 3338 dicit
3525 3278 3698 3337 banc

2115 3373 2440 3434 scientiam
2491 3373 2603 3433 Dei
2643 3390 2768 3433 non
2803 3389 2942 3432 esse
2987 3389 3246 3432 causam
3296 3371 3392 3431 rei
3433 3371 3692 3442 futurae,

2115 3466 2229 3528 sed
2269 3466 2545 3544 signum,
2589 3465 2858 3542 ideoque
2899 3482 3028 3524 non
3073 3464 3382 3542 majorem
3421 3465 3696 3524 necessi-

2113 3565 2305 3620 tatem
2355 3560 2678 3637 imponere
2725 3559 2816 3618 rei
2844 3557 3087 3631 futurae,
3127 3575 3322 3636 qnam
3355 3556 3408 3618 si
3449 3556 3531 3617 de
3588 3557 3694 3616 illa

2122 3672 2251 3716 non
2279 3653 2621 3714 haberetur
2647 3652 2748 3712 illa
2777 3651 3066 3724 scientia;
3099 3669 3250 3710 nam
3295 3650 3546 3729 signum
3593 3670 3694 3711 os-

2121 3739 2320 3808 ten'dit
2367 3745 2430 3805 id
2471 3745 2642 3824 quod
2679 3745 2991 3823 designat,
3029 3761 3155 3804 non
3199 3743 3388 3806 efficit
3423 3749 3535 3804 aut
3576 3744 3694 3802 im-

2121 3845 2352 3912 mutat;
2385 3838 2676 3917 ideoque,
2707 3839 3018 3899 stantibus
3045 3837 3284 3898 eisdem
3323 3837 3550 3908 causiS,
3591 3853 3693 3896 eo-

2123 3933 2270 3994 dem
2301 3931 2488 3992 modo
2513 3931 2794 3994 eveniret
2825 3931 2931 3992 ille
2963 3931 3248 4002 effectuS,
3289 3929 3538 3990 etiamsi
3579 3947 3696 4008 per

2122 4025 2503 4106 impossibile
2543 4043 2582 4084 a
2609 4026 2738 4086 Deo
2767 4043 2896 4084 non
2931 4023 3214 4084 sciretur.

2205 4122 2302 4180 17.
2351 4117 2560 4202 May-:s
2609 4119 2804 4181 adhuc
2851 4118 3387 4198 explicatur-mus
3429 4115 3510 4177 D.
3539 4115 3694 4178 Tho-

2123 4231 2260 4276 moe.
2293 4211 2573 4293 Greyorii
2595 4210 2972 4292 impuynatio
3005 4215 3220 4272 contra
3263 4207 3338 4272 S.
3375 4207 3687 4270 stowam.

2123 4337 2206 4352 -
2231 4303 2326 4368 Ei
2357 4306 2433 4383 fit
2459 4304 2641 4366 satis.
2673 4335 2754 4349 -
2780 4303 3062 4364 Tandem
3107 4302 3174 4362 in
3213 4300 3386 4362 idem
3427 4299 3590 4360 redit
3618 4301 3690 4360 D.

2125 4400 2378 4460 Thomas
2405 4397 2728 4476 responsio
2765 4395 3053 4468 dicentis,
3095 4394 3249 4455 illud
3295 4409 3696 4471 consequens

2127 4497 2370 4552 tantum
2425 4508 2562 4552 esse
2601 4489 3030 4550 necessarium
3071 4493 3146 4548 ut
3183 4487 3400 4550 subest
3441 4492 3697 4546 antece-

2129 4585 2302 4646 denti
2325 4603 2342 4658 ;
2373 4582 2545 4663 quod
2571 4584 2656 4644 ita
2677 4583 3078 4662 interpretor,
3106 4582 3173 4642 id
3201 4583 3328 4657 est,
3347 4581 3522 4660 quod
3549 4599 3696 4658 sup-

2129 4679 2382 4757 ponitur
2426 4675 2659 4736 habere
2723 4674 3047 4736 veritatem
3097 4693 3214 4755 per
3265 4691 3459 4751 quam
3503 4673 3698 4752 possit

2129 4771 2316 4850 objici
2366 4769 2639 4832 scientim
2675 4769 2810 4830 Dei.
2861 4770 3020 4830 Nam
3071 4767 3192 4828 hoc
3219 4767 3428 4846 ipsum
3453 4773 3553 4827 est
3593 4785 3698 4826 su-

2131 4863 2314 4924 besse
2345 4863 2432 4923 illi
2463 4861 2895 4934 antecedenti;
2946 4861 3034 4921 ita
3075 4860 3242 4922 enim
3265 4859 3400 4938 ipse
3423 4861 3504 4920 D.
3537 4859 3697 4919 Tho·

2130 4974 2268 5016 mas
2295 4955 2739 5034 interpretatur
2767 4954 3011 5015 dicens:
3045 4953 3452 5032 Consequens
3477 4952 3698 5011 intelli-

2131 5049 2408 5130 gendum
2439 5055 2554 5122 est,
2593 5054 2779 5129 prout
2807 5048 3023 5110 subest
3065 5046 3338 5108 scientias
3367 5046 3506 5113 Dei,
3537 5045 3698 5105 scili-

2131 5150 2249 5216 cet,
2289 5147 2477 5222 prout
2507 5146 2604 5203 est
2647 5141 2712 5202 in
2757 5159 2871 5202 sua
2916 5139 3448 5220 praesentialitate,
3487 5139 3552 5198 id
3581 5144 3694 5208 est,

2129 5237 2192 5296 in
2246 5237 2580 5316 praesentia
2606 5281 2622 5308 ,
2671 5253 2810 5314 quae
2852 5234 3062 5295 futura
3115 5251 3252 5293 esse
3301 5232 3693 5311 supponitur.

2131 5331 2204 5390 Et
2237 5330 2356 5391 hoc
2377 5334 2472 5390 est
2499 5328 2668 5408 quod
2695 5327 3044 5406 subjungit:
3065 5326 3162 5388 Et
3179 5325 3274 5388 sio
3295 5325 3700 5388 uocum-ium

2132 5431 2224 5487 est
2270 5439 2627 5503 consequeus
2669 5419 2828 5484 siout
2853 5425 2911 5483 et
2939 5421 3310 5491 antecedens,
3355 5417 3505 5498 quia
3541 5435 3702 5480 omne

2135 5519 2292 5599 quod
2313 5523 2424 5592 est,
2458 5517 2600 5580 amn
2631 5519 2744 5589 eet,
2763 5531 2995 5578 necesse
3019 5519 3108 5578 est
3135 5528 3278 5574 esse.
3312 5510 3512 5592 Igitur
3541 5511 3698 5572 hanc
