<?xml version="1.0" encoding="UTF-8"?>
<!DOCTYPE html PUBLIC "-//W3C//DTD XHTML 1.0 Transitional//EN"
    "http://www.w3.org/TR/xhtml1/DTD/xhtml1-transitional.dtd">
<html xmlns="http://www.w3.org/1999/xhtml" xml:lang="en" lang="en">
 <head>
  <title>
</title>
<meta http-equiv="Content-Type" content="text/html;charset=utf-8" />
  <meta name='ocr-system' content='tesseract 3.04.00' />
  <meta name='ocr-capabilities' content='ocr_page ocr_carea ocr_par ocr_line ocrx_word'/>
</head>
<body>
  <div class='ocr_page' id='page_1' title='image "./rpfranciscisuar01duvagoog_0569.png"; bbox 0 0 3850 6225; ppageno 0'>
   <div class='ocr_carea' id='block_1_1' title="bbox 685 442 2917 517">
    <p class='ocr_par' dir='ltr' id='par_1_1' title="bbox 685 442 2917 517">
     <span class='ocr_line' id='line_1_1' title="bbox 685 442 2917 517; baseline 0 -18"><span class='ocrx_word' id='word_1_1' title='bbox 685 445 858 500; x_wconf 76' lang='lat' dir='ltr'><strong>SEc‘r.</strong></span> <span class='ocrx_word' id='word_1_2' title='bbox 893 446 981 500; x_wconf 85' lang='lat' dir='ltr'><strong>m.</strong></span> <span class='ocrx_word' id='word_1_3' title='bbox 1016 442 1198 495; x_wconf 73' lang='lat' dir='ltr'><strong>stTNE</strong></span> <span class='ocrx_word' id='word_1_4' title='bbox 1227 443 1294 496; x_wconf 78' lang='lat' dir='ltr'><strong>m</strong></span> <span class='ocrx_word' id='word_1_5' title='bbox 1323 443 1447 498; x_wconf 83' lang='grc' dir='ltr'><strong>1)Εο</strong></span> <span class='ocrx_word' id='word_1_6' title='bbox 1477 443 1648 497; x_wconf 73' lang='lat' dir='ltr'><strong>vm</strong></span> <span class='ocrx_word' id='word_1_7' title='bbox 1679 443 1761 498; x_wconf 74' lang='lat' dir='ltr'><strong>Ac</strong></span> <span class='ocrx_word' id='word_1_8' title='bbox 1789 443 2059 498; x_wconf 62' lang='lat' dir='ltr'><strong>»noma</strong></span> <span class='ocrx_word' id='word_1_9' title='bbox 2091 443 2521 500; x_wconf 62' lang='lat' dir='ltr'><strong>ntsrnmunva</strong></span> <span class='ocrx_word' id='word_1_10' title='bbox 2556 446 2849 502; x_wconf 65' lang='lat' dir='ltr'><strong>Jusn‘rla.</strong></span> <span class='ocrx_word' id='word_1_11' title='bbox 2912 509 2917 517; x_wconf 33' lang='lat'>¹</span> 
     </span>
    </p>
   </div>
   <div class='ocr_carea' id='block_1_2' title="bbox 139 547 1723 1284">
    <p class='ocr_par' dir='ltr' id='par_1_2' title="bbox 139 547 1723 1284">
     <span class='ocr_line' id='line_1_2' title="bbox 147 547 1720 629; baseline -0.001 -20"><span class='ocrx_word' id='word_1_12' title='bbox 147 547 364 629; x_wconf 78' lang='lat' dir='ltr'><strong>gnitati</strong></span> <span class='ocrx_word' id='word_1_13' title='bbox 401 549 950 628; x_wconf 87' lang='lat' dir='ltr'><strong>proportionatum</strong></span> <span class='ocrx_word' id='word_1_14' title='bbox 975 566 992 622; x_wconf 74' lang='grc' dir='ltr'><strong>ς</strong></span> <span class='ocrx_word' id='word_1_15' title='bbox 1024 547 1194 627; x_wconf 87' lang='lat' dir='ltr'><strong>quod</strong></span> <span class='ocrx_word' id='word_1_16' title='bbox 1208 548 1316 628; x_wconf 83' lang='lat' dir='ltr'><strong>jus</strong></span> <span class='ocrx_word' id='word_1_17' title='bbox 1343 565 1564 610; x_wconf 84' lang='lat' dir='ltr'><strong>revera</strong></span> <span class='ocrx_word' id='word_1_18' title='bbox 1591 565 1720 608; x_wconf 88' lang='lat' dir='ltr'><strong>non</strong></span> 
     </span>
     <span class='ocr_line' id='line_1_3' title="bbox 145 640 1721 721; baseline 0 -19"><span class='ocrx_word' id='word_1_19' title='bbox 145 648 237 704; x_wconf 86' lang='lat' dir='ltr'><strong>est</strong></span> <span class='ocrx_word' id='word_1_20' title='bbox 264 642 650 715; x_wconf 88' lang='lat' dir='ltr'><strong>dominium,</strong></span> <span class='ocrx_word' id='word_1_21' title='bbox 679 642 828 720; x_wconf 85' lang='lat' dir='ltr'><strong>quia</strong></span> <span class='ocrx_word' id='word_1_22' title='bbox 859 641 1008 714; x_wconf 85' lang='lat' dir='ltr'><strong>talia</strong></span> <span class='ocrx_word' id='word_1_23' title='bbox 1035 643 1204 703; x_wconf 89' lang='lat' dir='ltr'><strong>bona</strong></span> <span class='ocrx_word' id='word_1_24' title='bbox 1233 659 1558 721; x_wconf 85' lang='lat' dir='ltr'><strong>nunquam</strong></span> <span class='ocrx_word' id='word_1_25' title='bbox 1585 640 1721 702; x_wconf 85' lang='lat' dir='ltr'><strong>fue·</strong></span> 
     </span>
     <span class='ocr_line' id='line_1_4' title="bbox 139 735 1722 816; baseline -0.003 -16"><span class='ocrx_word' id='word_1_26' title='bbox 139 740 284 800; x_wconf 85' lang='lat' dir='ltr'><strong>runt</strong></span> <span class='ocrx_word' id='word_1_27' title='bbox 329 736 482 797; x_wconf 81' lang='lat' dir='ltr'><strong>talis</strong></span> <span class='ocrx_word' id='word_1_28' title='bbox 523 755 817 816; x_wconf 63' lang='lat' dir='ltr'><strong>personae</strong></span> <span class='ocrx_word' id='word_1_29' title='bbox 849 755 865 807; x_wconf 86' lang='grc'><strong>;</strong></span> <span class='ocrx_word' id='word_1_30' title='bbox 899 755 1016 798; x_wconf 85' lang='grc'><strong>1160</strong></span> <span class='ocrx_word' id='word_1_31' title='bbox 1052 737 1294 798; x_wconf 85' lang='lat' dir='ltr'><strong>ratione</strong></span> <span class='ocrx_word' id='word_1_32' title='bbox 1337 736 1570 816; x_wconf 87' lang='lat' dir='ltr'><strong>proprii</strong></span> <span class='ocrx_word' id='word_1_33' title='bbox 1609 735 1722 796; x_wconf 87' lang='lat' dir='ltr'><strong>do-</strong></span> 
     </span>
     <span class='ocr_line' id='line_1_5' title="bbox 141 828 1722 910; baseline -0.001 -20"><span class='ocrx_word' id='word_1_34' title='bbox 141 829 338 902; x_wconf 86' lang='lat' dir='ltr'><strong>minii,</strong></span> <span class='ocrx_word' id='word_1_35' title='bbox 379 834 495 891; x_wconf 85' lang='lat' dir='ltr'><strong>aut</strong></span> <span class='ocrx_word' id='word_1_36' title='bbox 545 829 802 892; x_wconf 85' lang='lat' dir='ltr'><strong>alterius</strong></span> <span class='ocrx_word' id='word_1_37' title='bbox 829 831 922 891; x_wconf 88' lang='lat' dir='ltr'><strong>rei</strong></span> <span class='ocrx_word' id='word_1_38' title='bbox 961 830 1254 910; x_wconf 74' lang='lat' dir='ltr'><strong>propriae,</strong></span> <span class='ocrx_word' id='word_1_39' title='bbox 1300 830 1368 890; x_wconf 89' lang='lat' dir='ltr'><strong>in</strong></span> <span class='ocrx_word' id='word_1_40' title='bbox 1415 847 1540 909; x_wconf 86' lang='lat' dir='ltr'><strong>qua</strong></span> <span class='ocrx_word' id='word_1_41' title='bbox 1571 828 1722 890; x_wconf 82' lang='lat' dir='ltr'><strong>lassa</strong></span> 
     </span>
     <span class='ocr_line' id='line_1_6' title="bbox 142 921 1722 1001; baseline -0.003 -17"><span class='ocrx_word' id='word_1_42' title='bbox 142 922 348 994; x_wconf 85' lang='lat' dir='ltr'><strong>fuerit,</strong></span> <span class='ocrx_word' id='word_1_43' title='bbox 393 922 454 982; x_wconf 91' lang='lat' dir='ltr'><strong>ei</strong></span> <span class='ocrx_word' id='word_1_44' title='bbox 491 921 828 984; x_wconf 82' lang='lat' dir='ltr'><strong>debentur.</strong></span> <span class='ocrx_word' id='word_1_45' title='bbox 860 922 1038 986; x_wconf 83' lang='lat' dir='ltr'><strong>Unde</strong></span> <span class='ocrx_word' id='word_1_46' title='bbox 1088 921 1162 983; x_wconf 87' lang='lat' dir='ltr'><strong>fit</strong></span> <span class='ocrx_word' id='word_1_47' title='bbox 1201 923 1388 984; x_wconf 80' lang='lat' dir='ltr'><strong>etium</strong></span> <span class='ocrx_word' id='word_1_48' title='bbox 1421 927 1488 984; x_wconf 88' lang='lat' dir='ltr'><strong>ut</strong></span> <span class='ocrx_word' id='word_1_49' title='bbox 1531 921 1722 1001; x_wconf 82' lang='lat' dir='ltr'><strong>longe</strong></span> 
     </span>
     <span class='ocr_line' id='line_1_7' title="bbox 142 1013 1722 1096; baseline -0.001 -18"><span class='ocrx_word' id='word_1_50' title='bbox 142 1017 348 1096; x_wconf 77' lang='lat' dir='ltr'><strong>majus</strong></span> <span class='ocrx_word' id='word_1_51' title='bbox 389 1021 456 1076; x_wconf 92' lang='lat' dir='ltr'><strong>et</strong></span> <span class='ocrx_word' id='word_1_52' title='bbox 501 1015 849 1096; x_wconf 83' lang='lat' dir='ltr'><strong>rigorosius</strong></span> <span class='ocrx_word' id='word_1_53' title='bbox 889 1016 969 1077; x_wconf 89' lang='lat' dir='ltr'><strong>sit</strong></span> <span class='ocrx_word' id='word_1_54' title='bbox 1019 1015 1300 1076; x_wconf 88' lang='lat' dir='ltr'><strong>debitum</strong></span> <span class='ocrx_word' id='word_1_55' title='bbox 1335 1059 1352 1090; x_wconf 95' lang='lat'><strong>,</strong></span> <span class='ocrx_word' id='word_1_56' title='bbox 1419 1013 1589 1094; x_wconf 88' lang='lat' dir='ltr'><strong>quod</strong></span> <span class='ocrx_word' id='word_1_57' title='bbox 1643 1031 1722 1076; x_wconf 86' lang='lat' dir='ltr'><strong>ex</strong></span> 
     </span>
     <span class='ocr_line' id='line_1_8' title="bbox 143 1108 1723 1190; baseline -0.001 -20"><span class='ocrx_word' id='word_1_58' title='bbox 143 1108 332 1190; x_wconf 84' lang='lat' dir='ltr'>priori</span> <span class='ocrx_word' id='word_1_59' title='bbox 369 1108 524 1187; x_wconf 83' lang='lat' dir='ltr'><strong>jure</strong></span> <span class='ocrx_word' id='word_1_60' title='bbox 573 1110 866 1183; x_wconf 77' lang='lat' dir='ltr'><strong>nascitur,</strong></span> <span class='ocrx_word' id='word_1_61' title='bbox 895 1125 1085 1188; x_wconf 88' lang='lat' dir='ltr'><strong>quam</strong></span> <span class='ocrx_word' id='word_1_62' title='bbox 1119 1108 1292 1188; x_wconf 87' lang='lat' dir='ltr'><strong>quod</strong></span> <span class='ocrx_word' id='word_1_63' title='bbox 1319 1126 1396 1168; x_wconf 88' lang='lat' dir='ltr'><strong>ex</strong></span> <span class='ocrx_word' id='word_1_64' title='bbox 1427 1109 1548 1169; x_wconf 85' lang='lat' dir='ltr'><strong>hoo</strong></span> <span class='ocrx_word' id='word_1_65' title='bbox 1576 1125 1723 1188; x_wconf 87' lang='lat' dir='ltr'><strong>pos-</strong></span> 
     </span>
     <span class='ocr_line' id='line_1_9' title="bbox 143 1201 1723 1284; baseline -0.001 -20"><span class='ocrx_word' id='word_1_66' title='bbox 143 1203 399 1275; x_wconf 80' lang='lat' dir='ltr'><strong>teriori3</strong></span> <span class='ocrx_word' id='word_1_67' title='bbox 451 1221 608 1263; x_wconf 87' lang='grc'><strong>116111</strong></span> <span class='ocrx_word' id='word_1_68' title='bbox 654 1205 855 1284; x_wconf 86' lang='lat' dir='ltr'><strong>magis</strong></span> <span class='ocrx_word' id='word_1_69' title='bbox 906 1203 1174 1264; x_wconf 86' lang='lat' dir='ltr'><strong>debetur</strong></span> <span class='ocrx_word' id='word_1_70' title='bbox 1210 1201 1396 1264; x_wconf 82' lang='lat' dir='ltr'><strong>alicui</strong></span> <span class='ocrx_word' id='word_1_71' title='bbox 1433 1201 1496 1261; x_wconf 90' lang='lat' dir='ltr'><strong>id</strong></span> <span class='ocrx_word' id='word_1_72' title='bbox 1553 1201 1723 1280; x_wconf 90' lang='lat' dir='ltr'><strong>quod</strong></span> 
     </span>
    </p>
   </div>
   <div class='ocr_carea' id='block_1_3' title="bbox 148 1295 1725 1375">
    <p class='ocr_par' dir='ltr' id='par_1_3' title="bbox 148 1295 1725 1375">
     <span class='ocr_line' id='line_1_10' title="bbox 148 1295 1725 1375; baseline -0.001 -18"><span class='ocrx_word' id='word_1_73' title='bbox 148 1301 238 1357; x_wconf 86' lang='lat' dir='ltr'><strong>est</strong></span> <span class='ocrx_word' id='word_1_74' title='bbox 283 1296 548 1374; x_wconf 84' lang='lat' dir='ltr'>proprie</span> <span class='ocrx_word' id='word_1_75' title='bbox 597 1315 806 1370; x_wconf 89' lang='lat' dir='ltr'><strong>suum,</strong></span> <span class='ocrx_word' id='word_1_76' title='bbox 851 1312 1042 1375; x_wconf 86' lang='lat' dir='ltr'><strong>quam</strong></span> <span class='ocrx_word' id='word_1_77' title='bbox 1081 1296 1146 1356; x_wconf 90' lang='lat' dir='ltr'><strong>id</strong></span> <span class='ocrx_word' id='word_1_78' title='bbox 1201 1295 1370 1375; x_wconf 84' lang='lat' dir='ltr'><strong>quod</strong></span> <span class='ocrx_word' id='word_1_79' title='bbox 1419 1301 1514 1356; x_wconf 89' lang='lat' dir='ltr'><strong>est</strong></span> <span class='ocrx_word' id='word_1_80' title='bbox 1553 1312 1725 1356; x_wconf 86' lang='lat' dir='ltr'><strong>com·-</strong></span> 
     </span>
    </p>
   </div>
   <div class='ocr_carea' id='block_1_4' title="bbox 147 1388 1724 3891">
    <p class='ocr_par' dir='ltr' id='par_1_4' title="bbox 147 1388 1724 2030">
     <span class='ocr_line' id='line_1_11' title="bbox 147 1388 1724 1469; baseline 0.001 -21"><span class='ocrx_word' id='word_1_81' title='bbox 147 1407 338 1449; x_wconf 88' lang='lat' dir='ltr'><strong>mune</strong></span> <span class='ocrx_word' id='word_1_82' title='bbox 365 1433 383 1461; x_wconf 91' lang='lat'><strong>,</strong></span> <span class='ocrx_word' id='word_1_83' title='bbox 414 1388 570 1451; x_wconf 87' lang='lat' dir='ltr'><strong>licet</strong></span> <span class='ocrx_word' id='word_1_84' title='bbox 609 1390 690 1450; x_wconf 86' lang='lat' dir='ltr'><strong>ad</strong></span> <span class='ocrx_word' id='word_1_85' title='bbox 715 1389 870 1450; x_wconf 90' lang='lat' dir='ltr'><strong>illud</strong></span> <span class='ocrx_word' id='word_1_86' title='bbox 901 1391 1130 1452; x_wconf 87' lang='lat' dir='ltr'><strong>babeat</strong></span> <span class='ocrx_word' id='word_1_87' title='bbox 1161 1388 1416 1469; x_wconf 82' lang='lat' dir='ltr'>aliquod</span> <span class='ocrx_word' id='word_1_88' title='bbox 1439 1389 1544 1468; x_wconf 86' lang='lat' dir='ltr'><strong>jus</strong></span> <span class='ocrx_word' id='word_1_89' title='bbox 1581 1406 1724 1468; x_wconf 89' lang='lat' dir='ltr'><strong>pro·</strong></span> 
     </span>
     <span class='ocr_line' id='line_1_12' title="bbox 151 1480 1720 1562; baseline 0.001 -22"><span class='ocrx_word' id='word_1_90' title='bbox 151 1489 286 1561; x_wconf 85' lang='lat' dir='ltr'><strong>pter</strong></span> <span class='ocrx_word' id='word_1_91' title='bbox 329 1480 710 1560; x_wconf 80' lang='lat' dir='ltr'><strong>dignitatem</strong></span> <span class='ocrx_word' id='word_1_92' title='bbox 735 1499 1044 1562; x_wconf 74' lang='grc'><strong>1161601116,</strong></span> <span class='ocrx_word' id='word_1_93' title='bbox 1077 1482 1179 1544; x_wconf 83' lang='lat' dir='ltr'><strong>vel</strong></span> <span class='ocrx_word' id='word_1_94' title='bbox 1223 1483 1412 1543; x_wconf 86' lang='lat' dir='ltr'><strong>aliam</strong></span> <span class='ocrx_word' id='word_1_95' title='bbox 1453 1482 1720 1544; x_wconf 83' lang='lat' dir='ltr'><strong>similem</strong></span> 
     </span>
     <span class='ocr_line' id='line_1_13' title="bbox 148 1575 1720 1655; baseline 0 -20"><span class='ocrx_word' id='word_1_96' title='bbox 148 1575 646 1655; x_wconf 77' lang='lat' dir='ltr'><strong>proportionem.</strong></span> <span class='ocrx_word' id='word_1_97' title='bbox 685 1575 860 1638; x_wconf 85' lang='lat' dir='ltr'><strong>Unde</strong></span> <span class='ocrx_word' id='word_1_98' title='bbox 903 1576 982 1637; x_wconf 84' lang='lat' dir='ltr'><strong>de</strong></span> <span class='ocrx_word' id='word_1_99' title='bbox 1033 1575 1220 1655; x_wconf 82' lang='lat' dir='ltr'><strong>priori</strong></span> <span class='ocrx_word' id='word_1_100' title='bbox 1261 1575 1470 1637; x_wconf 84' lang='lat' dir='ltr'><strong>debito</strong></span> <span class='ocrx_word' id='word_1_101' title='bbox 1499 1592 1720 1636; x_wconf 83' lang='lat' dir='ltr'><strong>omnes</strong></span> 
     </span>
     <span class='ocr_line' id='line_1_14' title="bbox 148 1665 1716 1758; baseline -0.001 -29"><span class='ocrx_word' id='word_1_102' title='bbox 148 1667 443 1746; x_wconf 84' lang='lat' dir='ltr'><strong>Theologi</strong></span> <span class='ocrx_word' id='word_1_103' title='bbox 505 1669 824 1758; x_wconf 55' lang='lat' dir='ltr'><strong>offirmant</strong></span> <span class='ocrx_word' id='word_1_104' title='bbox 882 1687 960 1730; x_wconf 84' lang='lat' dir='ltr'><strong>ex</strong></span> <span class='ocrx_word' id='word_1_105' title='bbox 1011 1669 1178 1730; x_wconf 90' lang='lat' dir='ltr'><strong>illius</strong></span> <span class='ocrx_word' id='word_1_106' title='bbox 1235 1668 1492 1730; x_wconf 79' lang='lat' dir='ltr'><strong>laesiono</strong></span> <span class='ocrx_word' id='word_1_107' title='bbox 1544 1665 1716 1729; x_wconf 86' lang='lat' dir='ltr'><strong>nasci</strong></span> 
     </span>
     <span class='ocr_line' id='line_1_15' title="bbox 152 1761 1718 1842; baseline 0.001 -21"><span class='ocrx_word' id='word_1_108' title='bbox 152 1761 599 1840; x_wconf 81' lang='lat' dir='ltr'><strong>obligationem</strong></span> <span class='ocrx_word' id='word_1_109' title='bbox 629 1762 1041 1836; x_wconf 77' lang='lat' dir='ltr'><strong>restituendi3</strong></span> <span class='ocrx_word' id='word_1_110' title='bbox 1087 1763 1166 1824; x_wconf 91' lang='lat' dir='ltr'><strong>de</strong></span> <span class='ocrx_word' id='word_1_111' title='bbox 1207 1761 1533 1842; x_wconf 70' lang='lat' dir='ltr'><strong>posteriori</strong></span> <span class='ocrx_word' id='word_1_112' title='bbox 1567 1778 1718 1823; x_wconf 78' lang='lat' dir='ltr'><strong>vero</strong></span> 
     </span>
     <span class='ocr_line' id='line_1_16' title="bbox 149 1854 1718 1936; baseline 0.001 -22"><span class='ocrx_word' id='word_1_113' title='bbox 149 1854 398 1932; x_wconf 79' lang='lat' dir='ltr'><strong>proecise</strong></span> <span class='ocrx_word' id='word_1_114' title='bbox 431 1861 714 1934; x_wconf 87' lang='lat' dir='ltr'><strong>sumpto,</strong></span> <span class='ocrx_word' id='word_1_115' title='bbox 748 1857 1176 1936; x_wconf 71' lang='lat' dir='ltr'><strong>quamplures,</strong></span> <span class='ocrx_word' id='word_1_116' title='bbox 1221 1861 1286 1919; x_wconf 86' lang='lat' dir='ltr'><strong>et</strong></span> <span class='ocrx_word' id='word_1_117' title='bbox 1317 1855 1580 1918; x_wconf 83' lang='lat' dir='ltr'><strong>fortasse</strong></span> <span class='ocrx_word' id='word_1_118' title='bbox 1609 1855 1718 1936; x_wconf 87' lang='lat' dir='ltr'><strong>qui</strong></span> 
     </span>
     <span class='ocr_line' id='line_1_17' title="bbox 151 1949 1128 2030; baseline 0.002 -22"><span class='ocrx_word' id='word_1_119' title='bbox 151 1949 370 2008; x_wconf 84' lang='lat' dir='ltr'><strong>melius</strong></span> <span class='ocrx_word' id='word_1_120' title='bbox 425 1949 736 2022; x_wconf 87' lang='lat' dir='ltr'><strong>sentiunt,</strong></span> <span class='ocrx_word' id='word_1_121' title='bbox 773 1949 836 2009; x_wconf 90' lang='lat' dir='ltr'><strong>id</strong></span> <span class='ocrx_word' id='word_1_122' title='bbox 873 1951 1128 2030; x_wconf 81' lang='lat' dir='ltr'><strong>neg-ant.</strong></span> 
     </span>
    </p>

    <p class='ocr_par' dir='ltr' id='par_1_5' title="bbox 153 2041 1722 3891">
     <span class='ocr_line' id='line_1_18' title="bbox 227 2041 1720 2123; baseline 0 -22"><span class='ocrx_word' id='word_1_123' title='bbox 227 2045 322 2103; x_wconf 72' lang='lat'><strong>15.</strong></span> <span class='ocrx_word' id='word_1_124' title='bbox 372 2042 692 2104; x_wconf 77' lang='lat' dir='ltr'><strong>Proeterea</strong></span> <span class='ocrx_word' id='word_1_125' title='bbox 721 2087 738 2115; x_wconf 94' lang='lat'><strong>,</strong></span> <span class='ocrx_word' id='word_1_126' title='bbox 771 2061 849 2104; x_wconf 85' lang='lat' dir='ltr'><strong>ex</strong></span> <span class='ocrx_word' id='word_1_127' title='bbox 893 2043 1086 2104; x_wconf 86' lang='lat' dir='ltr'><strong>rebus</strong></span> <span class='ocrx_word' id='word_1_128' title='bbox 1125 2043 1278 2123; x_wconf 87' lang='lat' dir='ltr'><strong>ipsis</strong></span> <span class='ocrx_word' id='word_1_129' title='bbox 1323 2048 1386 2104; x_wconf 88' lang='lat' dir='ltr'><strong>et</strong></span> <span class='ocrx_word' id='word_1_130' title='bbox 1417 2041 1720 2121; x_wconf 83' lang='lat' dir='ltr'><strong>exemplis</strong></span> 
     </span>
     <span class='ocr_line' id='line_1_19' title="bbox 153 2133 1722 2216; baseline 0 -20"><span class='ocrx_word' id='word_1_131' title='bbox 153 2133 459 2204; x_wconf 84' lang='lat' dir='ltr'><strong>adductis,</strong></span> <span class='ocrx_word' id='word_1_132' title='bbox 493 2140 706 2214; x_wconf 87' lang='lat' dir='ltr'><strong>potest</strong></span> <span class='ocrx_word' id='word_1_133' title='bbox 735 2137 867 2197; x_wconf 84' lang='lat' dir='ltr'><strong>haec</strong></span> <span class='ocrx_word' id='word_1_134' title='bbox 895 2136 1162 2216; x_wconf 85' lang='lat' dir='ltr'><strong>justitia,</strong></span> <span class='ocrx_word' id='word_1_135' title='bbox 1201 2155 1276 2198; x_wconf 87' lang='lat' dir='ltr'><strong>ac</strong></span> <span class='ocrx_word' id='word_1_136' title='bbox 1305 2135 1591 2216; x_wconf 81' lang='lat' dir='ltr'><strong>specialis</strong></span> <span class='ocrx_word' id='word_1_137' title='bbox 1618 2154 1722 2196; x_wconf 79' lang='lat' dir='ltr'><strong>ra-</strong></span> 
     </span>
     <span class='ocr_line' id='line_1_20' title="bbox 153 2227 1719 2308; baseline 0.001 -19"><span class='ocrx_word' id='word_1_138' title='bbox 153 2229 232 2289; x_wconf 87' lang='lat' dir='ltr'><strong>tio</strong></span> <span class='ocrx_word' id='word_1_139' title='bbox 265 2227 461 2288; x_wconf 84' lang='lat' dir='ltr'><strong>debiti</strong></span> <span class='ocrx_word' id='word_1_140' title='bbox 501 2228 766 2308; x_wconf 77' lang='lat' dir='ltr'><strong>intelligi</strong></span> <span class='ocrx_word' id='word_1_141' title='bbox 797 2247 812 2302; x_wconf 91' lang='grc'>;</span> <span class='ocrx_word' id='word_1_142' title='bbox 868 2247 1019 2289; x_wconf 87' lang='grc'><strong>116111</strong></span> <span class='ocrx_word' id='word_1_143' title='bbox 1071 2228 1180 2308; x_wconf 83' lang='grc'><strong>(1111</strong></span> <span class='ocrx_word' id='word_1_144' title='bbox 1207 2229 1585 2292; x_wconf 87' lang='lat' dir='ltr'><strong>beneficium</strong></span> <span class='ocrx_word' id='word_1_145' title='bbox 1618 2230 1719 2290; x_wconf 81' lang='lat' dir='ltr'><strong>vel</strong></span> 
     </span>
     <span class='ocr_line' id='line_1_21' title="bbox 154 2321 1720 2402; baseline 0.003 -22"><span class='ocrx_word' id='word_1_146' title='bbox 154 2321 516 2381; x_wconf 71' lang='lat' dir='ltr'><strong>cathedram</strong></span> <span class='ocrx_word' id='word_1_147' title='bbox 558 2322 931 2401; x_wconf 71' lang='lat' dir='ltr'><strong>praetendit,</strong></span> <span class='ocrx_word' id='word_1_148' title='bbox 980 2339 1308 2402; x_wconf 83' lang='lat' dir='ltr'><strong>nunquam</strong></span> <span class='ocrx_word' id='word_1_149' title='bbox 1351 2323 1570 2386; x_wconf 84' lang='lat' dir='ltr'><strong>habuit</strong></span> <span class='ocrx_word' id='word_1_150' title='bbox 1609 2324 1720 2384; x_wconf 91' lang='lat' dir='ltr'><strong>do-</strong></span> 
     </span>
     <span class='ocr_line' id='line_1_22' title="bbox 153 2413 1718 2495; baseline 0.004 -24"><span class='ocrx_word' id='word_1_151' title='bbox 153 2413 410 2472; x_wconf 88' lang='lat' dir='ltr'><strong>minium</strong></span> <span class='ocrx_word' id='word_1_152' title='bbox 468 2415 573 2474; x_wconf 85' lang='lat' dir='ltr'><strong>vel</strong></span> <span class='ocrx_word' id='word_1_153' title='bbox 610 2415 1075 2493; x_wconf 86' lang='lat' dir='ltr'><strong>possessionem</strong></span> <span class='ocrx_word' id='word_1_154' title='bbox 1122 2416 1295 2495; x_wconf 86' lang='lat' dir='ltr'><strong>ejus,</strong></span> <span class='ocrx_word' id='word_1_155' title='bbox 1329 2417 1432 2479; x_wconf 78' lang='lat' dir='ltr'><strong>vel</strong></span> <span class='ocrx_word' id='word_1_156' title='bbox 1463 2416 1718 2478; x_wconf 85' lang='lat' dir='ltr'><strong>alterius</strong></span> 
     </span>
     <span class='ocr_line' id='line_1_23' title="bbox 156 2507 1714 2591; baseline 0.004 -25"><span class='ocrx_word' id='word_1_157' title='bbox 156 2507 241 2567; x_wconf 85' lang='lat' dir='ltr'><strong>rei</strong></span> <span class='ocrx_word' id='word_1_158' title='bbox 285 2507 744 2586; x_wconf 74' lang='lat' dir='ltr'><strong>aeqnivalentis,</strong></span> <span class='ocrx_word' id='word_1_159' title='bbox 787 2527 978 2588; x_wconf 89' lang='lat' dir='ltr'><strong>quam</strong></span> <span class='ocrx_word' id='word_1_160' title='bbox 1023 2529 1138 2591; x_wconf 91' lang='lat' dir='ltr'><strong>pro</strong></span> <span class='ocrx_word' id='word_1_161' title='bbox 1182 2511 1376 2571; x_wconf 89' lang='lat' dir='ltr'><strong>altera</strong></span> <span class='ocrx_word' id='word_1_162' title='bbox 1423 2510 1714 2583; x_wconf 88' lang='lat' dir='ltr'><strong>dederit;</strong></span> 
     </span>
     <span class='ocr_line' id='line_1_24' title="bbox 161 2598 1720 2684; baseline 0.004 -26"><span class='ocrx_word' id='word_1_163' title='bbox 161 2598 344 2660; x_wconf 85' lang='lat' dir='ltr'><strong>habet</strong></span> <span class='ocrx_word' id='word_1_164' title='bbox 367 2605 610 2674; x_wconf 84' lang='lat' dir='ltr'><strong>tamen,</strong></span> <span class='ocrx_word' id='word_1_165' title='bbox 647 2603 698 2662; x_wconf 90' lang='lat' dir='ltr'><strong>si</strong></span> <span class='ocrx_word' id='word_1_166' title='bbox 743 2602 823 2663; x_wconf 85' lang='lat' dir='ltr'><strong>sit</strong></span> <span class='ocrx_word' id='word_1_167' title='bbox 845 2603 1034 2684; x_wconf 83' lang='lat' dir='ltr'><strong>digna</strong></span> <span class='ocrx_word' id='word_1_168' title='bbox 1071 2621 1364 2683; x_wconf 86' lang='lat' dir='ltr'><strong>persona,</strong></span> <span class='ocrx_word' id='word_1_169' title='bbox 1391 2605 1496 2684; x_wconf 83' lang='lat' dir='ltr'><strong>jus</strong></span> <span class='ocrx_word' id='word_1_170' title='bbox 1523 2603 1720 2681; x_wconf 88' lang='lat' dir='ltr'><strong>quod-</strong></span> 
     </span>
     <span class='ocr_line' id='line_1_25' title="bbox 159 2693 1721 2775; baseline 0.002 -22"><span class='ocrx_word' id='word_1_171' title='bbox 159 2693 296 2753; x_wconf 85' lang='lat' dir='ltr'><strong>dam</strong></span> <span class='ocrx_word' id='word_1_172' title='bbox 341 2693 424 2754; x_wconf 79' lang='lat' dir='ltr'><strong>ad</strong></span> <span class='ocrx_word' id='word_1_173' title='bbox 453 2695 649 2755; x_wconf 84' lang='lat' dir='ltr'><strong>talem</strong></span> <span class='ocrx_word' id='word_1_174' title='bbox 679 2713 813 2756; x_wconf 85' lang='lat' dir='ltr'><strong>rem</strong></span> <span class='ocrx_word' id='word_1_175' title='bbox 841 2742 857 2760; x_wconf 84' lang='grc'><strong>,</strong></span> <span class='ocrx_word' id='word_1_176' title='bbox 913 2697 1062 2775; x_wconf 88' lang='lat' dir='ltr'><strong>quia</strong></span> <span class='ocrx_word' id='word_1_177' title='bbox 1109 2698 1454 2758; x_wconf 86' lang='lat' dir='ltr'><strong>secundum</strong></span> <span class='ocrx_word' id='word_1_178' title='bbox 1497 2715 1721 2775; x_wconf 89' lang='lat' dir='ltr'><strong>quam-</strong></span> 
     </span>
     <span class='ocr_line' id='line_1_26' title="bbox 160 2785 1716 2870; baseline 0.003 -24"><span class='ocrx_word' id='word_1_179' title='bbox 160 2785 294 2846; x_wconf 88' lang='lat' dir='ltr'><strong>dam</strong></span> <span class='ocrx_word' id='word_1_180' title='bbox 351 2787 718 2864; x_wconf 77' lang='lat' dir='ltr'><strong>aequitatem</strong></span> <span class='ocrx_word' id='word_1_181' title='bbox 763 2789 820 2849; x_wconf 92' lang='lat' dir='ltr'><strong>ei</strong></span> <span class='ocrx_word' id='word_1_182' title='bbox 865 2789 1072 2869; x_wconf 87' lang='lat' dir='ltr'><strong>potius</strong></span> <span class='ocrx_word' id='word_1_183' title='bbox 1135 2808 1332 2870; x_wconf 89' lang='lat' dir='ltr'><strong>quam</strong></span> <span class='ocrx_word' id='word_1_184' title='bbox 1376 2789 1555 2850; x_wconf 83' lang='lat' dir='ltr'><strong>alteri</strong></span> <span class='ocrx_word' id='word_1_185' title='bbox 1605 2789 1716 2850; x_wconf 85' lang='lat' dir='ltr'><strong>tri-</strong></span> 
     </span>
     <span class='ocr_line' id='line_1_27' title="bbox 159 2878 1706 2963; baseline 0.003 -26"><span class='ocrx_word' id='word_1_186' title='bbox 159 2878 400 2940; x_wconf 85' lang='lat' dir='ltr'><strong>buenda</strong></span> <span class='ocrx_word' id='word_1_187' title='bbox 415 2884 536 2953; x_wconf 86' lang='lat' dir='ltr'><strong>est,</strong></span> <span class='ocrx_word' id='word_1_188' title='bbox 571 2899 648 2941; x_wconf 89' lang='lat' dir='ltr'><strong>eo</strong></span> <span class='ocrx_word' id='word_1_189' title='bbox 677 2882 870 2960; x_wconf 88' lang='lat' dir='ltr'><strong>quod,</strong></span> <span class='ocrx_word' id='word_1_190' title='bbox 893 2883 1054 2944; x_wconf 90' lang='lat' dir='ltr'><strong>inter</strong></span> <span class='ocrx_word' id='word_1_191' title='bbox 1081 2889 1290 2963; x_wconf 86' lang='lat' dir='ltr'><strong>partes</strong></span> <span class='ocrx_word' id='word_1_192' title='bbox 1317 2883 1506 2962; x_wconf 89' lang='lat' dir='ltr'><strong>hujus</strong></span> <span class='ocrx_word' id='word_1_193' title='bbox 1535 2901 1706 2944; x_wconf 84' lang='lat' dir='ltr'><strong>com-</strong></span> 
     </span>
     <span class='ocr_line' id='line_1_28' title="bbox 155 2972 1710 3056; baseline 0.005 -27"><span class='ocrx_word' id='word_1_194' title='bbox 155 2972 489 3047; x_wconf 78' lang='lat' dir='ltr'><strong>munitatis,</strong></span> <span class='ocrx_word' id='word_1_195' title='bbox 515 2973 746 3035; x_wconf 73' lang='lat' dir='ltr'><strong>habeat</strong></span> <span class='ocrx_word' id='word_1_196' title='bbox 762 2976 1064 3054; x_wconf 87' lang='lat' dir='ltr'><strong>majorem</strong></span> <span class='ocrx_word' id='word_1_197' title='bbox 1085 2977 1550 3056; x_wconf 83' lang='lat' dir='ltr'><strong>proportionem</strong></span> <span class='ocrx_word' id='word_1_198' title='bbox 1567 2994 1710 3037; x_wconf 90' lang='lat' dir='ltr'><strong>cum</strong></span> 
     </span>
     <span class='ocr_line' id='line_1_29' title="bbox 155 3064 1712 3148; baseline 0.004 -23"><span class='ocrx_word' id='word_1_199' title='bbox 155 3064 254 3125; x_wconf 88' lang='lat' dir='ltr'><strong>tali</strong></span> <span class='ocrx_word' id='word_1_200' title='bbox 303 3083 394 3139; x_wconf 88' lang='lat' dir='ltr'><strong>re,</strong></span> <span class='ocrx_word' id='word_1_201' title='bbox 445 3085 643 3147; x_wconf 83' lang='lat' dir='ltr'><strong>qnam</strong></span> <span class='ocrx_word' id='word_1_202' title='bbox 671 3067 807 3129; x_wconf 81' lang='lat' dir='ltr'><strong>aliae</strong></span> <span class='ocrx_word' id='word_1_203' title='bbox 849 3087 1154 3148; x_wconf 81' lang='lat' dir='ltr'><strong>personae.</strong></span> <span class='ocrx_word' id='word_1_204' title='bbox 1189 3069 1366 3133; x_wconf 87' lang='lat' dir='ltr'><strong>Unde</strong></span> <span class='ocrx_word' id='word_1_205' title='bbox 1414 3067 1507 3142; x_wconf 89' lang='lat' dir='ltr'><strong>fit,</strong></span> <span class='ocrx_word' id='word_1_206' title='bbox 1540 3068 1712 3148; x_wconf 89' lang='lat' dir='ltr'><strong>quod</strong></span> 
     </span>
     <span class='ocr_line' id='line_1_30' title="bbox 157 3158 1716 3243; baseline 0.004 -27"><span class='ocrx_word' id='word_1_207' title='bbox 157 3158 200 3216; x_wconf 89' lang='lat' dir='ltr'><strong>si</strong></span> <span class='ocrx_word' id='word_1_208' title='bbox 245 3158 364 3219; x_wconf 86' lang='lat' dir='ltr'><strong>sint</strong></span> <span class='ocrx_word' id='word_1_209' title='bbox 393 3160 538 3222; x_wconf 78' lang='lat' dir='ltr'><strong>aliae</strong></span> <span class='ocrx_word' id='word_1_210' title='bbox 567 3178 854 3239; x_wconf 79' lang='lat' dir='ltr'><strong>personoe</strong></span> <span class='ocrx_word' id='word_1_211' title='bbox 895 3182 1076 3243; x_wconf 81' lang='lat' dir='ltr'><strong>oeque</strong></span> <span class='ocrx_word' id='word_1_212' title='bbox 1135 3163 1364 3243; x_wconf 82' lang='lat' dir='ltr'><strong>dignae,</strong></span> <span class='ocrx_word' id='word_1_213' title='bbox 1397 3163 1568 3224; x_wconf 90' lang='lat' dir='ltr'><strong>nulla</strong></span> <span class='ocrx_word' id='word_1_214' title='bbox 1607 3181 1716 3225; x_wconf 87' lang='lat' dir='ltr'><strong>ea·-</strong></span> 
     </span>
     <span class='ocr_line' id='line_1_31' title="bbox 159 3253 1708 3333; baseline 0.005 -23"><span class='ocrx_word' id='word_1_215' title='bbox 159 3268 288 3311; x_wconf 90' lang='lat' dir='ltr'><strong>rum</strong></span> <span class='ocrx_word' id='word_1_216' title='bbox 321 3253 564 3316; x_wconf 78' lang='lat' dir='ltr'><strong>habent</strong></span> <span class='ocrx_word' id='word_1_217' title='bbox 591 3256 692 3333; x_wconf 88' lang='lat' dir='ltr'><strong>jus</strong></span> <span class='ocrx_word' id='word_1_218' title='bbox 739 3254 820 3315; x_wconf 82' lang='lat' dir='ltr'><strong>ad</strong></span> <span class='ocrx_word' id='word_1_219' title='bbox 848 3256 1038 3317; x_wconf 87' lang='lat' dir='ltr'><strong>talem</strong></span> <span class='ocrx_word' id='word_1_220' title='bbox 1067 3274 1202 3317; x_wconf 90' lang='lat' dir='ltr'><strong>rem</strong></span> <span class='ocrx_word' id='word_1_221' title='bbox 1247 3257 1708 3331; x_wconf 86' lang='lat' dir='ltr'><strong>necessarium,</strong></span> 
     </span>
     <span class='ocr_line' id='line_1_32' title="bbox 155 3346 1712 3423; baseline 0.006 -19"><span class='ocrx_word' id='word_1_222' title='bbox 155 3350 216 3403; x_wconf 85' lang='lat' dir='ltr'><strong>ut</strong></span> <span class='ocrx_word' id='word_1_223' title='bbox 265 3346 350 3407; x_wconf 89' lang='lat' dir='ltr'><strong>sic</strong></span> <span class='ocrx_word' id='word_1_224' title='bbox 393 3346 627 3421; x_wconf 74' lang='lat' dir='ltr'><strong>dicam,</strong></span> <span class='ocrx_word' id='word_1_225' title='bbox 663 3366 778 3409; x_wconf 86' lang='lat' dir='ltr'><strong>seu</strong></span> <span class='ocrx_word' id='word_1_226' title='bbox 823 3350 1065 3423; x_wconf 84' lang='lat' dir='ltr'><strong>efficax,</strong></span> <span class='ocrx_word' id='word_1_227' title='bbox 1099 3350 1212 3411; x_wconf 87' lang='lat' dir='ltr'><strong>sed</strong></span> <span class='ocrx_word' id='word_1_228' title='bbox 1248 3356 1493 3411; x_wconf 86' lang='lat' dir='ltr'><strong>tantum</strong></span> <span class='ocrx_word' id='word_1_229' title='bbox 1547 3352 1712 3413; x_wconf 87' lang='lat' dir='ltr'><strong>suffi-</strong></span> 
     </span>
     <span class='ocr_line' id='line_1_33' title="bbox 153 3438 1714 3522; baseline 0.005 -25"><span class='ocrx_word' id='word_1_230' title='bbox 153 3438 355 3510; x_wconf 83' lang='lat' dir='ltr'><strong>ciens;</strong></span> <span class='ocrx_word' id='word_1_231' title='bbox 409 3441 564 3519; x_wconf 87' lang='lat' dir='ltr'><strong>quia</strong></span> <span class='ocrx_word' id='word_1_232' title='bbox 603 3441 978 3522; x_wconf 86' lang='lat' dir='ltr'><strong>cuicumque</strong></span> <span class='ocrx_word' id='word_1_233' title='bbox 1030 3460 1250 3503; x_wconf 83' lang='lat' dir='ltr'><strong>earum</strong></span> <span class='ocrx_word' id='word_1_234' title='bbox 1307 3443 1518 3516; x_wconf 84' lang='lat' dir='ltr'><strong>detur,</strong></span> <span class='ocrx_word' id='word_1_235' title='bbox 1561 3444 1714 3505; x_wconf 87' lang='lat' dir='ltr'><strong>nulli</strong></span> 
     </span>
     <span class='ocr_line' id='line_1_34' title="bbox 154 3530 1716 3615; baseline 0.005 -26"><span class='ocrx_word' id='word_1_236' title='bbox 154 3530 216 3589; x_wconf 84' lang='lat' dir='ltr'><strong>fit</strong></span> <span class='ocrx_word' id='word_1_237' title='bbox 244 3531 490 3611; x_wconf 81' lang='lat' dir='ltr'><strong>injuria.</strong></span> <span class='ocrx_word' id='word_1_238' title='bbox 531 3536 735 3613; x_wconf 80' lang='lat' dir='ltr'><strong>Atque</strong></span> <span class='ocrx_word' id='word_1_239' title='bbox 766 3534 912 3596; x_wconf 87' lang='lat' dir='ltr'><strong>hinc</strong></span> <span class='ocrx_word' id='word_1_240' title='bbox 941 3536 1130 3597; x_wconf 84' lang='lat' dir='ltr'><strong>etiam</strong></span> <span class='ocrx_word' id='word_1_241' title='bbox 1159 3536 1396 3615; x_wconf 89' lang='lat' dir='ltr'><strong>optime</strong></span> <span class='ocrx_word' id='word_1_242' title='bbox 1439 3537 1716 3599; x_wconf 86' lang='lat' dir='ltr'><strong>declara·-</strong></span> 
     </span>
     <span class='ocr_line' id='line_1_35' title="bbox 155 3628 1714 3711; baseline 0.006 -27"><span class='ocrx_word' id='word_1_243' title='bbox 155 3630 250 3684; x_wconf 89' lang='lat' dir='ltr'><strong>tur</strong></span> <span class='ocrx_word' id='word_1_244' title='bbox 287 3644 322 3684; x_wconf 79' lang='lat' dir='ltr'>a</span> <span class='ocrx_word' id='word_1_245' title='bbox 369 3628 707 3705; x_wconf 78' lang='lat' dir='ltr'><strong>posteriori</strong></span> <span class='ocrx_word' id='word_1_246' title='bbox 751 3629 872 3689; x_wconf 90' lang='lat' dir='ltr'><strong>hoc</strong></span> <span class='ocrx_word' id='word_1_247' title='bbox 917 3629 1023 3708; x_wconf 84' lang='lat' dir='ltr'><strong>jus</strong></span> <span class='ocrx_word' id='word_1_248' title='bbox 1083 3648 1224 3690; x_wconf 87' lang='lat' dir='ltr'><strong>esse</strong></span> <span class='ocrx_word' id='word_1_249' title='bbox 1285 3630 1472 3711; x_wconf 87' lang='lat' dir='ltr'><strong>longe</strong></span> <span class='ocrx_word' id='word_1_250' title='bbox 1514 3632 1714 3693; x_wconf 86' lang='lat' dir='ltr'><strong>diver·</strong></span> 
     </span>
     <span class='ocr_line' id='line_1_36' title="bbox 155 3719 1706 3803; baseline 0.005 -28"><span class='ocrx_word' id='word_1_251' title='bbox 155 3734 306 3791; x_wconf 87' lang='lat' dir='ltr'><strong>sum,</strong></span> <span class='ocrx_word' id='word_1_252' title='bbox 369 3725 432 3780; x_wconf 89' lang='lat' dir='ltr'><strong>et</strong></span> <span class='ocrx_word' id='word_1_253' title='bbox 483 3719 800 3782; x_wconf 77' lang='lat' dir='ltr'><strong>inferioris</strong></span> <span class='ocrx_word' id='word_1_254' title='bbox 841 3722 1106 3783; x_wconf 86' lang='lat' dir='ltr'><strong>rarionis</strong></span> <span class='ocrx_word' id='word_1_255' title='bbox 1153 3740 1192 3783; x_wconf 84' lang='lat' dir='ltr'><strong>a</strong></span> <span class='ocrx_word' id='word_1_256' title='bbox 1229 3724 1372 3803; x_wconf 85' lang='lat' dir='ltr'><strong>jure</strong></span> <span class='ocrx_word' id='word_1_257' title='bbox 1427 3724 1706 3785; x_wconf 88' lang='lat' dir='ltr'><strong>dominii.</strong></span> 
     </span>
     <span class='ocr_line' id='line_1_37' title="bbox 153 3808 1708 3891; baseline 0.006 -24"><span class='ocrx_word' id='word_1_258' title='bbox 153 3808 294 3879; x_wconf 85' lang='lat' dir='ltr'><strong>Quia</strong></span> <span class='ocrx_word' id='word_1_259' title='bbox 320 3818 661 3891; x_wconf 84' lang='lat' dir='ltr'><strong>postquam</strong></span> <span class='ocrx_word' id='word_1_260' title='bbox 712 3814 898 3875; x_wconf 86' lang='lat' dir='ltr'><strong>alicui</strong></span> <span class='ocrx_word' id='word_1_261' title='bbox 941 3814 1158 3876; x_wconf 87' lang='lat' dir='ltr'><strong>datum</strong></span> <span class='ocrx_word' id='word_1_262' title='bbox 1187 3822 1282 3877; x_wconf 89' lang='lat' dir='ltr'><strong>est</strong></span> <span class='ocrx_word' id='word_1_263' title='bbox 1309 3816 1708 3889; x_wconf 83' lang='lat' dir='ltr'><strong>beneficium,</strong></span> 
     </span>
    </p>
   </div>
   <div class='ocr_carea' id='block_1_5' title="bbox 153 3907 1752 3988">
    <p class='ocr_par' dir='ltr' id='par_1_6' title="bbox 153 3907 1752 3988">
     <span class='ocr_line' id='line_1_38' title="bbox 153 3907 1752 3988; baseline 0.006 -26"><span class='ocrx_word' id='word_1_264' title='bbox 153 3919 255 3963; x_wconf 83' lang='lat' dir='ltr'><strong>seu</strong></span> <span class='ocrx_word' id='word_1_265' title='bbox 303 3923 542 3967; x_wconf 88' lang='lat' dir='ltr'><strong>munus</strong></span> <span class='ocrx_word' id='word_1_266' title='bbox 575 3907 914 3982; x_wconf 80' lang='lat' dir='ltr'><strong>cathedrae,</strong></span> <span class='ocrx_word' id='word_1_267' title='bbox 952 3908 1258 3988; x_wconf 88' lang='lat' dir='ltr'><strong>quiajam</strong></span> <span class='ocrx_word' id='word_1_268' title='bbox 1311 3910 1504 3972; x_wconf 86' lang='lat' dir='ltr'><strong>habet</strong></span> <span class='ocrx_word' id='word_1_269' title='bbox 1545 3910 1712 3971; x_wconf 89' lang='lat' dir='ltr'><strong>illius</strong></span> <span class='ocrx_word' id='word_1_270' title='bbox 1748 3912 1752 3917; x_wconf 84' lang='grc'><strong>’</strong></span> 
     </span>
    </p>
   </div>
   <div class='ocr_carea' id='block_1_6' title="bbox 149 3993 1714 4911">
    <p class='ocr_par' dir='ltr' id='par_1_7' title="bbox 149 3993 1714 4542">
     <span class='ocr_line' id='line_1_39' title="bbox 154 3993 1709 4082; baseline 0.006 -27"><span class='ocrx_word' id='word_1_271' title='bbox 154 3993 512 4073; x_wconf 86' lang='lat' dir='ltr'><strong>dominium,</strong></span> <span class='ocrx_word' id='word_1_272' title='bbox 557 4018 688 4060; x_wconf 88' lang='lat' dir='ltr'><strong>non</strong></span> <span class='ocrx_word' id='word_1_273' title='bbox 749 4006 956 4079; x_wconf 84' lang='lat' dir='ltr'><strong>potest</strong></span> <span class='ocrx_word' id='word_1_274' title='bbox 995 4006 1254 4081; x_wconf 84' lang='lat' dir='ltr'><strong>propter</strong></span> <span class='ocrx_word' id='word_1_275' title='bbox 1295 4020 1709 4082; x_wconf 66' lang='lat' dir='ltr'><strong>quaecumque</strong></span> 
     </span>
     <span class='ocr_line' id='line_1_40' title="bbox 156 4086 1712 4177; baseline 0.007 -31"><span class='ocrx_word' id='word_1_276' title='bbox 156 4086 394 4150; x_wconf 83' lang='lat' dir='ltr'><strong>alterius</strong></span> <span class='ocrx_word' id='word_1_277' title='bbox 443 4092 670 4152; x_wconf 77' lang='lat' dir='ltr'><strong>merita</strong></span> <span class='ocrx_word' id='word_1_278' title='bbox 696 4092 962 4171; x_wconf 60' lang='lat' dir='ltr'><strong>aequalia</strong></span> <span class='ocrx_word' id='word_1_279' title='bbox 985 4168 992 4177; x_wconf 31' lang='lat'>¹</span> <span class='ocrx_word' id='word_1_280' title='bbox 1015 4094 1114 4154; x_wconf 82' lang='lat' dir='ltr'><strong>vel</strong></span> <span class='ocrx_word' id='word_1_281' title='bbox 1151 4094 1413 4175; x_wconf 81' lang='lat' dir='ltr'><strong>majora</strong></span> <span class='ocrx_word' id='word_1_282' title='bbox 1437 4096 1558 4156; x_wconf 83' lang='lat' dir='ltr'><strong>illis</strong></span> <span class='ocrx_word' id='word_1_283' title='bbox 1583 4095 1712 4175; x_wconf 89' lang='lat' dir='ltr'><strong>pri-</strong></span> 
     </span>
     <span class='ocr_line' id='line_1_41' title="bbox 153 4182 1714 4268; baseline 0.007 -29"><span class='ocrx_word' id='word_1_284' title='bbox 153 4182 314 4254; x_wconf 73' lang='lat' dir='ltr'><strong>vari;</strong></span> <span class='ocrx_word' id='word_1_285' title='bbox 354 4184 662 4263; x_wconf 85' lang='lat' dir='ltr'><strong>fieretque</strong></span> <span class='ocrx_word' id='word_1_286' title='bbox 703 4186 936 4266; x_wconf 84' lang='lat' dir='ltr'><strong>injuria</strong></span> <span class='ocrx_word' id='word_1_287' title='bbox 965 4193 1184 4249; x_wconf 86' lang='lat' dir='ltr'><strong>contra</strong></span> <span class='ocrx_word' id='word_1_288' title='bbox 1203 4188 1508 4268; x_wconf 83' lang='lat' dir='ltr'><strong>justitiam</strong></span> <span class='ocrx_word' id='word_1_289' title='bbox 1537 4208 1714 4250; x_wconf 89' lang='lat' dir='ltr'><strong>com-</strong></span> 
     </span>
     <span class='ocr_line' id='line_1_42' title="bbox 153 4276 1708 4358; baseline 0.009 -27"><span class='ocrx_word' id='word_1_290' title='bbox 153 4276 504 4337; x_wconf 81' lang='lat' dir='ltr'><strong>mutativam</strong></span> <span class='ocrx_word' id='word_1_291' title='bbox 539 4296 556 4349; x_wconf 77' lang='grc' dir='ltr'>ς</span> <span class='ocrx_word' id='word_1_292' title='bbox 593 4296 744 4357; x_wconf 82' lang='lat' dir='ltr'><strong>ergo</strong></span> <span class='ocrx_word' id='word_1_293' title='bbox 781 4279 972 4358; x_wconf 87' lang='lat' dir='ltr'><strong>longe</strong></span> <span class='ocrx_word' id='word_1_294' title='bbox 995 4280 1312 4342; x_wconf 82' lang='lat' dir='ltr'><strong>diversum</strong></span> <span class='ocrx_word' id='word_1_295' title='bbox 1341 4285 1436 4343; x_wconf 83' lang='lat' dir='ltr'><strong>est</strong></span> <span class='ocrx_word' id='word_1_296' title='bbox 1474 4283 1708 4345; x_wconf 86' lang='lat' dir='ltr'><strong>habere</strong></span> 
     </span>
     <span class='ocr_line' id='line_1_43' title="bbox 149 4370 1702 4452; baseline 0.008 -29"><span class='ocrx_word' id='word_1_297' title='bbox 149 4382 356 4427; x_wconf 82' lang='lat' dir='ltr'><strong>-verum</strong></span> <span class='ocrx_word' id='word_1_298' title='bbox 377 4370 484 4447; x_wconf 84' lang='lat' dir='ltr'><strong>jus</strong></span> <span class='ocrx_word' id='word_1_299' title='bbox 513 4370 578 4429; x_wconf 90' lang='lat' dir='ltr'><strong>in</strong></span> <span class='ocrx_word' id='word_1_300' title='bbox 612 4388 682 4431; x_wconf 88' lang='lat' dir='ltr'><strong>re</strong></span> <span class='ocrx_word' id='word_1_301' title='bbox 719 4377 1018 4449; x_wconf 84' lang='lat' dir='ltr'><strong>tanquam</strong></span> <span class='ocrx_word' id='word_1_302' title='bbox 1055 4374 1330 4452; x_wconf 88' lang='lat' dir='ltr'><strong>propria,</strong></span> <span class='ocrx_word' id='word_1_303' title='bbox 1376 4379 1440 4435; x_wconf 93' lang='lat' dir='ltr'><strong>et</strong></span> <span class='ocrx_word' id='word_1_304' title='bbox 1465 4373 1702 4437; x_wconf 84' lang='lat' dir='ltr'><strong>habere</strong></span> 
     </span>
     <span class='ocr_line' id='line_1_44' title="bbox 154 4458 1274 4542; baseline 0.011 -27"><span class='ocrx_word' id='word_1_305' title='bbox 154 4458 406 4537; x_wconf 82' lang='lat' dir='ltr'><strong>aliquale</strong></span> <span class='ocrx_word' id='word_1_306' title='bbox 427 4464 536 4542; x_wconf 88' lang='lat' dir='ltr'><strong>jus</strong></span> <span class='ocrx_word' id='word_1_307' title='bbox 563 4464 642 4525; x_wconf 90' lang='lat' dir='ltr'><strong>ad</strong></span> <span class='ocrx_word' id='word_1_308' title='bbox 665 4484 804 4527; x_wconf 89' lang='lat' dir='ltr'><strong>rem</strong></span> <span class='ocrx_word' id='word_1_309' title='bbox 843 4482 1274 4527; x_wconf 84' lang='lat' dir='ltr'><strong>communem.</strong></span> 
     </span>
    </p>

    <p class='ocr_par' dir='ltr' id='par_1_8' title="bbox 153 4554 1708 4911">
     <span class='ocr_line' id='line_1_45' title="bbox 225 4554 1707 4641; baseline 0.007 -29"><span class='ocrx_word' id='word_1_310' title='bbox 225 4554 318 4614; x_wconf 75' lang='lat'><strong>16.</strong></span> <span class='ocrx_word' id='word_1_311' title='bbox 364 4554 674 4620; x_wconf 70' lang='lat' dir='ltr'><strong>Conclusio</strong></span> <span class='ocrx_word' id='word_1_312' title='bbox 705 4559 1038 4622; x_wconf 70' lang='lat' dir='ltr'><strong>discursus.</strong></span> <span class='ocrx_word' id='word_1_313' title='bbox 1051 4592 1136 4607; x_wconf 90' lang='grc'><strong>--</strong></span> <span class='ocrx_word' id='word_1_314' title='bbox 1152 4559 1375 4623; x_wconf 69' lang='lat' dir='ltr'><strong>Priona</strong></span> <span class='ocrx_word' id='word_1_315' title='bbox 1392 4578 1546 4641; x_wconf 73' lang='lat' dir='ltr'><strong>pars</strong></span> <span class='ocrx_word' id='word_1_316' title='bbox 1573 4578 1707 4623; x_wconf 74' lang='lat' dir='ltr'><strong>con-</strong></span> 
     </span>
     <span class='ocr_line' id='line_1_46' title="bbox 158 4644 1706 4736; baseline 0.01 -33"><span class='ocrx_word' id='word_1_317' title='bbox 158 4644 440 4711; x_wconf 66' lang='lat' dir='ltr'><strong>clusionis</strong></span> <span class='ocrx_word' id='word_1_318' title='bbox 469 4651 787 4732; x_wconf 75' lang='lat' dir='ltr'><strong>probatur.</strong></span> <span class='ocrx_word' id='word_1_319' title='bbox 820 4684 902 4697; x_wconf 97' lang='lat'><strong>—</strong></span> <span class='ocrx_word' id='word_1_320' title='bbox 929 4654 1244 4716; x_wconf 73' lang='lat' dir='ltr'><strong>Posterior</strong></span> <span class='ocrx_word' id='word_1_321' title='bbox 1291 4670 1446 4735; x_wconf 71' lang='lat' dir='ltr'><strong>pars</strong></span> <span class='ocrx_word' id='word_1_322' title='bbox 1483 4655 1706 4736; x_wconf 75' lang='lat' dir='ltr'><strong>proba·</strong></span> 
     </span>
     <span class='ocr_line' id='line_1_47' title="bbox 157 4738 1708 4824; baseline 0.008 -29"><span class='ocrx_word' id='word_1_323' title='bbox 157 4738 270 4797; x_wconf 79' lang='lat' dir='ltr'><strong>tur.</strong></span> <span class='ocrx_word' id='word_1_324' title='bbox 295 4742 480 4803; x_wconf 77' lang='lat' dir='ltr'><strong>—Ex</strong></span> <span class='ocrx_word' id='word_1_325' title='bbox 509 4742 606 4803; x_wconf 91' lang='lat' dir='ltr'><strong>his</strong></span> <span class='ocrx_word' id='word_1_326' title='bbox 641 4762 792 4824; x_wconf 82' lang='lat' dir='ltr'><strong>ergo</strong></span> <span class='ocrx_word' id='word_1_327' title='bbox 839 4745 1146 4806; x_wconf 88' lang='lat' dir='ltr'><strong>concludo</strong></span> <span class='ocrx_word' id='word_1_328' title='bbox 1184 4746 1348 4807; x_wconf 84' lang='lat' dir='ltr'><strong>hanc</strong></span> <span class='ocrx_word' id='word_1_329' title='bbox 1388 4746 1708 4809; x_wconf 77' lang='lat' dir='ltr'><strong>diversita-</strong></span> 
     </span>
     <span class='ocr_line' id='line_1_48' title="bbox 153 4831 1706 4911; baseline 0.011 -26"><span class='ocrx_word' id='word_1_330' title='bbox 153 4831 266 4888; x_wconf 85' lang='lat' dir='ltr'><strong>tem</strong></span> <span class='ocrx_word' id='word_1_331' title='bbox 284 4833 516 4911; x_wconf 85' lang='lat' dir='ltr'><strong>jurium</strong></span> <span class='ocrx_word' id='word_1_332' title='bbox 543 4837 828 4898; x_wconf 83' lang='lat' dir='ltr'><strong>sufficere</strong></span> <span class='ocrx_word' id='word_1_333' title='bbox 869 4837 950 4898; x_wconf 89' lang='lat' dir='ltr'><strong>ad</strong></span> <span class='ocrx_word' id='word_1_334' title='bbox 978 4837 1440 4901; x_wconf 74' lang='lat' dir='ltr'><strong>distinctionem</strong></span> <span class='ocrx_word' id='word_1_335' title='bbox 1479 4842 1706 4902; x_wconf 87' lang='lat' dir='ltr'><strong>consti-</strong></span> 
     </span>
    </p>
   </div>
   <div class='ocr_carea' id='block_1_7' title="bbox 3244 443 3362 506">
    <p class='ocr_par' dir='ltr' id='par_1_9' title="bbox 3244 443 3362 506">
     <span class='ocr_line' id='line_1_49' title="bbox 3244 443 3362 506; baseline 0.008 -1"><span class='ocrx_word' id='word_1_336' title='bbox 3244 443 3362 506; x_wconf 72' lang='lat'><strong>555</strong></span> 
     </span>
    </p>
   </div>
   <div class='ocr_carea' id='block_1_8' title="bbox 1791 548 3365 3809">
    <p class='ocr_par' dir='ltr' id='par_1_10' title="bbox 1791 548 3365 3809">
     <span class='ocr_line' id='line_1_50' title="bbox 1803 548 3359 626; baseline 0.001 -16"><span class='ocrx_word' id='word_1_337' title='bbox 1803 565 1880 610; x_wconf 87' lang='lat' dir='ltr'><strong>ex</strong></span> <span class='ocrx_word' id='word_1_338' title='bbox 1925 548 2173 610; x_wconf 79' lang='lat' dir='ltr'><strong>diversa</strong></span> <span class='ocrx_word' id='word_1_339' title='bbox 2202 549 2441 610; x_wconf 87' lang='lat' dir='ltr'><strong>ratione</strong></span> <span class='ocrx_word' id='word_1_340' title='bbox 2476 549 2665 612; x_wconf 90' lang='lat' dir='ltr'><strong>debiti</strong></span> <span class='ocrx_word' id='word_1_341' title='bbox 2699 569 2715 623; x_wconf 89' lang='lat'>;</span> <span class='ocrx_word' id='word_1_342' title='bbox 2772 555 2835 612; x_wconf 88' lang='lat' dir='ltr'><strong>et</strong></span> <span class='ocrx_word' id='word_1_343' title='bbox 2874 551 3359 626; x_wconf 79' lang='lat' dir='ltr'><strong>observantiam,</strong></span> 
     </span>
     <span class='ocr_line' id='line_1_51' title="bbox 1802 641 3365 724; baseline 0.002 -23"><span class='ocrx_word' id='word_1_344' title='bbox 1802 658 1925 720; x_wconf 83' lang='lat' dir='ltr'><strong>qua</strong></span> <span class='ocrx_word' id='word_1_345' title='bbox 1968 641 2257 704; x_wconf 87' lang='lat' dir='ltr'><strong>homines</strong></span> <span class='ocrx_word' id='word_1_346' title='bbox 2286 641 2570 718; x_wconf 81' lang='lat' dir='ltr'><strong>colimus,</strong></span> <span class='ocrx_word' id='word_1_347' title='bbox 2600 662 2637 705; x_wconf 92' lang='lat' dir='ltr'><strong>a</strong></span> <span class='ocrx_word' id='word_1_348' title='bbox 2678 643 2951 724; x_wconf 73' lang='lat' dir='ltr'><strong>pietate,</strong></span> <span class='ocrx_word' id='word_1_349' title='bbox 2984 661 3105 722; x_wconf 88' lang='lat' dir='ltr'><strong>qna</strong></span> <span class='ocrx_word' id='word_1_350' title='bbox 3138 661 3365 723; x_wconf 83' lang='lat' dir='ltr'><strong>paren-</strong></span> 
     </span>
     <span class='ocr_line' id='line_1_52' title="bbox 1800 737 3363 818; baseline 0.002 -22"><span class='ocrx_word' id='word_1_351' title='bbox 1800 740 1929 808; x_wconf 84' lang='lat' dir='ltr'><strong>tes;</strong></span> <span class='ocrx_word' id='word_1_352' title='bbox 1966 741 2029 797; x_wconf 88' lang='lat' dir='ltr'><strong>et</strong></span> <span class='ocrx_word' id='word_1_353' title='bbox 2057 737 2219 798; x_wconf 87' lang='lat' dir='ltr'><strong>hanc</strong></span> <span class='ocrx_word' id='word_1_354' title='bbox 2242 738 2431 800; x_wconf 81' lang='lat' dir='ltr'><strong>etiam</strong></span> <span class='ocrx_word' id='word_1_355' title='bbox 2458 757 2496 798; x_wconf 88' lang='lat' dir='ltr'><strong>a</strong></span> <span class='ocrx_word' id='word_1_356' title='bbox 2520 738 2845 818; x_wconf 82' lang='lat' dir='ltr'><strong>religione,</strong></span> <span class='ocrx_word' id='word_1_357' title='bbox 2875 755 2999 816; x_wconf 86' lang='lat' dir='ltr'><strong>qua</strong></span> <span class='ocrx_word' id='word_1_358' title='bbox 3032 739 3231 800; x_wconf 86' lang='lat' dir='ltr'><strong>Deum</strong></span> <span class='ocrx_word' id='word_1_359' title='bbox 3260 757 3363 799; x_wconf 83' lang='lat' dir='ltr'><strong>ve·-</strong></span> 
     </span>
     <span class='ocr_line' id='line_1_53' title="bbox 1803 831 3361 912; baseline 0.003 -24"><span class='ocrx_word' id='word_1_360' title='bbox 1803 845 2123 902; x_wconf 86' lang='lat' dir='ltr'><strong>neramur,</strong></span> <span class='ocrx_word' id='word_1_361' title='bbox 2170 831 2319 910; x_wconf 87' lang='lat' dir='ltr'><strong>quia</strong></span> <span class='ocrx_word' id='word_1_362' title='bbox 2346 831 2409 892; x_wconf 89' lang='lat' dir='ltr'><strong>in</strong></span> <span class='ocrx_word' id='word_1_363' title='bbox 2448 832 2547 892; x_wconf 91' lang='lat' dir='ltr'><strong>his</strong></span> <span class='ocrx_word' id='word_1_364' title='bbox 2578 831 2870 892; x_wconf 87' lang='lat' dir='ltr'><strong>omnibus</strong></span> <span class='ocrx_word' id='word_1_365' title='bbox 2898 831 3083 912; x_wconf 83' lang='lat' dir='ltr'><strong>longe</strong></span> <span class='ocrx_word' id='word_1_366' title='bbox 3116 831 3361 892; x_wconf 83' lang='lat' dir='ltr'><strong>diversa</strong></span> 
     </span>
     <span class='ocr_line' id='line_1_54' title="bbox 1803 920 3362 1004; baseline 0.001 -22"><span class='ocrx_word' id='word_1_367' title='bbox 1803 921 1961 982; x_wconf 89' lang='lat' dir='ltr'><strong>ratio</strong></span> <span class='ocrx_word' id='word_1_368' title='bbox 1986 920 2177 984; x_wconf 89' lang='lat' dir='ltr'><strong>debiti</strong></span> <span class='ocrx_word' id='word_1_369' title='bbox 2220 921 2569 998; x_wconf 79' lang='lat' dir='ltr'><strong>invenitur3</strong></span> <span class='ocrx_word' id='word_1_370' title='bbox 2624 941 2775 1004; x_wconf 85' lang='lat' dir='ltr'><strong>ergo</strong></span> <span class='ocrx_word' id='word_1_371' title='bbox 2806 923 3089 986; x_wconf 84' lang='lat' dir='ltr'><strong>similiter</strong></span> <span class='ocrx_word' id='word_1_372' title='bbox 3114 923 3177 984; x_wconf 87' lang='lat' dir='ltr'><strong>in</strong></span> <span class='ocrx_word' id='word_1_373' title='bbox 3206 942 3362 1004; x_wconf 81' lang='lat' dir='ltr'><strong>proe·</strong></span> 
     </span>
     <span class='ocr_line' id='line_1_55' title="bbox 1803 1014 3363 1097; baseline 0.003 -23"><span class='ocrx_word' id='word_1_374' title='bbox 1803 1014 1987 1089; x_wconf 87' lang='lat' dir='ltr'><strong>santi,</strong></span> <span class='ocrx_word' id='word_1_375' title='bbox 2018 1033 2165 1076; x_wconf 90' lang='lat' dir='ltr'><strong>nam</strong></span> <span class='ocrx_word' id='word_1_376' title='bbox 2208 1023 2304 1078; x_wconf 87' lang='lat' dir='ltr'><strong>est</strong></span> <span class='ocrx_word' id='word_1_377' title='bbox 2346 1018 2569 1079; x_wconf 84' lang='lat' dir='ltr'><strong>eadem</strong></span> <span class='ocrx_word' id='word_1_378' title='bbox 2596 1018 2699 1078; x_wconf 76' lang='lat' dir='ltr'><strong>vel</strong></span> <span class='ocrx_word' id='word_1_379' title='bbox 2744 1018 2943 1097; x_wconf 82' lang='lat' dir='ltr'><strong>major</strong></span> <span class='ocrx_word' id='word_1_380' title='bbox 2994 1018 3173 1078; x_wconf 89' lang='lat' dir='ltr'><strong>ratio.</strong></span> <span class='ocrx_word' id='word_1_381' title='bbox 3221 1015 3363 1079; x_wconf 84' lang='lat' dir='ltr'><strong>Pos-</strong></span> 
     </span>
     <span class='ocr_line' id='line_1_56' title="bbox 1800 1107 3361 1190; baseline 0.002 -21"><span class='ocrx_word' id='word_1_382' title='bbox 1800 1107 1993 1169; x_wconf 85' lang='lat' dir='ltr'><strong>terior</strong></span> <span class='ocrx_word' id='word_1_383' title='bbox 2039 1115 2249 1170; x_wconf 87' lang='lat' dir='ltr'><strong>autcm</strong></span> <span class='ocrx_word' id='word_1_384' title='bbox 2297 1129 2445 1190; x_wconf 84' lang='lat' dir='ltr'><strong>pars</strong></span> <span class='ocrx_word' id='word_1_385' title='bbox 2491 1109 2738 1172; x_wconf 86' lang='lat' dir='ltr'><strong>videtur</strong></span> <span class='ocrx_word' id='word_1_386' title='bbox 2770 1110 2921 1173; x_wconf 86' lang='lat' dir='ltr'><strong>satis</strong></span> <span class='ocrx_word' id='word_1_387' title='bbox 2958 1109 3241 1173; x_wconf 88' lang='lat' dir='ltr'><strong>concludi</strong></span> <span class='ocrx_word' id='word_1_388' title='bbox 3286 1129 3361 1172; x_wconf 88' lang='lat' dir='ltr'><strong>ex</strong></span> 
     </span>
     <span class='ocr_line' id='line_1_57' title="bbox 1805 1202 3362 1285; baseline 0.003 -23"><span class='ocrx_word' id='word_1_389' title='bbox 1805 1202 2097 1264; x_wconf 88' lang='lat' dir='ltr'><strong>omnibus</strong></span> <span class='ocrx_word' id='word_1_390' title='bbox 2132 1204 2437 1266; x_wconf 86' lang='lat' dir='ltr'><strong>hactenus</strong></span> <span class='ocrx_word' id='word_1_391' title='bbox 2468 1205 2669 1280; x_wconf 87' lang='lat' dir='ltr'><strong>dictis,</strong></span> <span class='ocrx_word' id='word_1_392' title='bbox 2714 1207 2861 1285; x_wconf 87' lang='lat' dir='ltr'><strong>quia</strong></span> <span class='ocrx_word' id='word_1_393' title='bbox 2896 1206 2946 1267; x_wconf 88' lang='lat' dir='ltr'><strong>si</strong></span> <span class='ocrx_word' id='word_1_394' title='bbox 2994 1205 3056 1266; x_wconf 91' lang='lat' dir='ltr'><strong>in</strong></span> <span class='ocrx_word' id='word_1_395' title='bbox 3099 1205 3362 1267; x_wconf 87' lang='lat' dir='ltr'><strong>homini-</strong></span> 
     </span>
     <span class='ocr_line' id='line_1_58' title="bbox 1801 1293 3361 1379; baseline 0.003 -24"><span class='ocrx_word' id='word_1_396' title='bbox 1801 1293 1920 1356; x_wconf 87' lang='lat' dir='ltr'><strong>bus</strong></span> <span class='ocrx_word' id='word_1_397' title='bbox 1970 1303 2117 1357; x_wconf 86' lang='lat' dir='ltr'><strong>sunt</strong></span> <span class='ocrx_word' id='word_1_398' title='bbox 2151 1299 2287 1358; x_wconf 85' lang='lat' dir='ltr'><strong>haec</strong></span> <span class='ocrx_word' id='word_1_399' title='bbox 2324 1296 2567 1360; x_wconf 78' lang='lat' dir='ltr'><strong>diversa</strong></span> <span class='ocrx_word' id='word_1_400' title='bbox 2601 1299 2767 1379; x_wconf 81' lang='lat' dir='ltr'><strong>jura,</strong></span> <span class='ocrx_word' id='word_1_401' title='bbox 2806 1298 3176 1360; x_wconf 81' lang='lat' dir='ltr'><strong>necessariae</strong></span> <span class='ocrx_word' id='word_1_402' title='bbox 3216 1303 3361 1359; x_wconf 89' lang='lat' dir='ltr'><strong>sunt</strong></span> 
     </span>
     <span class='ocr_line' id='line_1_59' title="bbox 1803 1388 3356 1472; baseline 0.002 -24"><span class='ocrx_word' id='word_1_403' title='bbox 1803 1388 1992 1450; x_wconf 86' lang='lat' dir='ltr'><strong>etiam</strong></span> <span class='ocrx_word' id='word_1_404' title='bbox 2018 1390 2280 1452; x_wconf 83' lang='lat' dir='ltr'><strong>virtutes</strong></span> <span class='ocrx_word' id='word_1_405' title='bbox 2307 1409 2445 1472; x_wconf 74' lang='lat' dir='ltr'><strong>quae</strong></span> <span class='ocrx_word' id='word_1_406' title='bbox 2472 1391 2577 1454; x_wconf 87' lang='grc'><strong>1116</strong></span> <span class='ocrx_word' id='word_1_407' title='bbox 2602 1392 2935 1454; x_wconf 85' lang='lat' dir='ltr'><strong>observent</strong></span> <span class='ocrx_word' id='word_1_408' title='bbox 2958 1397 3021 1454; x_wconf 89' lang='lat' dir='ltr'><strong>et</strong></span> <span class='ocrx_word' id='word_1_409' title='bbox 3046 1391 3356 1463; x_wconf 76' lang='lat' dir='ltr'><strong>tribuant3</strong></span> 
     </span>
     <span class='ocr_line' id='line_1_60' title="bbox 1803 1485 3359 1566; baseline 0.003 -24"><span class='ocrx_word' id='word_1_410' title='bbox 1803 1499 1893 1543; x_wconf 80' lang='lat' dir='ltr'><strong>eae</strong></span> <span class='ocrx_word' id='word_1_411' title='bbox 1923 1489 2134 1544; x_wconf 86' lang='lat' dir='ltr'><strong>autem</strong></span> <span class='ocrx_word' id='word_1_412' title='bbox 2174 1500 2305 1546; x_wconf 87' lang='lat' dir='ltr'><strong>non</strong></span> <span class='ocrx_word' id='word_1_413' title='bbox 2348 1491 2611 1566; x_wconf 78' lang='lat' dir='ltr'><strong>possunt</strong></span> <span class='ocrx_word' id='word_1_414' title='bbox 2658 1485 2995 1565; x_wconf 78' lang='lat' dir='ltr'><strong>excogitari</strong></span> <span class='ocrx_word' id='word_1_415' title='bbox 3040 1486 3200 1559; x_wconf 76' lang='lat' dir='ltr'><strong>aliae,</strong></span> <span class='ocrx_word' id='word_1_416' title='bbox 3240 1485 3359 1546; x_wconf 87' lang='lat' dir='ltr'><strong>nisi</strong></span> 
     </span>
     <span class='ocr_line' id='line_1_61' title="bbox 1791 1569 3359 1658; baseline 0.003 -23"><span class='ocrx_word' id='word_1_417' title='bbox 1791 1576 2033 1656; x_wconf 82' lang='lat' dir='ltr'><strong>justitia</strong></span> <span class='ocrx_word' id='word_1_418' title='bbox 2060 1569 2499 1640; x_wconf 67' lang='lat' dir='ltr'><strong>commutativit</strong></span> <span class='ocrx_word' id='word_1_419' title='bbox 2526 1579 2589 1642; x_wconf 86' lang='lat' dir='ltr'><strong>et</strong></span> <span class='ocrx_word' id='word_1_420' title='bbox 2620 1573 3028 1654; x_wconf 83' lang='lat' dir='ltr'><strong>distributiva,</strong></span> <span class='ocrx_word' id='word_1_421' title='bbox 3062 1579 3179 1640; x_wconf 89' lang='lat' dir='ltr'><strong>nisi</strong></span> <span class='ocrx_word' id='word_1_422' title='bbox 3217 1579 3359 1658; x_wconf 89' lang='lat' dir='ltr'><strong>quis</strong></span> 
     </span>
     <span class='ocr_line' id='line_1_62' title="bbox 1797 1670 3294 1752; baseline 0.003 -22"><span class='ocrx_word' id='word_1_423' title='bbox 1797 1670 1947 1731; x_wconf 76' lang='lat' dir='ltr'><strong>velit</strong></span> <span class='ocrx_word' id='word_1_424' title='bbox 1986 1687 2181 1732; x_wconf 82' lang='lat' dir='ltr'><strong>novas</strong></span> <span class='ocrx_word' id='word_1_425' title='bbox 2226 1671 2467 1752; x_wconf 85' lang='lat' dir='ltr'><strong>fingere</strong></span> <span class='ocrx_word' id='word_1_426' title='bbox 2504 1674 2797 1752; x_wconf 84' lang='lat' dir='ltr'><strong>justitias.</strong></span> <span class='ocrx_word' id='word_1_427' title='bbox 2830 1675 3065 1736; x_wconf 85' lang='lat' dir='ltr'><strong>Rursus</strong></span> <span class='ocrx_word' id='word_1_428' title='bbox 3109 1673 3294 1734; x_wconf 88' lang='lat' dir='ltr'><strong>etiam</strong></span> 
     </span>
     <span class='ocr_line' id='line_1_63' title="bbox 1801 1765 3359 1846; baseline 0.001 -21"><span class='ocrx_word' id='word_1_429' title='bbox 1801 1783 2105 1826; x_wconf 86' lang='lat' dir='ltr'><strong>converso</strong></span> <span class='ocrx_word' id='word_1_430' title='bbox 2128 1783 2255 1826; x_wconf 90' lang='lat' dir='ltr'><strong>non</strong></span> <span class='ocrx_word' id='word_1_431' title='bbox 2304 1770 2568 1846; x_wconf 55' lang='lat' dir='ltr'><strong>possint</strong></span> <span class='ocrx_word' id='word_1_432' title='bbox 2596 1767 2717 1828; x_wconf 89' lang='lat' dir='ltr'><strong>alio</strong></span> <span class='ocrx_word' id='word_1_433' title='bbox 2746 1766 3139 1828; x_wconf 75' lang='lat' dir='ltr'><strong>convenienti</strong></span> <span class='ocrx_word' id='word_1_434' title='bbox 3170 1765 3359 1828; x_wconf 89' lang='lat' dir='ltr'><strong>modo</strong></span> 
     </span>
     <span class='ocr_line' id='line_1_64' title="bbox 1795 1854 3362 1940; baseline 0.001 -21"><span class='ocrx_word' id='word_1_435' title='bbox 1795 1857 1918 1919; x_wconf 81' lang='lat' dir='ltr'><strong>illae</strong></span> <span class='ocrx_word' id='word_1_436' title='bbox 1944 1854 2199 1938; x_wconf 83' lang='lat' dir='ltr'><strong>justitiae</strong></span> <span class='ocrx_word' id='word_1_437' title='bbox 2239 1858 2534 1939; x_wconf 81' lang='lat' dir='ltr'><strong>distingui</strong></span> <span class='ocrx_word' id='word_1_438' title='bbox 2579 1860 2809 1940; x_wconf 89' lang='lat' dir='ltr'><strong>specie,</strong></span> <span class='ocrx_word' id='word_1_439' title='bbox 2854 1865 2922 1922; x_wconf 89' lang='lat' dir='ltr'><strong>ut</strong></span> <span class='ocrx_word' id='word_1_440' title='bbox 2969 1861 3178 1920; x_wconf 83' lang='lat' dir='ltr'><strong>omnia</strong></span> <span class='ocrx_word' id='word_1_441' title='bbox 3212 1860 3362 1920; x_wconf 85' lang='lat' dir='ltr'><strong>bac-</strong></span> 
     </span>
     <span class='ocr_line' id='line_1_65' title="bbox 1799 1952 3357 2018; baseline 0 -6"><span class='ocrx_word' id='word_1_442' title='bbox 1799 1955 1984 2013; x_wconf 88' lang='lat' dir='ltr'><strong>tenus</strong></span> <span class='ocrx_word' id='word_1_443' title='bbox 2024 1956 2287 2013; x_wconf 86' lang='lat' dir='ltr'><strong>tractata</strong></span> <span class='ocrx_word' id='word_1_444' title='bbox 2332 1954 2704 2015; x_wconf 81' lang='lat' dir='ltr'><strong>convincere</strong></span> <span class='ocrx_word' id='word_1_445' title='bbox 2742 1952 3053 2018; x_wconf 80' lang='lat' dir='ltr'><strong>videntur.</strong></span> <span class='ocrx_word' id='word_1_446' title='bbox 3093 1953 3205 2014; x_wconf 82' lang='lat' dir='ltr'><strong>Hic</strong></span> <span class='ocrx_word' id='word_1_447' title='bbox 3248 1971 3357 2013; x_wconf 82' lang='lat' dir='ltr'><strong>au-</strong></span> 
     </span>
     <span class='ocr_line' id='line_1_66' title="bbox 1797 2035 3361 2125; baseline 0.002 -21"><span class='ocrx_word' id='word_1_448' title='bbox 1797 2049 1926 2105; x_wconf 89' lang='lat' dir='ltr'><strong>tem</strong></span> <span class='ocrx_word' id='word_1_449' title='bbox 1970 2045 2195 2106; x_wconf 83' lang='lat' dir='ltr'><strong>m&#39;odus</strong></span> <span class='ocrx_word' id='word_1_450' title='bbox 2238 2045 2471 2125; x_wconf 88' lang='lat' dir='ltr'><strong>optime</strong></span> <span class='ocrx_word' id='word_1_451' title='bbox 2508 2039 2631 2107; x_wconf 85' lang='lat' dir='ltr'><strong>illis</strong></span> <span class='ocrx_word' id='word_1_452' title='bbox 2684 2035 3191 2107; x_wconf 75' lang='lat' dir='ltr'><strong>accommodatur</strong></span> <span class='ocrx_word' id='word_1_453' title='bbox 3223 2091 3238 2119; x_wconf 96' lang='lat'><strong>,</strong></span> <span class='ocrx_word' id='word_1_454' title='bbox 3298 2041 3361 2108; x_wconf 76' lang='lat' dir='ltr'><strong>et</strong></span> 
     </span>
     <span class='ocr_line' id='line_1_67' title="bbox 1793 2128 3357 2224; baseline 0.001 -26"><span class='ocrx_word' id='word_1_455' title='bbox 1793 2133 1975 2218; x_wconf 78' lang='lat' dir='ltr'><strong>juxta</strong></span> <span class='ocrx_word' id='word_1_456' title='bbox 2026 2132 2204 2198; x_wconf 82' lang='lat' dir='ltr'><strong>illum</strong></span> <span class='ocrx_word' id='word_1_457' title='bbox 2258 2145 2429 2200; x_wconf 80' lang='lat' dir='ltr'><strong>recte</strong></span> <span class='ocrx_word' id='word_1_458' title='bbox 2492 2128 2901 2200; x_wconf 74' lang='lat' dir='ltr'><strong>conciliantur</strong></span> <span class='ocrx_word' id='word_1_459' title='bbox 2948 2139 3164 2200; x_wconf 80' lang='lat' dir='ltr'><strong>omnia</strong></span> <span class='ocrx_word' id='word_1_460' title='bbox 3218 2141 3357 2224; x_wconf 67' lang='lat' dir='ltr'><strong>q&#39;uai</strong></span> 
     </span>
     <span class='ocr_line' id='line_1_68' title="bbox 1799 2221 3362 2314; baseline 0 -22"><span class='ocrx_word' id='word_1_461' title='bbox 1799 2225 2071 2292; x_wconf 86' lang='lat' dir='ltr'><strong>diximus</strong></span> <span class='ocrx_word' id='word_1_462' title='bbox 2116 2277 2131 2304; x_wconf 96' lang='lat'><strong>,</strong></span> <span class='ocrx_word' id='word_1_463' title='bbox 2194 2247 2344 2292; x_wconf 89' lang='lat' dir='ltr'><strong>nam</strong></span> <span class='ocrx_word' id='word_1_464' title='bbox 2404 2233 2535 2294; x_wconf 90' lang='lat' dir='ltr'><strong>sive</strong></span> <span class='ocrx_word' id='word_1_465' title='bbox 2606 2225 2847 2314; x_wconf 80' lang='lat' dir='ltr'><strong>justitia</strong></span> <span class='ocrx_word' id='word_1_466' title='bbox 2920 2221 3362 2294; x_wconf 45' lang='lat' dir='ltr'><strong>commutanti}</strong></span> 
     </span>
     <span class='ocr_line' id='line_1_69' title="bbox 1801 2325 3361 2404; baseline 0.002 -19"><span class='ocrx_word' id='word_1_467' title='bbox 1801 2330 2097 2404; x_wconf 87' lang='lat' dir='ltr'><strong>operetur</strong></span> <span class='ocrx_word' id='word_1_468' title='bbox 2136 2326 2303 2387; x_wconf 85' lang='lat' dir='ltr'><strong>circa</strong></span> <span class='ocrx_word' id='word_1_469' title='bbox 2340 2345 2561 2399; x_wconf 86' lang='lat' dir='ltr'><strong>unum,</strong></span> <span class='ocrx_word' id='word_1_470' title='bbox 2594 2327 2723 2388; x_wconf 83' lang='lat' dir='ltr'><strong>sive</strong></span> <span class='ocrx_word' id='word_1_471' title='bbox 2766 2327 2927 2388; x_wconf 89' lang='lat' dir='ltr'><strong>circa</strong></span> <span class='ocrx_word' id='word_1_472' title='bbox 2968 2325 3220 2400; x_wconf 78' lang='lat' dir='ltr'><strong>multoS,</strong></span> <span class='ocrx_word' id='word_1_473' title='bbox 3252 2333 3361 2388; x_wconf 84' lang='lat' dir='ltr'><strong>aut</strong></span> 
     </span>
     <span class='ocr_line' id='line_1_70' title="bbox 1799 2419 3359 2494; baseline 0.003 -16"><span class='ocrx_word' id='word_1_474' title='bbox 1799 2419 1965 2480; x_wconf 88' lang='lat' dir='ltr'><strong>inter</strong></span> <span class='ocrx_word' id='word_1_475' title='bbox 2026 2419 2257 2480; x_wconf 89' lang='lat' dir='ltr'><strong>multos</strong></span> <span class='ocrx_word' id='word_1_476' title='bbox 2294 2463 2310 2494; x_wconf 94' lang='lat'><strong>,</strong></span> <span class='ocrx_word' id='word_1_477' title='bbox 2372 2426 2435 2482; x_wconf 90' lang='lat' dir='ltr'><strong>et</strong></span> <span class='ocrx_word' id='word_1_478' title='bbox 2488 2422 2617 2481; x_wconf 87' lang='lat' dir='ltr'><strong>sive</strong></span> <span class='ocrx_word' id='word_1_479' title='bbox 2659 2420 2778 2480; x_wconf 88' lang='lat' dir='ltr'><strong>illis</strong></span> <span class='ocrx_word' id='word_1_480' title='bbox 2832 2419 3055 2482; x_wconf 88' lang='lat' dir='ltr'><strong>reddat</strong></span> <span class='ocrx_word' id='word_1_481' title='bbox 3103 2421 3359 2482; x_wconf 88' lang='lat' dir='ltr'><strong>omnino</strong></span> 
     </span>
     <span class='ocr_line' id='line_1_71' title="bbox 1798 2512 3359 2593; baseline 0.003 -22"><span class='ocrx_word' id='word_1_482' title='bbox 1798 2512 2041 2590; x_wconf 72' lang='lat' dir='ltr'><strong>aequale</strong></span> <span class='ocrx_word' id='word_1_483' title='bbox 2084 2531 2201 2592; x_wconf 89' lang='lat' dir='ltr'><strong>per</strong></span> <span class='ocrx_word' id='word_1_484' title='bbox 2244 2515 2779 2593; x_wconf 83' lang='lat' dir='ltr'><strong>comparationem</strong></span> <span class='ocrx_word' id='word_1_485' title='bbox 2806 2513 2901 2574; x_wconf 87' lang='lat' dir='ltr'><strong>rei</strong></span> <span class='ocrx_word' id='word_1_486' title='bbox 2934 2512 3016 2573; x_wconf 86' lang='lat' dir='ltr'><strong>ad</strong></span> <span class='ocrx_word' id='word_1_487' title='bbox 3042 2531 3199 2587; x_wconf 87' lang='lat' dir='ltr'><strong>rem,</strong></span> <span class='ocrx_word' id='word_1_488' title='bbox 3230 2514 3359 2576; x_wconf 84' lang='lat' dir='ltr'><strong>sive</strong></span> 
     </span>
     <span class='ocr_line' id='line_1_72' title="bbox 1801 2605 3362 2686; baseline 0.001 -20"><span class='ocrx_word' id='word_1_489' title='bbox 1801 2623 1947 2666; x_wconf 89' lang='lat' dir='ltr'><strong>cum</strong></span> <span class='ocrx_word' id='word_1_490' title='bbox 2016 2605 2227 2684; x_wconf 86' lang='lat' dir='ltr'><strong>aliqua</strong></span> <span class='ocrx_word' id='word_1_491' title='bbox 2282 2607 2685 2686; x_wconf 78' lang='lat' dir='ltr'><strong>proportione</strong></span> <span class='ocrx_word' id='word_1_492' title='bbox 2742 2607 3095 2668; x_wconf 85' lang='lat' dir='ltr'><strong>necessaria</strong></span> <span class='ocrx_word' id='word_1_493' title='bbox 3138 2623 3362 2668; x_wconf 84' lang='lat' dir='ltr'><strong>secun-</strong></span> 
     </span>
     <span class='ocr_line' id='line_1_73' title="bbox 1799 2699 3362 2778; baseline 0 -19"><span class='ocrx_word' id='word_1_494' title='bbox 1799 2699 1952 2759; x_wconf 90' lang='lat' dir='ltr'><strong>dum</strong></span> <span class='ocrx_word' id='word_1_495' title='bbox 1994 2705 2392 2760; x_wconf 84' lang='lat' dir='ltr'><strong>occurrentes</strong></span> <span class='ocrx_word' id='word_1_496' title='bbox 2425 2699 2919 2761; x_wconf 80' lang='lat' dir='ltr'><strong>circumstantias</strong></span> <span class='ocrx_word' id='word_1_497' title='bbox 2948 2745 2963 2772; x_wconf 96' lang='lat'><strong>,</strong></span> <span class='ocrx_word' id='word_1_498' title='bbox 2993 2717 3243 2778; x_wconf 87' lang='lat' dir='ltr'><strong>semper</strong></span> <span class='ocrx_word' id='word_1_499' title='bbox 3266 2705 3362 2760; x_wconf 84' lang='lat' dir='ltr'><strong>ta-</strong></span> 
     </span>
     <span class='ocr_line' id='line_1_74' title="bbox 1794 2791 3360 2876; baseline 0 -24"><span class='ocrx_word' id='word_1_500' title='bbox 1794 2809 1943 2852; x_wconf 88' lang='lat' dir='ltr'><strong>men</strong></span> <span class='ocrx_word' id='word_1_501' title='bbox 1990 2793 2055 2852; x_wconf 88' lang='grc'><strong>111</strong></span> <span class='ocrx_word' id='word_1_502' title='bbox 2092 2792 2263 2853; x_wconf 85' lang='grc'><strong>1111116</strong></span> <span class='ocrx_word' id='word_1_503' title='bbox 2306 2791 2501 2854; x_wconf 85' lang='lat' dir='ltr'><strong>finem</strong></span> <span class='ocrx_word' id='word_1_504' title='bbox 2548 2792 2956 2855; x_wconf 85' lang='lat' dir='ltr'><strong>intrinsecum</strong></span> <span class='ocrx_word' id='word_1_505' title='bbox 3000 2798 3063 2854; x_wconf 90' lang='lat' dir='ltr'><strong>et</strong></span> <span class='ocrx_word' id='word_1_506' title='bbox 3091 2793 3360 2876; x_wconf 85' lang='lat' dir='ltr'><strong>peculia-</strong></span> 
     </span>
     <span class='ocr_line' id='line_1_75' title="bbox 1795 2886 3359 2966; baseline 0.001 -19"><span class='ocrx_word' id='word_1_507' title='bbox 1795 2903 1933 2947; x_wconf 89' lang='lat' dir='ltr'><strong>rem</strong></span> <span class='ocrx_word' id='word_1_508' title='bbox 1974 2886 2194 2959; x_wconf 79' lang='lat' dir='ltr'><strong>tendit,</strong></span> <span class='ocrx_word' id='word_1_509' title='bbox 2235 2891 2306 2946; x_wconf 88' lang='lat' dir='ltr'><strong>ut</strong></span> <span class='ocrx_word' id='word_1_510' title='bbox 2318 2887 2425 2966; x_wconf 87' lang='lat' dir='ltr'><strong>jus</strong></span> <span class='ocrx_word' id='word_1_511' title='bbox 2465 2886 2721 2947; x_wconf 85' lang='lat' dir='ltr'><strong>alterius</strong></span> <span class='ocrx_word' id='word_1_512' title='bbox 2742 2887 3095 2965; x_wconf 74' lang='lat' dir='ltr'><strong>rigni-osum</strong></span> <span class='ocrx_word' id='word_1_513' title='bbox 3116 2903 3189 2948; x_wconf 86' lang='lat' dir='ltr'><strong>ac</strong></span> <span class='ocrx_word' id='word_1_514' title='bbox 3218 2903 3359 2966; x_wconf 87' lang='lat' dir='ltr'><strong>pro-</strong></span> 
     </span>
     <span class='ocr_line' id='line_1_76' title="bbox 1793 2978 3356 3059; baseline 0.003 -21"><span class='ocrx_word' id='word_1_515' title='bbox 1793 2979 2000 3058; x_wconf 87' lang='lat' dir='ltr'><strong>prium</strong></span> <span class='ocrx_word' id='word_1_516' title='bbox 2052 2985 2277 3052; x_wconf 83' lang='lat' dir='ltr'><strong>servet,</strong></span> <span class='ocrx_word' id='word_1_517' title='bbox 2319 2986 2621 3059; x_wconf 87' lang='lat' dir='ltr'><strong>quantum</strong></span> <span class='ocrx_word' id='word_1_518' title='bbox 2667 2985 2892 3059; x_wconf 89' lang='lat' dir='ltr'><strong>potest.</strong></span> <span class='ocrx_word' id='word_1_519' title='bbox 2947 2981 2997 3039; x_wconf 86' lang='grc' dir='ltr'>Ε</span> <span class='ocrx_word' id='word_1_520' title='bbox 3045 2978 3356 3042; x_wconf 83' lang='lat' dir='ltr'><strong>contrario</strong></span> 
     </span>
     <span class='ocr_line' id='line_1_77' title="bbox 1793 3073 3360 3153; baseline 0.002 -20"><span class='ocrx_word' id='word_1_521' title='bbox 1793 3090 1971 3146; x_wconf 85' lang='lat' dir='ltr'><strong>vero,</strong></span> <span class='ocrx_word' id='word_1_522' title='bbox 1997 3073 2237 3153; x_wconf 83' lang='lat' dir='ltr'><strong>justitia</strong></span> <span class='ocrx_word' id='word_1_523' title='bbox 2274 3073 2686 3147; x_wconf 84' lang='lat' dir='ltr'><strong>distributiva,</strong></span> <span class='ocrx_word' id='word_1_524' title='bbox 2724 3074 2870 3135; x_wconf 83' lang='lat' dir='ltr'><strong>licet</strong></span> <span class='ocrx_word' id='word_1_525' title='bbox 2919 3073 3222 3135; x_wconf 89' lang='lat' dir='ltr'><strong>similibus</strong></span> <span class='ocrx_word' id='word_1_526' title='bbox 3258 3093 3360 3136; x_wconf 87' lang='lat' dir='ltr'><strong>ac·</strong></span> 
     </span>
     <span class='ocr_line' id='line_1_78' title="bbox 1795 3166 3354 3241; baseline 0.001 -14"><span class='ocrx_word' id='word_1_527' title='bbox 1795 3166 2071 3228; x_wconf 87' lang='lat' dir='ltr'><strong>tionibus</strong></span> <span class='ocrx_word' id='word_1_528' title='bbox 2129 3173 2239 3228; x_wconf 87' lang='lat' dir='ltr'><strong>aut</strong></span> <span class='ocrx_word' id='word_1_529' title='bbox 2310 3168 2825 3230; x_wconf 79' lang='lat' dir='ltr'><strong>retributionibus</strong></span> <span class='ocrx_word' id='word_1_530' title='bbox 2888 3169 2979 3229; x_wconf 89' lang='lat' dir='ltr'><strong>uti</strong></span> <span class='ocrx_word' id='word_1_531' title='bbox 3024 3168 3309 3229; x_wconf 78' lang='lat' dir='ltr'><strong>videatur</strong></span> <span class='ocrx_word' id='word_1_532' title='bbox 3339 3211 3354 3241; x_wconf 90' lang='lat'>‚</span> 
     </span>
     <span class='ocr_line' id='line_1_79' title="bbox 1793 3259 3350 3340; baseline 0.001 -21"><span class='ocrx_word' id='word_1_533' title='bbox 1793 3278 2044 3339; x_wconf 88' lang='lat' dir='ltr'><strong>semper</strong></span> <span class='ocrx_word' id='word_1_534' title='bbox 2086 3266 2296 3322; x_wconf 87' lang='lat' dir='ltr'><strong>tamen</strong></span> <span class='ocrx_word' id='word_1_535' title='bbox 2336 3261 2535 3323; x_wconf 87' lang='lat' dir='ltr'><strong>tendit</strong></span> <span class='ocrx_word' id='word_1_536' title='bbox 2590 3260 2651 3321; x_wconf 89' lang='lat' dir='ltr'><strong>in</strong></span> <span class='ocrx_word' id='word_1_537' title='bbox 2700 3262 2805 3339; x_wconf 87' lang='lat' dir='ltr'><strong>jus</strong></span> <span class='ocrx_word' id='word_1_538' title='bbox 2848 3260 2965 3321; x_wconf 89' lang='lat' dir='ltr'><strong>sibi</strong></span> <span class='ocrx_word' id='word_1_539' title='bbox 3002 3259 3350 3340; x_wconf 87' lang='lat' dir='ltr'><strong>proprium,</strong></span> 
     </span>
     <span class='ocr_line' id='line_1_80' title="bbox 1797 3353 3353 3434; baseline 0.002 -21"><span class='ocrx_word' id='word_1_540' title='bbox 1797 3358 1866 3413; x_wconf 87' lang='lat' dir='ltr'><strong>ut</strong></span> <span class='ocrx_word' id='word_1_541' title='bbox 1907 3353 2069 3415; x_wconf 80' lang='lat' dir='ltr'><strong>intra</strong></span> <span class='ocrx_word' id='word_1_542' title='bbox 2123 3354 2261 3433; x_wconf 87' lang='lat' dir='ltr'><strong>ejus</strong></span> <span class='ocrx_word' id='word_1_543' title='bbox 2314 3353 2729 3431; x_wconf 86' lang='lat' dir='ltr'><strong>latitudinem,</strong></span> <span class='ocrx_word' id='word_1_544' title='bbox 2762 3360 3065 3433; x_wconf 87' lang='lat' dir='ltr'><strong>quantum</strong></span> <span class='ocrx_word' id='word_1_545' title='bbox 3115 3358 3353 3434; x_wconf 85' lang='lat' dir='ltr'><strong>potest,</strong></span> 
     </span>
     <span class='ocr_line' id='line_1_81' title="bbox 1793 3446 3359 3527; baseline 0.002 -21"><span class='ocrx_word' id='word_1_546' title='bbox 1793 3446 2211 3525; x_wconf 67' lang='lat' dir='ltr'><strong>aequalitatem</strong></span> <span class='ocrx_word' id='word_1_547' title='bbox 2256 3448 2445 3509; x_wconf 84' lang='lat' dir='ltr'><strong>etiam</strong></span> <span class='ocrx_word' id='word_1_548' title='bbox 2495 3448 2704 3509; x_wconf 83' lang='lat' dir='ltr'><strong>faciat.</strong></span> <span class='ocrx_word' id='word_1_549' title='bbox 2756 3448 3001 3527; x_wconf 86' lang='lat' dir='ltr'><strong>Optima</strong></span> <span class='ocrx_word' id='word_1_550' title='bbox 3050 3466 3201 3527; x_wconf 80' lang='lat' dir='ltr'><strong>ergo</strong></span> <span class='ocrx_word' id='word_1_551' title='bbox 3254 3466 3359 3509; x_wconf 76' lang='lat' dir='ltr'><strong>ra-</strong></span> 
     </span>
     <span class='ocr_line' id='line_1_82' title="bbox 1793 3540 3347 3603; baseline 0.001 -3"><span class='ocrx_word' id='word_1_552' title='bbox 1793 3540 1967 3601; x_wconf 86' lang='lat' dir='ltr'><strong>tione</strong></span> <span class='ocrx_word' id='word_1_553' title='bbox 2018 3542 2279 3602; x_wconf 81' lang='lat' dir='ltr'><strong>virtutes</strong></span> <span class='ocrx_word' id='word_1_554' title='bbox 2328 3542 2426 3603; x_wconf 82' lang='lat' dir='ltr'><strong>bae</strong></span> <span class='ocrx_word' id='word_1_555' title='bbox 2494 3542 2557 3602; x_wconf 89' lang='lat' dir='ltr'><strong>in</strong></span> <span class='ocrx_word' id='word_1_556' title='bbox 2609 3542 2779 3603; x_wconf 88' lang='lat' dir='ltr'><strong>hunc</strong></span> <span class='ocrx_word' id='word_1_557' title='bbox 2822 3541 3082 3601; x_wconf 90' lang='lat' dir='ltr'><strong>modum</strong></span> <span class='ocrx_word' id='word_1_558' title='bbox 3134 3540 3347 3601; x_wconf 88' lang='lat' dir='ltr'><strong>distin-</strong></span> 
     </span>
     <span class='ocr_line' id='line_1_83' title="bbox 1794 3633 3353 3717; baseline 0.001 -25"><span class='ocrx_word' id='word_1_559' title='bbox 1794 3639 2093 3713; x_wconf 81' lang='lat' dir='ltr'><strong>guuntur,</strong></span> <span class='ocrx_word' id='word_1_560' title='bbox 2130 3640 2195 3696; x_wconf 88' lang='lat' dir='ltr'><strong>et</strong></span> <span class='ocrx_word' id='word_1_561' title='bbox 2217 3641 2385 3696; x_wconf 89' lang='lat' dir='ltr'><strong>recte</strong></span> <span class='ocrx_word' id='word_1_562' title='bbox 2415 3635 2603 3697; x_wconf 88' lang='lat' dir='ltr'><strong>etiam</strong></span> <span class='ocrx_word' id='word_1_563' title='bbox 2628 3635 2789 3696; x_wconf 85' lang='lat' dir='ltr'><strong>ratio</strong></span> <span class='ocrx_word' id='word_1_564' title='bbox 2829 3633 3233 3696; x_wconf 72' lang='lat' dir='ltr'><strong>distributivae</strong></span> <span class='ocrx_word' id='word_1_565' title='bbox 3254 3636 3353 3717; x_wconf 84' lang='lat' dir='ltr'><strong>ju-</strong></span> 
     </span>
     <span class='ocr_line' id='line_1_84' title="bbox 1795 3726 2497 3809; baseline 0.006 -22"><span class='ocrx_word' id='word_1_566' title='bbox 1795 3726 1977 3789; x_wconf 79' lang='lat' dir='ltr'><strong>stitiae</strong></span> <span class='ocrx_word' id='word_1_567' title='bbox 2018 3728 2104 3790; x_wconf 86' lang='lat' dir='ltr'><strong>sic</strong></span> <span class='ocrx_word' id='word_1_568' title='bbox 2132 3728 2497 3809; x_wconf 80' lang='lat' dir='ltr'><strong>explicatur.</strong></span> 
     </span>
    </p>
   </div>
   <div class='ocr_carea' id='block_1_9' title="bbox 1873 3972 3355 4137">
    <p class='ocr_par' dir='ltr' id='par_1_11' title="bbox 1873 3972 3355 4137">
     <span class='ocr_line' id='line_1_85' title="bbox 1873 3972 3355 4048; baseline 0.009 -13"><span class='ocrx_word' id='word_1_569' title='bbox 1873 3972 2054 4036; x_wconf 74' lang='lat' dir='ltr'><strong>Mem</strong></span> <span class='ocrx_word' id='word_1_570' title='bbox 2094 3975 2175 4037; x_wconf 89' lang='lat' dir='ltr'><strong>D.</strong></span> <span class='ocrx_word' id='word_1_571' title='bbox 2208 3974 2455 4039; x_wconf 62' lang='lat' dir='ltr'><strong>monta</strong></span> <span class='ocrx_word' id='word_1_572' title='bbox 2478 3981 2538 4040; x_wconf 77' lang='lat' dir='ltr'><strong>et</strong></span> <span class='ocrx_word' id='word_1_573' title='bbox 2565 3978 2924 4045; x_wconf 70' lang='lat' dir='ltr'><strong>Aristotelis</strong></span> <span class='ocrx_word' id='word_1_574' title='bbox 2964 3983 3130 4047; x_wconf 74' lang='lat' dir='ltr'><strong>eirca</strong></span> <span class='ocrx_word' id='word_1_575' title='bbox 3156 3984 3355 4048; x_wconf 75' lang='lat' dir='ltr'><strong>diem</strong></span> 
     </span>
     <span class='ocr_line' id='line_1_86' title="bbox 2235 4069 2897 4137; baseline 0.009 -8"><span class='ocrx_word' id='word_1_576' title='bbox 2235 4069 2492 4134; x_wconf 72' lang='lat' dir='ltr'><strong>virtutes</strong></span> <span class='ocrx_word' id='word_1_577' title='bbox 2528 4071 2897 4137; x_wconf 68' lang='lat' dir='ltr'><strong>declaratur.</strong></span> 
     </span>
    </p>
   </div>
   <div class='ocr_carea' id='block_1_10' title="bbox 1787 4280 3355 4739">
    <p class='ocr_par' dir='ltr' id='par_1_12' title="bbox 1787 4280 3355 4739">
     <span class='ocr_line' id='line_1_87' title="bbox 1876 4280 3354 4361; baseline 0.008 -20"><span class='ocrx_word' id='word_1_578' title='bbox 1876 4280 1975 4342; x_wconf 74' lang='lat'><strong>47.</strong></span> <span class='ocrx_word' id='word_1_579' title='bbox 2023 4281 2148 4343; x_wconf 90' lang='lat' dir='ltr'><strong>Sed</strong></span> <span class='ocrx_word' id='word_1_580' title='bbox 2178 4282 2327 4361; x_wconf 88' lang='lat' dir='ltr'><strong>quid</strong></span> <span class='ocrx_word' id='word_1_581' title='bbox 2364 4284 2446 4345; x_wconf 91' lang='lat' dir='ltr'><strong>ad</strong></span> <span class='ocrx_word' id='word_1_582' title='bbox 2480 4285 2786 4347; x_wconf 76' lang='lat' dir='ltr'><strong>&#39;rhomam</strong></span> <span class='ocrx_word' id='word_1_583' title='bbox 2816 4293 2878 4349; x_wconf 86' lang='lat' dir='ltr'><strong>et</strong></span> <span class='ocrx_word' id='word_1_584' title='bbox 2902 4288 3299 4352; x_wconf 81' lang='lat' dir='ltr'><strong>Aristotelem</strong></span> <span class='ocrx_word' id='word_1_585' title='bbox 3329 4296 3354 4353; x_wconf 75' lang='grc'><strong>1</strong></span> 
     </span>
     <span class='ocr_line' id='line_1_88' title="bbox 1791 4374 3351 4457; baseline 0.006 -23"><span class='ocrx_word' id='word_1_586' title='bbox 1791 4374 1929 4434; x_wconf 88' lang='grc' dir='ltr'><strong>Νο11</strong></span> <span class='ocrx_word' id='word_1_587' title='bbox 1986 4392 2215 4435; x_wconf 88' lang='lat' dir='ltr'><strong>censeo</strong></span> <span class='ocrx_word' id='word_1_588' title='bbox 2254 4374 2466 4439; x_wconf 78' lang='lat' dir='ltr'><strong>datam</strong></span> <span class='ocrx_word' id='word_1_589' title='bbox 2506 4379 2959 4457; x_wconf 83' lang='lat' dir='ltr'><strong>expositionem</strong></span> <span class='ocrx_word' id='word_1_590' title='bbox 3002 4382 3083 4443; x_wconf 81' lang='lat' dir='ltr'><strong>ab</strong></span> <span class='ocrx_word' id='word_1_591' title='bbox 3132 4401 3351 4444; x_wconf 87' lang='lat' dir='ltr'><strong>eorum</strong></span> 
     </span>
     <span class='ocr_line' id='line_1_89' title="bbox 1795 4466 3355 4552; baseline 0.006 -25"><span class='ocrx_word' id='word_1_592' title='bbox 1795 4466 2077 4528; x_wconf 84' lang='lat' dir='ltr'><strong>doctrina</strong></span> <span class='ocrx_word' id='word_1_593' title='bbox 2120 4468 2467 4543; x_wconf 88' lang='lat' dir='ltr'><strong>discedere,</strong></span> <span class='ocrx_word' id='word_1_594' title='bbox 2509 4472 2617 4531; x_wconf 71' lang='lat' dir='ltr'><strong>sed</strong></span> <span class='ocrx_word' id='word_1_595' title='bbox 2662 4474 2862 4552; x_wconf 87' lang='lat' dir='ltr'><strong>magis</strong></span> <span class='ocrx_word' id='word_1_596' title='bbox 2902 4492 3043 4537; x_wconf 80' lang='lat' dir='ltr'><strong>eam</strong></span> <span class='ocrx_word' id='word_1_597' title='bbox 3078 4475 3355 4537; x_wconf 85' lang='lat' dir='ltr'><strong>declara-</strong></span> 
     </span>
     <span class='ocr_line' id='line_1_90' title="bbox 1787 4562 3350 4647; baseline 0.007 -27"><span class='ocrx_word' id='word_1_598' title='bbox 1787 4578 1880 4621; x_wconf 86' lang='lat' dir='ltr'><strong>re.-</strong></span> <span class='ocrx_word' id='word_1_599' title='bbox 1929 4562 2003 4621; x_wconf 87' lang='lat' dir='ltr'><strong>Et</strong></span> <span class='ocrx_word' id='word_1_600' title='bbox 2039 4578 2193 4621; x_wconf 81' lang='lat' dir='ltr'><strong>sane</strong></span> <span class='ocrx_word' id='word_1_601' title='bbox 2230 4562 2305 4623; x_wconf 89' lang='lat' dir='ltr'><strong>D.</strong></span> <span class='ocrx_word' id='word_1_602' title='bbox 2348 4564 2639 4637; x_wconf 80' lang='lat' dir='ltr'><strong>Thomas,</strong></span> <span class='ocrx_word' id='word_1_603' title='bbox 2688 4570 2713 4625; x_wconf 78' lang='grc'><strong>1</strong></span> <span class='ocrx_word' id='word_1_604' title='bbox 2756 4572 2945 4645; x_wconf 87' lang='lat' dir='ltr'><strong>part.,</strong></span> <span class='ocrx_word' id='word_1_605' title='bbox 2977 4574 3199 4647; x_wconf 77' lang='lat' dir='ltr'><strong>quaest.</strong></span> <span class='ocrx_word' id='word_1_606' title='bbox 3244 4572 3350 4641; x_wconf 65' lang='grc' dir='ltr'><strong>Ἡ,</strong></span> 
     </span>
     <span class='ocr_line' id='line_1_91' title="bbox 1788 4655 3351 4739; baseline 0.008 -24"><span class='ocrx_word' id='word_1_607' title='bbox 1788 4660 1904 4715; x_wconf 85' lang='lat' dir='ltr'><strong>art.</strong></span> <span class='ocrx_word' id='word_1_608' title='bbox 1942 4659 2001 4725; x_wconf 83' lang='lat'><strong>1,</strong></span> <span class='ocrx_word' id='word_1_609' title='bbox 2034 4655 2235 4715; x_wconf 88' lang='lat' dir='ltr'><strong>solum</strong></span> <span class='ocrx_word' id='word_1_610' title='bbox 2276 4657 2362 4717; x_wconf 83' lang='lat' dir='ltr'><strong>ait</strong></span> <span class='ocrx_word' id='word_1_611' title='bbox 2390 4674 2619 4718; x_wconf 87' lang='lat' dir='ltr'><strong>munus</strong></span> <span class='ocrx_word' id='word_1_612' title='bbox 2652 4660 2909 4739; x_wconf 81' lang='lat' dir='ltr'><strong>justitiae</strong></span> <span class='ocrx_word' id='word_1_613' title='bbox 2950 4662 3351 4727; x_wconf 84' lang='lat' dir='ltr'><strong>distributivae</strong></span> 
     </span>
    </p>
   </div>
   <div class='ocr_carea' id='block_1_11' title="bbox 1788 4746 3351 4920">
    <p class='ocr_par' dir='ltr' id='par_1_13' title="bbox 1788 4746 3351 4920">
     <span class='ocr_line' id='line_1_92' title="bbox 1788 4746 3351 4840; baseline 0.01 -33"><span class='ocrx_word' id='word_1_614' title='bbox 1788 4764 1925 4807; x_wconf 89' lang='lat' dir='ltr'><strong>esse</strong></span> <span class='ocrx_word' id='word_1_615' title='bbox 1947 4746 2097 4809; x_wconf 82' lang='lat' dir='ltr'><strong>dare</strong></span> <span class='ocrx_word' id='word_1_616' title='bbox 2138 4748 2473 4828; x_wconf 89' lang='lat' dir='ltr'><strong>unicuique</strong></span> <span class='ocrx_word' id='word_1_617' title='bbox 2501 4755 2825 4815; x_wconf 71' lang='lat' dir='ltr'><strong>secundum</strong></span> <span class='ocrx_word' id='word_1_618' title='bbox 2866 4772 3041 4818; x_wconf 70' lang='lat' dir='ltr'><strong>suam</strong></span> <span class='ocrx_word' id='word_1_619' title='bbox 3085 4758 3351 4840; x_wconf 62' lang='lat' dir='ltr'><strong>dimita-</strong></span> 
     </span>
     <span class='ocr_line' id='line_1_93' title="bbox 1788 4841 3351 4920; baseline 0.005 -17"><span class='ocrx_word' id='word_1_620' title='bbox 1788 4844 1924 4903; x_wconf 73' lang='lat' dir='ltr'><strong>tem.</strong></span> <span class='ocrx_word' id='word_1_621' title='bbox 1985 4841 2055 4901; x_wconf 90' lang='lat' dir='ltr'><strong>In</strong></span> <span class='ocrx_word' id='word_1_622' title='bbox 2100 4858 2223 4920; x_wconf 89' lang='lat' dir='ltr'><strong>quo</strong></span> <span class='ocrx_word' id='word_1_623' title='bbox 2268 4841 2501 4903; x_wconf 88' lang='lat' dir='ltr'><strong>indicat</strong></span> <span class='ocrx_word' id='word_1_624' title='bbox 2530 4844 2691 4905; x_wconf 79' lang='lat' dir='ltr'><strong>hanc</strong></span> <span class='ocrx_word' id='word_1_625' title='bbox 2738 4846 3033 4909; x_wconf 86' lang='lat' dir='ltr'><strong>virtutem</strong></span> <span class='ocrx_word' id='word_1_626' title='bbox 3075 4868 3203 4910; x_wconf 91' lang='lat' dir='ltr'><strong>non</strong></span> <span class='ocrx_word' id='word_1_627' title='bbox 3254 4869 3351 4911; x_wconf 80' lang='lat' dir='ltr'><strong>so-</strong></span> 
     </span>
    </p>
   </div>
   <div class='ocr_carea' id='block_1_12' title="bbox 150 4925 3349 5677">
    <p class='ocr_par' dir='ltr' id='par_1_14' title="bbox 150 4925 3349 5677">
     <span class='ocr_line' id='line_1_94' title="bbox 152 4925 3349 5016; baseline 0.008 -36"><span class='ocrx_word' id='word_1_628' title='bbox 152 4925 434 4988; x_wconf 80' lang='lat' dir='ltr'><strong>tuendam</strong></span> <span class='ocrx_word' id='word_1_629' title='bbox 481 4930 646 4990; x_wconf 87' lang='lat' dir='ltr'><strong>inter</strong></span> <span class='ocrx_word' id='word_1_630' title='bbox 683 4930 956 5009; x_wconf 86' lang='lat' dir='ltr'><strong>justitias</strong></span> <span class='ocrx_word' id='word_1_631' title='bbox 984 4976 1001 5001; x_wconf 93' lang='lat'><strong>,</strong></span> <span class='ocrx_word' id='word_1_632' title='bbox 1058 4938 1121 4992; x_wconf 85' lang='lat' dir='ltr'><strong>et</strong></span> <span class='ocrx_word' id='word_1_633' title='bbox 1169 4932 1332 4993; x_wconf 83' lang='lat' dir='ltr'><strong>banc</strong></span> <span class='ocrx_word' id='word_1_634' title='bbox 1383 4950 1518 4993; x_wconf 86' lang='lat' dir='ltr'><strong>esse</strong></span> <span class='ocrx_word' id='word_1_635' title='bbox 1559 4952 1698 5013; x_wconf 90' lang='lat' dir='ltr'><strong>pro-</strong></span> <span class='ocrx_word' id='word_1_636' title='bbox 1783 4933 1916 4993; x_wconf 88' lang='lat' dir='ltr'><strong>lum</strong></span> <span class='ocrx_word' id='word_1_637' title='bbox 1980 4934 2293 5013; x_wconf 85' lang='lat' dir='ltr'><strong>respicere</strong></span> <span class='ocrx_word' id='word_1_638' title='bbox 2349 4939 2817 5016; x_wconf 87' lang='lat' dir='ltr'><strong>proportionem</strong></span> <span class='ocrx_word' id='word_1_639' title='bbox 2858 4941 2938 5002; x_wconf 85' lang='lat' dir='ltr'><strong>ad</strong></span> <span class='ocrx_word' id='word_1_640' title='bbox 2998 4942 3153 5004; x_wconf 90' lang='lat' dir='ltr'><strong>alios</strong></span> <span class='ocrx_word' id='word_1_641' title='bbox 3174 4988 3189 5016; x_wconf 96' lang='lat'><strong>,</strong></span> <span class='ocrx_word' id='word_1_642' title='bbox 3236 4944 3349 5005; x_wconf 79' lang='lat' dir='ltr'><strong>sed</strong></span> 
     </span>
     <span class='ocr_line' id='line_1_95' title="bbox 151 5015 3347 5117; baseline 0.006 -40"><span class='ocrx_word' id='word_1_643' title='bbox 151 5015 338 5090; x_wconf 77' lang='lat' dir='ltr'><strong>priam</strong></span> <span class='ocrx_word' id='word_1_644' title='bbox 386 5026 448 5083; x_wconf 85' lang='lat' dir='ltr'><strong>et</strong></span> <span class='ocrx_word' id='word_1_645' title='bbox 493 5023 854 5101; x_wconf 77' lang='lat' dir='ltr'><strong>primarium</strong></span> <span class='ocrx_word' id='word_1_646' title='bbox 913 5024 1220 5085; x_wconf 86' lang='lat' dir='ltr'><strong>rationem</strong></span> <span class='ocrx_word' id='word_1_647' title='bbox 1276 5026 1698 5107; x_wconf 85' lang='lat' dir='ltr'><strong>distinguendi</strong></span> <span class='ocrx_word' id='word_1_648' title='bbox 1782 5026 1975 5089; x_wconf 85' lang='lat' dir='ltr'><strong>etiam</strong></span> <span class='ocrx_word' id='word_1_649' title='bbox 2018 5028 2487 5107; x_wconf 87' lang='lat' dir='ltr'><strong>proportionem</strong></span> <span class='ocrx_word' id='word_1_650' title='bbox 2533 5030 2622 5093; x_wconf 87' lang='lat' dir='ltr'><strong>rei</strong></span> <span class='ocrx_word' id='word_1_651' title='bbox 2664 5031 2826 5093; x_wconf 74' lang='lat' dir='ltr'><strong>datae</strong></span> <span class='ocrx_word' id='word_1_652' title='bbox 2866 5034 2949 5095; x_wconf 89' lang='lat' dir='ltr'><strong>ad</strong></span> <span class='ocrx_word' id='word_1_653' title='bbox 2978 5034 3347 5117; x_wconf 78' lang='lat' dir='ltr'><strong>dignitatem</strong></span> 
     </span>
     <span class='ocr_line' id='line_1_96' title="bbox 154 5115 3345 5209; baseline 0.006 -39"><span class='ocrx_word' id='word_1_654' title='bbox 154 5115 640 5209; x_wconf 66' lang='lat' dir='ltr'><strong>commutativam</strong></span> <span class='ocrx_word' id='word_1_655' title='bbox 691 5135 728 5177; x_wconf 82' lang='lat' dir='ltr'>a</span> <span class='ocrx_word' id='word_1_656' title='bbox 775 5116 1188 5179; x_wconf 83' lang='lat' dir='ltr'><strong>distributiva.</strong></span> <span class='ocrx_word' id='word_1_657' title='bbox 1224 5119 1396 5181; x_wconf 85' lang='lat' dir='ltr'><strong>Prior</strong></span> <span class='ocrx_word' id='word_1_658' title='bbox 1423 5138 1569 5199; x_wconf 77' lang='lat' dir='ltr'><strong>pars</strong></span> <span class='ocrx_word' id='word_1_659' title='bbox 1611 5120 1702 5181; x_wconf 81' lang='lat' dir='ltr'><strong>fa·</strong></span> <span class='ocrx_word' id='word_1_660' title='bbox 1779 5127 1841 5183; x_wconf 89' lang='lat' dir='ltr'><strong>et</strong></span> <span class='ocrx_word' id='word_1_661' title='bbox 1891 5122 2183 5183; x_wconf 88' lang='lat' dir='ltr'><strong>meritum</strong></span> <span class='ocrx_word' id='word_1_662' title='bbox 2229 5122 2367 5201; x_wconf 85' lang='lat' dir='ltr'><strong>ejus</strong></span> <span class='ocrx_word' id='word_1_663' title='bbox 2414 5124 2513 5185; x_wconf 90' lang='lat' dir='ltr'><strong>cui</strong></span> <span class='ocrx_word' id='word_1_664' title='bbox 2566 5123 2780 5200; x_wconf 86' lang='lat' dir='ltr'><strong>datur,</strong></span> <span class='ocrx_word' id='word_1_665' title='bbox 2826 5146 2967 5206; x_wconf 68' lang='lat' dir='ltr'><strong>quse</strong></span> <span class='ocrx_word' id='word_1_666' title='bbox 3026 5130 3345 5209; x_wconf 88' lang='lat' dir='ltr'><strong>proportio</strong></span> 
     </span>
     <span class='ocr_line' id='line_1_97' title="bbox 152 5198 3339 5296; baseline 0.009 -42"><span class='ocrx_word' id='word_1_667' title='bbox 152 5198 258 5259; x_wconf 78' lang='lat' dir='ltr'><strong>cile</strong></span> <span class='ocrx_word' id='word_1_668' title='bbox 279 5213 516 5270; x_wconf 87' lang='lat' dir='ltr'><strong>constat</strong></span> <span class='ocrx_word' id='word_1_669' title='bbox 541 5226 620 5269; x_wconf 86' lang='lat' dir='ltr'><strong>ex</strong></span> <span class='ocrx_word' id='word_1_670' title='bbox 647 5208 850 5283; x_wconf 84' lang='lat' dir='ltr'><strong>dictis,</strong></span> <span class='ocrx_word' id='word_1_671' title='bbox 881 5209 1031 5287; x_wconf 89' lang='lat' dir='ltr'><strong>quia</strong></span> <span class='ocrx_word' id='word_1_672' title='bbox 1063 5210 1376 5274; x_wconf 86' lang='lat' dir='ltr'><strong>distinctio</strong></span> <span class='ocrx_word' id='word_1_673' title='bbox 1400 5212 1695 5274; x_wconf 83' lang='lat' dir='ltr'><strong>virtutum</strong></span> <span class='ocrx_word' id='word_1_674' title='bbox 1775 5232 1907 5276; x_wconf 88' lang='lat' dir='ltr'><strong>non</strong></span> <span class='ocrx_word' id='word_1_675' title='bbox 1938 5220 2033 5277; x_wconf 88' lang='lat' dir='ltr'><strong>est</strong></span> <span class='ocrx_word' id='word_1_676' title='bbox 2070 5216 2323 5295; x_wconf 87' lang='lat' dir='ltr'><strong>proprie</strong></span> <span class='ocrx_word' id='word_1_677' title='bbox 2354 5219 2757 5296; x_wconf 86' lang='lat' dir='ltr'><strong>geometrica,</strong></span> <span class='ocrx_word' id='word_1_678' title='bbox 2784 5220 2897 5281; x_wconf 88' lang='lat' dir='ltr'><strong>sed</strong></span> <span class='ocrx_word' id='word_1_679' title='bbox 2931 5223 3339 5296; x_wconf 85' lang='lat' dir='ltr'><strong>arithmetica,</strong></span> 
     </span>
     <span class='ocr_line' id='line_1_98' title="bbox 151 5294 3345 5392; baseline 0.009 -45"><span class='ocrx_word' id='word_1_680' title='bbox 151 5294 408 5359; x_wconf 85' lang='lat' dir='ltr'><strong>nascitur</strong></span> <span class='ocrx_word' id='word_1_681' title='bbox 447 5320 523 5361; x_wconf 85' lang='lat' dir='ltr'><strong>ex</strong></span> <span class='ocrx_word' id='word_1_682' title='bbox 563 5302 960 5364; x_wconf 81' lang='lat' dir='ltr'><strong>distinctione</strong></span> <span class='ocrx_word' id='word_1_683' title='bbox 989 5302 1236 5364; x_wconf 77' lang='lat' dir='ltr'><strong>formali</strong></span> <span class='ocrx_word' id='word_1_684' title='bbox 1277 5305 1690 5384; x_wconf 85' lang='lat' dir='ltr'><strong>objectorum.</strong></span> <span class='ocrx_word' id='word_1_685' title='bbox 1771 5326 1924 5377; x_wconf 84' lang='lat' dir='ltr'><strong>nam</strong></span> <span class='ocrx_word' id='word_1_686' title='bbox 1986 5316 2081 5370; x_wconf 89' lang='lat' dir='ltr'><strong>est</strong></span> <span class='ocrx_word' id='word_1_687' title='bbox 2124 5308 2473 5371; x_wconf 89' lang='lat' dir='ltr'><strong>secundum</strong></span> <span class='ocrx_word' id='word_1_688' title='bbox 2514 5311 3021 5392; x_wconf 81' lang='lat' dir='ltr'><strong>adoequationem</strong></span> <span class='ocrx_word' id='word_1_689' title='bbox 3073 5316 3345 5377; x_wconf 84' lang='lat' dir='ltr'><strong>duarum</strong></span> 
     </span>
     <span class='ocr_line' id='line_1_99' title="bbox 150 5380 3347 5489; baseline 0.009 -49"><span class='ocrx_word' id='word_1_690' title='bbox 150 5380 306 5447; x_wconf 82' lang='lat' dir='ltr'><strong>idem</strong></span> <span class='ocrx_word' id='word_1_691' title='bbox 347 5399 516 5468; x_wconf 74' lang='lat' dir='ltr'><strong>patet</strong></span> <span class='ocrx_word' id='word_1_692' title='bbox 541 5412 620 5456; x_wconf 86' lang='lat' dir='ltr'><strong>ex</strong></span> <span class='ocrx_word' id='word_1_693' title='bbox 647 5396 1040 5457; x_wconf 86' lang='lat' dir='ltr'><strong>distinctione</strong></span> <span class='ocrx_word' id='word_1_694' title='bbox 1071 5397 1338 5459; x_wconf 88' lang='lat' dir='ltr'><strong>aliarum</strong></span> <span class='ocrx_word' id='word_1_695' title='bbox 1367 5399 1691 5471; x_wconf 77' lang='lat' dir='ltr'><strong>virtutum,</strong></span> <span class='ocrx_word' id='word_1_696' title='bbox 1776 5420 1991 5463; x_wconf 89' lang='lat' dir='ltr'><strong>rerum</strong></span> <span class='ocrx_word' id='word_1_697' title='bbox 2026 5403 2193 5465; x_wconf 86' lang='lat' dir='ltr'><strong>inter</strong></span> <span class='ocrx_word' id='word_1_698' title='bbox 2224 5422 2333 5475; x_wconf 81' lang='lat' dir='ltr'><strong>se;</strong></span> <span class='ocrx_word' id='word_1_699' title='bbox 2386 5406 2671 5483; x_wconf 77' lang='lat' dir='ltr'><strong>quamvls</strong></span> <span class='ocrx_word' id='word_1_700' title='bbox 2710 5406 2857 5468; x_wconf 86' lang='lat' dir='ltr'><strong>inde</strong></span> <span class='ocrx_word' id='word_1_701' title='bbox 2912 5408 3097 5469; x_wconf 89' lang='lat' dir='ltr'><strong>etiam</strong></span> <span class='ocrx_word' id='word_1_702' title='bbox 3149 5410 3347 5489; x_wconf 79' lang='lat' dir='ltr'><strong>possit</strong></span> 
     </span>
     <span class='ocr_line' id='line_1_100' title="bbox 155 5488 3345 5581; baseline 0.008 -42"><span class='ocrx_word' id='word_1_703' title='bbox 155 5490 280 5551; x_wconf 79' lang='lat' dir='ltr'><strong>quae</strong></span> <span class='ocrx_word' id='word_1_704' title='bbox 321 5491 461 5547; x_wconf 85' lang='lat' dir='ltr'><strong>sunt</strong></span> <span class='ocrx_word' id='word_1_705' title='bbox 518 5488 602 5547; x_wconf 88' lang='lat' dir='ltr'><strong>ad</strong></span> <span class='ocrx_word' id='word_1_706' title='bbox 649 5489 956 5561; x_wconf 79' lang='lat' dir='ltr'><strong>alterum3</strong></span> <span class='ocrx_word' id='word_1_707' title='bbox 990 5490 1079 5552; x_wconf 87' lang='lat' dir='ltr'><strong>sic</strong></span> <span class='ocrx_word' id='word_1_708' title='bbox 1137 5492 1304 5552; x_wconf 88' lang='lat' dir='ltr'><strong>enim</strong></span> <span class='ocrx_word' id='word_1_709' title='bbox 1368 5492 1698 5572; x_wconf 81' lang='lat' dir='ltr'><strong>distingui-</strong></span> <span class='ocrx_word' id='word_1_710' title='bbox 1777 5512 2161 5573; x_wconf 81' lang='lat' dir='ltr'><strong>consurgere</strong></span> <span class='ocrx_word' id='word_1_711' title='bbox 2190 5497 2385 5559; x_wconf 84' lang='lat' dir='ltr'><strong>altera</strong></span> <span class='ocrx_word' id='word_1_712' title='bbox 2432 5498 2750 5577; x_wconf 83' lang='lat' dir='ltr'><strong>proportio</strong></span> <span class='ocrx_word' id='word_1_713' title='bbox 2782 5500 2941 5561; x_wconf 80' lang='lat' dir='ltr'><strong>inter</strong></span> <span class='ocrx_word' id='word_1_714' title='bbox 2971 5502 3173 5563; x_wconf 82' lang='lat' dir='ltr'><strong>varias</strong></span> <span class='ocrx_word' id='word_1_715' title='bbox 3204 5520 3345 5581; x_wconf 87' lang='lat' dir='ltr'><strong>pro·</strong></span> 
     </span>
     <span class='ocr_line' id='line_1_101' title="bbox 154 5579 3343 5677; baseline 0.011 -50"><span class='ocrx_word' id='word_1_716' title='bbox 154 5582 282 5633; x_wconf 85' lang='lat' dir='ltr'><strong>mus</strong></span> <span class='ocrx_word' id='word_1_717' title='bbox 321 5579 782 5659; x_wconf 78' lang='lat' dir='ltr'><strong>gratitudinem,</strong></span> <span class='ocrx_word' id='word_1_718' title='bbox 811 5582 986 5645; x_wconf 76' lang='lat' dir='ltr'><strong>verbi</strong></span> <span class='ocrx_word' id='word_1_719' title='bbox 1034 5584 1260 5665; x_wconf 83' lang='lat' dir='ltr'><strong>gratia,</strong></span> <span class='ocrx_word' id='word_1_720' title='bbox 1289 5604 1330 5647; x_wconf 82' lang='lat' dir='ltr'><strong>a</strong></span> <span class='ocrx_word' id='word_1_721' title='bbox 1367 5584 1695 5664; x_wconf 82' lang='lat' dir='ltr'><strong>fidelitate,</strong></span> <span class='ocrx_word' id='word_1_722' title='bbox 1777 5588 2123 5670; x_wconf 83' lang='lat' dir='ltr'><strong>portiones,</strong></span> <span class='ocrx_word' id='word_1_723' title='bbox 2170 5590 2414 5653; x_wconf 85' lang='lat' dir='ltr'><strong>etiamsi</strong></span> <span class='ocrx_word' id='word_1_724' title='bbox 2456 5590 2535 5655; x_wconf 87' lang='lat' dir='ltr'><strong>de</strong></span> <span class='ocrx_word' id='word_1_725' title='bbox 2574 5591 2767 5672; x_wconf 80' lang='lat' dir='ltr'><strong>prion&#39;</strong></span> <span class='ocrx_word' id='word_1_726' title='bbox 2805 5594 3157 5677; x_wconf 79' lang='lat' dir='ltr'><strong>aequalitate</strong></span> <span class='ocrx_word' id='word_1_727' title='bbox 3188 5595 3343 5661; x_wconf 85' lang='lat' dir='ltr'><strong>nibil</strong></span> 
     </span>
    </p>
   </div>
  </div>
 </body>
</html>
