3850 6225
542 389 664 452 560

541 509 682 556 cem
709 489 1059 553 civitatibus
1085 489 1448 570 proefertur3
1477 489 1586 570 qui
1619 507 1769 550 vero
1797 487 2102 568 quinque,

541 603 685 648 cum
713 583 1094 665 geometrica
1115 583 1518 664 proportione
1537 581 1870 663 preficitur
1897 581 2107 643 civita-

542 679 710 740 tibus
739 677 1044 757 quinque.

543 923 900 990 ostenditur
929 923 1068 988 dan·
1097 923 1252 988 hano
1269 923 1589 1003 justitiam
1627 925 1696 986 in
1743 925 1888 1002 Deo,
1917 929 2109 1007 prout

895 1015 1148 1100 respicit
1172 1017 1428 1098 speciale
1463 1015 1740 1082 debitum.
2079 1013 2083 1018 ’

619 1245 720 1306 27.
745 1243 1124 1326 Proponitm·
1145 1245 1478 1324 difficultas
1502 1245 1688 1325 huju
1711 1245 2109 1309 doctrin.—

541 1339 840 1417 Superest
866 1336 1203 1398 dicendum
1241 1337 1319 1398 de
1349 1337 1545 1398 altera
1595 1341 1770 1416 parte
1819 1355 1935 1398 seu
1964 1355 2111 1400 con-

539 1429 916 1492 sideratione
941 1429 1194 1509 justitiae
1217 1429 1642 1501 distributivae,
1675 1446 1815 1508 quoe
1842 1435 1939 1491 est
1966 1427 2107 1491 red·-

539 1521 690 1584 dere
721 1521 956 1602 aliquid
997 1522 1346 1584 secundum
1373 1521 1694 1602 proprium
1733 1527 1796 1582 et
1833 1523 2105 1601 speciale

539 1615 820 1678 debitum
861 1616 1002 1678 talis
1019 1617 1308 1697 justitiae;
1345 1635 1514 1690 nam,
1547 1621 1620 1678 ut
1645 1633 1724 1677 ex
1756 1616 1937 1678 dictis
1964 1635 2107 1696 sup-

539 1729 730 1790 pono,
755 1711 890 1771 sine
919 1709 1038 1772 boc
1080 1709 1292 1772 debito
1323 1727 1452 1770 non
1479 1715 1687 1790 potest
1721 1709 1983 1789 intelligi
2010 1716 2105 1771 ta-

537 1803 616 1865 lis
645 1801 884 1883 justitia
927 1801 1338 1875 distributiva,
1377 1821 1518 1883 quae
1547 1803 1625 1864 sit
1659 1801 1949 1882 specialis
1988 1803 2105 1864 vir·

537 1903 660 1959 tus.
705 1897 864 1958 Nam
885 1895 1140 1975 quando
1169 1895 1470 1976 contingit
1497 1897 1944 1975 geometricam
1968 1915 2109 1976 pro-

538 1991 894 2070 portionem
929 2007 1066 2051 esse
1095 1989 1369 2052 debitam
1395 2009 1472 2052 ex
1493 1989 1734 2070 justitia
1759 1997 2108 2052 commuta-

538 2085 684 2160 tiva,
739 2083 874 2163 ipsa
925 2083 1097 2144 illam
1145 2083 1326 2157 facit;
1383 2083 1638 2163 quando
1687 2102 1838 2146 vero
1881 2084 2109 2146 accidit

537 2175 755 2239 deberi
805 2195 883 2238 ex
939 2176 1362 2238 misericordia
1391 2221 1408 2250 ,
1467 2177 1602 2256 ipsa
1650 2177 1823 2239 illam
1869 2176 2099 2251 efficit3

537 2269 792 2348 quando
824 2287 902 2330 ex
946 2269 1340 2332 observantia
1361 2315 1378 2344 ,
1416 2271 1736 2344 similiter;
1787 2277 1850 2332 et
1901 2273 1991 2332 sic
2023 2270 2104 2332 de

538 2363 710 2437 aliis3
751 2363 898 2444 quia
947 2380 1348 2442 unaquaque
1381 2363 1577 2426 virtus
1617 2361 1848 2426 sufficit
1877 2364 1959 2426 ad
2000 2383 2105 2426 ex-

535 2455 835 2537 plendam
875 2473 1054 2517 suam
1095 2456 1498 2518 intrinsecam
1529 2456 2000 2536 obligationem,
2042 2461 2107 2518 et

535 2549 948 2610 intrinsecum
1001 2549 1258 2610 modum
1281 2594 1298 2622 ,
1344 2548 1663 2625 ordinem,
1713 2568 1786 2612 ac
1839 2549 2107 2612 circum·

537 2642 798 2704 stantius
825 2642 983 2721 ejus.
1015 2641 1272 2720 Propter
1295 2643 1428 2704 baec
1459 2661 1610 2722 ergo
1639 2661 1768 2704 non
1806 2649 1977 2704 esset
2000 2661 2107 2704 ne-

535 2735 812 2796 cessaria
883 2735 1170 2814 specialis
1223 2735 1486 2814 justitia,
1535 2735 1652 2796 nisi
1701 2735 2107 2797 interveniret

537 2827 808 2907 speciale
847 2827 1151 2904 debitum,
1181 2835 1243 2889 et
1279 2829 1386 2907 jus
1421 2829 1592 2908 quod
1615 2827 1792 2890 illum
1821 2829 2107 2908 require-

537 2927 658 2996 ret,
689 2922 876 3001 quale
905 2927 1000 2984 cst
1027 2921 1180 2982 illud
1203 2921 1372 3000 quod
1407 2921 1472 2982 in
1495 2922 1733 3002 justitia
1757 2927 2103 2985 commuta-

537 3015 662 3076 tiva
691 3033 804 3076 nos
833 3013 1308 3076 declaravimus.
1335 3013 1416 3076 Ut
1443 3033 1594 3094 ergo
1625 3013 1792 3074 omni
1821 3031 1900 3074 ex
1925 3018 2103 3093 parto

535 3107 878 3189 probemus
921 3107 986 3171 in
1015 3109 1142 3169 Deo
1193 3126 1332 3169 esse
1371 3108 1534 3169 banc
1561 3107 1888 3187 justitiam,
1932 3125 2106 3169 eam·

537 3216 662 3279 que
705 3203 940 3264 servari
977 3203 1046 3264 in
1073 3200 1484 3263 retributione
1511 3200 1939 3280 praemiorum,
1976 3218 2105 3261 non

545 3296 694 3357 satis
718 3302 814 3357 est
843 3294 1190 3357 ostendisse
1219 3294 1303 3355 ibi
1329 3294 1718 3355 intercedere
1749 3312 1824 3357 ac
1851 3310 2104 3355 servare

545 3388 988 3467 geometricam
1027 3386 1518 3468 proportionem,
1553 3387 1740 3449 etiam
1765 3404 1880 3467 per
1913 3403 1983 3447 se
2016 3387 2105 3447 in-

539 3486 818 3553 tentam
849 3498 1000 3541 nam
1031 3479 1273 3559 justitia
1305 3478 1749 3541 commutativa
1787 3478 2103 3539 interdum

541 3578 749 3653 potest
785 3573 905 3634 hoc
933 3572 1164 3647 facere,
1207 3579 1271 3635 et
1297 3572 1639 3653 praesertim
1683 3572 1736 3633 si
1763 3572 1848 3633 illi
1877 3571 2101 3652 adJun·

542 3670 728 3746 gatur
752 3664 960 3745 aliqua
1005 3665 1126 3727 alia
1159 3666 1354 3727 virtus
1377 3710 1394 3738 ,
1428 3682 1570 3743 quae
1615 3666 1846 3727 babeat
1883 3682 2101 3727 curam

540 3758 690 3820 boni
723 3760 1095 3832 communis,
1127 3765 1188 3821 et
1212 3758 1641 3839 providentiis,
1672 3758 1752 3819 de
1785 3776 1912 3838 qua
1941 3758 2103 3819 infra

541 3850 767 3913 dicam.
819 3850 944 3913 Sed
995 3858 1240 3931 oportet
1277 3858 1346 3913 ut
1395 3851 1800 3913 ostendamus
1837 3852 2105 3913 interve-

539 3946 676 4007 nire
709 3946 774 4007 in
808 3947 928 4007 hoc
949 3946 1204 4026 negotio
1233 3946 1551 4025 proprium
1577 3944 1880 4018 debitum,
1913 3950 1977 4007 et
1997 3946 2104 4025 jus

534 4040 788 4120 justitia}
831 4038 1256 4101 distributivae.
1303 4038 1482 4111 Quod
1527 4056 1678 4101 sane
1731 4038 1979 4101 difficile
2014 4038 2109 4099 vi·

539 4132 680 4194 deri
706 4138 911 4213 potest
939 4133 1002 4193 in
1027 4138 1244 4193 nostra
1267 4133 1601 4205 sententia,
1633 4133 1778 4211 quia
1793 4133 1947 4211 justi
1972 4132 2108 4193 uni·

541 4243 686 4287 cum
731 4232 980 4287 tautum
1022 4225 1256 4287 habent
1294 4226 1400 4304 jus
1443 4224 1526 4286 ad
1577 4226 1908 4305 praemium
1954 4226 2107 4287 reci·

539 4318 842 4399 piendum
873 4336 912 4379 a
947 4318 1104 4391 Deo,
1136 4318 1392 4391 scilicet,
1417 4318 1523 4398 jus
1559 4318 1794 4393 meriti;
1831 4318 2104 4381 diximus

539 4416 754 4473 autem
777 4428 966 4491 supra
993 4410 1112 4473 boc
1132 4412 1238 4490 jus
1261 4429 1398 4473 esse
1429 4412 1746 4490 objectum
1773 4411 2103 4490 cujusdam

531 4505 784 4585 justitiae
821 4504 1280 4567 commutativae
1324 4503 1587 4577 divinoe3
1631 4524 1782 4585 ergo
1811 4504 1963 4566 illud
1996 4506 2103 4586 jus

537 4616 664 4659 non
695 4605 900 4677 potest
927 4614 1066 4659 esse
1107 4598 1362 4677 justitio
1393 4596 1820 4674 distributivae,
1847 4598 1995 4676 quia
2024 4616 2103 4659 ex

537 4695 751 4753 nostra
781 4691 1088 4752 sententia
1115 4708 1312 4751 unum
1339 4694 1404 4751 et
1425 4689 1594 4752 idem
1607 4692 1713 4769 jus
1735 4707 1866 4752 non
1893 4694 2103 4771 potest

537 4784 620 4845 ad
661 4788 990 4862 utramque
1021 4782 1329 4862 justitiam
1355 4783 1696 4863 pertinere.

615 4878 717 4939 28.
755 4874 1010 4939 Primus
1043 4876 1256 4939 modun
1287 4874 1633 4957 explicando·
1657 4876 2095 4957 difficultates».

533 5000 617 5017 --
631 4970 856 5031 Tribus
883 4986 1035 5047 ergo
1063 4968 1266 5029 modis
1292 4974 1498 5048 potest
1527 4970 1661 5031 hoec
1697 4988 1800 5031 res
1833 4970 2103 5048 explica·-

534 5064 610 5125 ri.
645 5063 888 5125 Primus
919 5068 1036 5135 est,
1059 5062 1124 5122 in
1150 5062 1268 5123 hac
1297 5062 1708 5125 retributione
1731 5064 2101 5125 meritorum

535 5156 798 5217 inveniri
823 5156 1128 5236 justitiam
1169 5154 1622 5217 distributivam
1663 5162 1973 5235 quantum
2016 5156 2099 5217 ad

531 5249 826 5323 formam,
852 5256 916 5311 et
941 5254 1248 5328 quantum
1275 5248 1357 5309 ad
1392 5248 1811 5329 aequalitatem
1835 5268 2101 5329 propor-

533 5344 720 5405 tionis
743 5360 858 5422 per
883 5360 952 5405 se
977 5342 1312 5415 intentum
1347 5360 1474 5403 nou
1504 5358 1654 5403 vero
1679 5349 1987 5421 quantum
2014 5342 2097 5403 ad

533 5436 1004 5518 obligationem,
1051 5442 1116 5498 et
1163 5434 1444 5497 debitum
1485 5435 1808 5515 proprium
1845 5441 1911 5497 et
1954 5453 2099 5515 spe-

533 5531 692 5593 ciale
711 5530 964 5610 justitio
991 5528 1398 5593 distributim
1418 5573 1437 5602 ,
1471 5529 1620 5609 quia
1650 5528 1714 5591 in
1757 5530 1876 5591 bac
1915 5535 2095 5608 parte

1494 393 1706 446 OPUSC.
1739 391 1823 444 Vl.
1861 387 2231 444 »isaurum
2264 389 2345 443 m:
2374 389 2653 444 msmta
2682 389 2803 446 nm.

2188 487 2439 549 vincere
2496 487 2743 549 videtur
2794 489 3238 550 commutatin
3286 495 3535 568 propter
3554 495 3707 554 ratio-

2188 599 2337 643 nem
2364 581 2619 643 factam.
2650 582 2792 642 Hoc
2820 582 3149 661 responsio
3176 588 3273 644 est
3300 583 3645 661 probabilis;
3676 607 3704 648 a

2188 674 2371 736 nobis
2406 681 2619 736 tamen
2660 675 2855 753 recipi
2897 693 3027 736 non
3060 681 3301 754 potest,
3336 682 3469 735 tum
3512 679 3637 754 quia
3656 681 3703 741 in

2188 768 2397 844 rigore
2436 767 2787 829 succumbit
2832 766 3201 840 difficultati,
3264 773 3331 829 et
3368 767 3585 830 fatetur
3632 789 3705 832 ac-

2186 867 2321 923 tum
2378 861 2551 922 illum
2598 862 2707 922 Dei
2760 877 2891 922 non
2934 860 3167 922 babere
3206 860 3529 922 formalem
3556 865 3706 926 ratio—

2186 973 2334 1016 nem
2358 955 2615 1034 justitiae
2646 953 3077 1028 distributius,
3098 953 3201 1016 vel
3228 954 3329 1032 (ut
3349 971 3518 1014 more
3538 965 3705 1019 nostro

2184 1047 2543 1128 loquamur)
2586 1064 2713 1108 non
2764 1065 2907 1108 esse
2934 1055 3141 1108 actum
3188 1046 3373 1126 quasi
3418 1047 3657 1110 elicitum
3678 1069 3705 1110 a

2188 1140 2441 1220 propria
2484 1139 2725 1218 justitia
2762 1139 3153 1202 distributiva
3174 1185 3190 1212 ,
3238 1139 3357 1201 sed
3392 1139 3579 1202 solum
3624 1143 3706 1204 ba-

2188 1232 2339 1295 bere
2374 1232 2717 1329 quamdam
2752 1231 3230 1302 ,similitudinem
3274 1234 3545 1294 cumina
3586 1255 3707 1315 :op-

2188 1325 2465 1406 positum
2510 1331 2723 1386 autem
2762 1326 2829 1386 in
2866 1326 3273 1388 conclusione
3302 1327 3625 1406 posuimus,
3660 1337 3705 1392 et

2190 1418 2469 1480 rationes
2490 1435 2605 1498 pro
2638 1417 2745 1480 illa
2780 1418 2961 1480 factae
2991 1419 3113 1482 hoc
3140 1417 3517 1480 concludere
3534 1421 3706 1482 viden-

2186 1519 2321 1588 tur3
2355 1520 2491 1575 tum
2520 1514 2711 1576 etiam
2732 1525 2991 1595 propter
3016 1515 3161 1590 alia,
3194 1532 3343 1594 quae
3374 1515 3567 1576 statim
3590 1517 3707 1598 adji-

2186 1625 2447 1668 olemus.

2266 1703 2366 1764 29.
2406 1699 2719 1766 Secundus
2744 1701 3365 1766 maan-secundo
3392 1720 3537 1782 ergo
3560 1705 3703 1766 modo

2187 1812 2526 1875 possumus
2558 1795 2678 1856 boc
2726 1795 3039 1874 explicare
3066 1795 3341 1858 dicendo
3376 1815 3511 1857 esse
3536 1798 3592 1856 in
3608 1799 3705 1876 jus-

2184 1889 2265 1952 tis
2302 1889 2619 1970 duplicem
2650 1889 2899 1950 titulum
2938 1890 3019 1952 ad
3068 1889 3540 1952 beatitudinem.
3574 1893 3707 1952 P1i0r

2186 1990 2284 2044 est
2306 1983 2524 2044 titulus
2552 1983 2777 2058 meriti,
2810 1984 2913 2045 vel
2937 1984 3195 2063 proprii,
3230 1985 3337 2045 vel
3364 1986 3593 2057 Christi,
3618 1987 3704 2046 sibi

2187 2076 2518 2156 applicati3
2554 2076 2717 2138 alius
2742 2082 2841 2138 est
2866 2076 3085 2138 titulus
3108 2076 3315 2156 ipsius
3340 2079 3545 2155 gmtioe
3568 2085 3613 2138 et
3640 2078 3706 2138 di·

2186 2171 2443 2250 gnitatis
2484 2185 2775 2248 personae
2814 2169 3163 2231 constitutis
3205 2170 3271 2230 in
3309 2175 3474 2230 statu
3508 2169 3707 2231 filiatio-

2184 2264 2283 2324 nis
2308 2261 2559 2336 divinoe,
2598 2263 2779 2343 juxta
2818 2263 3013 2325 illud:
3067 2263 3151 2328 Si·
3180 2263 3339 2340 filii,
3378 2267 3437 2328 et
3474 2265 3701 2326 kar-edu.

2182 2357 2273 2418 De
2322 2356 2523 2435 priori
2568 2373 2721 2435 ergo
2764 2356 2944 2418 titulo
2996 2357 3289 2436 procedit
3344 2356 3497 2418 ratio
3546 2355 3701 2428 sacta,

2184 2447 2457 2529 ideoque
2481 2449 2563 2512 de
2586 2450 2693 2511 illo
2716 2449 3089 2512 conceditur
3110 2451 3433 2530 pertinere
3460 2449 3535 2510 ad
3562 2451 3703 2528 justi-

2184 2547 2341 2606 tiam
2378 2545 2932 2628 commutativam,
2990 2550 3059 2606 et
3104 2563 3237 2606 non
3290 2545 3377 2606 ad
3426 2545 3701 2606 distributi-

2184 2655 2353 2698 -vam,
2384 2639 2607 2702 Deficit
2648 2645 2863 2702 autem
2903 2640 3069 2701 dicta
3101 2639 3289 2712 ratio,
3336 2638 3483 2716 quia
3504 2645 3701 2716 preter·

2186 2731 2375 2792 mittit
2406 2733 2817 2810 posteriorem
2850 2732 3122 2807 titulum,
3154 2733 3221 2792 in
3252 2751 3381 2812 quo
3408 2737 3591 2812 potest
3616 2731 3697 2790 ha-

2184 2825 2339 2886 bere
2390 2825 2603 2888 locum
2649 2827 2901 2907 propria
2948 2828 3107 2888 ratio
3150 2825 3552 2889 distributiva.
3582 2824 3697 2895 Quia

2188 2918 2347 2992 baec,
2374 2924 2445 2981 ut
2472 2919 2763 2993 diximuS,
2790 2919 3044 3000 respicit
3062 2921 3169 3000 jus
3202 2919 3528 2980 fundatum
3554 2919 3603 2978 in
3626 2937 3696 2978 so-
3758 2949 3763 2954 ·

2188 3012 2251 3072 la
2292 3012 2649 3074 conditione
2696 3021 2757 3074 et
2809 3013 3111 3094 dignitate
3160 3029 3488 3094 personoe;
3528 3011 3697 3089 hujus-

2186 3105 2357 3169 modi
2386 3111 2598 3169 autem
2632 3114 2729 3170 cst
2756 3107 2857 3169 bic
2884 3107 3103 3170 titulus
3126 3105 3431 3169 fundatus
3452 3106 3511 3166 in
3541 3105 3694 3185 digni·

2186 3204 2315 3261 tate
2356 3200 2591 3281 gratim.
2640 3200 2817 3273 Quod
2848 3208 3053 3281 potest
3094 3202 3179 3263 ita
3222 3200 3523 3263 declarari
3551 3216 3694 3258 :nam

2182 3292 2331 3355 licet
2354 3310 2543 3355 omne
2570 3295 2865 3357 meritum
2892 3295 3325 3368 secludamus,
3344 3293 3577 3355 habenti
3594 3310 3695 3373 gra·

2184 3386 2360 3460 tiam,
2400 3404 2478 3449 ex
2502 3388 2565 3449 vi
2594 3394 2659 3449 et
2690 3395 2916 3451 natura
2944 3389 3141 3467 ipsius
3170 3388 3417 3469 gratiae,
3456 3386 3691 3450 debetur.

2184 3478 2405 3561 gloria,
2446 3483 2511 3542 et
2550 3481 2833 3544 similiter
2866 3482 3151 3562 pluribus
3190 3480 3555 3543 habentibus
3584 3480 3693 3539 ina-

2182 3572 2403 3651 quales
2420 3574 2655 3652 gratias
2678 3574 2989 3637 debentur
3002 3574 3358 3653 inaequales
3375 3574 3567 3654 gloriis
3586 3588 3691 3632 cum

2184 3668 2567 3745 geometrica
2592 3669 3027 3749 proportione;
3061 3686 3215 3748 ergo
3232 3714 3249 3735 ,
3284 3686 3425 3729 cum
3450 3668 3595 3727 Deus
3616 3663 3691 3723 det

2186 3758 2455 3837 gloriam·
2466 3761 2676 3840 justis,
2708 3768 2771 3823 et
2794 3766 3097 3841 tanquam
3127 3760 3543 3823 haereditatem
3566 3757 3687 3824 filiis,

2184 3856 2249 3911 et
2284 3855 2587 3933 tanquam
2617 3855 2975 3917 mercedem
3012 3854 3344 3935 operariis,
3372 3860 3533 3915 recte
3558 3850 3689 3911 intel-

2184 3942 2437 4025 ligimus
2492 3948 2681 4027 priori
2738 3948 2927 4010 modo
2976 3966 3231 4011 servare
3298 3945 3687 4009 distributivam

2180 4040 2483 4120 justitiam
2508 4086 2525 4115 ,
2560 4040 2951 4122 dignioribus
2980 4042 3125 4103 filiis
3164 4044 3467 4123 majorem
3498 4042 3686 4120 partem

2186 4132 2571 4196 hoereditatis
2598 4134 2983 4197 conferendo
3008 4135 3071 4196 in
3112 4152 3193 4197 ea
3224 4134 3618 4215 proportione,
3640 4132 3685 4188 in

2188 4244 2313 4307 qua
2368 4246 2535 4289 unus
2586 4228 2777 4291 alium
2820 4230 2883 4291 in
2916 4228 3217 4309 dignitate
3262 4228 3527 4299 excedit:
3564 4226 3686 4284 hanc

2188 4321 2357 4381 enim
2378 4323 2845 4401 proportionem
2874 4322 3187 4383 interdum
3208 4320 3561 4383 servandam
3580 4332 3683 4377 esse

2184 4412 2251 4473 in
2314 4413 2677 4477 haereditate
2728 4414 3158 4477 distribuenda
3204 4416 3397 4477 etiam
3448 4414 3685 4493 jurecon-

2184 4504 2328 4566 sulti
2356 4504 2821 4581 intellexerunt,
2850 4514 2917 4569 ut
2938 4514 3113 4587 patet
3154 4526 3232 4569 ex
3282 4508 3324 4567 l.
3372 4506 3449 4571 Si
3472 4509 3553 4567 ita
3570 4500 3683 4564 scri-

2180 4602 2379 4679 ptum,
2411 4598 2476 4659 ff.
2508 4598 2591 4661 de
2628 4600 2793 4662 Libr.
2822 4606 2887 4663 et
2912 4602 3259 4681 posthum..
3288 4600 3417 4662 etl.
3442 4597 3679 4663 claun,

2181 4690 2247 4750 ff.
2282 4690 2363 4752 de
2400 4692 2642 4753 Hoered.
2686 4694 2831 4755 inst.
2874 4693 2999 4755 Sed
3049 4694 3133 4756 ibi
3168 4692 3372 4755 solum
3408 4693 3564 4771 juxta
3604 4702 3679 4745 vo·

2180 4784 2489 4847 luntatem
2512 4787 2833 4848 testatoris
2856 4786 3293 4849 consideratur
3314 4782 3611 4865 proportio,
3634 4782 3679 4836 θῑ

2182 4878 2327 4939 ideo
2350 4880 2433 4940 ad
2455 4880 2763 4959 justitiam
2792 4882 3301 4943 commutativam
3326 4875 3593 4958 spectabit
3610 4876 3677 4948 (¹¹²
3778 4896 3780 4907 ³

2182 4971 2429 5051 opinor)
2458 4972 2629 5034 illam
2657 4992 2934 5047 servare,
2958 4974 3105 5052 quia
3122 4974 3407 5035 voluntas
3424 4964 3677 5033 testatoris

2182 5063 2301 5125 boc
2332 5066 2439 5145 jus
2470 5066 2745 5140 confert3
2778 5068 2883 5129 hic
2910 5086 3061 5129 vero
3088 5084 3167 5129 ex
3202 5067 3515 5129 intrinseca
3538 5066 3673 5120 natu·

2178 5176 2251 5219 ra
2282 5166 2345 5219 et
2391 5157 2691 5239 dignitate
2746 5160 2959 5241 gratim
2986 5160 3184 5221 oritur
3218 5160 3335 5221 hoc
3371 5160 3465 5237 jus
3488 5158 3543 5216 et
3562 5168 3673 5230 pro·

2179 5251 2383 5330 portio
2404 5296 2420 5325 ,
2466 5252 2735 5333 ideoque
2770 5253 2975 5334 magis
3012 5253 3261 5315 videtur
3304 5252 3383 5315 ad
3418 5247 3667 5329 justitiam
3776 5244 3778 5265 ³

2176 5344 2633 5407 distributivam
2664 5352 2969 5426 spectaro.

2258 5438 2357 5500 30.
2406 5438 2724 5503 Secundae
2768 5440 2977 5503 modu
3024 5436 3261 5501 dicendi
3305 5434 3585 5517 πραῢν.
3602 5458 3663 5475 -

2176 5530 2325 5593 Haec
2356 5532 2667 5593 sententia
2696 5538 2793 5593 est
2816 5530 3179 5611 probabilis,
3222 5538 3287 5593 et
3308 5530 3495 5609 aliqua
3518 5523 3661 5585 ratio-
3774 5606 3776 5635 ἰ
