3850 6225
929 405 1100 459 sssc‘r.
1137 407 1198 460 V.
1234 404 1512 470 nmmum
1545 403 1608 456 m
1641 403 1766 458 DEO
1795 403 1894 456 Si'l'
1925 403 2333 460 vmmcmtu
2362 406 2655 460 msrrrut.

161 505 356 570 alind
399 507 768 570 attributum
789 553 806 580 ,
835 505 1304 580 misericordiae,
1331 505 1744 578 liberalitatis,

163 607 292 663 ant
334 600 768 664 beneficentia
809 619 888 662 ex
929 617 1180 672 amore;
1209 601 1331 662 hoc
1357 599 1526 662 enim
1557 599 1748 662 etiam

159 695 238 756 in
273 695 416 757 aliis
451 695 764 758 attributis
791 693 1232 757 misericordiis
1265 739 1282 768 ,
1333 692 1742 766 liberalitatis,

161 797 328 864 etc„
359 789 734 850 invenietur.
765 789 898 851 Imo
919 793 982 850 et
1010 789 1074 850 in
1091 785 1742 862 humanisvirtutibus,

161 901 322 962 quoe
375 901 506 944 non
541 881 746 944 solum
796 881 1064 956 ratione,
1093 880 1220 952 sed
1247 881 1434 943 etiam
1497 899 1566 942 re
1621 879 1748 942 dis-

163 976 579 1056 tinguuntur,
611 993 776 1057 serpe
823 975 1130 1055 contingit
1167 974 1328 1036 utin
1359 974 1582 1036 eadem
1615 991 1747 1036 ma·

159 1069 338 1132 teria
387 1069 572 1150 plura
610 1069 844 1130 motiva
887 1069 1278 1131 diversarum
1319 1069 1620 1131 virtutum
1648 1068 1747 1129 in-

159 1164 514 1227 veniantur
541 1181 560 1235 ;
597 1163 718 1226 hoc
743 1181 894 1242 ergo
921 1181 1052 1224 non
1099 1161 1360 1243 impedit
1403 1162 1744 1242 quominus

161 1257 310 1318 haec
357 1257 600 1338 justitia
633 1255 908 1336 speciale
957 1255 1326 1318 attributum
1377 1255 1442 1316 in
1481 1257 1612 1318 Deo
1639 1254 1742 1329 sit,

163 1367 254 1412 ex
295 1350 554 1430 speciali
601 1367 674 1412 ac
717 1349 974 1430 proprio
1019 1349 1278 1410 motivo.
1316 1348 1550 1412 Dicitur
1591 1366 1744 1429 ergo

161 1443 492 1522 generalis
525 1488 542 1518 ,
594 1444 822 1523 primo,
867 1461 944 1506 ex
995 1445 1172 1523 parte
1211 1442 1490 1504 materiae
1537 1448 1601 1505 et
1647 1461 1746 1504 re·

161 1554 316 1600 rum
369 1538 432 1598 in
475 1537 704 1616 quibus
751 1542 1062 1606 versatur,
1107 1537 1268 1598 sicut
1309 1536 1497 1600 etiam
1539 1535 1744 1616 provi-

163 1630 392 1692 dentia
443 1631 557 1691 Dei
600 1630 914 1709 generalis
965 1630 1212 1692 dicitur.
1255 1628 1494 1690 Deinde
1539 1633 1746 1708 potest

161 1727 311 1786 haec
357 1724 480 1786 dici
519 1723 832 1804 generalis
855 1723 1118 1804 justitia,
1146 1722 1294 1803 quia
1333 1739 1588 1785 omnem
1611 1722 1746 1800 jus-

159 1817 374 1880 titiam
426 1816 892 1897 quodammodo
935 1816 1214 1878 imitatur
1246 1835 1263 1889 ;
1315 1833 1491 1887 nam,
1521 1819 1746 1894 quate-

163 1929 296 1972 nus
339 1911 682 1990 unicuique
712 1914 952 1972 naturae
985 1915 1244 1989 praestat
1283 1909 1456 1987 quod
1495 1908 1582 1970 illi
1631 1908 1746 1970 ad-

163 2011 422 2085 aequate
483 2003 784 2078 debetur,
833 2003 1102 2065 formam
1145 2002 1484 2083 quamdam
1537 2006 1746 2064 servat

165 2097 634 2160 commutativae
653 2096 942 2176 jastium
977 2103 1290 2174 quatenus
1321 2113 1472 2156 vero
1511 2095 1576 2156 in
1609 2095 1746 2156 uni·

163 2209 358 2254 verso
408 2190 618 2252 omnia
665 2190 930 2254 collocat
965 2188 1314 2250 secundum
1343 2188 1744 2266 uniuscujus-

165 2303 300 2366 que
348 2285 738 2365 dignitatem,
771 2283 1082 2364 justitiam
1125 2282 1582 2344 distributivam
1609 2281 1744 2344 imi-

163 2386 366 2441 tatur.
400 2382 478 2441 At
513 2397 662 2442 vero
688 2384 999 2457 quatenus
1027 2395 1360 2440 commune
1383 2376 1622 2438 honum
1650 2383 1742 2439 to-

163 2475 296 2536 tius
337 2473 618 2534 universi
659 2471 1085 2554 principaliter
1122 2477 1438 2551 procurat,
1471 2476 1534 2532 et
1565 2470 1740 2549 leges

165 2567 294 2630 fert
337 2567 448 2629 toti
477 2566 912 2628 communitati
944 2565 1216 2626 maxime
1247 2564 1694 2626 convenientes
1717 2607 1736 2638 ,

165 2659 520 2739 qnamdam
544 2659 899 2739 analogiam
923 2659 1118 2720 habet
1139 2657 1544 2737 adjustitiam
1570 2655 1739 2736 lega·

165 2752 341 2826 lem;
375 2753 599 2816 merito
647 2767 800 2832 ergo
851 2752 1042 2814 etiam
1085 2750 1208 2813 hac
1253 2750 1498 2812 ratione
1546 2765 1740 2829 gene-

167 2847 324 2907 ralis
367 2843 610 2926 justitia
654 2846 866 2908 vocari
896 2850 1122 2925 potest.

255 2941 357 3001 u.
405 2941 538 3001 Hoc
562 2957 712 3000 vero
745 2957 874 3000 non
901 2937 1161 3018 impedit
1190 2937 1547 3017 quominus,
1577 2953 1740 3015 prae-

167 3039 270 3094 ter
309 3035 474 3094 hanc
517 3032 843 3113 justitiam,
881 3031 1176 3113 ponenda
1229 3031 1306 3093 sit
1349 3031 1414 3092 in
1445 3032 1576 3092 Deo
1629 3028 1736 3090 illa

169 3128 462 3190 eminens
483 3127 722 3207 justitia
753 3126 1194 3187 commutativa
1227 3131 1290 3187 et
1323 3124 1735 3197 distributiva,

167 3240 368 3302 quam
395 3238 588 3301 supra
615 3220 1024 3301 explicuimus
1049 3239 1066 3293 ;
1101 3219 1290 3281 hahet
1309 3218 1478 3280 enim
1507 3236 1740 3279 munus

167 3317 366 3396 longe
413 3315 752 3395 diversum,
799 3313 968 3393 quod
1007 3319 1102 3375 est
1153 3331 1408 3375 servare
1447 3318 1630 3392 pacta
1677 3316 1740 3372 et

167 3409 624 3471 conventiones
649 3407 850 3469 factas
895 3424 1040 3469 cum
1085 3406 1388 3469 creaturis
1423 3404 1740 3467 rationali-

167 3504 340 3576 bus;
371 3502 532 3564 sicut
559 3502 752 3565 etiam
777 3501 1048 3563 fidelitas
1079 3506 1175 3562 est
1202 3499 1568 3562 attributum
1611 3498 1740 3559 dis-

167 3597 438 3659 tinctum
479 3597 562 3657 ab
611 3600 878 3674 utraque
927 3594 1166 3675 justitia
1201 3638 1218 3669 ,
1285 3593 1432 3674 quia
1487 3591 1742 3671 respicit

171 3690 366 3751 aliam
412 3690 720 3751 rationem
755 3687 968 3751 debiti.
999 3689 1076 3749 Et
1117 3706 1150 3749 e
1189 3686 1502 3749 contrario
1531 3685 1741 3747 decla-

170 3784 302 3845 rari
329 3788 556 3863 potest,
590 3782 737 3861 quia
777 3781 912 3844 haec
938 3780 1182 3861 justitia
1213 3780 1528 3861 generalis
1555 3796 1740 3857 regu·-

167 3877 390 3939 lariter
421 3876 628 3939 solum
653 3875 908 3955 respicit
935 3873 1216 3937 debitum
1253 3873 1556 3937 decentiae
1595 3890 1740 3951 spe-

173 3971 375 4044 cialis,
405 3970 734 4031 fundatum
781 3968 846 4029 in
881 3967 992 4029 tali
1025 3986 1242 4029 rerum
1279 3965 1680 4047 proportione
1717 3984 1735 4038 ς

163 4064 410 4145 justitia
433 4082 582 4125 vero
623 4062 878 4143 propria
907 4066 1096 4141 atque
1133 4060 1322 4123 etiam
1349 4060 1618 4121 fidelitas
1638 4076 1742 4122 re-

173 4157 450 4237 spiciunt
493 4156 776 4218 debitum
804 4154 1213 4228 necessitatiS,
1251 4152 1422 4233 quod
1448 4154 1582 4215 Deo
1609 4170 1740 4213 non

171 4255 490 4331 repugnat
521 4294 538 4323 ,
607 4266 686 4311 ex
743 4248 1174 4329 suppositione
1243 4246 1468 4327 prioris
1523 4246 1742 4309 volun-

170 4346 322 4408 tatis
373 4344 532 4424 ejus,
566 4346 636 4404 ut
688 4342 835 4403 alibi
885 4342 1176 4404 diximus.
1210 4339 1389 4404 Unde
1423 4339 1496 4403 fit
1525 4345 1625 4414 ut,
1673 4340 1740 4401 in

174 4438 473 4519 operibus
503 4436 818 4499 fidelitatis
859 4442 924 4499 et
946 4435 1212 4516 propriae
1247 4434 1522 4515 justitia,
1569 4435 1740 4495 Deus

173 4530 456 4595 debitum
485 4547 722 4609 negare
771 4546 900 4591 non
941 4529 1158 4609 possit,
1191 4528 1337 4607 quia
1363 4546 1570 4607 neque
1601 4526 1740 4587 infl-

173 4625 356 4699 delis,
403 4641 614 4703 neque
661 4623 932 4702 injustus
973 4640 1112 4685 esse
1159 4627 1404 4701 potest,
1445 4638 1590 4683 cum
1639 4638 1741 4681 se-

173 4719 388 4798 ipsum
433 4734 672 4795 negare
727 4734 856 4777 non
905 4715 1123 4794 possit,
1159 4721 1230 4777 ut
1280 4714 1509 4777 Paulus
1564 4713 1736 4775 dixit.

170 4814 246 4873 ln
287 4810 582 4890 operibus
623 4814 836 4871 autem
863 4808 1088 4887 prioris
1109 4808 1388 4887 justitiae,
1419 4807 1552 4868 fere
1579 4825 1741 4869 sem·

177 4922 298 4983 per
341 4909 546 4985 potest
593 4920 668 4965 ea
695 4919 956 4982 negare,
1008 4920 1126 4962 nec
1171 4906 1504 4981 propterea
1551 4899 1741 4979 injus-

173 5005 278 5060 tus
307 4998 444 5072 erit,
475 5002 546 5057 nt
592 5000 762 5057 recte
789 4994 1130 5056 declaravit
1157 4994 1378 5055 Scotus
1407 4994 1470 5055 in
1501 4994 1558 5066 4,
1590 4993 1734 5055 dist.

172 5092 278 5163 46,
321 5109 384 5170 q.
423 5094 477 5163 Ι,
511 5089 676 5151 circa
713 5088 944 5162 finem3
978 5087 1126 5166 quia
1173 5086 1277 5147 illa
1329 5086 1742 5147 condecentia

173 5184 446 5265 justitiae,
477 5200 616 5261 quae
636 5180 884 5243 videtur
911 5198 1052 5243 esse
1079 5180 1144 5241 in
1173 5198 1300 5259 una
1331 5185 1619 5243 creatura
1645 5197 1740 5241 re-

175 5283 394 5358 spectu
421 5277 516 5338 rei
549 5276 666 5337 sibi
707 5274 1192 5355 proportionatae
1219 5316 1235 5347 ,
1281 5278 1378 5336 est
1407 5272 1741 5353 particula-

175 5372 282 5443 ris,
310 5388 453 5450 qnoe
480 5374 740 5450 propter
783 5369 970 5431 aliam
1015 5366 1438 5429 universalem
1489 5374 1744 5447 praeter-

175 5464 332 5527 mitti
363 5468 572 5544 potest
599 5463 736 5525 sine
763 5462 1088 5542 injustitia,
1127 5462 1316 5524 etiam
1343 5462 1408 5523 in
1435 5461 1746 5525 rectitudi-

175 5578 254 5623 ne
291 5558 460 5621 illius
489 5556 766 5637 justitia.
793 5557 1076 5634 Denique
1105 5556 1430 5630 honestas,
1463 5572 1656 5635 quam
1681 5554 1746 5615 in

3270 403 3393 467 ⁵69

1831 511 1975 567 actu
2002 506 2169 568 illius
2207 507 2455 570 virtutis
2480 507 2915 586 explicuimus,
2950 507 3155 570 solum
3180 515 3393 571 osten-

1829 600 1922 662 dit
1948 617 2065 680 per
2108 619 2249 662 sese
2290 619 2427 662 esse
2460 599 2961 672 convenientem,
2994 606 3059 664 et
3092 601 3393 682 regulari-

1827 698 1926 754 ter
1966 699 2249 774 spectare
2281 694 2359 756 ad
2408 695 2713 775 majorem
2758 693 3227 774 perfectionem,
3262 713 3393 758 non

1828 791 2043 849 tamen
2084 805 2223 851 esse
2248 788 2679 850 necessarium
2706 787 3065 869 simpliciter
3100 787 3183 850 ad
3206 789 3394 851 recti·

1825 879 2113 944 tudinem
2161 881 2497 944 voluntatis
2530 927 2547 958 ‚
2600 882 2823 946 saltem
2876 881 3249 962 regulariter
3296 882 3392 944 lo-

1825 972 2104 1054 quondo.

2442 1175 2663 1230 SEGTIO
2696 1176 2757 1230 V.

2047 1349 2269 1396 cutum!
2302 1351 2353 1389 ll(
2384 1349 2481 1390 ”20
2508 1351 2582 1390 su·
2609 1349 2923 1390 vmmcanu
2942 1349 3169 1390 sutrim.

1907 1538 1965 1597 1.
2016 1533 2371 1600 Ostenditm·
2420 1535 2779 1619 δαήμεναι.
2829 1569 2912 1584 -
2952 1537 3097 1600 Haec
3133 1537 3391 1600 tandem

1823 1629 2088 1708 quaestio
2122 1629 2201 1690 ad
2230 1629 2419 1708 hujus
2432 1630 2710 1692 materiae
2726 1629 3254 1710 complementum
3281 1649 3391 1694 ne·

1827 1723 2099 1786 cessaria
2142 1729 2260 1796 est;
2308 1729 2371 1784 et
2412 1723 2477 1784 in
2530 1725 2915 1804 argumentis
2972 1724 3160 1787 etiam
3202 1743 3393 1805 supra

1828 1817 2009 1880 tactis
2040 1817 2411 1896 postulatur,
2444 1815 2753 1898 facileque
2782 1835 2861 1878 ex
2890 1816 3071 1880 dictis
3110 1817 3389 1897 expediri

1827 1915 2069 1990 potest;
2120 1929 2155 1972 a
2186 1927 2336 1990 qua,
2368 1911 2603 1974 scilicet
2627 1954 2643 1984 ,
2676 1911 2905 1974 virtute
2945 1910 3048 1972 vel
3092 1911 3389 1973 attributo

1825 2003 1890 2065 in
1934 2005 2067 2066 Deo
2097 2004 2177 2066 sit
2218 2004 2479 2066 affectus
2506 2003 2899 2065 vindicativae
2924 2003 3201 2083 justitias.
3234 2005 3391 2082 Sup-

1825 2096 2119 2176 ponimus
2150 2097 2319 2158 enim
2344 2100 2651 2177 tanquam
2686 2101 2929 2160 certum
2974 2096 3038 2158 in
3078 2097 3208 2158 Deo
3249 2115 3387 2160 esse

1825 2190 2185 2270 hujusmodi
2229 2191 2520 2252 affectum
2562 2189 2848 2252 vindictas
2878 2235 2895 2264 ,
2944 2190 3093 2270 quia
3148 2191 3213 2251 in
3256 2191 3387 2253 Deo

1823 2290 1919 2346 est
1958 2284 2244 2346 voluntas
2286 2283 2587 2365 puniendi
2638 2283 2865 2346 delicta
2890 2329 2905 2358 ,
2962 2302 3103 2363 quae
3143 2284 3385 2365 punitio

1821 2382 1918 2442 est
1937 2377 2071 2458 ipsa
2096 2377 2399 2444 vindicta.
2430 2377 2531 2440 vel
2556 2376 2931 2452 vindicatio;
2965 2377 3253 2440 voluntas
3278 2397 3388 2440 au·
3466 2449 3475 2458 ,

1819 2479 1949 2532 tem
1984 2471 2123 2551 ejus
2143 2477 2403 2534 vocatur
2422 2471 2617 2532 virtus
2638 2469 3035 2545 vindicativa,
3068 2488 3209 2551 quae
3236 2489 3385 2553 pars

1813 2564 2069 2644 justitiae
2099 2566 2353 2645 ponitur
2390 2565 2475 2626 ab
2516 2564 2811 2626 omnibus
2862 2564 3277 2645 Philosophia.
3310 2565 3387 2628 Et

1819 2659 1989 2720 hunc
2024 2658 2321 2720 affectum
2370 2663 2435 2720 et
2470 2658 2765 2720 effectum
2820 2657 2957 2737 ejus
2996 2659 3231 2738 passim
3280 2659 3386 2720 tri-

1819 2751 2024 2814 buunt
2047 2753 2379 2832 Scripturae
2408 2753 2576 2824 Deo;
2622 2769 2792 2813 nunc
2821 2751 2939 2812 suh
2971 2752 3227 2814 nomine
3253 2752 3389 2815 vin-

1819 2845 2021 2920 dictae,
2052 2845 2136 2907 ad
2162 2848 2340 2908 Rom.
2381 2847 2493 2908 12:
2534 2845 2701 2908 Mihi
2732 2841 3002 2910 vindicta
3022 2871 3048 2920 ,·
3074 2863 3175 2927 eqo
3202 2843 3387 2910 retri-

1817 2939 2015 3013 buam,
2036 2937 2184 3004 dicit
2210 2940 2507 3002 Dominus
2526 2964 2555 3011 ,·
2574 2942 2639 3000 et
2663 2939 2810 3000 Luc.
2845 2939 2964 3001 18:
2995 2939 3158 3003 Dm
3183 2945 3387 3004 autem

1817 3051 1939 3096 non
1972 3033 2128 3113 facit
2164 3031 2496 3098 vindictam
2522 3033 2841 3100 electorwm
2864 3050 3112 3096 suorum
3132 3056 3159 3106 ,·
3215 3050 3385 3096 nunc

1819 3127 1940 3187 sub
1985 3127 2240 3191 nomine
2282 3127 2407 3203 iroe,
2440 3134 2511 3189 ut
2558 3127 2639 3188 ad
2684 3128 2915 3207 EpheS.
2946 3128 2985 3189 5
3019 3145 3034 3188 :
3084 3126 3259 3194 Venit
3284 3128 3387 3190 ira

1817 3220 1935 3283 Dei
1960 3218 2027 3281 in
2067 3219 2230 3299 filios
2281 3220 2630 3301 diffidentia?
2647 3244 2673 3293 ;
2700 3240 2869 3283 nunc
2913 3238 3063 3283 vero
3102 3221 3221 3283 sub
3271 3240 3383 3283 no-

1819 3313 1989 3374 mine
2030 3312 2303 3392 justitioe,
2337 3314 2419 3375 ad
2452 3317 2633 3375 Rom.
2669 3316 2696 3375 1
2732 3319 2795 3374 et
2821 3314 2884 3388 2,
2918 3320 2981 3375 et
3013 3314 3205 3392 Epist.
3237 3315 3276 3375 2
3303 3314 3387 3375 ad

1816 3406 2129 3479 Thessal„
2164 3425 2220 3468 c.
2264 3410 2344 3479 1;
2388 3412 2453 3468 et
2504 3408 2692 3487 Apoc.
2742 3409 2865 3469 19:
2926 3406 3081 3473 Vera
3112 3412 3173 3471 ei
3216 3408 3388 3477 iusta

1804 3499 2053 3579 judicia
2100 3504 2249 3565 sunt
2296 3499 2431 3581 ejus
2482 3499 2588 3582 qui
2626 3499 2947 3579 judicavit
2983 3502 3052 3564 de
3080 3500 3387 3565 meretrice

1817 3609 2069 3672 mayna,
2112 3611 2245 3675 quoe
2284 3594 2557 3674 corrupit
2600 3597 2827 3657 iem-am
2856 3593 2925 3655 iu
2958 3593 3388 3674 prostitutione

1819 3703 1937 3750 sua
1958 3732 1973 3759 ‚
2022 3691 2082 3750 ot
2128 3684 2461 3751 vindicavit
2500 3686 2857 3769 sanquinem
2896 3704 3206 3750 servorum
3251 3704 3385 3750 suo-

1817 3797 1959 3841 rwm
1998 3781 2067 3843 de
2118 3780 2394 3845 manibus
2442 3780 2598 3860 ejus.
2644 3780 2932 3842 Procedit
2978 3799 3129 3862 ergo
3170 3800 3209 3843 a
3253 3782 3383 3843 Deo

1819 3872 2073 3951 propria
2124 3878 2187 3934 et
2234 3872 2517 3935 formalis
2565 3872 2839 3935 vindicta
2894 3874 2975 3935 de
3046 3874 3319 3954 peccatis
3365 3893 3382 3946 ;

1821 3982 2091 4044 cumque
2170 3966 2381 4027 omnia
2456 3970 2751 4047 operetur
2822 3986 2937 4047 per
2998 3967 3387 4030 voluntatem

1821 4078 2029 4135 suam,
2063 4077 2323 4121 necesse
2352 4059 2417 4120 in
2446 4078 2523 4121 eo
2554 4066 2651 4121 est
2679 4066 2748 4121 ut
2780 4060 2859 4122 sit
2884 4060 3147 4121 affectus
3174 4063 3238 4121 et
3273 4078 3385 4121 vo-

1821 4151 2029 4214 luntas
2058 4153 2201 4215 talis
2225 4152 2532 4228 vindictoe‚
2572 4154 2681 4234 qui
2718 4154 3000 4227 affectus,
3030 4154 3143 4227 ira,
3184 4158 3247 4215 et
3284 4154 3387 4234 ju-

1822 4246 1989 4309 stitia
2012 4246 2385 4309 vindicativa
2405 4266 2521 4308 seu
2548 4247 2827 4327 punitiva
2848 4246 3223 4327 appellatur.

2408 4500 2497 4565 De
2543 4502 2646 4565 ira
2672 4500 2804 4567 Dei.

1903 4712 1963 4772 2.
2014 4709 2114 4773 Aa
2152 4709 2223 4770 in
2259 4711 2381 4772 Deo
2417 4709 2507 4772 sit
2531 4709 2787 4792 propria
2812 4708 2931 4775 ira.
2966 4743 3049 4757 —
3072 4711 3387 4776 Resolutio

1821 4804 2006 4869 dubii.
2036 4835 2118 4849 —
2140 4804 2215 4864 Et
2262 4802 2520 4881 quidem
2568 4802 2647 4865 do
2714 4803 2909 4884 priori
2964 4803 3385 4883 appellatione

1821 4896 2093 4960 dubitari
2124 4896 2303 4968 solet,
2340 4913 2423 4956 an
2463 4895 2543 4957 sit
2567 4896 2821 4976 propria
2851 4900 2913 4957 et
2949 4896 3251 4973 formalis,
3286 4899 3385 4961 vel

1821 4992 2025 5053 solum
2050 4990 2507 5070 metaphorica;
2541 5008 2691 5051 nam
2721 4991 2938 5053 Patres
2971 4992 3387 5054 communiter

1819 5088 2158 5147 tractantes
2186 5084 2321 5145 loca
2356 5084 2717 5163 Scripturae,
2759 5084 2824 5145 in
2868 5084 3096 5164 quibus
3124 5085 3385 5145 affectus

1819 5179 1920 5241 hic
1948 5181 2079 5240 Deo
2100 5177 2849 5257 tribuitur,metaphorice
2881 5178 2983 5239 illa
3018 5178 3383 5261 interpreta-

1824 5272 1874 5333 ri
1903 5272 2215 5334 videntur.
2242 5270 2597 5333 Lactantius
2626 5265 2863 5345 autem,
2888 5271 2997 5332 lib.
3018 5271 3095 5333 de
3124 5272 3223 5333 Ira
3245 5272 3380 5344 Dei,

1826 5384 1906 5427 ex
1925 5365 2207 5445 professo
2245 5364 2565 5427 contendit
2608 5364 2781 5427 illam
2808 5364 3191 5427 locutionem
3244 5384 3383 5427 esse

1824 5459 2168 5540 propriam,
2194 5458 2342 5537 quia
2369 5458 2447 5521 de
2464 5458 2707 5522 ratione
2736 5458 2841 5521 iroe
2866 5458 3041 5521 nulla
3059 5458 3384 5539 imperfec-

1825 5553 1914 5615 tio
1936 5555 2055 5627 est,
2080 5557 2143 5615 et
2170 5552 2603 5633 propriissime
2626 5547 2910 5615 servatur
2932 5551 2998 5615 in
3022 5552 3251 5617 affectu
3270 5564 3383 5635 pu-
