3850 6225
705 432 873 485 SECT.
909 434 950 485 1.
987 430 1198 485 unum
1230 432 1464 485 numm
1499 433 1854 487 vlvlfica‘ra
1891 432 2179 485 VALEANT
2213 436 2295 486 An
2330 434 2657 496 Pnormuu,
2693 434 2829 486 Em.

141 528 304 591 dum
343 528 408 589 in
451 529 653 609 gratia
702 531 850 593 satis
891 538 1004 593 est.
1055 532 1262 593 Verba
1309 540 1520 595 autem
1569 537 1718 597 Eze-

142 624 375 685 chielis
401 624 636 686 ibidem
663 625 850 687 citata
882 631 1054 687 recte
1103 626 1188 687 ibi
1221 629 1500 707 exposita
1531 635 1712 703 sunt;

145 736 382 778 sensus
417 718 586 778 enim
618 724 712 779 est
742 736 932 797 opera
967 720 1222 798 justitiae
1254 720 1418 782 facta
1462 722 1526 783 in
1577 742 1720 803 gra·

147 810 260 881 tia,
299 810 354 871 si
397 816 615 889 postea
656 811 798 891 quis
847 811 1194 873 mortaliter
1241 818 1482 891 peccet,
1539 820 1604 876 et
1654 814 1720 875 in

145 920 228 963 eo
253 908 424 963 statu
451 906 834 982 perseveret,
866 910 928 965 et
950 905 1270 979 moriatur,
1315 906 1468 968 nihil
1496 908 1552 969 ei
1577 926 1724 987 pro-

145 996 338 1057 desse
363 996 700 1075 quominus
729 997 1038 1078 condigne
1067 1000 1382 1078 puniatur.
1407 1002 1584 1063 Unde
1610 1000 1722 1061 ibi-

147 1088 300 1149 dem
335 1089 652 1151 subditur:
687 1090 770 1153 In
795 1090 1134 1170 injustitia,
1163 1110 1343 1173 quam
1371 1094 1604 1176 operati
1631 1112 1724 1157 es·-

151 1184 258 1257 tis,
306 1182 691 1257 morienti-›tn-
745 1202 874 1245 non
927 1204 1078 1265 ergo
1112 1186 1386 1266 loquitur
1413 1186 1491 1248 de
1525 1188 1721 1267 just0,

151 1279 263 1357 qui
289 1325 305 1351 ‚
363 1285 694 1359 postquam
743 1282 1062 1359 peccavit,
1111 1302 1148 1345 a
1207 1290 1464 1364 peccato
1519 1303 1724 1345 resur-

153 1372 270 1451 git.

237 1467 337 1525 ΞΟ.
371 1464 465 1525 Ad
491 1465 790 1544 replicem
821 1472 1031 1529 autem
1060 1477 1374 1550 sumptam
1404 1489 1481 1532 ex
1503 1472 1724 1533 simili-

151 1558 374 1618 tudine
403 1558 762 1633 verborum,
791 1580 930 1640 quoe
973 1562 1036 1622 in
1065 1562 1290 1625 eodem
1321 1570 1492 1625 textu
1522 1565 1600 1627 de
1627 1584 1724 1629 re-

149 1652 454 1713 missione
514 1658 916 1729 peccatorum
969 1656 1283 1731 dicuntur,
1333 1657 1565 1719 scilicet
1597 1677 1610 1718 ε
1646 1658 1726 1723 Si

149 1747 384 1827 impius
423 1750 611 1831 eqerit
632 1748 1068 1829 paenitentiam,
1115 1755 1263 1824 etc.,
1313 1752 1580 1813 omnium
1607 1751 1720 1812 ini-

149 1841 457 1921 quitatum
487 1842 640 1920 qius,
673 1860 808 1923 quoe
845 1847 1127 1923 operatus
1155 1850 1269 1918 est,
1298 1863 1416 1907 non
1445 1846 1723 1908 recorda-

149 1934 282 2008 bor,
309 1934 749 2013 respondetur,
779 1936 1022 1997 etiamsi
1071 1938 1258 1998 verba
1287 1938 1492 2016 specie
1537 1942 1722 1999 tenus

149 2026 280 2087 siut
308 2026 552 2101 similia,
599 2035 812 2091 tamen
853 2031 1184 2093 materiam
1214 2050 1436 2092 eorum
1465 2050 1602 2093 esse
1633 2030 1724 2093 di-

147 2138 426 2194 versam,
460 2120 608 2201 quia
652 2123 838 2203 louge
868 2124 1152 2185 diversus
1189 2131 1284 2187 est
1331 2126 1556 2186 modus
1593 2144 1718 2205 quo

147 2220 414 2291 peccata
463 2215 886 2293 remittuntur,
939 2222 1004 2277 et
1043 2236 1170 2297 quo
1211 2219 1434 2279 merita
1462 2215 1722 2279 mortifi-

153 2312 402 2367 cantur.
431 2308 548 2369 Per
575 2311 743 2388 quod
769 2329 1140 2389 responsum
1171 2316 1264 2372 est
1302 2312 1381 2373 ad
1415 2312 1722 2373 rationem

151 2402 376 2461 ultimo
402 2402 540 2463 loco
584 2403 668 2464 ibi
711 2404 974 2477 factam;
1009 2412 1277 2485 negatur
1305 2407 1473 2467 enim
1501 2425 1724 2468 conse-

153 2493 437 2573 quentia,
481 2495 799 2571 nimirum,
844 2498 1034 2577 quod,
1077 2500 1127 2559 si
1173 2499 1394 2560 merita
1434 2500 1718 2575 redeant,

155 2587 420 2649 redeant
478 2594 538 2649 et
588 2596 867 2669 peccata,
923 2593 1070 2671 quia
1125 2593 1254 2653 hoec
1304 2612 1560 2671 prorsus
1613 2593 1725 2653 de-

159 2685 506 2753 struuntur,
531 2680 636 2741 illa
657 2701 806 2743 vero
835 2684 1038 2745 solum
1061 2684 1510 2765 impediuntur,
1533 2692 1602 2747 ut
1631 2706 1726 2747 sa-

153 2774 238 2833 tis
269 2774 333 2832 in
365 2774 790 2853 superioribus
833 2777 1297 2858 explicavimus
1355 2780 1484 2841 Nec
1532 2780 1724 2842 refert

157 2866 332 2945 quod
363 2874 692 2945 peccatum
719 2888 798 2930 ex
825 2890 892 2932 se
943 2872 1022 2933 sit
1055 2877 1184 2931 tam
1214 2874 1433 2935 efficax
1461 2874 1722 2947 malum,

159 2978 354 3037 quam
386 2964 562 3021 actus
600 2963 980 3041 poenitentiee
1029 2965 1301 3039 bonun1;
1357 2986 1530 3035 nam.
1583 2967 1727 3029 licet

159 3054 280 3114 boc
324 3053 402 3116 sit
439 3072 658 3116 verum
715 3056 792 3118 de
843 3064 992 3122 actu
1031 3059 1410 3138 poenitentioe
1465 3062 1725 3142 praecise

167 3155 437 3230 sumpto,
481 3157 692 3212 tamen
727 3153 876 3232 qnia
906 3155 1098 3214 habet
1145 3156 1544 3235 conjunctam
1584 3176 1729 3236 gra-

169 3244 316 3304 tiam
347 3249 411 3304 et
447 3244 938 3306 misericordiam
978 3245 1116 3320 Dei,
1167 3239 1481 3328 potentior
1523 3255 1618 3312 est
1645 3251 1726 3312 ad

163 3335 500 3398 delendam
529 3337 800 3417 culpam,
833 3358 1023 3420 quam
1047 3341 1131 3420 sit,
1150 3349 1477 3420 paccatum
1511 3345 1593 3404 ad
1616 3345 1727 3406 de-

159 3429 534 3490 struendum
587 3431 902 3492 meritum.
947 3433 1036 3495 De
1096 3454 1222 3514 qua
1275 3455 1344 3496 re
1399 3437 1500 3499 hic
1549 3438 1728 3518 plura

157 3541 291 3582 non
316 3521 620 3595 dicemus,
648 3524 794 3602 quia
817 3527 1078 3588 materia
1107 3527 1212 3588 illa
1241 3527 1322 3590 de
1352 3529 1554 3590 reditu
1583 3551 1731 3611 pee-

155 3621 448 3677 catorum
500 3619 816 3697 propriam
867 3621 1141 3698 postulat
1190 3621 1675 3700 disputationem
1703 3671 1724 3700 ,

154 3727 356 3786 quam
387 3710 755 3772 tradidimus
788 3713 952 3774 circa
983 3718 1201 3793 quaest.
1250 3715 1328 3776 88
1357 3717 1551 3778 tertiae
1581 3737 1728 3797 par-

153 3803 240 3863 tis
267 3803 341 3862 D.
388 3803 608 3864 Thom.

667 4039 786 4101 DIS
794 4040 1120 4102 PUTATIO
1159 4041 1232 4104 11.

155 4269 242 4314 DE
275 4268 572 4314 mannen
611 4269 1030 4316 nBrAnA'noxB
1071 4271 1448 4333 nzmronuu,
1493 4273 1626 4328 011AE
1673 4275 1732 4320 m

448 4361 926 4408 susTlrmATtoNB
954 4363 1306 4410 maurotus
1328 4365 1447 4412 1³11·-

253 4549 556 4610 Perfectin
597 4549 799 4612 meriti
839 4551 1187 4630 praesertim
1225 4553 1502 4615 consistit
1534 4555 1596 4614 in
1627 4574 1736 4616 va-

155 4646 302 4705 lore
337 4649 397 4702 et
424 4642 786 4704 efficacitate
818 4643 900 4704 ad
931 4645 1257 4723 praemium
1283 4646 1728 4722 obtinendum3

157 4743 232 4799 et
267 4735 434 4810 ideo,
490 4737 647 4797 sicut
688 4739 980 4799 meritum
1020 4745 1168 4800 tunc
1199 4741 1454 4802 omnino
1481 4741 1736 4803 mortifi-

157 4837 352 4892 catur
405 4849 518 4892 seu
573 4829 895 4904 amittitur,
959 4833 1212 4912 quando
1268 4834 1510 4894 nullum
1576 4853 1738 4914 pree-

157 4924 366 4986 mium
421 4929 678 5004 propter
733 4924 886 4986 illud
932 4925 1323 4987 reddendum
1382 4933 1506 5002 est,
1561 4928 1646 4990 ita
1701 4947 1736 4990 e

157 5035 476 5078 converso
506 5022 655 5078 tunc
684 5017 959 5098 perfecte
985 5025 1334 5099 reparatur,
1360 5021 1612 5126 quando
1642 5026 1738 5083 to-

159 5117 308 5172 tum
335 5109 685 5188 praemium,
718 5117 1010 5190 totusque
1039 5111 1296 5174 effectus
1325 5114 1462 5193 ejus
1493 5113 1736 5194 integre

159 5202 536 5288 restituitur.
585 5205 739 5265 Cum
807 5221 957 5283 ergo
1014 5210 1334 5266 ostensum
1385 5205 1462 5266 sit
1511 5208 1736 5268 merita

163 5316 288 5376 per
313 5304 644 5376 peccatum
685 5297 1057 5358 mortificata
1093 5299 1154 5357 in
1179 5297 1626 5378 justificatione
1650 5299 1737 5359 vi-

165 5389 433 5462 vificari,
465 5390 566 5450 hic
618 5389 1056 5468 explicandum
1107 5396 1396 5470 superest
1451 5409 1576 5470 qua
1603 5409 1741 5469 per-

3248 432 3364 492 457

1797 538 2136 613 postquam
2160 534 2350 595 homo
2380 553 2493 615 per
2519 535 2954 615 poenitentiam
2984 535 3062 596 ad
3092 534 3368 597 divinam

1799 626 2067 705 gratiam
2100 628 2306 690 rediit.
2348 627 2497 699 Quae
2529 647 2680 689 sane
2712 629 2969 708 quaestio
3000 628 3150 689 satis
3177 635 3272 691 est
3288 625 3366 690 ‘in

1799 722 2179 801 praecedenti
2226 722 2540 802 expedita,
2588 722 2637 783 si
2680 728 2913 783 attente
2970 722 3372 784 consideren-

1803 819 1904 875 tur
1927 832 2067 893 quae
2100 815 2389 887 diximus„
2423 820 2483 875 et
2508 834 2586 875 ex
2609 815 2727 875 illis
2758 814 3188 897 unusquisque
3220 834 3371 876 con-

1804 913 2143 987 sequenter
2165 909 2663 989 philosophetur.
2695 911 2959 983 Tamen,
2993 910 3138 989 quia
3166 911 3372 970 Theo-

1801 1000 1929 1080 logi
1960 1020 2205 1081 graves,
2242 1008 2305 1064 et
2329 1002 2593 1081 antiqui,
2634 1008 2697 1063 et
2726 1001 3033 1076 moderni,
3078 1003 3247 1063 varie
3290 1002 3370 1063 de

1805 1092 1924 1153 hac
1964 1113 2032 1154 re
2073 1094 2306 1175 opinati
2352 1099 2518 1169 sunt,
2572 1096 2730 1156 adeo
2776 1100 2845 1157 ut
2886 1095 3071 1177 pauci
3112 1093 3235 1155 sint
3264 1095 3371 1173 qui

1806 1187 1973 1249 hanc
1999 1189 2463 1269 reparationem
2500 1190 2868 1250 meritorum
2906 1189 3248 1269 perfectam
3274 1208 3374 1250 es-

1807 1300 1874 1342 se
1903 1282 2113 1357 veIint,
2163 1282 2304 1344 ideo
2346 1283 2771 1345 necessarium
2806 1290 2899 1345 est
2930 1283 3208 1363 singulas
3238 1282 3372 1363 opi-

1805 1374 2029 1436 niones
2069 1374 2307 1439 referre
2362 1382 2424 1438 et
2470 1376 2831 1439 examinare
2856 1422 2871 1450 ‚
2912 1383 2980 1437 ut
3022 1377 3251 1438 certius
3309 1380 3373 1437 et

1805 1468 2155 1530 evidentius
2210 1473 2451 1543 constet
2504 1468 2669 1530 hanc
2712 1470 3175 1551 reparationem
3232 1487 3371 1530 esse

1803 1560 2167 1639 perfectam.

2362 1744 2578 1797 SEC‘rlo
2616 1746 2824 1799 Pium.

1888 1892 2055 1931 urm!
2098 1892 2279 1931 uum
2328 1890 2609 1929 *1¹than
2658 1889 2883 1929 vnum·
2930 1890 2997 1929 An
3045 1891 3289 1931 norum!

2266 1968 2499 2006 rusum!
2549 1967 2857 2005 mutuu-

1887 2124 1942 2181 1.
1977 2120 2299 2185 Sententia
2324 2120 2553 2205 prima.
2586 2152 2667 2167 —
2690 2119 3002 2201 ReJioitm·
3024 2122 3096 2183 ut
3125 2126 3375 2185 temera-

1800 2216 1921 2277 ria.
1955 2247 2037 2260 —
2066 2215 2271 2277 Prima
2312 2234 2462 2295 ergo
2493 2215 2801 2275 sententia
2842 2213 2978 2288 fuit,
3011 2213 3233 2275 merita
3262 2232 3376 2294 per

1803 2314 2131 2387 peecatum
2160 2306 2530 2369 mortificata
2562 2307 2760 2369 solum
2805 2306 3015 2369 valere
3060 2313 3200 2387 post
3238 2327 3376 2387 poe-

1803 2402 2128 2463 nitentiam
2162 2408 2482 2481 peractam
2511 2402 2591 2463 ad
2622 2396 2876 2481 aliquod
2916 2402 3241 2481 praemium
3270 2420 3375 2463 ac·

1804 2494 2113 2555 cidentale
2172 2494 2606 2569 obtinendum,
2654 2495 2719 2555 id
2782 2500 2897 2567 est,
2955 2494 3165 2575 quoad
3220 2513 3376 2576 gau-

1805 2588 1977 2649 dium
2020 2588 2361 2666 quoddam,
2412 2586 2583 2667 quod
2632 2589 2819 2649 homo
2863 2589 2932 2648 in
2984 2587 3374 2650 heatitudine

1807 2698 2057 2759 semper
2112 2680 2371 2740 habebit
2427 2680 2505 2741 de
2562 2680 2681 2741 illis
2732 2681 2972 2742 meritis
3024 2679 3370 2754 vivificatiS,

1808 2773 2093 2854 quamvis
2134 2778 2391 2853 propter
2432 2772 2537 2833 illa
2588 2791 2718 2835 non
2769 2772 3029 2854 recipiat
3070 2774 3374 2853 majorem

1805 2866 2110 2927 visionem
2150 2884 2358 2946 neque
2408 2866 2931 2928 abundantiorem
2980 2866 3369 2928 charitatem.

1808 2960 1982 3021 Hanc
2008 2958 2369 3038 opinionem
2394 2960 2511 3020 sub
2535 2960 2633 3021 his
2657 2960 2937 3021 terminis
2963 2978 3093 3021 non
3126 2960 3374 3021 invenio

1809 3054 1979 3135 apud
2026 3054 2297 3133 aliquem
2354 3060 2674 3116 auctorem
2712 3052 3166 3116 Scholasticum
3194 3098 3210 3128 ,
3270 3070 3377 3115 ne-

1809 3167 1932 3230 que
1986 3149 2179 3210 habet
2232 3147 2430 3209 ullum
2481 3147 2803 3228 probabile
2854 3148 3330 3209 fundamentum
3357 3165 3391 3220 ,-

1810 3249 1870 3305 et
1909 3243 2055 3304 ideo
2094 3249 2397 3322 tanquam
2448 3243 2878 3323 improbabilis
2930 3249 2993 3304 et
3041 3242 3379 3305 temeraria

1810 3336 2146 3416 rejicienda
2180 3342 2293 3398 est.
2344 3335 2551 3399 Primo
2602 3336 2879 3414 quidem,
2913 3335 3061 3416 quia
3110 3335 3379 3410 multum

1811 3429 2147 3509 opponitur
2202 3428 2529 3492 intentioni
2585 3429 2756 3490 Pauli
2814 3429 2878 3490 in
2919 3429 3127 3490 verbis
3183 3427 3377 3488 nostri

1807 3524 2121 3584 thematiS.
2166 3525 2344 3596 Nam,
2394 3523 2441 3584 si
2486 3525 2653 3584 Deus
2703 3540 2829 3584 non
2876 3522 3246 3584 recordatur
3287 3524 3381 3581 ta·

1808 3617 1965 3677 lium
2003 3617 2393 3694 meritorum,
2440 3615 2557 3678 nisi
2596 3622 2665 3678 ut
2711 3615 3037 3696 praemium
3086 3614 3380 3676 acciden-

1809 3711 1935 3771 tale
1994 3711 2296 3785 conferat,
2338 3729 2529 3792 parva
2567 3714 2733 3772 certe
2760 3716 2869 3770 aut
2906 3709 3036 3770 fere
3079 3708 3251 3768 nulla
3284 3713 3381 3768 est

1809 3805 2206 3884 peccantium
2264 3803 2647 3876 consolatio;
2715 3803 2863 3884 quia
2898 3849 2914 3876 ,
2978 3800 3381 3882 quantumvis

1813 3916 1921 3960 eos
1952 3897 2269 3977 paeniteat,
2303 3897 2737 3972 substantiam,
2776 3902 2844 3957 ut
2872 3895 2959 3957 sic
2987 3896 3214 3970 dicam,
3248 3893 3383 3954 illo-

1811 4009 1955 4054 rum
1998 3991 2391 4067 meritorum,
2428 3996 2490 4052 et
2522 3990 2812 4069 gratiam,
2856 3995 2917 4051 et
2958 3989 3221 4068 gloriam
3262 3986 3380 4047 illis

1811 4083 2300 4162 respondentem
2339 4083 2625 4144 amissuri
2673 4085 2857 4154 sunt3
2912 4083 3036 4142 imo
3076 4099 3195 4142 nec
3240 4097 3381 4159 pro-

1815 4176 1947 4256 prie
1978 4177 2099 4238 dici
2135 4182 2339 4256 potest
2365 4178 2532 4237 Deus
2575 4176 2818 4236 illorum
2861 4174 3198 4246 recordari,
3232 4170 3381 4253 quia

1815 4289 2035 4331 revera
2060 4270 2303 4330 nullum
2328 4269 2657 4351 praemium
2684 4269 2945 4342 confert,
2976 4273 3204 4348 praeter
3229 4266 3382 4326 illud

1816 4362 1988 4442 quod
2018 4363 2353 4426 intrinsece
2388 4369 2451 4426 ct
2478 4363 2655 4442 quasi
2687 4381 2764 4424 ex
2801 4368 3025 4422 natura
3054 4359 3145 4422 rei
3174 4360 3384 4439 sequi-

1813 4460 1914 4517 tur
1946 4474 2022 4515 ex
2054 4456 2485 4518 recordatione
2530 4473 2717 4534 qttam
2764 4454 2842 4516 de
2885 4453 3111 4514 talibus
3146 4451 3384 4512 meritis

1815 4549 2064 4628 ipsimet
2104 4549 2269 4610 beati
2308 4549 2666 4622 habebnut3
2712 4567 2858 4610 nam
2902 4567 2977 4609 ex
3018 4547 3122 4606 illa
3164 4564 3386 4606 neces-

1817 4643 1979 4702 sario
2006 4642 2265 4704 resultat
2291 4643 2589 4724 gaudium
2620 4642 2769 4703 illud
2799 4663 2812 4715 ;
2837 4643 2973 4703 haec
3002 4659 3150 4702 vero
3178 4657 3385 4700 recor-

1817 4737 1986 4798 datio
2016 4755 2143 4797 non
2180 4742 2307 4796 tam
2335 4737 2580 4799 videtur
2616 4735 2945 4817 praemium
2989 4734 3380 4806 meritorum,

1818 4848 2007 4910 quam
2048 4829 2197 4909 quid
2227 4829 2507 4892 debiturn
2536 4833 2774 4890 naturae
2800 4829 2863 4888 in
2892 4828 3001 4888 tali
3032 4833 3387 4888 statu·con-

1819 4924 2065 4985 stitutae.
2108 4923 2310 4994 Quare
2348 4922 2398 4983 si
2428 4923 2780 5001 aliquorum
2812 4921 3183 4983 meritorum
3233 4936 3387 4999 prae-

1817 5017 2015 5078 mium
2056 5023 2170 5091 est,
2204 5017 2411 5096 potius
2442 5021 2536 5076 est
2564 5034 2785 5076 eorum
2818 5020 3073 5095 propter
3102 5030 3240 5092 quoe
3268 5011 3385 5070 ho·-

1817 5129 1921 5170 mo
1964 5111 2368 5190 consequitur
2403 5107 2575 5169 illurn
2610 5113 2861 5181 statum,
2894 5124 3082 5186 quam
3114 5105 3383 5164 aliorum

1817 5221 1957 5282 quae
1973 5205 2107 5284 jam
2152 5203 2445 5265 dicuntur
2500 5221 2625 5263 non
2674 5201 2882 5263 valere
2938 5199 3018 5260 ad
3046 5195 3384 5259 heatitudi-

1822 5314 1971 5357 nem
1992 5296 2420 5358 obtinendam.

1901 5392 1963 5451 2.
2004 5390 2181 5452 Unde
2210 5389 2279 5450 fit
2312 5389 2568 5450 ulterius
2596 5394 2697 5460 ut,
2724 5388 2903 5468 juxta
2932 5385 3103 5446 illam
3134 5389 3384 5444 senten-

165 5481 442 5543 fectione
469 5482 588 5542 hoc
610 5479 738 5556 fiat,
761 5483 825 5543 id
845 5489 959 5555 est,
978 5501 1170 5562 quem
1204 5485 1521 5556 effectum,
1543 5485 1743 5563 quod·
1822 5483 1995 5556 tiam,
2021 5484 2241 5544 merita
2266 5483 2635 5544 mortificata
2663 5481 2759 5542 vel
2800 5480 2971 5540 nullo
3002 5478 3191 5539 modo
3220 5477 3385 5538 revi-

165 5593 246 5636 ve
283 5573 612 5656 praemium
643 5575 918 5637 habeant
948 5576 1117 5655 apud
1145 5577 1340 5638 Deum
1365 5576 1469 5638 illa
1491 5577 1738 5654 merila,

1821 5576 2081 5648 viscant,
2128 5576 2227 5638 vel
2254 5582 2423 5637 certe
2452 5594 2575 5636 non
2606 5575 2859 5654 proprie
2892 5591 2967 5635 ac
2994 5571 3378 5652 simpliciter.
