3850 6225
531 337 649 399 134

528 445 812 518 bertatis,
858 451 943 519 et,
994 445 1141 508 licet
1188 467 1317 508 non
1364 449 1717 527 impediret,
1768 452 1862 508 est
1906 446 2090 508 valde

533 539 777 600 alienus
800 539 881 598 ab
906 539 1325 602 indifferentia
1350 543 1601 622 propria
1623 548 1687 603 et
1708 541 2096 602 connaturali

534 635 829 712 potentiae
855 632 1089 694 liberm.
1128 635 1333 696 Tertio
1362 681 1377 708 ,
1428 636 1483 696 si
1510 635 1737 696 modus
1764 635 1869 696 ille
1896 635 2102 714 provi-

532 723 761 785 dentiae
791 725 871 788 ad
909 743 1095 788 usum
1130 733 1191 789 et
1230 729 1662 789 executionem
1700 727 2048 807 applicetur
2079 771 2095 800 ,

534 818 852 878 invenitur
878 819 941 878 in
974 837 1049 880 eo
1078 820 1371 899 quaedam
1392 821 1830 900 repugnantia.
1862 821 2102 882 Consti-

536 916 789 972 tuamus
828 911 997 972 enim
1042 912 1363 974 hominem
1408 919 1555 975 actu
1600 914 2100 975 considerantem

536 1003 617 1064 de
646 1003 890 1083 objecto
914 1052 931 1078 ,
988 1005 1151 1066 circa
1180 1006 1349 1085 quod
1376 1011 1585 1086 potest
1611 1008 1848 1068 bonum
1878 1013 1942 1067 et
1967 1023 2101 1067 ma-

538 1095 671 1156 lum
712 1103 918 1158 actum
954 1097 1221 1174 elicere;
1273 1106 1336 1161 et
1376 1119 1691 1179 ponamus
1733 1101 1938 1162 Deum
1977 1117 2106 1160 nou

540 1189 890 1252 decrevisse
913 1235 927 1264 ,
974 1191 1147 1252 illum
1174 1193 1731 1273 praedeterminare
1762 1193 1843 1254 ad
1868 1193 2108 1253 bonum

541 1287 793 1356 actum3
837 1284 915 1345 de
948 1285 1115 1346 malo
1164 1293 1376 1347 autem
1420 1286 1575 1347 nihil
1608 1285 1997 1367 praefiniisse,
2041 1290 2110 1345 ut

544 1375 661 1455 ipsi
696 1377 883 1437 etiam
912 1379 1291 1440 admittunt:
1326 1381 1648 1462 interrogo
1678 1399 1761 1442 an
1790 1381 1889 1440 ille
1918 1380 2109 1440 homo

543 1469 739 1548 possit
764 1469 844 1530 de
880 1470 1071 1546 facto,
1120 1479 1183 1534 et
1204 1474 1385 1553 juxta
1426 1479 1723 1536 statutam
1759 1473 1874 1534 Dei
1908 1472 2110 1551 provi-

540 1561 819 1622 dentiam
846 1607 863 1636 ,
918 1563 1339 1628 determinare
1386 1585 1453 1628 se
1503 1567 1585 1628 ad
1621 1567 1861 1628 bonum
1898 1571 2110 1626 actum

546 1671 689 1714 cum
719 1673 1025 1717 concursu
1050 1658 1159 1719 Dei
1184 1660 1488 1738 generali,
1516 1663 1759 1720 necne?
1787 1660 1852 1720 Si
1878 1663 2105 1738 potest,

542 1748 774 1809 falsum
828 1768 979 1831 ergo
1028 1758 1123 1812 est
1168 1753 1338 1813 illam
1387 1753 2110 1834 praedeterminafionem

550 1860 687 1902 esse
718 1843 797 1904 dc
826 1843 989 1906 facto
1022 1847 1438 1908 necessariam
1466 1848 1655 1908 etiam
1683 1865 1759 1908 ex
1783 1846 2111 1926 providen-

550 1935 657 2012 tia,
704 1955 817 1999 seu
856 1939 1203 2002 extrinseca
1244 1941 1633 2003 ordinatione
1676 1940 1831 2013 Dei3
1884 1941 1938 2000 si
1982 1958 2112 2000 non

548 2035 773 2108 potest,
824 2049 975 2112 ergo
1019 2034 1113 2094 vel
1160 2041 1351 2112 negat
1394 2034 1481 2095 illi
1532 2036 1693 2095 Deus
1745 2034 2110 2112 generalem

548 2141 943 2198 concursum,
990 2128 1097 2206 qui
1122 2127 1209 2188 illi
1241 2129 1551 2188 sufficeret
1577 2128 1709 2187 sine
1740 2127 1843 2187 illa
1878 2127 2111 2206 proede-

549 2218 986 2280 terminatione
1013 2265 1028 2293 ,
1073 2221 1174 2281 vel
1200 2222 1333 2300 ipsa
1360 2222 1646 2282 voluntas
1674 2239 1751 2282 ex
1783 2239 1849 2280 se
1878 2226 1974 2280 est
2001 2220 2112 2279 im-

552 2319 775 2390 potens
803 2311 884 2373 ad
912 2312 1087 2373 illum
1114 2321 1344 2375 actum.
1387 2316 1733 2392 Utrumque
1764 2319 1976 2373 autem
2002 2311 2110 2370 ab·

555 2405 993 2466 surdissimum
1044 2411 1159 2468 est.
1234 2407 1409 2471 Unde
1459 2426 1674 2468 rursus
1726 2407 2112 2483 interrogare

555 2517 919 2578 possumuS,
968 2520 1051 2561 an
1088 2501 1156 2562 in
1188 2519 1265 2562 eo
1308 2519 1480 2574 casu,
1526 2501 1675 2560 dum
1714 2502 1903 2576 negat
1951 2499 2114 2558 Deus

554 2591 1273 2670 praedeterminationem
1300 2595 1471 2656 illam
1498 2593 1577 2654 ad
1606 2593 1865 2664 bonum,
1897 2591 2116 2652 volun-

555 2690 651 2745 tas
688 2705 766 2746 ex
805 2688 1175 2749 necessitate
1213 2689 1479 2768 prodeat
1507 2689 1571 2749 in
1600 2693 1809 2748 actum
1849 2686 2112 2760 malum,

557 2778 656 2839 vel
698 2779 1097 2843 infallibiliter
1153 2781 1346 2860 (quod
1398 2782 1463 2842 in
1510 2780 1803 2860 praesenti
1854 2779 2116 2858 perinde

559 2873 1027 2949 esset),necne?
1057 2875 1119 2936 Si
1146 2875 1413 2953 primum
1442 2873 1706 2947 dicatur,
1738 2873 1923 2951 plane
1940 2870 2119 2950 poni—

555 2969 657 3023 tur
698 2965 983 3027 voluntas
1026 2967 1303 3028 humana
1336 2986 1452 3048 per
1480 2986 1547 3028 se
1590 2967 2008 3028 determinata
2037 2963 2120 3024 ad

560 3056 821 3131 malum,
872 3065 941 3121 ut
982 3078 1171 3139 supra
1220 3061 1743 3142 argumentabar;
1798 3057 2119 3120 reddenda

563 3151 751 3211 etiam
780 3157 874 3212 est
904 3172 1093 3213 causa
1120 3173 1159 3213 a
1186 3172 1310 3233 qua
1334 3155 1659 3235 proveniat
1686 3154 1819 3213 haec
1844 3152 2121 3212 necessi-

563 3249 679 3316 tas,
724 3245 824 3306 vcl
868 3246 1205 3308 infallibilis
1250 3248 1685 3309 determinatio
1728 3246 1811 3306 ad
1854 3245 2116 3319 malum,

558 3337 889 3399 deficiente
913 3340 1565 3418 praedeterminafione
1587 3340 1667 3401 ad
1694 3341 1962 3411 bonum;
1991 3338 2125 3398 nul-

562 3431 625 3492 la
650 3432 817 3491 enim
846 3450 1067 3493 revera
1092 3434 1267 3495 reddi
1298 3439 1521 3513 potest,
1550 3434 1667 3494 nisi
1696 3434 2033 3495 reducatur
2059 3432 2124 3491 in

564 3526 763 3585 Deum
802 3526 1454 3605 1›raedeterminantem
1498 3528 1577 3588 ad
1614 3529 1852 3588 malum
1878 3573 1893 3601 ,
1934 3526 2033 3587 vel
2059 3526 2124 3585 in

566 3636 825 3697 pravam
874 3626 1165 3681 naturam
1216 3620 1548 3683 voluntatis
1576 3666 1593 3695 ,
1652 3629 1760 3682 aut
1812 3620 1877 3681 in
1935 3619 2119 3679 aliam

565 3711 935 3781 morbidam,
967 3714 1068 3774 vel
1106 3720 1567 3775 monstruosam
1610 3714 1815 3793 potius
1856 3712 2122 3793 qualita-

562 3810 713 3877 tem,
755 3824 893 3884 quae
920 3805 1091 3869 illam
1130 3807 1515 3887 praecipitem
1552 3807 1711 3868 ferat
1738 3807 1820 3868 ad
1858 3805 2118 3879 malum,

564 3916 703 3977 quae
734 3900 943 3959 omnia
982 3901 1466 3962 Manichaeorum
1497 3900 1595 3961 vel
1624 3901 2122 3961 Lutheranorum

562 3990 971 4055 deliramenta
992 3994 1297 4055 redolent.
1324 3994 1385 4056 Si
1410 3999 1643 4067 autem,
1666 3996 1795 4054 Deo
1820 4011 1948 4053 non
1971 4008 2124 4071 prae-

565 4086 1019 4147 determinante
1060 4087 1141 4148 ad
1168 4088 1405 4148 bonum
1432 4090 1663 4160 actum,
1697 4086 1985 4147 voluntas
2011 4085 2121 4145 ad-

562 4180 685 4239 huc
726 4186 928 4258 potest
965 4200 1092 4241 non
1130 4182 1379 4242 efficere
1426 4186 1633 4241 actum
1672 4180 1932 4251 malum,
1977 4196 2122 4239 cum

560 4262 689 4333 non
710 4279 969 4353 cogatur
986 4292 1241 4335 manere
1264 4292 1590 4352 suspensa,
1609 4270 2122 4351 quandoquidem

564 4366 687 4425 vim
729 4366 919 4429 habet
956 4368 1257 4445 operandi
1296 4386 1425 4428 nou
1466 4366 1855 4445 impeditam,
1898 4366 2126 4445 poterit

562 4460 727 4520 bene
756 4461 1003 4539 operari
1032 4461 1353 4521 moraliter
1386 4461 1519 4521 sine
1554 4460 1658 4520 illa
1696 4459 2128 4539 praedetermi—

564 4552 848 4624 natione;
880 4572 1167 4632 suppono
1198 4554 1364 4614 enim
1391 4573 1517 4614 non
1544 4552 1678 4613 dari
1710 4558 1915 4613 actum
1946 4551 2126 4611 indif-

564 4644 869 4705 ferentem
894 4646 957 4705 in
984 4646 1301 4707 individuo
1328 4666 1343 4719 3
1375 4647 1683 4725 quamviS,
1720 4645 1962 4706 etiamsi
1988 4643 2122 4705 dari

570 4744 797 4815 posset,
824 4739 903 4799 de
930 4738 1034 4800 illo
1062 4738 1241 4801 fieret
1266 4740 1433 4801 idem
1464 4746 1925 4819 argumentum,
1956 4736 2126 4817 quod

564 4832 739 4891 illum
768 4838 980 4909 posset
1010 4834 1395 4912 suspendere
1423 4834 1733 4903 voluntas,
1764 4833 1863 4893 vel
1888 4826 2124 4892 bbnum

564 4924 755 4985 tinem
798 4924 881 4984 illi
910 4926 1208 4989 adhibere
1232 4972 1249 4999 ‚
1285 4928 1432 5005 quia
1462 4927 1541 4988 ad
1569 4928 1687 4987 hoc
1716 4926 1909 4987 habet
1937 4925 2126 4985 virtu-

564 5023 715 5090 tem,
750 5021 811 5078 et
836 5036 961 5079 nou
990 5020 1343 5098 impeditur.
1388 5022 1465 5081 Et
1486 5026 1650 5082 totus
1680 5020 1781 5081 hic
1808 5020 2126 5079 discursus

566 5116 661 5170 cst
690 5112 909 5171 efficax
944 5118 1159 5173 contra
1186 5114 1357 5174 illam
1386 5114 1782 5185 sententiam,
1824 5130 2130 5191 quacum-

566 5221 689 5282 que
710 5204 951 5265 ratione
970 5212 1162 5284 ponat
1188 5208 1359 5267 illam
1382 5206 2121 5287 praedeterminatiouem,

570 5303 639 5358 ut
678 5299 1097 5359 necessariam
1134 5300 1219 5360 ad
1260 5301 1497 5361 bonum
1544 5306 1753 5361 actum
1780 5304 1845 5361 et
1878 5317 2008 5360 non
2043 5296 2124 5357 ad

446 5392 470 5407 ’
570 5402 828 5463 malum.

649 5498 707 5558 6.
762 5494 904 5573 Quoe
928 5498 1191 5564 abswda
1206 5504 1541 5581 sequantur
1566 5516 1638 5563 ew
1660 5516 1745 5571 eo,
1778 5498 1936 5581 quod
1959 5496 2126 5561 dica-

1090 341 1301 396 OPUSC.
1338 347 1377 407 1,
1411 345 1527 396 Lm.
1564 345 1623 396 11.
1660 345 1740 397 1)ss
1772 343 2094 396 CONCURSU
2127 343 2228 396 DEI
2262 344 2346 395 An
2378 342 2578 396 ACTUS
2609 340 2858 395 onmms
2889 337 3176 391 imm.

2183 453 2290 512 tm·
2325 446 2878 531 proedotermiuatio
2916 443 3033 507 illa
3071 441 3268 506 debita
3305 439 3632 503 colmani.
3661 472 3726 488 —-

2184 541 2412 603 Praeter
2455 542 2590 602 haec
2633 538 2842 600 omnia
2861 583 2878 612 ,
2933 536 3250 615 inquirere
3285 551 3622 613 possumus
3663 535 3728 594 ab

2181 635 2596 696 assertoribus
2627 633 2816 713 hujus
2851 629 3177 692 sententia».
3205 674 3221 701 ,
3275 645 3358 688 an
3385 628 3726 707 hujusmodi

2179 729 2748 810 praedeterminatio
2795 725 3054 806 physica
3117 723 3201 784 ad
3254 723 3497 783 bonum
3543 727 3728 782 actum

2182 823 2260 884 sit
2286 822 2496 885 debita
2521 819 2824 882 voluntati
2857 821 3174 890 humanae,
3209 814 3468 894 quando
3497 814 3630 892 ipsa
3653 823 3730 874 est

2183 916 2546 977 indifferens
2577 914 2658 975 ad
2693 914 2932 975 bonum
2969 911 3072 972 vel
3113 909 3354 972 malum
3381 914 3592 968 actum
3621 909 3732 968 effi-

2185 1009 2478 1071 ciendum
2505 1027 2521 1081 ;
2565 1027 2648 1069 an
2675 1007 2758 1067 sit
2784 1005 3092 1084 (inquam)
3129 1002 3342 1063 debita
3369 1000 3476 1062 vel
3504 1019 3584 1062 ex
3607 1019 3732 1060 con-

2187 1103 2454 1164 naturali
2482 1101 2692 1164 debito
2721 1105 2960 1160 naturae
2988 1114 3118 1158 suae
3141 1141 3157 1170 ,
3195 1094 3297 1156 vel
3327 1113 3406 1154 ex
3434 1095 3731 1154 communi
3817 1117 3819 1122 ·

2187 1199 2328 1276 lege
2357 1194 2760 1276 providentiae
2780 1191 2914 1252 Dei.
2945 1192 3008 1253 Si
3035 1190 3204 1252 enim
3227 1195 3324 1250 est
3343 1187 3582 1260 debita,
3603 1186 3732 1246 dan·
3817 1187 3819 1210 ²

2178 1292 2270 1360 ‚da
2309 1297 2404 1352 est
2451 1307 2723 1368 semper,
2755 1294 2818 1348 et
2849 1283 3224 1346 miraculum
3255 1282 3373 1344 erit
3407 1299 3541 1341 non
3579 1281 3728 1350 dari;

2190 1391 2379 1465 atque
2421 1384 2507 1444 ita
2545 1382 2688 1453 fiet,
2737 1385 2806 1441 ut
2853 1380 3044 1440 homo
3087 1395 3216 1437 non
3263 1375 3461 1454 possit
3511 1391 3552 1432 a
3589 1373 3733 1434 bono

2191 1485 2336 1542 actu
2364 1475 2718 1558 praestando
2745 1473 3037 1544 deficere,
3066 1470 3185 1530 nisi
3205 1470 3378 1548 prius
3401 1469 3574 1528 Deus
3600 1467 3735 1526 desit

2191 1575 2278 1636 illi
2311 1573 2376 1632 in
2405 1571 2612 1649 aliciuo
2641 1583 2948 1628 concursu
2979 1562 3248 1624 naturali
3289 1560 3504 1622 debito
3537 1579 3610 1620 ex
3651 1578 3734 1638 ge-

2191 1667 2389 1729 nerali
2413 1665 2554 1743 lege
2577 1659 3002 1742 providentiae,
3030 1657 3200 1735 quod
3229 1655 3732 1716 absurdissimum

2189 1763 2424 1823 dictum
2463 1765 2578 1818 est.
2613 1756 2746 1817 Imo
2789 1753 3072 1832 sequitur
3105 1749 3483 1810 miraculum
3523 1765 3656 1808 esse
3685 1748 3732 1806 in

2188 1859 2434 1924 natura,
2477 1848 2648 1928 quod
2683 1848 2972 1908 voluntas
3013 1845 3292 1905 humana
3330 1847 3574 1921 peccet,
3611 1841 3732 1915 quia

2189 1947 2564 2008 miraculum
2585 1949 2681 2006 est
2705 1940 2922 2020 negari
2949 1955 3154 2000 causae
3181 1935 3480 1998 secundoe
3505 1953 3734 1996 concur-

2191 2061 2332 2103 sum
2377 2041 2660 2102 debitum
2707 2056 2786 2099 ex
2826 2033 3104 2114 generali
3147 2029 3592 2112 providentia;
3639 2029 3732 2085 hoc

2193 2141 2403 2196 autem
2445 2133 2670 2194 dicitur
2705 2127 3164 2197 necessarium,
3209 2128 3280 2184 ut
3308 2123 3602 2183 voluntas
3639 2123 3732 2180 hu-

2191 2247 2378 2290 mana
2404 2226 2673 2286 deficiat.
2707 2223 2769 2284 Si
2796 2227 3009 2282 autem
3031 2215 3606 2299 praedeteminatio
3631 2232 3732 2272 non

2193 2329 2288 2384 est
2314 2321 2544 2392 debita,
2579 2325 2649 2379 ut
2677 2333 2898 2378 revera
2929 2331 3054 2374 non
3085 2318 3200 2384 est,
3231 2310 3524 2389 sequitur
3548 2308 3736 2386 impri-

2193 2418 2334 2491 miS,
2391 2413 2560 2494 quod
2607 2427 2808 2488 nuper
2857 2407 3168 2482 dicebam,
3229 2422 3370 2465 esse
3422 2403 3735 2482 gratuitum

2196 2511 2431 2572 donum
2459 2515 2522 2568 et
2541 2504 2809 2586 speciale
2841 2501 3168 2573 auxilium,
3195 2499 3332 2560 sine
3357 2515 3487 2576 quo
3509 2513 3632 2556 non
3651 2513 3738 2572 po-

2195 2611 2316 2667 test
2355 2605 2546 2663 homo
2589 2601 2756 2661 bene
2799 2595 3122 2656 moraliter
3157 2590 3426 2670 operari.
3475 2589 3738 2667 Sequitur

2197 2696 2422 2759 deinde
2463 2694 2666 2754 solum
2707 2708 2845 2751 esse
2890 2687 3174 2749 debitum
3203 2686 3500 2745 humanas
3529 2688 3738 2742 naturae
3817 2709 3819 2748 g

2199 2805 2572 2851 concursum
2617 2784 2700 2845 ad
2737 2783 2974 2844 malum
3021 2785 3250 2841 actum.
3295 2777 3500 2839 Probo
3545 2793 3739 2852 seque·
3817 2777 3819 2824 i

2197 2883 2346 2955 lam,
2393 2882 2538 2960 quia
2567 2879 2790 2958 aliquis
2818 2891 3160 2935 concursus
3189 2878 3286 2932 est
3307 2871 3401 2938 ,illi
3426 2869 3666 2930 debitus
3689 2869 3738 2925 in

2201 2977 2418 3037 ordine
2449 2974 2531 3035 ad
2564 2973 2842 3034 actiones
2871 2969 2986 3028 sibi
3019 2965 3526 3047 proportionatas
3549 3009 3564 3034 ,
3609 2963 3738 3022 sicut

2199 3075 2296 3132 est
2336 3067 2583 3131 debitus
2631 3063 2888 3143 reliquis
2935 3060 3268 3142 agentibus
3317 3055 3735 3125 naturalibus;

2201 3164 2312 3225 sed
2355 3164 2456 3223 ille
2505 3176 2848 3222 concursus
2891 3157 3138 3218 debitus
3179 3172 3308 3215 non
3347 3157 3446 3214 est
3477 3150 3561 3211 ad
3593 3156 3738 3209 actus

2203 3258 2422 3331 bonoe,
2467 3256 2613 3334 quia
2641 3252 2720 3315 ad
2761 3252 2900 3313 illos
2925 3268 3054 3311 non
3083 3248 3330 3321 sufficit,
3363 3246 3489 3307 nisi
3519 3250 3738 3305 antece·
3815 3278 3817 3281 ⁴

2203 3350 2310 3411 dat
2339 3345 2903 3429 praedeterminatio
2931 3342 3226 3423 physica3
3257 3358 3410 3417 ergo
3439 3338 3640 3399 solum
3663 3354 3739 3395 ie-
3815 3360 3817 3407 5

2203 3445 2505 3523 linquitur
2532 3456 2874 3504 concursus
2899 3438 2978 3499 ad
2999 3442 3174 3497 actus
3197 3434 3421 3507 malos,
3447 3432 3557 3511 qui
3579 3430 3742 3509 possit
3815 3446 3817 3485 i

2206 3556 2344 3600 esse
2375 3536 2645 3602 debitus,
2677 3532 2848 3612 quod
2877 3536 2972 3593 est
3003 3530 3192 3591 etiam
3221 3526 3737 3589 absurdissimum.
3815 3518 3817 3527 ²

2204 3634 2294 3692 Ex
2315 3649 2438 3709 quo
2463 3628 2724 3688 ulterius
2753 3624 3056 3704 sequitur,
3080 3640 3209 3683 nou
3240 3638 3378 3682 esse
3407 3619 3476 3679 in
3507 3614 3742 3679 naturali

2202 3724 2473 3786 hominis
2537 3724 2842 3801 potestate
2903 3722 3110 3779 actum
3165 3714 3490 3775 moraliter
3535 3712 3740 3772 bonum

2203 3817 2488 3898 operari,
2531 3832 2742 3893 neque
2791 3829 2928 3873 esse
2971 3810 3141 3889 quod
3183 3808 3267 3868 ad
3311 3808 3432 3868 hoc
3482 3804 3744 3867 homines

2207 3912 2633 3983 exhortentur,
2669 3906 2782 3967 sed
2807 3904 2976 3984 quod
3001 3908 3294 3963 exoretur
3314 3903 3508 3973 Deus,
3541 3904 3608 3959 ut
3631 3896 3744 3955 illos
3813 3936 3815 3945 .

2203 4005 2284 4066 ad
2310 4005 2512 4065 bonos
2539 4006 2714 4061 actus
2736 3995 3260 4078 praedeteminet.
3297 3996 3428 4055 Imo
3455 4010 3604 4053 cum
3635 3991 3743 4049 haec

2203 4099 2340 4179 ipsa
2365 4094 2564 4157 oratio
2595 4099 2772 4154 actus
2799 4092 3006 4153 bonus
3031 4090 3132 4161 sit,
3175 4106 3306 4150 uon
3333 4086 3450 4149 erit
3477 4086 3546 4146 in
3573 4082 3744 4145 homi·
3813 4098 3815 4161 ς

2201 4190 2300 4250 nis
2329 4190 2638 4268 potestate
2659 4231 2675 4259 ,
2719 4184 2837 4245 nisi
2872 4184 3044 4264 prius
3079 4200 3117 4241 a
3143 4182 3270 4242 Deo
3307 4179 3388 4245 ad
3413 4178 3588 4239 illam
3613 4192 3744 4254 prae-

2204 4282 2676 4343 determinetur.
2708 4278 2990 4355 Denique
3017 4278 3534 4354 argumentamur
3555 4289 3625 4330 ex
3651 4268 3744 4327 hac

2205 4372 2687 4456 philosophandi
2731 4371 2973 4431 ratione
3023 4368 3223 4447 sequi,
3274 4366 3444 4445 quod
3500 4360 3740 4423 haeretici

2207 4470 2324 4528 hoc
2367 4474 2649 4544 tempere
2697 4464 2907 4537 aiunt,
2955 4462 3342 4522 voluntatem
3387 4457 3652 4519 hominis
3681 4452 3744 4512 ad

2207 4559 2596 4641 peccandum
2647 4562 2892 4619 tantum
2939 4556 3246 4617 sufficere.
3295 4556 3452 4625 Imo,
3493 4553 3632 4632 plus
3665 4566 3746 4607 so·
3811 4624 3813 4631 Ι

2206 4654 2418 4733 quitur
2468 4670 2659 4730 quam
2702 4651 2788 4711 illi
2843 4654 3170 4720 asserunt;
3215 4647 3299 4707 illi
3354 4646 3520 4707 enim
3567 4644 3744 4705 solum
3811 4644 3813 4664 ¹

2207 4748 2417 4820 aiunt,
2462 4751 2604 4824 post
2653 4749 2986 4823 peccatum
3029 4740 3332 4821 originale
3383 4738 3741 4799 voluntatem

2203 4838 2474 4900 hominis
2504 4838 2571 4897 in
2613 4838 2776 4897 hanc
2807 4836 3245 4913 impotentiam
3287 4832 3648 4900 incurrisse;
3681 4845 3742 4885 ex

2207 4936 2430 4995 horum
2471 4949 2620 4992 vero
2662 4928 2994 4999 sententia,
3041 4928 3322 5007 sequitur
3359 4927 3531 4986 illam
3570 4927 3742 5002 impo-

2205 5027 2464 5089 tentiam
2493 5042 2630 5085 esse
2659 5014 3132 5085 connaturalem
3163 5020 3470 5081 voluntati
3505 5020 3566 5079 in
3597 5014 3744 5077 omni

2207 5125 2416 5191 statu;
2469 5118 2614 5197 quia
2659 5116 2722 5176 in
2761 5114 2932 5176 nullo
2977 5120 3186 5193 potest
3219 5112 3468 5192 operari
3511 5112 3740 5175 bonum.

2207 5213 2325 5275 nisi
2355 5230 2432 5273 ex
2459 5207 3110 5291 praedeterminatione
3137 5205 3368 5281 divina,
3413 5224 3550 5285 quae
3581 5220 3745 5281 supra

2204 5313 2448 5368 natnrae
2488 5304 2770 5366 debitum
2821 5306 2916 5363 est
2949 5318 2964 5361 ε
3009 5306 3218 5381 potest
3267 5304 3482 5359 autem
3523 5296 3742 5377 operari
3809 5292 3811 5301 '

2205 5400 2466 5470 malum,
2517 5405 2581 5459 et
2619 5413 2869 5474 semper
2913 5412 2986 5455 ac
3029 5392 3438 5454 infallibiliter
3475 5396 3744 5470 operatur

2209 5492 2363 5555 illud
2391 5509 2537 5553 cum
2561 5488 2881 5554 communi
2907 5493 2970 5549 et
2998 5484 3278 5567 generali
3307 5504 3629 5547 concursu.
