3850 6225
725 427 860 479 CAP.
897 429 981 482 111.
1017 427 1385 482 SOLVUNTUR
1416 425 1766 480 NONNULLAE
1796 426 2199 481 OBJECTlONES
2232 425 2495 491 CONTRA,
2530 427 2665 480 ETC.

116 529 316 592 Ruben
357 527 448 588 eis
493 527 792 608 persuasit
820 532 891 588 nt
937 545 1064 589 non
1101 527 1494 591 effunderent
1522 531 1656 609 ejus

117 623 466 702 sanguinem
487 667 508 698 ,
555 624 658 684 sed
691 621 760 682 in
797 621 1128 683 cisternam
1168 624 1383 684 vivum
1421 624 1657 685 immit-

115 721 342 790 terent3
391 723 452 778 et
484 722 716 796 postea,
761 714 1232 776 transeuntibus
1259 716 1654 794 madianitis,

115 810 290 871 Judas
317 809 534 870 fratres
565 807 812 868 induxit
855 814 926 868 ut
970 827 1113 870 eum
1155 810 1520 888 venderent,
1550 831 1658 891 po-

117 905 228 962 tius
253 920 436 982 quam
471 901 558 962 ibi
603 902 764 962 mori
799 904 1106 978 sinerent3
1134 903 1268 965 boec
1313 921 1462 983 ergo
1488 906 1662 967 incli-

119 997 274 1056 natio
317 995 562 1056 illarum
602 994 998 1056 voluntatum
1051 997 1118 1056 in
1168 998 1292 1058 tale
1347 998 1660 1077 objectum

119 1096 268 1150 recte
295 1089 492 1168 potuit
515 1105 643 1149 esse
668 1106 745 1149 ex
774 1088 1026 1168 speciali
1051 1089 1159 1151 Dei
1189 1091 1576 1171 providentia
1599 1097 1662 1154 et

126 1183 498 1257 excitatione,
539 1182 618 1242 de
647 1199 770 1261 qua
797 1183 1178 1261 Augustinus
1205 1183 1504 1264 loquitur,
1536 1204 1664 1247 non

122 1278 190 1337 de
231 1275 868 1355 praedeterminatione
897 1276 1172 1356 physica.
1217 1278 1296 1338 Et
1349 1279 1507 1340 ratio
1547 1285 1660 1356 est,

121 1372 250 1449 quia
273 1369 384 1428 hoc
403 1368 590 1430 modo
616 1368 1002 1430 voluntatem
1027 1371 1158 1448 ,iam
1197 1389 1307 1451 per
1341 1388 1406 1432 se
1435 1371 1666 1432 malam

123 1482 188 1523 ex
213 1481 318 1522 suo
341 1461 540 1522 libero
563 1461 811 1524 decreto
839 1463 1142 1524 inclinare
1179 1463 1258 1524 ad
1301 1465 1420 1526 hoc
1469 1465 1571 1525 vel
1593 1464 1666 1524 il-

124 1555 216 1616 lud
239 1555 572 1633 objectum,
605 1574 733 1616 non
761 1561 852 1617 est
887 1574 998 1636 per
1024 1575 1086 1618 se
1109 1557 1384 1636 malum3
1409 1559 1538 1618 imo
1561 1575 1668 1636 po-

127 1655 226 1709 test
249 1665 370 1710 esse
395 1648 756 1724 honestum,
793 1667 934 1709 cum
963 1650 1042 1709 ad
1071 1651 1277 1712 minus
1305 1650 1540 1712 malum
1575 1652 1668 1712 in-

127 1742 364 1822 clinetur
388 1787 408 1816 ,
469 1746 543 1802 ut
593 1742 662 1802 in
705 1743 988 1821 exemplo
1022 1743 1166 1804 dato
1221 1750 1516 1825 apparet3
1570 1745 1671 1805 vel

131 1835 418 1896 interdum
457 1836 654 1896 etiam
683 1836 830 1897 satis
871 1836 988 1897 erit
1029 1843 1100 1898 ut
1125 1839 1362 1898 malum
1400 1837 1480 1898 sit
1507 1839 1672 1916 ejus-

131 1928 252 1988 dem
281 1928 534 1988 rationis
563 1929 1006 2006 etgravitatis,
1037 1929 1360 2010 solumque
1382 1932 1673 1992 materia-

133 2021 252 2082 liter
271 2022 612 2097 diversum,
647 2029 719 2082 ut
744 2023 796 2084 si
825 2022 1120 2084 voluntas
1145 2025 1443 2104 principis
1470 2023 1675 2086 decre-

133 2116 209 2174 vit
232 2116 445 2176 inferre
472 2115 738 2191 bellum,
759 2120 822 2176 et
840 2115 1179 2194 depraedari
1208 2117 1510 2196 quidquid
1539 2135 1678 2196 pos-

143 2209 226 2284 sit,
255 2225 372 2270 non
418 2214 513 2270 est
561 2209 804 2270 malum
843 2209 1142 2270 inclinare
1181 2208 1356 2272 illam
1401 2211 1479 2272 ad
1517 2210 1678 2271 hanc

137 2308 355 2378 gentem
382 2301 594 2380 potius
639 2321 830 2382 quam
861 2302 940 2362 ad
980 2302 1176 2376 illam,
1221 2303 1464 2365 etiamsi
1494 2303 1563 2364 in
1603 2322 1676 2364 eo

141 2413 248 2454 non
290 2401 582 2456 cernatur
629 2397 835 2457 minus
877 2395 1147 2473 malum3
1179 2397 1326 2458 satis
1364 2397 1534 2459 euim
1587 2402 1678 2458 est

147 2487 286 2564 quod
317 2505 442 2548 non
467 2499 766 2550 cernatur
789 2489 1014 2567 majus.
1044 2490 1110 2549 ln
1131 2490 1231 2550 his
1263 2507 1411 2568 ergo
1435 2490 1678 2552 casibus

141 2585 312 2657 potest
343 2581 527 2658 Deus,
547 2581 736 2660 juxta
763 2581 1074 2642 infinitam
1105 2599 1281 2643 suam
1309 2583 1676 2662 sapientiam

145 2679 196 2732 et
210 2673 525 2750 justitiam,
561 2674 866 2734 inclinare
893 2675 1264 2750 voluntates,
1305 2674 1406 2737 vel
1449 2675 1680 2737 directe

144 2765 374 2826 interius
431 2767 816 2828 consulendo
859 2785 970 2846 per
1015 2767 1267 2846 angelos
1317 2769 1513 2829 bonos
1562 2769 1682 2830 hoc

147 2859 322 2935 potius
361 2878 551 2939 quam
606 2859 758 2920 illud
805 2877 960 2938 opus
1000 2861 1228 2939 eligere
1255 2882 1272 2936 3
1304 2861 1404 2923 vel
1430 2879 1542 2941 per
1574 2880 1684 2922 an-

150 2951 292 3028 gelos
319 2953 532 3030 malos‚
567 2953 660 3013 eis
696 2953 1055 3014 facultatem
1085 2953 1416 3033 praebendo
1452 2954 1682 3016 limita-

149 3049 258 3104 tam
289 3051 344 3106 et
373 3045 700 3106 definitam
742 3045 820 3107 ad
855 3046 1046 3106 talem
1074 3064 1403 3127 personam
1445 3046 1546 3108 vel
1586 3064 1684 3106 ac-

151 3138 356 3200 tionem
371 3157 392 3217 ;
442 3139 762 3220 quomodo
809 3140 1076 3220 legimus
1121 3160 1186 3201 se
1237 3142 1490 3220 gessisse
1541 3158 1684 3202 cum

153 3230 424 3309 daemone,
453 3234 598 3295 Job.
641 3238 668 3295 ¹
679 3280 700 3311 ,
723 3240 794 3295 ut
833 3236 1074 3295 notavit
1095 3235 1286 3295 etiam
1306 3234 1684 3313 Augustinus

155 3321 192 3384 l.
231 3328 256 3384 1
305 3326 374 3387 ad
420 3326 729 3406 Simplic.,
775 3345 838 3406 q.
889 3328 976 3405 23
1024 3327 1123 3390 vel
1163 3332 1326 3389 certe
1355 3326 1686 3406 praebendo

160 3419 472 3479 occasiones
527 3425 605 3479 ut
647 3420 797 3481 talia
841 3419 1082 3499 objecta
1129 3426 1648 3500 repraesententur
1667 3464 1686 3494 ‚

160 3507 240 3567 vel
259 3512 548 3571 excitetur
577 3511 884 3573 memoria
914 3512 1054 3573 talis
1076 3530 1376 3593 personoe,
1405 3517 1516 3572 aut
1542 3511 1690 3590 quid

161 3601 330 3663 simile
346 3626 365 3678 3
393 3623 516 3684 quo
563 3605 755 3681 facto,
797 3606 1008 3667 statim
1051 3605 1241 3667 homo
1289 3622 1546 3685 pravam
1589 3622 1694 3665 vo·

163 3692 432 3757 luntatem
461 3699 638 3777 prius
673 3704 1055 3778 conceptam,
1104 3698 1184 3759 ad
1213 3698 1402 3759 talem
1455 3696 1554 3758 vel
1596 3716 1694 3757 ac-

161 3786 366 3849 tionem
383 3791 478 3851 vel
505 3808 839 3870 personam
860 3792 1149 3870 applicat.
1177 3791 1288 3851 His
1313 3808 1464 3867 ergo
1494 3788 1693 3851 modis

165 3879 574 3961 intelligendus
631 3888 726 3944 est
775 3884 1158 3961 Augustinus
1204 3900 1350 3944 cum
1398 3898 1560 3961 soepe
1604 3881 1692 3941 ibi

167 3972 260 4047 ait,
282 3991 446 4053 ayere
485 3977 684 4039 Deum
732 3978 802 4039 in
841 3976 1118 4039 cordibus
1162 3976 1466 4037 hominum
1511 3976 1696 4037 etiam

169 4070 336 4127 motus
358 4068 693 4133 voluntatis
733 4087 936 4132 eorum
974 4095 996 4131 .·
1041 4068 1290 4142 scilicet,
1319 4084 1462 4127 cnm
1491 4073 1698 4127 motus

173 4164 247 4216 est
274 4158 482 4237 bonus,
516 4162 749 4224 directe
777 4160 954 4223 illum
983 4160 1364 4223 intendendo
1378 4176 1400 4238 3
1427 4177 1570 4221 cum
1597 4176 1700 4220 ve·

175 4266 234 4308 ro
258 4257 338 4311 est
365 4252 584 4330 malus,
625 4255 723 4317 vel
761 4254 1180 4335 permittendo
1207 4253 1432 4330 solum,
1471 4252 1571 4314 vel
1601 4252 1700 4313 in·

177 4342 450 4406 tendendo
475 4348 668 4408 etiam
695 4353 766 4408 ut
793 4346 1100 4423 voluntas,
1126 4347 1259 4426 jam
1297 4362 1373 4407 ex
1408 4363 1472 4407 se
1511 4328 1704 4425 pfava

180 4438 230 4491 et
259 4435 329 4495 ad
367 4438 602 4501 malum
648 4440 1093 4514 determinata,
1131 4438 1201 4500 in
1239 4439 1356 4500 hac
1401 4456 1470 4499 re
1501 4438 1706 4517 potius

181 4542 339 4603 quam
359 4529 420 4590 in
447 4532 568 4593 alia
592 4550 656 4594 se
683 4540 1002 4610 exerceatj,
1020 4532 1139 4593 hoc
1164 4532 1330 4594 enim
1358 4530 1703 4605 intendere,

185 4619 392 4681 malum
415 4644 540 4686 non
583 4632 696 4688 est.
741 4628 832 4687 Ita
867 4625 996 4687 fere
1033 4642 1170 4687 rem
1211 4624 1373 4687 hanc
1414 4622 1710 4703 explicuit

185 4710 324 4791 ling.
347 4716 572 4797 Victor,
606 4718 750 4780 libr.
779 4718 983 4799 primo
1017 4718 1095 4779 de
1119 4719 1527 4792 Sacrament.‚
1548 4720 1705 4795 part.

190 4808 396 4882 quinta,
425 4830 555 4892 cap.
583 4811 886 4891 vigesimo
907 4830 1094 4873 nono,

259 4903 346 4961 Η.
378 4904 498 4977 Quo
523 4911 660 4967 actu
685 4904 1016 4967 voluntatis
1049 4922 1178 4967 suoe
1198 4904 1364 4967 Deus
1399 4906 1715 4965 concurrat

74 5054 76 5057 ,
197 4992 259 5051 ad
282 5001 462 5059 aetum
495 4998 724 5059 malum
747 4997 1079 5059 voluntatis
1112 4996 1504 5059 (παίω-1η
1531 4994 1715 5055 tertia

197 5084 502 5162 objectione
527 5090 840 5170 proposita
882 5089 1006 5150 duo
1033 5094 1354 5170 petuntur,
1400 5105 1539 5167 quae
1575 5086 1716 5147 bre-

199 5178 331 5239 viter
367 5183 722 5263 explicanda
749 5190 918 5245 sunt.
943 5184 1245 5257 Primum,
1271 5180 1582 5261 quomodo
1607 5198 1714 5241 vo-

199 5266 376 5333 luntas
405 5276 510 5336 Dei
543 5294 604 5337 se
647 5276 877 5337 habeat
919 5275 1000 5336 ad
1048 5280 1258 5336 actum
1299 5274 1558 5355 pcccati,
1603 5290 1714 5333 seu

80 5404 85 5461 3
203 5367 474 5438 quomodo
515 5368 592 5429 ad
634 5370 812 5430 illum
844 5368 1120 5448 praebeat
1165 5384 1554 5429 concursum.
1607 5366 1714 5427 Se-

82 5462 86 5531 }
205 5458 466 5536 cundum,
489 5480 621 5541 quae
659 5463 742 5523 sit
785 5462 1137 5524 differentia
1155 5460 1321 5523 inter
1345 5476 1715 5521 concursum

84 5548 89 5669 ἱ
211 5553 260 5607 et
297 5555 1002 5633 praedeterminationem,
1041 5561 1112 5617 ut
1155 5573 1234 5618 ex
1266 5554 1384 5616 hac
1425 5558 1717 5633 sequatur

86 5672 89 5711 ι

86 5728 91 5783 l

1735 527 1971 607 aliquid
2020 528 2247 590 divinae
2305 528 2568 590 bonitati
2622 543 2976 606 repugnans
3002 569 3022 601 ,
3070 541 3295 602 nempe

1735 621 1933 682 Deum
1961 639 2087 684 esse
2114 629 2427 684 auctorem
2455 622 2709 703 peccati,
2730 637 2857 680 non
2879 636 3027 680 vero
3058 635 3132 679 ex
3162 616 3291 677 illo.

1737 715 1909 775 Circa
1937 716 2205 796 priorem
2237 721 2501 796 partem,
2521 715 2813 795 quoniam
2844 711 3057 772 divina
3078 709 3298 771 volun-

1739 812 1834 868 tas
1862 809 2240 871 considerari
2268 814 2471 890 potest
2503 810 2683 887 (sicut
2707 808 2775 866 in
2800 805 2927 866 fine
2968 803 3297 883 superioris

1741 903 1884 963 libri
1911 903 2061 980 dixi)
2090 903 2189 964 vel
2222 909 2294 963 ut
2330 905 2495 964 intra
2524 921 2588 963 se
2612 902 2965 982 disponens,
2987 897 3083 958 vel
3110 901 3181 956 ut
3220 894 3299 956 acl

1743 1005 1920 1058 extra
1950 1015 2290 1077 exequenS,
2324 997 2634 1077 quomodo
2674 994 2789 1057 sub
2830 993 3020 1074 priori
3060 991 3301 1052 ratione

1742 1109 1806 1151 se
1829 1091 2055 1153 babeat
2076 1093 2155 1152 ad
2184 1099 2390 1152 aetum
2430 1090 2692 1172 peccati,
2728 1087 2965 1149 dicetur
2991 1087 3191 1164 capite
3212 1101 3304 1145 se-

1743 1185 1997 1264 quenti,
2062 1185 2359 1265 quoniam
2408 1182 2771 1264 ampliorem
2822 1179 3303 1242 declarationem

1743 1279 2027 1355 requirit.
2066 1279 2151 1339 De
2186 1278 2381 1340 altera
2406 1295 2551 1339 vero
2578 1276 2841 1350 ratione,
2872 1291 3013 1354 quae
3040 1270 3121 1332 ad
3148 1289 3305 1351 proe-

1745 1387 1884 1431 sens
1911 1377 2165 1451 spectat,
2188 1371 2519 1432 dicendum
2548 1376 2641 1432 est
2660 1371 2856 1430 Deum
2884 1383 3011 1428 non
3052 1381 3307 1426 concur·

1748 1482 1886 1524 rere
1912 1464 1993 1525 ad
2017 1471 2221 1526 actum
2248 1465 2483 1526 malum
2525 1469 2743 1525 creatae
2784 1458 3147 1532 voluntatiS,
3177 1475 3307 1518 me·

1749 1556 1852 1618 dio
1875 1557 2082 1637 aliquo
2128 1565 2269 1619 actu
2321 1558 2654 1620 voluntatis
2682 1575 2832 1631 suae,
2862 1573 2987 1635 quo
3028 1551 3307 1614 absolute

1749 1657 1811 1711 et
1838 1651 2167 1714 efficaciter
2207 1651 2342 1712 vult
2388 1652 2577 1713 talem
2605 1657 2809 1711 aetum
2850 1666 2978 1710 esse
3024 1651 3133 1707 aut
3171 1645 3309 1706 fieri

1749 1743 1815 1802 iu
1845 1762 2055 1805 rerum
2084 1753 2346 1822 natura;
2377 1745 2483 1808 sed
2516 1743 2721 1805 medio
2764 1747 2906 1802 actu
2949 1739 3125 1818 quasi
3166 1755 3310 1798 con-

1753 1836 2078 1914 ditionato,
2132 1857 2255 1919 quo
2295 1839 2431 1898 vult
2456 1836 2645 1898 talem
2696 1844 2905 1896 actum
2934 1831 3096 1907 fieri,
3142 1836 3206 1892 et
3244 1829 3311 1890 in

1754 1947 1898 1993 eum
1952 1931 2216 1994 influere
2242 1977 2261 2009 ,
2320 1933 2370 1992 si
2426 1931 2709 1991 voluntas
2759 1933 2963 1988 creata
3016 1926 3083 1986 in
3128 1923 3313 1984 illum

1757 2027 1943 2084 etiam
1976 2023 2312 2087 influxerit.
2342 2023 2518 2087 Unde
2550 2041 2628 2084 ex
2654 2021 2719 2083 vi
2763 2020 2905 2082 talis
2949 2017 3177 2080 decreti
3205 2033 3315 2076 seu

1755 2121 1930 2178 aetus
1972 2135 2097 2178 suae
2139 2117 2479 2179 voluntatis
2498 2163 2519 2194 ,
2550 2117 2711 2177 Deus
2771 2132 2897 2174 non
2942 2110 3316 2173 determinat

1757 2227 2131 2272 concursum
2159 2210 2239 2271 ad
2260 2217 2465 2272 actum
2496 2209 2729 2271 malum
2754 2207 2976 2281 solum,
2999 2205 3105 2267 sed
3130 2202 3316 2264 indif-

1754 2303 2029 2365 ferenter
2046 2303 2315 2384 applicat
2340 2303 2681 2384 potentiam
2700 2318 2876 2362 suam
2903 2299 3312 2372 executivam,

1757 2398 1836 2458 ad
1879 2398 2047 2458 hunc
2080 2397 2179 2458 vel
2214 2397 2394 2458 illum
2437 2402 2646 2458 actum
2684 2395 2762 2456 ad
2808 2411 2993 2473 quem
3031 2392 3317 2452 voluntas

1759 2497 1966 2553 creata
2019 2510 2149 2552 sese
2200 2491 2587 2572 applicuerit,
2620 2493 2681 2550 et
2709 2500 2921 2568 postea
2948 2487 3014 2546 in
3042 2492 3319 2564 tempore

1761 2603 1840 2645 ex
1888 2585 1951 2644 vi
2002 2583 2171 2644 illius
2196 2583 2625 2664 applicationis
2672 2589 2734 2642 et
2776 2579 3134 2648 voluntatis,
3167 2577 3318 2638 dum

1761 2679 1852 2740 illi
1884 2697 2016 2740 sese
2045 2678 2330 2756 adjungit
2358 2695 2545 2738 eausa
2574 2674 2863 2748 secunda,
2894 2672 3105 2732 influit
3130 2671 3195 2730 in
3220 2688 3320 2730 ac·

1759 2780 1896 2834 tum
1940 2771 2175 2832 malum
2209 2771 2423 2830 divina
2464 2769 2776 2841 voluntas,
2820 2766 3097 2826 bumana
3134 2761 3323 2824 simul

1763 2883 1826 2927 se
1856 2865 2332 2926 determinante.
2376 2864 2556 2924 Hunc
2606 2861 2863 2922 modum
2912 2855 3323 2919 concurrendi

1763 2959 2066 3020 indicavit
2093 2956 2475 3038 Epiphanius
2519 2954 2733 3015 haeres,
2770 2953 2871 3028 66,
2902 2950 3011 3011 ubi
3059 2950 3138 3010 ad
3190 2951 3324 3008 vin-

1764 3052 2099 3114 dicandum
2126 3053 2321 3114 Deum
2350 3069 2388 3111 a
2417 3047 2774 3110 causalitate
2798 3045 3054 3127 peceati,
3076 3043 3320 3123 inquit:

1763 3148 1814 3211 J
1815 3154 1967 3209 uxta
2002 3144 2457 3225 permissionem
2514 3144 2695 3204 liberi
2740 3140 2992 3204 arbitrii
3056 3138 3327 3199 omnibus

1761 3240 2017 3320 propria
2038 3238 2339 3301 voluntate
2364 3237 2460 3299 uti
2487 3236 2766 3312 concedit,
2796 3238 2867 3296 ut
2906 3232 3152 3313 quisque
3174 3230 3332 3310 quod

1767 3332 2025 3395 voluerit
2074 3332 2299 3409 faeiat,
2362 3329 2518 3409 quod
2564 3330 2693 3406 ipse
2735 3327 2972 3407 quidem
3032 3323 3329 3385 malorum

1771 3443 1955 3489 cauea
1982 3442 2099 3485 non
2136 3423 2243 3485 sit.
2288 3422 2571 3500 Eumque
2621 3417 3027 3480 concurrendi
3070 3416 3330 3477 modum

1772 3518 1918 3578 satis
1948 3516 2215 3596 explicui
2238 3515 2306 3575 in
2333 3514 2457 3575 fine
2486 3514 2632 3575 libri
2667 3512 3023 3593 superioris,
3048 3516 3111 3571 et
3142 3526 3220 3570 ex
3244 3506 3330 3568 ibi

1773 3610 1952 3671 dictis
1980 3614 2218 3671 ‹onstat
2260 3614 2323 3669 et
2346 3606 2757 3669 sufficientem
2801 3624 2955 3679 esse,
2985 3610 3046 3664 et
3072 3601 3332 3682 possibi-

1773 3705 1919 3766 lem.
1958 3704 2291 3764 Necessitas
2319 3708 2529 3762 autem
2560 3700 2693 3778 ejus
2720 3697 2990 3760 maxime
3035 3692 3333 3773 conspici-

1773 3804 1876 3859 tur
1907 3797 1975 3858 in
2005 3795 2247 3857 actibus
2274 3794 2452 3855 malis
2474 3810 2495 3873 3
2520 3799 2583 3855 et
2608 3793 2748 3854 ideo
2800 3792 2869 3851 in
2919 3790 3006 3851 eis
3046 3787 3334 3866 frequen-

1773 3892 1897 3952 tius
1925 3902 2018 3952 est
2056 3908 2095 3950 a
2132 3887 2461 3967 Theologis
2501 3886 2867 3961 declaratus,
2916 3900 3070 3963 quos
3097 3880 3200 3942 bic
3240 3894 3337 3940 re·

1775 3984 1940 4045 ferre
1964 4002 2093 4044 non
2118 3982 2375 4062 pigebit,
2409 3986 2479 4041 ut
2515 3980 2793 4041 doctrina
2818 3978 3006 4057 hujus
3045 3980 3108 4038 et
3155 3990 3337 4053 supe-

1776 4079 1955 4140 rioris
1982 4076 2198 4157 capitis
2222 4074 2489 4156 amplius
2515 4072 2938 4135 confirmetur.

1783 4258 1947 4333 Quid
1970 4254 2345 4321 Scholastica·
2368 4254 2663 4316 senserint
2683 4252 2753 4313 de
2793 4266 3080 4315 concursu
3108 4248 3224 4313 Dei
3263 4248 3347 4311 ad

2325 4353 2523 4410 aetum
2548 4346 2794 4409 malum.

1869 4521 1967 4582 12.
2012 4522 2110 4596 Et,
2141 4518 2437 4599 quoniam
2458 4522 2737 4579 auctores
2756 4515 3077 4578 contrariae
3098 4520 3347 4577 senten-

1789 4614 1891 4675 tiae
1935 4611 2323 4694 potissimum
2352 4610 2571 4672 afferre
2616 4609 2817 4671 solent
2850 4610 2918 4670 in
2946 4609 3081 4689 ejus
3122 4607 3347 4669 confir-

1790 4708 2129 4769 mationem
2154 4704 2495 4767 Marsilium
2522 4710 2585 4765 et
2598 4702 3081 4782 Gregorium,ab
3108 4701 3205 4761 bis
3219 4700 3349 4780 pri·

1791 4818 1967 4862 mum
2018 4798 2332 4880 incipiam.
2368 4796 2673 4859 Marsilius
2700 4796 2893 4875 igitur
2912 4802 3184 4855 nostram
3213 4812 3351 4853 seu·

1791 4895 2053 4956 tentiam
2090 4894 2267 4953 docet
2298 4892 2364 4951 in
2398 4893 2458 4966 1,
2495 4895 2710 4969 quaest.
2748 4891 2851 4965 40,
2886 4894 3005 4949 art.
3039 4890 3102 4964 2,
3127 4898 3345 4968 quaest.

1796 4991 1855 5063 1,
1889 4988 1957 5048 in
1984 4984 2110 5047 fine
2134 4988 2173 5046 4
2200 4982 2423 5060 conch,
2457 4990 2521 5044 et
2552 5002 2612 5063 p.
2649 4986 2707 5058 3,
2762 4982 3058 5062 supposit.
3109 4982 3171 5042 4.
3206 4981 3350 5040 Pro-

1793 5080 1966 5160 prius
1988 5079 2057 5139 in
2102 5085 2316 5157 quaest.
2356 5078 2458 5152 45,
2488 5082 2606 5137 art.
2642 5077 2704 5151 2,
2734 5075 2869 5151 ubi,
2922 5080 3059 5155 post
3092 5074 3350 5135 conclu-

1793 5174 2058 5247 sionem,
2092 5189 2282 5251 agens
2329 5171 2406 5231 de
2434 5176 2685 5249 peceato
2706 5171 2872 5244 Evae,
2899 5172 2988 5229 ait
3024 5170 3220 5229 Deum
3248 5184 3352 5227 vo-

1794 5269 1979 5329 luisse
2020 5266 2187 5327 illius
2239 5270 2465 5339 actum,
2518 5282 2645 5325 non
2682 5262 2984 5338 absolute,
3032 5260 3141 5323 sed
3176 5258 3354 5339 quasi

1795 5361 1910 5423 sub
1948 5360 2322 5434 conditione,
2357 5360 2407 5419 si
2440 5358 2573 5437 ipsa
2595 5358 2803 5433 vellet,
2824 5364 2885 5417 et
2910 5374 2986 5416 ex
3008 5355 3073 5414 vi
3095 5370 3357 5432 genera·

1793 5458 1869 5519 lis
1895 5454 2253 5527 veluntatis,
2284 5470 2409 5531 qua
2436 5450 2633 5511 voluit
2660 5466 3025 5510 concurrere
3046 5462 3187 5508 cum
3212 5462 3357 5507 cau·

1797 5568 1864 5613 sa
1889 5548 2087 5610 libera
2118 5546 2195 5607 ad
2215 5556 2446 5620 actum,
2466 5551 2594 5605 tam
2624 5543 2860 5604 malum
2879 5558 3067 5620 quam
3093 5540 3355 5617 bonum,
