3850 6225
830 394 965 449 cat).
1004 396 1065 449 11.
1104 394 1165 447 {N
1198 394 1741 447 rnoposmoNtnth
1774 394 1853 447 ΒΕ
1885 394 2132 447 FUTURO
2169 394 2580 449 CONTINGENTI
2618 396 2783 450 ESSE,
2821 393 2954 447 mc,

274 495 467 557 nibus
498 496 993 559 contradictoriis
1026 543 1045 573 ,
1096 496 1361 558 alteram
1390 515 1527 557 esse
1558 498 1619 557 in
1651 515 1717 557 se
1752 497 1857 557 de-

274 590 618 651 terminate
664 608 876 651 veram
900 635 917 657 .
966 591 1229 651 alteram
1258 608 1407 651 vero
1436 590 1853 652 determinate

272 682 531 756 falsam3
562 684 733 763 quod
762 684 1025 763 ipsemet
1054 682 1441 756 Aristotelea,
1472 690 1699 760 quarto
1726 684 1853 744 Me-

272 777 559 856 taphys„
606 778 805 855 capite
835 778 1125 857 septime,
1167 778 1436 839 sensisse
1476 778 1743 850 videtur,
1791 781 1853 839 et

274 870 345 929 in
374 870 834 931 universalibus
862 870 1277 932 locutionibus
1308 871 1491 931 etiam
1525 872 1603 933 de
1627 872 1853 932 futuris

274 964 789 1040 contingentibus
816 964 880 1025 id
906 964 1193 1038 admittit,
1234 964 1299 1023 in
1334 963 1495 1024 dicto
1520 965 1723 1043 capite
1753 982 1853 1025 oc-

278 1060 462 1129 tavo,
504 1056 665 1117 libro
724 1056 923 1134 primo
975 1056 1053 1117 de
1102 1057 1619 1136 Interpretatione
1646 1103 1661 1130 ‚
1708 1074 1851 1118 cum

269 1151 493 1208 tamen
536 1148 761 1209 eedem
808 1149 887 1209 sit
922 1156 1333 1227 utrarumque
1362 1149 1543 1211 rati0.
1582 1152 1735 1211 Nam
1777 1150 1849 1225 si,

274 1260 357 1301 ex
398 1243 496 1301 his
545 1242 792 1303 duabus
838 1243 1377 1305 contradictoriis:
1415 1244 1628 1304 Omnis
1665 1244 1853 1305 homo

274 1334 648 1407 salvabitur,
678 1335 915 1413 Aliquis
940 1354 1069 1395 non
1098 1335 1465 1409 salvabitur,
1497 1337 1689 1415 prior,
1721 1356 1855 1397 vcr—

270 1428 337 1489 bi
368 1430 599 1509 gratia,
634 1435 728 1489 est
765 1429 1175 1491 determinate
1204 1428 1383 1503 falsa,
1430 1435 1491 1491 et
1524 1430 1720 1490 altera
1750 1430 1857 1491 de-

272 1522 617 1583 terminate
651 1538 838 1599 vera3
868 1522 1107 1583 ratione
1153 1522 1417 1601 alicujus
1462 1522 1855 1584 determinati

272 1614 619 1694 singularis
644 1660 661 1688 ,
712 1615 819 1695 qui
858 1614 1259 1675 damnandus
1300 1621 1435 1687 est,
1487 1616 1855 1677 universalis

272 1713 371 1768 est
415 1707 579 1769 falsa
599 1754 620 1784 ,
664 1712 727 1767 et
770 1708 1159 1786 particularis
1204 1726 1353 1769 vera
1387 1754 1403 1781 ,
1456 1714 1565 1783 ut,
1622 1727 1699 1770 ex
1741 1728 1855 1769 na-

268 1805 423 1862 tura
470 1801 914 1881 propositionis
956 1801 1360 1863 distributivae
1411 1806 1475 1863 et
1520 1802 1853 1881 particula-

268 1892 361 1953 ris
396 1938 415 1964 ,
462 1911 579 1971 per
613 1893 1009 1955 dialecticum
1056 1894 1409 1955 discursum
1450 1895 1693 1957 ostendi
1746 1914 1854 1975 po-

270 1992 457 2055 test;
510 2006 663 2067 ergo
716 1986 1131 2049 determinata
1187 1988 1415 2049 veritas
1464 1989 1565 2049 vel
1613 1988 1853 2051 falsitas

270 2086 373 2139 est
422 2080 487 2140 in
528 2080 681 2159 ipsis
732 2080 1152 2159 singularibus
1192 2081 1697 2159 contingentibus
1723 2129 1745 2159 ‚
1794 2089 1856 2143 et

268 2172 431 2235 inde
462 2181 681 2235 manat
709 2174 789 2235 ad
818 2176 1143 2247 terminos,
1188 2196 1299 2237 seu
1327 2182 1666 2255 conceptus
1694 2196 1859 2239 com-

268 2285 515 2329 munes
543 2286 558 2341 ;
588 2268 729 2329 ideo
758 2269 925 2329 enim
948 2269 1289 2331 salvabitur
1328 2270 1539 2343 hom0,
1574 2270 1714 2348 quia
1750 2272 1857 2333 Pe·

270 2365 423 2421 trus
468 2362 833 2434 salvabitur,
886 2368 950 2437 et
984 2381 1113 2423 non
1152 2382 1185 2422 e
1216 2363 1549 2425 contrario.

476 2564 641 2639 Quid
667 2564 1027 2629 Aristoteles
1076 2566 1302 2630 sentiat
1342 2566 1409 2627 in
1438 2566 1549 2629 Ιιασ
1580 2585 1664 2629 re.

380 2744 473 2803 to.
529 2740 721 2814 Quam
733 2742 891 2819 falso
912 2741 1191 2803 nonnulli
1214 2740 1273 2802 in
1284 2744 1683 2823 terpretentur
1694 2760 1858 2804 men-

288 2843 411 2899 tem
438 2835 811 2899 Aristotelis.
842 2868 922 2881 --
947 2836 1042 2896 Ad
1061 2835 1541 2897 fundamentum
1588 2836 1656 2896 in
1687 2837 1859 2915 prin-

290 2928 453 3008 cipio
474 2930 772 3007 positum,
805 2928 1077 3007 primum
1111 2929 1189 2989 de
1216 2928 1543 2990 Aristotele
1572 2929 1859 2990 nonnulli

288 3023 596 3101 Tlieologi
625 3023 799 3082 illum
832 3027 1155 3096 excusant,
1186 3030 1251 3083 ut
1272 3042 1349 3082 ex
1384 3024 1653 3083 Aureolo
1690 3024 1859 3084 vide-

290 3137 359 3178 re
414 3123 515 3178 est
552 3116 720 3196 apud
774 3116 1147 3195 Capreolum
1200 3135 1413 3194 supra,
1468 3124 1531 3178 et
1569 3117 1711 3178 dist.
1758 3118 1859 3190 38,

290 3211 625 3290 quaestion.
654 3213 715 3285 1,
741 3211 917 3270 artic.
942 3211 1003 3282 3,
1024 3215 1085 3270 et
1105 3209 1190 3269 ibi
1212 3209 1513 3283 Palaei0s‚
1545 3210 1773 3290 disput.
1798 3213 1859 3286 ⁹2,

292 3310 353 3364 et
380 3303 777 3373 CatherinuS,
810 3301 1037 3380 Opusc.
1084 3302 1163 3363 de
1205 3303 1599 3364 Proescientia
1632 3312 1692 3364 et
1721 3323 1867 3384 pro·-

288 3395 591 3456 videntia.
636 3395 817 3458 Unde
842 3395 1097 3474 quidam
1126 3397 1517 3476 distinguunt
1540 3397 1704 3459 inter
1723 3417 1861 3476 pro·

290 3489 669 3568 positionem
700 3507 939 3562 veram,
983 3496 1044 3550 et
1079 3490 1489 3552 determinate
1532 3510 1767 3564 veram,
1801 3497 1864 3552 et

292 3583 487 3660 aliqui
535 3581 751 3642 dicunt
782 3600 923 3642 eam
964 3583 1453 3661 propositionem
1492 3601 1629 3644 esse
1662 3585 1863 3646 deter-

292 3677 531 3748 minate
558 3694 798 3746 veram,
844 3694 983 3754 quae
1032 3683 1127 3736 est
1177 3675 1553 3737 necessaria.
1599 3678 1715 3738 Alii
1756 3695 1865 3738 vo-

288 3774 439 3828 cant
465 3768 877 3828 determinate
922 3787 1157 3842 veram,
1208 3787 1351 3848 quae
1378 3770 1476 3830 vel
1512 3771 1712 3843 nebia,
1764 3773 1863 3832 vel

286 3861 659 3922 naturaliter
692 3866 787 3921 est
814 3861 1137 3921 evidenter
1166 3879 1335 3922 vcra.
1376 3863 1501 3924 Sed
1546 3864 1679 3924 haic
1727 3883 1861 3925 om-

286 3955 395 4014 nia
434 3959 581 4014 sunt
608 3953 895 4030 conficta,
924 3961 985 4014 et
1006 3957 1223 4016 contra
1250 3961 1527 4016 mentem
1563 3957 1862 4017 Aristotc-

287 4047 389 4119 lis,
420 4048 525 4125 qui
555 4065 684 4107 non
712 4048 915 4108 solum
945 4067 1097 4108 usus
1140 4053 1237 4108 est
1282 4049 1387 4108 illa
1430 4049 1734 4128 particula
1761 4053 1864 4112 de-

292 4140 635 4212 terminate,
663 4140 775 4202 sed
819 4141 1102 4202 absolute
1150 4141 1301 4202 dixit
1352 4143 1466 4202 has
1492 4144 1864 4222 propositio-

290 4252 411 4294 nes
436 4251 557 4294 nec
578 4253 756 4294 veras
780 4253 897 4295 nec
920 4235 1112 4295 falsas
1142 4253 1301 4296 esse.
1336 4238 1551 4315 Neque
1578 4237 1641 4296 in
1662 4256 1730 4298 re
1756 4257 1863 4318 po-

292 4333 419 4386 test
446 4325 703 4406 intelligi
734 4328 1050 4406 quomodo
1080 4328 1183 4389 illa
1222 4329 1347 4389 duo
1376 4329 1857 4408 distinguantur.

291 4421 625 4494 Praeterea,
677 4420 847 4498 quod
872 4421 1097 4483 dicitur
1126 4429 1185 4484 et
1212 4423 1520 4483 indicatur
1544 4443 1581 4484 a
1610 4425 1864 4486 Richar-

290 4513 376 4572 do
406 4519 469 4573 et
494 4513 755 4591 Maiore,
790 4515 1280 4594 propositionem
1326 4516 1495 4576 illam
1521 4517 1731 4578 vocari
1758 4519 1865 4579 dc-

293 4605 628 4666 terminate
660 4625 892 4680 veram,
938 4627 1077 4686 quae
1104 4616 1199 4670 est
1236 4611 1613 4682 necessaria,
1646 4616 1861 4672 eontra

292 4707 575 4760 mentem
596 4701 941 4762 Aristotelis
976 4709 1093 4774 est,
1134 4708 1197 4764 et
1223 4703 1573 4764 veritatem.
1624 4707 1781 4766 Nam
1811 4708 1860 4766 si

294 4792 681 4872 intelligatur
706 4794 783 4854 de
808 4797 1179 4856 necessitate
1220 4797 1601 4873 simpliciter,
1636 4798 1861 4858 falsum

298 4892 423 4956 cst;
460 4887 692 4965 alioqui
722 4905 839 4946 nec
868 4889 1207 4967 propositio
1237 4888 1315 4950 de
1346 4892 1635 4968 praesenti
1669 4891 1732 4952 in
1760 4910 1861 4952 ac-

300 4980 469 5040 tibus
496 4980 711 5040 liberis
742 4987 906 5041 esset
934 4982 1345 5044 determinate
1370 5003 1535 5058 vera,
1566 4985 1709 5062 quia
1742 5005 1869 5046 non

300 5080 393 5135 cst
435 5073 797 5152 simpliciter
846 5076 1234 5148 necessaria;
1288 5077 1457 5154 quod
1505 5083 1719 5139 tamen
1776 5085 1871 5140 cst

300 5173 517 5228 contra
549 5168 970 5241 Aristotelem,
1018 5177 1081 5230 et
1130 5171 1457 5232 manifeste
1486 5171 1736 5233 falsum.
1794 5175 1867 5234 Et

300 5261 469 5322 idem
496 5268 612 5334 est,
631 5265 703 5322 ut
732 5269 951 5340 postea
974 5263 1200 5336 dicam,
1233 5263 1311 5323 de
1336 5263 1756 5343 propositione
1787 5264 1866 5326 de

302 5355 641 5432 praeterita
666 5353 732 5416 Si
762 5373 911 5415 vero
938 5357 1019 5416 sit
1048 5375 1253 5418 sermo
1282 5357 1361 5418 de
1396 5358 1767 5420 necessitate
1790 5376 1868 5418 ex

304 5449 756 5527 suppositione,
786 5449 875 5508 sic
900 5450 1103 5510 omnis
1130 5451 1493 5529 propositiO,
1522 5456 1665 5512 actu
1690 5469 1863 5524 vera,

304 5547 397 5602 est
428 5539 785 5604 necessaria
830 5559 905 5602 ex
946 5543 1409 5623 suppositione;
1462 5561 1611 5606 nam
1638 5589 1653 5616 ,
1703 5544 1865 5605 sicut

3381 389 3500 451 299

1939 496 2239 574 quodest,
2273 496 2530 574 quando
2552 502 2667 567 est,
2702 496 3054 556 necessario
3085 500 3179 556 est
3198 501 3494 575 protunc,

1937 588 2022 649 ita
2066 589 2236 667 quod
2271 594 2365 649 est
2393 608 2635 662 verum,
2670 607 2782 668 pro
2829 596 2976 650 tunc
3016 590 3370 649 necessario
3407 596 3502 650 est

1937 700 2156 742 verum
2185 701 2262 743 ex
2292 683 2752 761 suppositione;
2790 688 2850 743 et
2875 682 3043 761 quod
3073 688 3166 742 est
3193 682 3494 753 futurum,

1935 774 2294 835 necessario
2323 779 2418 835 est
2455 776 2756 850 futurum,
2805 794 2934 835 non
2976 774 3356 851 simpliciter,
3387 774 3501 835 sed

1936 887 2013 931 ex
2041 868 2464 947 suppositione
2487 869 2657 947 quod
2676 869 2952 929 futurum
2974 868 3080 940 sit;
3116 886 3264 947 ergo
3291 868 3500 946 quoad

1933 961 2054 1021 hoc
2085 961 2308 1021 eadem
2349 967 2443 1023 est
2467 962 2625 1022 ratio
2648 962 2712 1022 in
2736 960 3262 1040 propositionibus
3299 961 3378 1021 de
3402 961 3502 1021 fu-

1933 1061 2072 1115 turo
2105 1061 2166 1115 ct
2195 1054 2272 1115 de
2299 1056 2614 1133 praesenti,
2664 1062 2728 1115 et
2761 1054 3000 1117 neutris
3030 1059 3336 1132 repugnat
3365 1054 3502 1113 ha=c

1935 1148 2278 1209 necessitas
2311 1167 2326 1220 ;
2359 1164 2485 1207 non
2521 1148 2635 1209 fuit
2665 1168 2816 1228 ergo
2845 1148 2976 1209 haec
3003 1164 3183 1206 mens
3213 1146 3503 1230 Aristote-

1936 1241 2030 1301 lis,
2065 1242 2324 1314 Buram,
2355 1240 2524 1320 quod
2544 1242 2772 1303 veritas
2800 1238 3242 1321 propositionis
3281 1238 3360 1297 sit
3379 1236 3504 1297 evi-

1937 1335 2112 1401 dens,
2145 1334 2248 1395 vel
2290 1334 2494 1405 nohis,
2544 1335 2642 1395 vel
2689 1332 3074 1407 naturaliter,
3121 1336 3217 1393 est
3244 1326 3499 1391 omnino

1939 1428 2359 1491 extrinsecum
2413 1435 2476 1489 et
2505 1427 3017 1500 accidentarium,
3057 1431 3127 1487 ut
3161 1424 3498 1504 propositio

1938 1522 2179 1583 dicatur
2203 1522 2614 1585 determinate
2647 1540 2818 1593 vera,
2861 1538 3084 1582 necne.
3139 1521 3294 1581 Nam
3331 1516 3502 1597 quod

1937 1621 2104 1677 astra
2148 1616 2269 1677 sint
2311 1617 2510 1693 paria,
2558 1615 2968 1677 determinate
3023 1618 3118 1675 est
3148 1629 3368 1673 verum
3402 1610 3504 1673 vel

1935 1709 2186 1780 falsum,
2216 1710 2502 1787 quamvis
2529 1728 2566 1770 a
2596 1710 2779 1771 nobis
2808 1727 2936 1769 non
2965 1711 3406 1787 cognoscatur;
3441 1716 3505 1765 et

1936 1802 2104 1863 idem
2133 1808 2298 1865 esset
2320 1801 2368 1863 si
2390 1822 2426 1863 a
2451 1804 2622 1865 nulla
2643 1809 2928 1865 creatura
2949 1800 3242 1881 cognosci
3265 1804 3496 1879 posset,

1939 1897 2097 1959 sicut
2147 1898 2316 1975 quod
2347 1899 2514 1959 Deus
2559 1899 2637 1959 sit
2665 1899 2886 1959 trinuS.
2936 1896 3167 1958 Omnes
3199 1895 3350 1955 item
3401 1906 3504 1953 ra-

1937 1990 2138 2051 tiones
2167 1991 2511 2053 Aristotelis
2542 1997 2768 2070 praeter
2800 1992 2969 2051 hunc
2999 2006 3254 2049 sensum
3283 2005 3504 2065 proce-

1940 2083 2116 2157 dunt,
2160 2090 2230 2145 ut
2276 2084 2456 2145 facile
2501 2084 2808 2146 constabit
2851 2080 3267 2145 consideranti
3313 2097 3502 2159 supra

1940 2179 2263 2240 adductas
2889 2258 2894 2261 Ι

2025 2276 2122 2333 11.
2165 2273 2446 2337 Aliorum
2495 2270 2935 2356 interpretatio.
2969 2304 3051 2319 -
3083 2266 3198 2335 Alii
3251 2263 3504 2331 tandem

1941 2368 2156 2428 dicunt
2202 2368 2690 2446 propositionem
2748 2368 2825 2428 de
2869 2367 3101 2438 futuro,
3135 2371 3204 2426 ut
3229 2364 3336 2435 sic,
3373 2381 3503 2424 non

1941 2478 2078 2521 esse
2129 2480 2342 2521 veram
2374 2505 2389 2533 ‚
2453 2461 2798 2539 praesertim
2859 2466 3116 2539 propter
3163 2457 3504 2519 secundam

1938 2554 2246 2616 rationem
2273 2554 2337 2615 in
2363 2554 2664 2633 principio
2687 2554 2938 2627 factam,
2964 2560 3024 2615 et
3055 2554 3139 2615 ita
3171 2570 3308 2613 esse
3333 2551 3503 2611 locu-

1939 2653 2072 2708 tum
2120 2647 2534 2719 Aristotelem,
2581 2655 2642 2709 et
2671 2648 2792 2709 hoe
2837 2647 3026 2708 modo
3072 2664 3278 2724 neque
3305 2664 3342 2703 a
3374 2645 3500 2703 Deo

1941 2740 2255 2819 cognosci,
2309 2741 2420 2801 scd
2451 2748 2517 2802 ut
2557 2746 2932 2820 praesentem
2975 2738 3304 2801 aeternitati
3329 2754 3495 2808 suae;

1942 2840 2003 2895 et
2028 2835 2148 2894 hoc
2171 2834 2358 2895 modo
2389 2853 2514 2895 non
2555 2853 2691 2895 esse
2733 2834 2816 2895 ab
2847 2824 3174 2895 Aristotele
3217 2830 3504 2891 conside·-

1940 2935 2165 3001 ratam,
2225 2929 2370 3007 quia
2416 2929 2678 2991 fortasse
2721 2947 2848 2990 non
2875 2934 2969 2989 est
3004 2928 3122 2987 hoc
3153 2929 3500 2987 assecutus

1944 3023 2089 3093 Sed,
2125 3023 2272 3101 quia
2297 3023 2375 3083 de
2395 3024 2514 3083 hac
2544 3022 2872 3102 praesentia
2899 3020 3262 3082 aeternitatis
3287 3023 3499 3097 postea

1942 3117 2066 3178 late
2097 3117 2430 3177 dicendum
2481 3123 2594 3188 est,
2620 3135 2790 3177 nunc
2829 3116 2968 3177 dico
2999 3114 3189 3194 quod,
3223 3110 3508 3192 quamvis

1945 3211 2112 3271 Deus
2160 3209 2421 3288 simplici
2474 3211 2700 3271 intuitu
2744 3209 2954 3270 videat
2992 3226 3096 3270 res
3140 3207 3384 3268 futuras
3439 3206 3510 3264 ut

1947 3309 2285 3383 praesentes
2312 3349 2328 3374 ,
2374 3304 2780 3369 nihilominus
2834 3303 3020 3362 etiam
3063 3298 3384 3380 cognoscit
3427 3297 3508 3357 ab

1941 3403 2173 3457 oetcrno
2205 3398 2668 3475 complexiones
2697 3397 2793 3457 vel
2819 3394 3274 3475 propositiones
3300 3391 3378 3452 de
3409 3390 3508 3450 fu-

1941 3495 2105 3562 ture,
2135 3491 2496 3551 formabiles
2525 3510 2560 3550 a
2588 3497 2896 3561 creatura,
2931 3505 3070 3548 esse
3097 3485 3507 3548 determinate

1946 3602 2146 3644 veras.
2167 3585 2240 3642 Et
2265 3583 2546 3644 similiter
2565 3583 2732 3642 videt
2755 3601 2914 3654 rem,
2939 3599 3076 3660 quae
3093 3579 3200 3640 tali
3225 3584 3508 3656 tempore
3619 3577 3624 3580 ’

1946 3677 2276 3737 aeternitati
2319 3696 2444 3737 suae
2477 3695 2750 3755 praesens
2788 3674 3090 3746 coexistit,
3123 3673 3357 3732 habere
3405 3689 3510 3731 re-

1942 3772 2238 3831 lationem
2259 3770 2449 3830 futuri
2488 3770 2568 3830 ad
2598 3777 2794 3830 totum
2828 3775 3073 3847 tempus
3103 3753 3504 3826 antecedens.

1943 3864 2224 3943 Denique
2243 3865 2304 3924 in
2327 3864 2646 3924 intellectu
2673 3868 2974 3924 creaturae
2999 3865 3262 3940 possunt
3284 3859 3514 3919 forma·

1943 3958 2082 4018 liter
2104 3977 2240 4018 esse
2263 3959 2378 4017 illae
2405 3958 2860 4037 propositiones
2880 3955 2958 4016 de
2984 3955 3217 4022 future,
3240 3959 3301 4014 et
3317 3971 3353 4012 a
3379 3955 3507 4013 Deo

1944 4059 2208 4129 possunt
2253 4051 2520 4112 revelari
2569 4058 2629 4112 et
2681 4048 3038 4119 enunciari,
3081 4050 3144 4107 et
3187 4046 3512 4106 habebunt

1947 4145 2424 4205 determinatam
2453 4145 2802 4205 veritatem.
2834 4141 3012 4205 Unde
3035 4140 3344 4212 existimO,
3370 4139 3509 4217 jux·

1946 4245 2008 4299 ta
2039 4238 2340 4317 principia
2383 4237 2552 4310 fidei,
2587 4256 2712 4299 non
2753 4253 2936 4315 posse
2979 4235 3100 4296 hoc
3150 4231 3395 4312 negari,
3449 4238 3512 4293 et

1947 4331 2337 4392 Aristotelem
2365 4331 2532 4396 ineo
2563 4348 2826 4392 errasse.
2881 4327 3058 4399 Quod
3077 4327 3264 4388 etiam
3295 4343 3510 4386 sense-

1944 4433 2090 4486 runt
2143 4426 2600 4498 Bonaventura,
2652 4423 3010 4504 GregoriuS,
3042 4423 3260 4502 Major,
3303 4428 3366 4483 et
3403 4420 3507 4482 alii

1946 4519 2184 4596 antiqui
2213 4537 2402 4596 supra
2429 4519 2620 4580 citati.

2029 4613 2124 4671 12.
2159 4611 2577 4690 Respondecur
2604 4612 2687 4674 ad
2720 4609 2986 4674 rationes
3021 4607 3397 4673 Aristotelis.
3427 4641 3511 4658 —

1945 4705 2041 4764 Ad
2101 4707 2374 4765 rationes
2435 4723 2586 4782 ergo
2640 4704 2988 4765 Aristotelis
3021 4749 3037 4774 ,
3096 4705 3510 4783 respondetur

1944 4798 2392 4877 negandodolli
2429 4798 2940 4876 contingentiam.
2977 4799 3072 4858 Ad
3108 4799 3376 4875 primam
3401 4817 3512 4858 tve-

1941 4911 2012 4952 ro
2037 4893 2492 4970 probationem,
2515 4893 2930 4970 respondetur
2953 4894 3116 4954 hanc
3135 4892 3514 4952 determina-

1894 5052 1908 5066 ,
1951 4986 2186 5046 tionem
2215 4987 2492 5046 veritatis
2521 4986 2940 5065 contingentis
2969 5003 3096 5046 non
3127 5003 3266 5047 esse
3295 4989 3511 5046 contra

1951 5078 2434 5140 indifferentiam
2483 5081 2908 5140 necessariam
2947 5085 3016 5140 ut
3051 5079 3310 5142 effectus
3345 5079 3513 5138 futu-

1949 5189 2057 5232 rus
2087 5174 2164 5232 sit
2203 5173 2594 5251 contingens,
2627 5174 2774 5252 quia
2805 5192 2932 5234 non
2961 5173 3232 5234 excludit
3271 5172 3513 5232 indiffe-

1950 5265 2216 5326 rentiam
2249 5283 2456 5326 causae
2498 5273 2562 5326 et
2596 5267 2840 5327 virtutis
2887 5267 3053 5344 ejus,
3109 5264 3222 5326 scd
3267 5271 3511 5324 tantum

1949 5358 2242 5430 actionis;
2278 5377 2468 5419 cansa
2499 5364 2856 5420 autemnon
2891 5359 3114 5419 dicitur
3145 5359 3512 5437 contingen-

1947 5457 2044 5512 ter
2086 5452 2329 5528 operari
2362 5452 2466 5512 vel
2509 5469 2646 5512 esse
2693 5457 3114 5530 operaturam,
3161 5453 3308 5530 quia
3357 5450 3509 5511 nihil

1949 5543 2360 5606 determinate
2407 5550 2738 5624 operatura
2779 5544 2898 5618 sit,
2951 5544 3062 5606 sed
3107 5545 3255 5626 quia
3289 5544 3374 5606 ita
3413 5550 3509 5606 est
