3850 6225
777 337 912 391 CAP.
949 337 1032 391 vl.
1069 315 1316 393 CAUSQ
1347 338 1584 393 emmiu
1617 338 1785 393 mnu.
1815 338 2195 395 usscssssamo
2228 342 2551 405 mannan,
2588 341 2726 396 mc.

153 443 233 511 te,
261 438 778 520 quandoquidem
807 444 936 501 tota
959 438 1066 501 illa
1103 459 1232 503 non
1257 440 1500 503 excedit
1528 460 1717 521 capa-

153 532 396 593 citatem
439 532 687 613 agentis
715 534 947 594 creati?
988 534 1110 609 vel,
1135 536 1183 596 si
1214 536 1412 615 potuit
1439 535 1525 596 ita
1551 534 1713 601 ficri,

155 644 258 685 cnr
283 626 663 705 negabimus
691 626 774 687 ita
803 626 1040 687 factum
1067 646 1204 689 esse
1227 674 1242 703 ‚
1289 634 1352 689 et
1385 629 1716 707 qualitates

155 718 378 779 activas
408 738 570 799 quas
597 720 766 779 Deus
797 720 1009 781 multis
1032 722 1222 783 rebus
1260 720 1516 797 indidit,
1577 738 1716 783 esse

155 813 232 871 ita
261 814 593 891 perfectae„
632 818 692 873 et
715 812 833 873 hoc
871 814 1060 875 modo
1090 815 1434 893 completas
1463 815 1718 876 virtutes

152 908 215 967 in
242 926 352 968 suo
401 910 678 988 genere?
715 906 890 968 Certe
931 908 1052 971 hoc
1092 909 1248 969 nihil
1291 908 1553 989 derogat
1591 910 1720 970 effi-

164 1001 394 1061 cacitati
421 999 670 1061 virtutis
697 998 943 1074 divinae,
971 1001 1096 1062 imo
1127 1002 1546 1065 liberaliorem
1577 1020 1718 1063 eam

155 1094 417 1155 ostendit
465 1094 532 1155 in
569 1094 1093 1157 communicanda
1144 1095 1370 1159 virtute
1420 1114 1534 1157 sua
1588 1096 1718 1157 suis

153 1188 474 1251 creaturis,

231 1286 325 1343 17.
375 1280 738 1345 Occurritur
771 1281 1012 1345 cuidam
1039 1281 1584 1361 objectioni—Nec
1619 1300 1720 1343 re-

149 1376 288 1447 fert,
317 1376 372 1435 si
397 1374 540 1453 quis
561 1374 730 1435 dicat
749 1376 913 1437 hanc
939 1375 1230 1437 virtutem
1257 1376 1556 1438 fluentem
1581 1394 1719 1455 per-

149 1471 344 1530 tinere
379 1468 462 1529 ad
507 1468 822 1549 propriam
865 1470 1292 1531 causalitatem
1341 1488 1542 1529 causae
1586 1468 1716 1549 pri-

150 1581 292 1635 mae‚
335 1567 400 1622 et
427 1560 572 1622 ideo
600 1580 726 1621 non
765 1578 904 1623 esse
949 1561 1534 1623 communicabilem
1572 1580 1721 1621 cau-

157 1674 238 1715 sae
273 1654 570 1715 secundae
605 1673 718 1733 per
761 1654 1054 1716 virtutem
1083 1654 1171 1715 illi
1203 1655 1520 1727 innatam;
1573 1654 1720 1733 quia

155 1749 268 1809 hoc
317 1746 484 1808 facili
537 1747 792 1827 negotio
851 1748 1218 1809 ostendetur
1266 1766 1404 1809 esse
1463 1748 1715 1809 falsum.

151 1844 302 1901 Nam
337 1840 442 1903 vel
491 1846 586 1901 est
627 1858 838 1901 sermo
869 1841 949 1901 de
977 1841 1338 1902 causalitate
1369 1858 1573 1902 causae
1595 1840 1722 1919 pri-

155 1954 292 2009 mas,
325 1954 448 2015 qua
501 1934 864 1995 immediate
905 1939 968 1996 et
1013 1953 1128 2014 per
1165 1952 1232 1995 se
1274 1934 1477 1997 influit
1523 1934 1590 1995 in
1629 1932 1722 1994 cf·-

151 2027 376 2089 fectum
419 2046 632 2088 causae
664 2027 992 2100 secundae,
1025 2032 1088 2087 et
1122 2028 1254 2089 haec
1282 2046 1410 2089 non
1443 2026 1724 2089 consistit

149 2122 212 2181 in
257 2122 378 2182 hoc
403 2122 673 2194 influxu,
705 2124 778 2181 ut
804 2120 1130 2183 evidenter
1166 2128 1338 2202 patet
1385 2140 1462 2183 ex
1488 2120 1668 2182 dictis
1700 2138 1717 2192 ;

153 2234 294 2275 nam
315 2234 432 2295 per
455 2216 626 2276 hunc
653 2214 960 2275 influxum
988 2232 1115 2276 non
1143 2215 1250 2276 dat
1279 2233 1416 2276 esse
1449 2214 1719 2288 effectui,

153 2310 258 2369 sed
284 2326 518 2383 causae,
552 2325 694 2387 quae
724 2308 1106 2387 productura
1125 2312 1218 2369 est
1249 2310 1576 2381 effectum3
1613 2326 1726 2367 un·

152 2403 229 2463 de
257 2403 427 2464 solus
453 2402 630 2483 prior
655 2420 1022 2475 concursuS,
1062 2420 1098 2462 a
1135 2402 1316 2463 nobis
1346 2400 1721 2477 declaratuS,

155 2501 262 2561 est,
297 2515 419 2575 quo
451 2513 648 2555 causa
677 2495 880 2573 prima
909 2495 1268 2556 immediate
1299 2494 1503 2555 influit
1528 2493 1592 2555 in
1622 2512 1726 2555 ao-

154 2591 383 2649 tionem
410 2594 474 2649 et
509 2589 805 2650 effectum
836 2604 1042 2650 causae
1071 2588 1390 2660 secundia,
1422 2593 1484 2649 et
1502 2587 1610 2647 dat
1637 2586 1724 2647 illi

163 2702 334 2753 esse;
367 2689 426 2743 et
447 2682 596 2743 ideo
634 2682 738 2742 ille
769 2688 866 2742 est
887 2682 1180 2760 proprius
1207 2682 1449 2743 virtutis
1482 2681 1725 2741 increa-

163 2784 250 2847 tae,
296 2794 412 2837 nec
457 2774 744 2855 suppleri
799 2778 1006 2855 potest
1059 2792 1175 2854 per
1223 2776 1515 2835 virtutem
1549 2790 1721 2853 purae

161 2876 444 2930 creaturae
475 2914 492 2943 ,
541 2869 696 2949 quia
745 2862 917 2929 esset?
949 2867 1404 2949 independens.
1467 2868 1579 2929 Vel
1629 2873 1725 2929 est

165 2982 352 3023 sermo
395 2962 474 3022 de
521 2962 772 3022 influxu
815 2960 1088 3023 mediato
1141 2967 1430 3041 respectu
1466 2962 1724 3023 effectus

173 3074 350 3116 causae
379 3054 704 3128 secundae,
727 3059 790 3116 et
827 3054 1186 3116 immediato
1216 3060 1507 3136 respectu
1529 3054 1726 3132 ipsius

171 3168 386 3222 ceam<ae;
433 3155 500 3211 et
523 3149 630 3209 hic
674 3149 864 3209 etiam
897 3167 1068 3210 nunc
1100 3154 1402 3222 servatur,
1439 3148 1725 3228 quamvis

165 3261 336 3304 cansa
371 3242 658 3304 secunda
687 3241 922 3302 babeat
961 3241 1024 3302 in
1055 3260 1168 3302 suo
1208 3241 1426 3302 ordine
1455 3241 1724 3322 comple-

161 3337 420 3396 tamvim
451 3333 713 3415 agendi,
761 3335 1047 3396 stabilem
1089 3353 1162 3396 ac
1213 3341 1714 3414 permanentem,

159 3431 290 3506 qnia
325 3447 582 3510 semper
623 3429 818 3490 habet
847 3427 1014 3488 illam
1069 3445 1148 3490 ex
1199 3428 1423 3490 actuali
1479 3428 1719 3490 influxu

150 3524 354 3602 primae
399 3541 612 3583 causae
665 3521 873 3583 dantis
923 3527 984 3583 et
1029 3521 1453 3582 conservantis
1500 3521 1710 3595 iliam3

149 3636 290 3696 ergo
328 3636 405 3678 ex
439 3617 568 3678 hac
623 3621 800 3696 parte
857 3615 1032 3676 nulla
1085 3621 1179 3677 est
1233 3617 1436 3696 major
1487 3635 1716 3696 repug-

145 3711 348 3770 nantia
389 3701 458 3770 i'n
520 3707 1052 3771 communicanda
1101 3709 1222 3770 hac
1279 3708 1508 3771 virtute
1571 3728 1716 3788 per-

143 3811 432 3865 manente
461 3853 480 3878 ,
533 3821 731 3882 quam
761 3803 838 3864 sit
875 3803 939 3862 in
969 3803 1195 3865 virtute
1242 3803 1498 3864 fluente.
1531 3803 1713 3876 Nam,

145 3897 304 3974 qnod
340 3895 680 3958 dicebatur
717 3895 793 3956 de
843 3897 1062 3976 majori
1120 3897 1474 3960 actualitate
1528 3897 1717 3978 hujus

147 3991 388 4051 fluentis
413 3989 670 4051 virtutis
692 3989 760 4049 in
782 3989 1000 4052 ordine
1027 3990 1107 4051 ad
1131 3991 1434 4051 influxum
1451 3991 1586 4064 Dei,
1615 3990 1719 4050 vix

145 4084 512 4163 intelligitur
534 4082 694 4162 quid
715 4081 816 4156 sit,
849 4089 960 4144 aut
997 4083 1148 4164 quid
1182 4083 1467 4145 conferre
1497 4083 1716 4163 possit,

143 4185 204 4238 ut
233 4198 350 4257 per
369 4177 550 4238 illam
579 4179 754 4238 Deus
785 4177 1096 4257 compleat
1122 4177 1248 4239 vim
1265 4178 1492 4258 agendi
1516 4195 1720 4241 causae

147 4271 457 4344 secundat,
495 4277 558 4332 et
587 4290 708 4351 per
750 4270 1112 4350 qualitatem
1141 4274 1620 4352 permanentem
1657 4276 1722 4333 et

147 4365 628 4426 connaturalem
701 4365 819 4445 ipsi
875 4383 1078 4426 causae
1128 4363 1420 4426 secundae
1469 4363 1536 4426 id
1589 4381 1720 4426 non

145 4459 560 4536 possit;na1n
588 4503 606 4532 ,
659 4457 712 4518 si
741 4463 1008 4536 utraque
1053 4458 1358 4538 qualitaS,
1407 4457 1610 4519 fluens
1659 4463 1722 4520 et

147 4569 548 4628 pcrmnmzm,
584 4549 935 4613 secundnm
963 4571 1030 4613 se
1051 4550 1548 4626 considerentur,
1577 4555 1722 4612 sunt

153 4645 400 4722 quidam
417 4652 600 4706 actus
627 4645 836 4724 primi,
869 4649 934 4704 et
957 4649 1180 4705 neutra
1197 4649 1293 4706 est
1321 4663 1436 4725 per
1461 4645 1718 4706 modum

159 4739 408 4800 actionis
431 4740 501 4800 in
532 4745 680 4800 actu
710 4738 1012 4812 secundo,
1055 4742 1125 4798 ut
1150 4743 1470 4800 ostensum
1495 4743 1626 4812 est;
1672 4739 1722 4800 si

159 4850 298 4893 ’cero
333 4833 396 4893 in
432 4833 654 4894 ordine
702 4831 786 4893 ad
811 4833 1014 4894 Deum
1045 4837 1371 4893 sumantur
1393 4877 1409 4906 ,
1455 4837 1722 4912 utraque

165 4927 380 5002 pendet
438 4945 476 4986 a
519 4927 676 4988 DEO
726 4925 793 4986 in
823 4923 961 4986 fieri
1006 4930 1068 4986 et
1128 4926 1518 4998 conservari;
1557 4925 1723 4987 unde

175 5025 480 5100 utramque
499 5021 698 5084 DE'US
737 5025 890 5081 actu
917 5037 1171 5098 semper
1185 5018 1409 5094 influit,
1443 5025 1506 5080 et
1529 5037 1604 5080 ea
1629 5038 1726 5080 ra·

181 5111 331 5174 tione
363 5113 476 5176 dici
507 5121 716 5196 potest
741 5118 896 5175 actu
929 5131 1184 5175 movere
1215 5131 1470 5174 causam
1499 5132 1724 5174 secun-

181 5203 340 5280 dam;
371 5213 458 5270 est
484 5228 630 5290 ergo
661 5208 775 5270 illa
799 5205 1162 5269 differentia
1186 5207 1387 5288 magis
1427 5207 1491 5268 in
1516 5207 1722 5269 verbis

183 5317 338 5378 quam
367 5303 424 5366 in
455 5323 544 5368 re.

3287 338 3359 399 31

2046 552 2209 627 Quid
2237 552 2307 618 de
2332 554 2693 619 excitatione
2728 552 3121 619 sentiendum.

1884 738 1984 796 18.
2032 734 2353 801 Eoecitatio
2396 738 2645 819 proprie
2692 736 2759 799 in
2794 734 3015 801 animoe
3047 735 3363 817 potentiis,

1791 848 1907 911 per
1930 830 2391 895 translationem
2421 830 2487 892 in
2512 830 2845 895 virtutibus
2872 830 3032 892 ‘aliie
3066 830 3369 893 naturali-

1800 926 1931 987 bus.
1952 955 2033 970 -
2062 924 2365 995 Quartum
2401 942 2633 986 nomen
2666 930 2803 985 erat
2832 922 3221 985 excitationis
3248 923 3369 983 vir-

1799 1018 1950 1079 tutis
1980 1018 2219 1092 activae,
2260 1016 2431 1097 quod
2470 1036 2621 1079 sane
2650 1018 2731 1079 ad
2772 1036 2907 1079 rem
2952 1017 3031 1079 de
3065 1034 3191 1096 qua
3236 1016 3371 1096 agi·-

1797 1128 1963 1183 muS‚
1997 1117 2058 1173 et
2080 1111 2162 1171 ad
2189 1110 2637 1173 declarandum
2666 1128 3041 1173 concursum
3080 1128 3372 1172 necessa·

1798 1204 1963 1266 rium
2015 1224 2219 1267 causae
2252 1205 2467 1285 primas
2517 1212 2579 1268 et
2608 1204 3187 1267 subordinationem
3224 1224 3370 1267 cau-

1800 1316 1882 1359 sae
1913 1299 2223 1373 secundae,
2248 1317 2377 1361 nou
2402 1300 2603 1380 magis
2620 1298 2863 1362 confert
2892 1315 3081 1377 quam
3100 1298 3367 1378 reliqua.

1801 1392 1958 1452 Nam
1990 1392 2277 1453 excitatio
2312 1392 2559 1471 proprie
2598 1392 2807 1454 locum
2842 1392 3033 1453 habet
3058 1392 3123 1451 in
3151 1398 3371 1471 poten-

1799 1484 1900 1545 tiis
1927 1484 2155 1545 animae
2178 1530 2193 1557 ,
2228 1488 2540 1563 quatenus
2576 1504 2701 1546 una
2741 1503 2855 1565 per
2878 1490 3090 1547 actum
3116 1484 3373 1547 alterius

1801 1578 1884 1639 ad
1909 1577 2301 1657 operandum
2348 1586 2659 1653 movetur,
2688 1578 2770 1639 oh
2804 1579 3225 1659 sympathiam
3265 1597 3373 1639 na·

1801 1672 2073 1733 turalem
2100 1688 2291 1751 quam
2330 1672 2567 1733 habent
2590 1716 2608 1746 ,
2674 1676 2987 1749 quatenus
3027 1672 3093 1733 in
3148 1672 3374 1733 eadem

1803 1762 2013 1823 anima
2042 1762 2425 1827 radicantur.
2472 1764 2645 1825 Solet
2684 1764 2873 1827 etiam
2899 1763 3193 1843 applicari
3242 1763 3375 1825 haec

1799 1874 1922 1917 vox
1948 1856 2263 1935 aliquibus
2288 1856 2621 1917 virtutibus
2659 1857 3077 1930 naturalibus,
3118 1874 3258 1937 quae
3286 1858 3375 1919 in-

1804 1948 2055 2011 terdum
2094 1950 2371 2029 aliquam
2416 1950 2853 2013 alterationem
2896 1951 3372 2030 proerequirunt,

1805 2049 1874 2103 ut
1913 2060 2095 2104 snam
2124 2044 2435 2105 actionem
2466 2050 2822 2118 exerceant,
2851 2050 2918 2106 ut
2948 2044 3040 2105 vis
3062 2043 3375 2105 odorifera

1804 2154 1935 2197 non
1966 2136 2191 2197 emittit
2218 2135 2479 2197 odorem
2508 2137 2629 2197 nisi
2654 2136 2943 2210 calefiat,
2992 2142 3057 2199 et
3092 2138 3273 2217 piper
3312 2141 3377 2200 et

1805 2226 2011 2307 sinapi
2036 2246 2163 2289 non
2188 2228 2559 2291 calefaciunt
2584 2229 2705 2291 nisi
2742 2234 3168 2304 conterantur,
3197 2236 3260 2291 et
3286 2232 3375 2293 sic

1807 2320 1886 2383 de
1917 2322 2075 2383 aliis.
2116 2320 2245 2383 Sed
2270 2322 2474 2383 omnis
2498 2323 2633 2385 haec
2664 2324 2951 2385 excitatio
2978 2322 3069 2397 fit,
3098 2330 3208 2385 ant
3228 2324 3375 2402 qnia

1805 2416 2001 2477 virtus
2034 2416 2233 2477 activa
2266 2434 2381 2495 per
2422 2416 2593 2477 illam
2634 2417 3071 2479 alterationem
3099 2416 3377 2497 comple-

1805 2516 1927 2584 tur,
1971 2510 2069 2571 vel
2096 2511 2243 2589 quia
2270 2510 2620 2591 disponitur
2648 2512 2799 2572 dum
2820 2512 3055 2585 rai-etit,
3098 2518 3207 2573 aut
3252 2513 3373 2573 alio

1803 2602 1993 2663 modo
2024 2603 2206 2665 simili
2241 2605 2537 2677 afficitur,
2572 2610 2641 2665 ut
2690 2604 2915 2666 melius
2946 2605 3027 2665 ad
3055 2606 3375 2685 agendum

1807 2696 2174 2777 applicetur.
2212 2697 2374 2757 Nihil
2402 2703 2614 2758 autem
2658 2697 2885 2759 horum
2942 2703 3037 2759 est
3084 2716 3377 2759 necessa-

1803 2790 1967 2849 rium
1997 2788 2062 2849 in
2092 2808 2281 2849 causa
2306 2790 2585 2852 secunda
2610 2810 2689 2851 ex
2716 2792 2977 2869 praecisa
3004 2790 3375 2852 subordina-

1803 2882 1973 2943 tione
2006 2883 2139 2962 ejus
2169 2882 2249 2944 ad
2284 2884 2551 2963 primam
2578 2902 2594 2957 ς
2623 2888 2685 2945 et
2721 2884 2973 2963 quando
3024 2883 3261 2963 aliquid
3292 2883 3376 2945 si-

1805 2978 1953 3039 mile
1988 2978 2413 3039 necessarium
2444 2984 2539 3039 est
2566 2996 2645 3039 ex
2683 2978 2981 3057 peculiari
3010 2985 3235 3039 natura
3272 2978 3375 3039 vel

1806 3069 2057 3132 defectu
2082 3070 2348 3153 alicujus
2374 3070 2491 3146 rei,
2545 3070 2813 3134 conferri
2861 3091 2973 3134 seu
3006 3072 3142 3134 fieri
3172 3077 3377 3152 potest

1804 3182 1920 3243 per
1936 3165 2123 3224 aliam
2145 3182 2401 3226 causam
2424 3165 2793 3240 secundam,
2810 3171 3223 3227 concurrente
3249 3165 3375 3244 pri-

1805 3275 1908 3318 ma
1963 3275 2076 3318 suo
2125 3257 2403 3338 generali
2436 3277 2769 3332 concursu,
2810 3257 3153 3320 dummodo
3210 3259 3373 3320 actio

1801 3349 2055 3410 aliunde
2096 3368 2226 3411 non
2267 3350 2345 3411 sit
2384 3351 2783 3426 miraculosa,
2811 3352 2914 3414 vel
2950 3349 3032 3414 ad
3086 3351 3373 3412 ordinem

1799 3442 2341 3522 supernaturalem
2370 3445 2721 3524 pertineat3
2778 3463 2930 3526 ergo
2984 3445 3117 3506 haec
3146 3444 3377 3506 excita-

1797 3537 1884 3598 tio
1923 3556 1962 3597 a
1990 3555 2179 3598 causa
2208 3537 2433 3617 prima,
2452 3556 2591 3618 quae
2626 3539 2881 3619 propria
2912 3540 3049 3620 ejus
3080 3538 3369 3618 fingitur,

1799 3636 1862 3691 et
1887 3630 2245 3692 necessaria
2286 3630 2351 3692 in
2391 3631 2560 3692 omni
2606 3631 2849 3694 actione
2892 3651 3097 3696 cansae
3152 3651 3374 3694 secun-

1797 3722 1918 3797 doe,
1952 3724 2177 3798 solum,
2210 3725 2359 3802 quia
2394 3743 2585 3786 causa
2610 3724 2885 3788 secunda
2916 3732 3031 3802 est,
3064 3725 3253 3787 etiam
3278 3731 3373 3788 est

1798 3817 1933 3878 sine
1973 3817 2383 3878 fundamento
2446 3818 2831 3892 adinventa3
2894 3837 3013 3882 nec
3062 3821 3371 3900 majorem

1805 3908 2309 3988 probabilitatem
2360 3911 2551 3973 habet
2602 3912 2733 3974 haec
2786 3912 3125 3974 declaratio
3182 3912 3371 3993 hujus

1803 4002 2051 4080 proeviae
2104 4003 2363 4065 actionis
2406 4022 2595 4084 quam
2642 4005 2923 4085 reliquae.
2984 4006 3211 4068 Omitto
3268 4006 3371 4068 vix

1801 4113 1987 4175 posse
2018 4096 2100 4157 ab
2121 4097 2217 4158 his
2247 4097 2605 4158 auctoribus
2640 4098 2935 4177 explicari
2962 4116 3101 4178 quse
3128 4101 3191 4160 et
3214 4116 3371 4177 qua-

1801 4188 1876 4248 lis
1905 4189 1987 4250 sit
2014 4189 2148 4250 haec
2172 4190 2396 4251 entitas
2426 4197 2535 4252 aut
2550 4191 2841 4270 qualitas,
2864 4194 2971 4252 aut
3000 4190 3220 4272 quovis
3244 4190 3369 4252 alio

1802 4282 2056 4344 nomine
2086 4282 2459 4364 appelletur,
2487 4289 2549 4346 et
2564 4303 2675 4346 cur
2700 4285 2907 4350 fluens
2934 4304 3073 4348 esse
3102 4285 3367 4360 dicatur,

1802 4367 1949 4437 c'um
1994 4381 2315 4437 ostensum
2338 4377 2417 4439 sit
2446 4395 2573 4438 non
2602 4397 2739 4440 esse
2768 4377 3079 4441 actionem
3106 4379 3205 4441 vel
3235 4397 3371 4442 mo-

1799 4469 2037 4531 tionem
2065 4487 2303 4531 veram.
2346 4473 2560 4551 Neque
2606 4473 2795 4534 etiam
2844 4472 3003 4535 ratio
3033 4473 3212 4534 reddi
3264 4490 3372 4552 po-

1800 4568 1924 4626 test
1964 4582 2075 4626 cur
2110 4565 2317 4626 statim
2345 4572 2802 4647 corrumpatur.
2830 4571 3147 4628 transacta
3176 4567 3373 4629 actio·-

1801 4675 1882 4716 ne
1905 4703 1926 4732 ‚
1983 4675 2129 4718 cum
2174 4675 2381 4736 neque
2430 4659 2511 4720 ab
2552 4659 2797 4721 actione
2829 4659 3125 4739 pendeat,
3162 4678 3371 4740 nequo

1804 4747 1969 4810 actio
2022 4750 2103 4812 ab
2132 4750 2301 4829 ipsa,
2366 4769 2485 4813 nec
2514 4751 2592 4814 sit
2621 4753 2891 4814 violenta
2918 4753 3227 4833 subjecto,
3262 4759 3375 4817 aut

1804 4860 2170 4923 repugnans
2218 4849 2459 4908 naturae
2513 4845 2696 4907 illius.
2748 4847 2839 4908 De
2882 4846 3165 4926 subjecto
3219 4848 3371 4908 item

1806 4935 1971 4997 illius
2002 4937 2141 5016 quis
2170 4936 2337 4998 dicat
2372 4957 2453 5000 an
2476 4983 2493 5012 ,
2552 4944 2623 5000 ut
2671 4939 2981 5019 compleat
3024 4940 3151 5001 vim
3180 4960 3374 5022 agen·

1806 5027 1871 5088 di
1927 5029 2174 5104 caloris,
2216 5030 2362 5093 insit
2403 5031 2543 5111 ipsi,
2601 5032 2702 5093 vel
2740 5033 2889 5095 satis
2944 5034 3025 5096 sit
3074 5040 3143 5096 nt
3186 5035 3372 5098 simul

1805 5120 2013 5182 eidem
2060 5121 2342 5202 subJecto
2393 5123 2699 5187 inhaereat
2736 5128 2761 5186 ‘t
2818 5131 2881 5188 et
2938 5128 3193 5208 quando
3246 5130 3373 5190 vir-

1804 5218 1904 5274 tus
1954 5213 2155 5276 activa
2199 5233 2405 5278 causes
2438 5217 2739 5294 proximae
2784 5237 2861 5280 ex
2912 5220 3125 5282 multis
3180 5223 3371 5283 rebus

1803 5309 2047 5368 constat
2088 5353 2106 5380 ,
2172 5311 2243 5368 ut
2305 5308 2640 5372 efficacitas
2696 5311 2779 5372 ad
2832 5311 3173 5376 videndum
3220 5333 3370 5374 con-

1802 5399 2003 5480 surgit
2039 5419 2117 5462 ex
2162 5403 2439 5482 potentia
2493 5409 2555 5464 et
2583 5404 2815 5484 specie,
2858 5423 2941 5466 an
2976 5423 3370 5486 unaquaeque

1803 5495 2029 5556 harum
2071 5513 2285 5558 rerum
2327 5495 2611 5577 indigeat
2656 5515 2769 5558 sua
2824 5497 3049 5560 virtute
3106 5500 3367 5576 fluente,
