3850 6225
709 406 881 461 sset.
917 407 956 459 1.
994 408 1076 459 AN
1109 406 1484 465 Nacsssslus
1517 410 1724 475 Quom
1757 409 2308 469 srsscmcsstonffl
2340 418 2402 471 m
2436 419 2666 483 mvnu,
2702 422 2838 476 me.

663 635 1122 700 DlSPUTATIO
1161 638 1236 699 Π.

127 860 220 905 DE
291 862 469 909 101)ss
517 861 902 911 massanus.
957 862 1341 911 ornuTloms
1384 864 1482 919 om
1521 865 1733 913 LIBER-

505 956 646 1003 'rA'n
685 955 784 1001 mu
829 956 947 1003 NON
988 956 1361 1004 atrocum.

229 1148 676 1211 Conclusimus
712 1150 932 1211 ultimo
965 1151 1127 1225 loce,
1179 1170 1257 1214 ex
1295 1152 1502 1213 verbis
1531 1153 1728 1228 Pauli,

133 1242 362 1303 Deum
377 1242 571 1305 libere
595 1242 754 1305 velle
777 1244 1084 1323 quidquid
1107 1250 1279 1306 extra
1307 1264 1376 1305 se
1392 1245 1524 1305 vult
1547 1265 1561 1319 ;
1585 1245 1732 1324 quia

141 1352 318 1413 ergo
369 1335 632 1399 libertas
673 1337 805 1398 haec
847 1336 1204 1401 necessitati
1249 1338 1619 1417 opponitur,
1663 1345 1732 1400 ut

135 1434 406 1489 constet
433 1436 669 1507 quanta
697 1430 778 1490 sit
803 1430 936 1491 haec
964 1430 1174 1493 divina
1199 1432 1478 1506 libertaS,
1517 1431 1730 1492 viden-

137 1519 312 1579 dum
341 1528 629 1600 superest
667 1523 808 1600 quis
843 1522 1070 1583 modus
1111 1525 1500 1585 necessitatis
1539 1524 1606 1585 in
1635 1524 1730 1585 di-

137 1612 370 1673 vinam
399 1614 788 1676 voluntatem
818 1617 1043 1677 cadere
1073 1620 1290 1695 possit,
1325 1617 1494 1695 quod
1519 1616 1582 1677 in
1609 1618 1730 1679 hac

137 1706 582 1785 disputatione
620 1710 1052 1788 praestabimus
1077 1756 1093 1783 ‚
1142 1710 1584 1790 distinguendo
1619 1730 1729 1771 va-

137 1800 284 1861 rios
313 1803 704 1863 necessitatis
731 1807 793 1864 et
813 1804 1118 1865 libertatis
1148 1804 1390 1878 modos,
1423 1810 1485 1865 et
1509 1821 1728 1865 omnes

139 1892 232 1953 ad
277 1894 410 1955 duo
461 1896 666 1975 capita
723 1896 1110 1957 necessitatis
1145 1897 1355 1976 quoad
1409 1897 1731 1976 specifica-

135 1987 396 2049 tionem
422 1978 494 2051 et
515 1989 705 2051 debiti
729 1989 1111 2051 revocando.

712 2189 928 2243 SECTlO
961 2190 1172 2241 Palma.

137 2344 208 2380 AB
247 2344 537 2385 nmmum
568 2344 733 2391 Quom
773 2344 1200 2384 eeneii-“iuniorum
1243 2344 1293 2382 m
1327 2344 1497 2382 totvm
1529 2342 1723 2383 vomu-

663 2420 786 2459 ‘ran
820 2420 981 2459 meu!
1013 2420 1222 2458 uanum.

231 2576 262 2633 1
279 2616 294 2630 .
345 2572 678 2637 Libertatis
707 2572 924 2635 divisio
950 2573 1018 2635 in
1045 2574 1378 2637 libertatem
1407 2591 1448 2635 a
1468 2574 1725 2636 necessi-

143 2670 276 2728 tate
297 2711 316 2739 ,
361 2684 402 2729 a
425 2670 666 2747 peccato
694 2711 709 2739 ‚
755 2672 814 2729 et
843 2684 900 2728 a.
919 2667 1191 2729 miseria.
1221 2696 1304 2713 -
1331 2666 1723 2728 Insinuandae

141 2758 432 2819 breuiter
473 2766 618 2821 sunt
665 2758 984 2820 nonnullae
1023 2758 1361 2821 divisiones
1397 2760 1719 2834 libertatiS,

143 2858 241 2923 ut,
279 2853 720 2931 praetermissis
749 2854 844 2913 his
871 2870 1012 2932 quae
1049 2856 1218 2914 certa
1248 2860 1310 2915 et
1337 2854 1506 2915 clara
1535 2860 1682 2914 sunt
1700 2898 1721 2929 ,

139 2950 458 3023 punctum
486 2945 864 3007 difficultatis
893 2948 1292 3026 attingamus
1339 2948 1544 3008 Primo
1573 2965 1722 3027 ergo

139 3038 372 3099 divisio
401 3046 498 3099 est
519 3040 646 3114 illa,
679 3058 868 3118 quarn
892 3040 1144 3103 tradidit
1169 3040 1548 3114 Bernardus,
1577 3040 1718 3101 libr.

144 3133 228 3192 de
259 3133 434 3195 Grat.
482 3140 544 3194 et
587 3135 765 3194 liber.
801 3135 1014 3195 arbitr.
1040 3179 1056 3206 ,
1104 3135 1210 3195 ubi
1251 3135 1338 3195 ait
1361 3135 1555 3195 aliam
1585 3153 1722 3196 esse

143 3228 510 3289 libertatem
561 3246 600 3288 a
651 3229 1022 3290 necessitate
1043 3277 1062 3299 ‚
1123 3228 1309 3290 aliam
1359 3247 1396 3288 a
1437 3234 1720 3306 peccate,

145 3320 344 3380 aliam
373 3339 410 3380 a
453 3321 722 3382 miseria.
771 3323 972 3382 Prima
1005 3321 1230 3382 dicitur
1259 3322 1512 3383 libertas
1539 3327 1722 3382 natu-

143 3431 260 3487 rae,
305 3413 586 3474 secunda
616 3413 852 3493 gratioe,
897 3414 1080 3475 tertia
1111 3414 1347 3494 gloriae.
1400 3414 1546 3487 Ouae
1573 3413 1722 3474 divi-

143 3507 242 3566 sio
277 3507 362 3566 ad
406 3507 840 3586 explicandam
893 3507 1164 3568 hominis
1219 3507 1595 3582 libertatem,
1659 3513 1722 3569 et

139 3599 490 3660 nonnullas
535 3600 882 3660 locutiones
933 3600 1264 3679 Scripturas
1318 3607 1380 3663 et
1426 3601 1676 3662 patrum
1697 3646 1714 3674 ,

139 3692 316 3753 utilis
347 3698 462 3752 est.
497 3695 672 3754 Nunc
701 3697 908 3752 autem
939 3693 1120 3754 nobis
1149 3711 1276 3754 non
1310 3695 1405 3754 est
1429 3711 1716 3755 neeessa-

139 3786 262 3858 ria,
295 3786 446 3863 quia
477 3803 592 3864 per
619 3803 686 3846 se
717 3792 936 3846 notum
965 3792 1061 3847 est
1087 3787 1288 3847 Deum
1317 3804 1456 3847 esse
1488 3793 1718 3847 natura

143 3897 260 3938 sua
291 3877 562 3939 liberum
589 3879 672 3940 ab
701 3878 874 3940 omni
910 3879 1094 3959 culpa
1134 3885 1198 3941 et
1227 3880 1478 3940 miseria
1501 3925 1516 3952 ,
1565 3898 1718 3959 quo-

139 3971 316 4031 niam
344 3989 460 4051 per
489 3989 556 4032 se
583 3971 788 4032 honus
813 3979 874 4034 et
902 3979 1156 4034 sanctus
1181 3979 1294 4046 est,
1322 3979 1384 4034 et
1415 3974 1718 4034 essentia-

139 4063 286 4124 liter
325 4064 572 4138 beatuS,
621 4071 683 4126 et
723 4067 790 4126 in
839 4067 1009 4127 omni
1057 4065 1224 4127 bono
1269 4066 1714 4140 immutabilis;

138 4163 404 4236 propter
427 4159 598 4238 quod
624 4158 888 4220 fortasse
911 4166 1008 4221 ter
1031 4164 1284 4219 sanetus
1311 4157 1375 4217 in
1402 4157 1720 4237 Scriptura

141 4251 537 4329 appellatur,
583 4251 815 4315 scilicet
844 4259 906 4314 et
932 4258 1240 4332 potestate
1267 4251 1432 4312 bene
1461 4251 1718 4330 agendi,

140 4350 202 4404 et
236 4344 562 4406 voluntate
599 4365 710 4406 seu
743 4347 1020 4419 actione,
1069 4349 1132 4406 et
1159 4345 1528 4424 impotentia
1563 4345 1720 4406 defi-

137 4435 372 4512 ciendi,
405 4455 546 4514 quae
573 4457 700 4498 non
729 4439 1095 4518 impotentia
1120 4443 1236 4510 est,
1269 4437 1381 4498 sed
1400 4437 1720 4516 perfectis-

139 4530 301 4589 sima
345 4530 577 4604 virtus,
625 4537 696 4592 nt
746 4532 978 4611 optime
1026 4530 1178 4591 dixit
1221 4531 1608 4610 Augustinus
1653 4532 1719 4592 in

139 4623 424 4696 Enehir.‚
457 4643 594 4704 cap.
627 4627 685 4698 5,
705 4631 766 4684 et
792 4626 872 4685 22
903 4624 982 4684 de
1011 4625 1292 4694 Civitate,
1335 4641 1475 4703 cap.
1509 4624 1708 4686 ultim.

137 4717 336 4795 Igitur
361 4716 565 4776 solum
595 4718 674 4778 de
701 4716 988 4778 libertate
1017 4723 1282 4790 naturae,
1316 4717 1380 4778 id
1411 4722 1527 4792 est,
1572 4735 1712 4796 quae

137 4809 494 4870 naturalem
519 4810 956 4872 necessitatem
994 4811 1296 4885 excludit,
1327 4811 1392 4886 in
1417 4811 1710 4892 praesenti

137 4907 503 4963 tractamus.

215 4998 278 5056 2.
299 4993 630 5060 Libertatis
655 4997 876 5062 divisio
898 4997 967 5059 in
985 4997 1324 5061 libertatem
1351 5016 1392 5060 a
1412 4997 1710 5061 coactione

135 5093 192 5150 et
219 5089 504 5151 naturali
533 5090 1048 5154 determinatione.
1066 5089 1451 5152 —Secunda
1487 5091 1706 5162 divisio

139 5186 232 5241 est
278 5185 448 5243 tacta
492 5201 528 5244 a
560 5183 960 5263 Philosopho,
1004 5186 1042 5245 3
1071 5185 1371 5259 Ethicor.,
1407 5203 1544 5263 cap.
1577 5186 1619 5246 4
1645 5189 1707 5246 et

139 5276 198 5344 5,
231 5274 494 5349 scilicet,
527 5281 596 5337 ut
625 5278 750 5338 alia
781 5279 862 5338 sit
893 5277 1152 5338 libertas
1185 5277 1575 5339 coactionem
1600 5295 1706 5338 ex-

139 5367 400 5429 cludens
425 5414 442 5442 ,
493 5369 616 5430 alia
645 5388 788 5450 quae
837 5371 1190 5432 naturalem
1242 5369 1710 5432 determinatio-

138 5480 282 5522 nem
324 5463 603 5526 excludit
639 5469 702 5526 et
735 5465 1050 5526 internam
1075 5465 1518 5526 necessitatem
1555 5483 1711 5544 ope-

137 5555 338 5621 randi.
401 5558 544 5620 Haec
595 5558 766 5626 enim
803 5557 1148 5626 necessitas
1177 5563 1384 5644 potest
1421 5575 1562 5624 esse
1601 5564 1712 5622 aut

1813 515 2202 579 extrinsecus
2243 518 2437 594 illata,
2486 529 2593 585 aut
2622 522 2703 583 ab
2738 522 3077 586 intrinseco
3118 533 3255 589 orta
3298 548 3376 591 ex

1811 610 2081 671 naturali
2108 614 2529 691 propensione
2564 619 2626 677 et
2651 615 3169 682 determinatione
3198 628 3377 683 natu·

1811 718 1918 763 rae.
1952 703 2027 764 Et
2068 705 2251 782 juxta
2292 706 2407 767 hos
2452 709 2843 771 necessitatis
2884 712 3103 773 modos
3158 713 3377 775 distin-

1811 794 2025 872 guitur
2070 796 2303 876 duplex
2348 800 2451 861 ille
2498 801 2723 863 modus
2774 804 3097 865 libertatis.
3132 808 3376 869 Etenim

1809 887 1997 966 plena
2026 888 2283 951 libertas
2332 899 2663 972 utramque
2704 896 3137 959 necessitatem
3168 900 3376 960 exelu-

1809 978 1901 1041 dit
1930 998 1944 1039 :
1976 981 2341 1061 imperfecta
2376 1004 2527 1047 vero
2568 1004 2708 1048 esse
2742 993 2951 1066 potest
2992 1008 3135 1051 cum
3166 992 3377 1072 aliqua

1809 1074 2206 1150 necessitate,
2245 1094 2359 1139 seu
2406 1078 2465 1138 vi
2510 1086 2619 1141 aut
2662 1082 3008 1158 coactione,
3066 1102 3193 1145 non
3240 1085 3379 1164 qui-

1811 1166 1960 1229 dem
2000 1168 2129 1242 tali,
2172 1174 2241 1231 ut
2286 1172 2540 1234 omnino
2578 1192 2653 1234 ac
2702 1176 2961 1254 physice
3004 1176 3379 1241 determinet

1810 1260 2195 1335 facultatem,
2228 1264 2459 1344 alioqui
2490 1272 2619 1328 tota
2656 1267 3086 1331 destrueretur
3119 1270 3377 1333 libertas

1811 1359 1875 1414 et
1907 1354 2353 1429 indifferentia;
2396 1358 2511 1421 sed
2547 1360 2677 1435 tali,
2720 1367 2789 1422 ut
2824 1364 3127 1425 moralem
3154 1383 3377 1446 quam-

1811 1446 1959 1507 dam
1989 1447 2115 1508 vim
2166 1456 2229 1509 et
2266 1452 2655 1515 coactionem
2684 1454 2909 1517 efficiat
2936 1458 3370 1519 extrinsecam.

1809 1542 1900 1600 Ex
1929 1558 2053 1618 qua
2082 1541 2505 1605 declaratione
2548 1546 2729 1607 facile
2766 1548 3131 1629 intelligitur
3170 1570 3374 1631 neque

1810 1632 2179 1694 divisionem
2218 1636 2380 1697 hanc
2404 1655 2573 1700 nunc
2606 1639 2789 1700 nobis
2818 1642 3237 1704 necessariam
3276 1662 3378 1705 es·-

1812 1744 1904 1797 se,
1939 1726 2085 1803 quia
2114 1747 2230 1807 per
2258 1747 2324 1789 se
2354 1736 2573 1793 notum
2602 1739 2696 1794 est
2722 1735 3163 1797 necessitatem
3192 1756 3377 1798 coac-

1811 1818 1997 1879 tionis
2043 1838 2171 1881 non
2214 1823 2449 1885 habere
2498 1824 2707 1885 locum
2742 1827 2807 1887 in
2852 1828 2981 1888 Deo
3022 1830 3123 1889 vel
3166 1828 3377 1891 divina

1809 1912 2151 1973 voluntate.
2200 1915 2357 1987 Quin
2402 1918 2609 1995 potius
2638 1919 2812 1980 aiunt
2841 1920 3139 2001 Theologi
3166 1940 3373 2001 neque

1810 2005 2153 2066 humanam
2184 2008 2568 2070 voluntatem
2594 2028 2779 2089 posse
2804 2013 3190 2075 coactionem
3219 2016 3368 2095 pati.

1809 2098 1989 2170 Quod
2032 2117 2253 2161 verum
2294 2108 2388 2163 est
2438 2104 2645 2181 quoad
2698 2110 2875 2165 actus
2922 2108 3209 2187 proprios
3258 2128 3373 2171 seu

1804 2193 2041 2253 elicitos
2091 2194 2172 2253 ab
2220 2194 2355 2272 ipsa
2381 2240 2397 2269 ‚
2444 2202 2507 2257 et
2544 2197 2757 2275 quoad
2800 2199 3187 2261 coactionem
3230 2202 3373 2263 sim-

1802 2285 2046 2364 pliciter
2074 2293 2135 2347 et
2161 2287 2475 2361 absolute;
2502 2290 2648 2369 quia
2668 2290 2803 2353 fieri
2829 2310 2955 2353 non
2984 2299 3191 2372 potest
3213 2296 3365 2374 quin

1803 2379 2091 2458 proprius
2134 2386 2195 2441 et
2232 2380 2513 2443 internus
2551 2384 2889 2445 voluntatis
2918 2390 3125 2448 motus
3164 2387 3242 2449 sit
3286 2406 3365 2451 ex

1803 2472 2181 2561 cognitione,
2217 2479 2280 2535 et
2308 2492 2385 2535 ex
2412 2476 2664 2553 propria
2690 2482 2751 2537 et
2782 2477 3121 2541 intrinseca
3165 2482 3371 2543 effica-

1804 2566 1989 2628 citate
2026 2566 2221 2646 ipsius
2270 2569 2630 2643 voluntatis,
2679 2589 2817 2650 quae
2844 2580 3155 2653 repugnat
3184 2575 3373 2637 abso-

1803 2660 1935 2723 lute
1984 2662 2311 2725 coactioni.
2360 2665 2437 2725 At
2483 2683 2633 2726 vero
2678 2666 3025 2727 secundum
3068 2669 3220 2747 quid
3256 2688 3371 2748 per

1806 2760 2045 2815 metum
2090 2756 2230 2835 cogi
2274 2758 2477 2835 potest
2516 2758 2705 2819 etiam
2760 2759 2841 2820 ad
2890 2765 3066 2821 actus
3106 2762 3367 2837 elicitoS,

1807 2867 1918 2909 seu
1970 2850 2051 2909 ad
2080 2848 2397 2911 internum
2439 2868 2853 2925 consensum,
2884 2852 2966 2913 ad
2996 2860 3171 2915 actus
3198 2850 3369 2917 ‘vero

1803 2941 2145 3022 imperatos
2182 2944 2434 3005 omnino
2484 2951 2544 3005 et
2586 2945 2951 3023 simpliciter
2991 2950 3131 3026 cogi
3164 2953 3368 3027 potest

1804 3052 1919 3114 per
1948 3036 2362 3097 extrinsecam
2388 3038 2535 3098 vim.
2571 3040 2649 3100 At
2674 3056 2823 3099 vero
2848 3040 3018 3100 Deus
3039 3046 3261 3102 neutro
3290 3058 3367 3103 ex

1803 3129 1900 3189 his
1930 3129 2133 3190 modis
2176 3131 2313 3210 cogi
2345 3137 2569 3209 potest,
2598 3133 2767 3211 quia,
2800 3149 2943 3194 cum
2974 3135 3052 3196 sit
3082 3135 3368 3214 omnipo-

1801 3228 1964 3296 tenS,
1996 3224 2510 3286 nullamomnino
2536 3225 2659 3286 vim
2686 3229 3069 3289 extrinsecus
3098 3229 3225 3308 pati
3256 3247 3368 3308 po-

1803 3321 1947 3388 test,
1977 3317 2107 3377 sive
2134 3317 2216 3377 ad
2264 3318 2633 3393 volendum,
2682 3321 2811 3381 sive
2840 3321 2921 3382 ad
2956 3321 3191 3401 aliquid
3219 3339 3369 3402 ope-

1801 3409 2098 3483 randum,
2126 3409 2237 3471 sed
2267 3427 2407 3490 quae
2430 3411 2566 3492 ipse
2594 3414 2747 3487 vult,
2782 3415 2885 3475 illa
2918 3433 3169 3494 semper
3197 3415 3363 3480 facit.

1800 3503 2043 3564 Omissa
2080 3521 2232 3583 ergo
2264 3504 2549 3567 libertate
2602 3507 2794 3567 solius
2844 3508 3217 3582 coactionis,
3269 3528 3367 3570 so·

1798 3596 1933 3658 lum
1961 3596 2041 3658 de
2068 3597 2355 3659 libertate
2392 3599 2779 3661 necessitatis
2802 3599 3143 3662 dicendum
3165 3607 3281 3662 est.

1879 3692 1938 3752 3.
1985 3691 2316 3754 Libertatis
2370 3691 2586 3755 divisio
2644 3694 2713 3755 in
2773 3694 3109 3757 libertatem
3174 3695 3370 3775 quoad

1795 3781 2171 3857 exercitium,
2204 3790 2262 3846 et
2298 3785 2497 3864 quoad
2518 3783 3033 3866 specificationem.
3062 3779 3363 3848 ssTertio

1795 3893 1945 3937 vero
1967 3875 2365 3956 distinguitur
2400 3877 2655 3939 libertas
2684 3879 2748 3939 in
2783 3879 3133 3940 libertatem
3154 3880 3365 3958 quoad

1803 3969 2165 4030 exercitium
2202 3974 2469 4044 tantum,
2503 3972 2605 4031 vel
2636 3971 2823 4032 etiam
2862 3972 3072 4050 quoad
3125 3972 3366 4051 specifi-

1802 4063 2135 4124 cationem.
2180 4062 2431 4124 Duobus
2458 4064 2625 4124 enim
2666 4064 2869 4124 modis
2908 4069 3117 4143 potest
3144 4065 3365 4125 volun·-

1801 4161 1898 4215 tas
1917 4155 2098 4217 subdi
2128 4157 2481 4217 necessitati
2504 4157 2568 4216 in
2598 4155 2817 4218 ordine
2848 4157 2946 4217 ad'
2966 4158 3239 4236 aliquem
3268 4175 3365 4218 ac-

1803 4254 1971 4310 tum:
2020 4249 2221 4328 primo
2276 4249 2659 4328 simpliciter,
2692 4256 2761 4311 ut
2804 4258 3094 4312 exerceat
3138 4258 3202 4313 et
3253 4252 3366 4312 ha-

1799 4342 1949 4403 beat
1986 4343 2184 4416 illum,
2227 4342 2545 4422 quomodo
2572 4342 2863 4404 voluntas
2903 4343 3115 4432 divina
3142 4363 3365 4406 neces-

1801 4437 1965 4496 sario
2008 4443 2177 4498 amat
2218 4437 2421 4516 ipsum
2478 4438 2703 4513 Deum,
2760 4442 2824 4496 et
2877 4436 3059 4497 Pater
3094 4443 3365 4498 oeternus

1799 4530 2156 4588 necessario
2200 4530 2335 4589 vult
2372 4529 2722 4609 producere
2765 4529 3011 4606 Filium,
3042 4531 3361 4592 voluntate

1799 4621 2301 4692 concomitante;
2345 4627 2407 4682 et
2448 4623 2633 4684 Pater
2663 4629 2726 4683 et
2771 4622 2961 4683 Filius
3004 4625 3362 4685 necessario

1793 4715 2012 4774 volunt
2060 4720 2121 4775 et
2169 4715 2523 4794 producunt
2564 4716 2861 4795 Spiritum
2904 4717 3203 4778 Sanctum
3250 4736 3361 4778 sua

1791 4808 2155 4882 voluntate3
2204 4814 2266 4869 et
2296 4827 2515 4870 omnes
2550 4809 2657 4888 qui
2688 4810 2853 4870 clare
2886 4809 3102 4871 vident
3138 4811 3360 4883 Deum,

1793 4902 2020 4966 eodem
2076 4903 2265 4964 modo
2321 4903 2495 4964 illum
2544 4909 2777 4965 amant.
2834 4903 2981 4976 Quae
3020 4903 3363 4966 necessitas

1787 5002 2051 5057 vocatur
2097 4996 2309 5074 quoad
2348 4997 2746 5070 exercitium,
2802 4996 2950 5075 quia
3002 4997 3359 5058 necessario

1790 5095 2120 5151 exercetur
2153 5107 2267 5150 seu
2317 5089 2559 5150 elicitur
2594 5090 2737 5150 talis
2786 5095 2999 5163 actus;
3043 5097 3107 5152 et
3150 5090 3361 5169 quoad

1789 5182 2343 5263 specificationem,
2377 5183 2525 5260 quia
2570 5201 2697 5242 non
2736 5188 2943 5260 potest
2988 5183 3131 5244 talis
3181 5189 3362 5244 actus

1792 5295 1868 5338 ex
1920 5277 2295 5338 necessitate
2336 5275 2639 5348 exerceri,
2672 5276 2823 5354 quin
2878 5277 2940 5335 in
3000 5277 3106 5336 tali
3150 5277 3358 5356 specie

1787 5370 1917 5431 fiat.
1952 5371 2102 5429 Haec
2150 5386 2299 5448 ergo
2350 5371 2693 5430 necessitas
2748 5385 2999 5427 omnem
3042 5369 3359 5447 propriam

1789 5463 2145 5524 libertatem
2194 5461 2628 5522 indifferentiae
2682 5460 2973 5522 excludit.
3008 5460 3358 5539 Aliquando

1790 5575 1940 5618 vero
1970 5561 2177 5639 potest
2212 5555 2501 5618 voluntas
2530 5571 2671 5616 esse
2708 5553 2905 5615 libera
2934 5553 3017 5614 ad
3050 5571 3348 5619 exercen-
