3850 6225
517 378 641 437 480

509 482 818 563 oondiqnoe
827 482 1146 563 passiones
1172 486 1357 565 hujus
1379 487 1667 567 temporis
1688 488 1770 551 ad
1794 489 2082 562 suturam

1096 379 1309 437 OPUSC.
1344 380 1405 437 V.
1440 382 1745 438 antemio
1778 384 1858 438 nt:
1888 382 2370 439 aevlviscm'ru
2401 382 2782 437 ΙΙΕΜΊῸΒΠΙ.
2819 382 3056 438 ΒΙΒΡΠΤ.
3091 382 3154 437 n.

2247 490 2346 549 59.
2395 486 2536 551 Non
2567 484 2696 548 ideo
2723 486 2860 567 quis
2891 486 3094 549 beatus
3133 492 3246 559 est,
3281 486 3428 567 quia
3453 480 3628 545 videt
3673 494 3732 537 ss

504 574 763 659 pluriam
802 594 935 657 quoe
966 578 1331 641 revelabitur
1368 580 1437 641 in
1478 581 1647 642 nobis
1664 604 1689 652 ;
1736 586 1929 659 atque
1961 580 2084 639 hoc
2163 581 2409 645 laudan·
2447 601 2486 645 a
2527 582 2671 643 Deo.
2703 614 2784 661 -Τ
2812 577 2988 640 Addo
3025 598 3174 641 vero
3215 580 3498 648 ulterius,
3539 571 3727 651 quod,

508 668 697 729 modo
735 686 919 748 posse
972 671 1257 733 sufficere
1310 672 1391 733 ad
1453 674 1761 734 rationem
1818 673 2080 752 majoris

506 762 771 843 praemii,
792 764 961 843 quod
982 765 1202 826 beatus
1218 766 1425 827 videat
1446 784 1512 827 se
1534 785 1673 828 esse
1690 768 1861 847 apud
1878 766 2080 827 Deum

508 856 575 917 in
626 856 851 937 majori
899 864 963 919 et
1014 858 1259 920 meliori
1310 861 1722 922 oestimetione
1782 860 2028 922 virtutis
2056 906 2073 933 ,

506 950 900 1012 etiamsinon
946 952 1167 1013 melius
1196 952 1403 1013 videat
1422 955 1645 1014 Deum.
1679 954 2074 1035 Atquephinc

504 1044 766 1105 ulterius
786 1043 906 1104 dici
924 1051 1127 1123 potest
1152 1044 1405 1107 laudem
1438 1046 1712 1107 divinam
1730 1046 2070 1126 perfectam

508 1156 647 1199 esse
699 1138 1092 1199 verissimum
1142 1140 1467 1217 praemium
1520 1139 1926 1201 meritorum:
1980 1145 2074 1202 est

506 1231 677 1291 enim
710 1230 851 1291 laus
890 1249 1017 1292 non
1052 1230 1187 1310 ipsa
1219 1232 1435 1293 notitia
1474 1250 1665 1311 quam
1694 1252 1859 1293 unus
1883 1233 2074 1294 babet

506 1323 584 1384 de
610 1324 835 1385 virtute
862 1324 1146 1400 alteriue,
1172 1324 1285 1385 sed
1310 1326 1445 1405 ejus
1474 1325 1726 1398 locutio,
1748 1325 1849 1385 vel
1874 1326 2074 1387 mani-

504 1416 790 1493 festatio;
819 1418 993 1479 Deus
1015 1424 1226 1479 autem
1252 1417 1609 1479 manifestat
1628 1419 1814 1479 beato
1838 1418 2074 1479 bonam

508 1512 1055 1581 existimationem,
1078 1530 1265 1591 quam
1298 1512 1376 1573 de
1393 1512 1497 1573 illo
1523 1513 1730 1586 habet,
1758 1532 1873 1592 per
1890 1513 2072 1573 visio·

506 1622 653 1665 nem
686 1622 888 1677 suam,
923 1610 983 1665 et
1014 1604 1154 1665 ideo
1190 1605 1337 1665 visio
1382 1605 1485 1665 illa
1528 1604 1649 1666 dici
1700 1612 1903 1684 potest
1933 1606 2072 1667 laus

503 1696 673 1757 beati
734 1698 817 1758 ab
856 1698 990 1777 ipso
1019 1699 1173 1771 Deo,
1222 1715 1412 1777 quam
1461 1698 1625 1759 hene
1666 1698 1744 1759 de
1773 1698 1901 1759 Deo
1935 1716 2070 1759 me-

503 1790 787 1852 rentibus
831 1792 1133 1871 promittit
1168 1792 1417 1867 PauluS,
1452 1795 1481 1853 l
1534 1792 1615 1853 ad
1656 1792 1795 1853 Cor.
1829 1794 1887 1853 5.
1924 1794 2070 1853 Haec

506 1902 658 1963 ergo
702 1884 861 1955 laus,
916 1902 1058 1945 cum
1104 1904 1231 1946 non
1272 1886 1351 1947 sit
1378 1886 1443 1945 in
1478 1884 1797 1957 laudante,
1849 1884 1965 1945 sed
2003 1885 2068 1946 in

504 1976 781 2051 laudat0,
838 1978 999 2038 bene
1040 1985 1244 2057 potest
1289 1996 1426 2039 esse
1466 1979 1873 2040 intrinsecum
1912 1996 2070 2057 proe-

502 2072 701 2131 mium
734 2072 891 2149 ejuS,
925 2078 987 2132 et
1029 2074 1159 2131 Deo
1206 2072 1420 2151 digna.
1476 2073 1549 2132 Et
1604 2077 2068 2150 consequenter

503 2163 731 2242 poterit
754 2164 855 2225 illa
879 2164 1031 2225 visio
1065 2183 1203 2226 esse
1233 2166 1439 2243 major
1464 2165 1528 2225 in
1560 2165 1801 2225 ratione
1833 2166 2061 2239 laudiS,

502 2259 788 2337 quamvis
828 2277 953 2319 non
984 2258 1061 2319 sit
1092 2259 1151 2318 in
1179 2260 1419 2319 ratione
1452 2260 1702 2320 visionis
1740 2261 1833 2320 vel
1862 2260 2064 2321 beati—

501 2351 738 2413 tudinis
757 2370 772 2424 ;
800 2353 919 2413 erit
948 2360 1161 2413 autem
1182 2354 1387 2433 major
1410 2354 1475 2413 in
1496 2354 1735 2414 ratione
1764 2352 1990 2425 laudiS,
2011 2354 2062 2413 si

498 2444 707 2505 videat
758 2444 983 2507 beatus
1022 2452 1277 2526 propter
1320 2446 1499 2525 plura
1556 2448 1779 2508 merita
1810 2466 1879 2508 se
1916 2446 2070 2508 bea-

499 2538 750 2612 tificari;
800 2556 951 2619 ergo
990 2538 1271 2601 similiter
1310 2540 1427 2601 erit
1470 2540 1676 2621 major
1710 2540 1773 2601 in
1824 2540 2066 2602 ratione

499 2632 757 2711 piaemii.

582 2724 681 2785 58.
730 2726 876 2787 Haec
918 2744 1069 2787 vero
1121 2728 1445 2807 responsio
1479 2724 1704 2807 partim
1742 2726 1899 2789 salsa
1941 2730 2056 2799 est,

498 2819 727 2897 partim
758 2819 873 2879 sibi
913 2826 1243 2901 repugnat.
1294 2822 1421 2882 Hoc
1470 2821 1814 2881 secundum
1865 2828 2058 2900 patet,

499 2912 647 2992 quia
674 2912 725 2973 si
750 2912 973 2973 beatus
1000 2913 1170 2974 videt
1196 2933 1263 2975 se
1297 2914 1577 2993 recipere
1608 2913 2058 2975 beatitudinem

498 3012 755 3086 propter
772 3007 952 3085 plura
973 3008 1219 3081 merita,
1248 3008 1345 3069 vel
1374 3010 1491 3069 hoc
1509 3008 1677 3069 videt
1692 3026 1804 3087 per
1826 3008 2060 3086 ipsam-

496 3104 627 3160 met
648 3099 953 3161 visionem
975 3099 1351 3174 beatificam,
1378 3102 1475 3162 vel
1504 3121 1619 3182 per
1638 3101 1827 3162 aliam
1848 3100 2059 3182 cogni-

494 3192 733 3255 tionem
760 3211 871 3254 seu
894 3193 1377 3256 revelationem:
1445 3195 1497 3256 si
1546 3195 1665 3256 hoc
1706 3194 2058 3256 secundum

496 3285 761 3359 dicatur,
793 3305 923 3348 non
961 3291 1057 3348 est
1094 3287 1175 3370 ad
1204 3305 1360 3361 rem,
1398 3289 1543 3368 quia
1566 3289 1703 3368 jam
1738 3288 1872 3368 ipsa
1900 3287 2056 3350 visio

494 3396 612 3459 per
636 3397 705 3441 se
746 3385 997 3460 sumpta
1037 3399 1166 3441 non
1203 3381 1395 3442 habet
1442 3381 1749 3442 rationem
1800 3379 2058 3460 majoris

493 3471 738 3548 laudis,
794 3472 908 3534 sed
956 3473 1060 3535 illa
1088 3472 1209 3536 alia
1256 3475 1529 3553 cognitio
1560 3479 1656 3535 est
1682 3491 1821 3553 quae
1866 3480 2058 3553 auget

492 3565 783 3640 laudem;
844 3573 1087 3628 constat
1141 3573 1355 3628 antem
1404 3566 1575 3628 illam
1636 3567 2058 3645 cognitionem

492 3677 625 3720 non
672 3659 987 3739 pertinere
1026 3659 1110 3722 ad
1154 3661 1477 3740 praemium
1530 3661 1883 3735 essentiale,
1945 3663 2058 3724 sed

494 3751 901 3816 accidentale.
938 3753 1107 3814 Sicut
1142 3752 1312 3831 quod
1344 3754 1511 3815 Deus
1538 3753 1894 3816 manifestet
1920 3755 2058 3815 aliis

490 3845 715 3907 merita
747 3845 1012 3926 alicujus
1052 3845 1243 3920 beati,
1282 3852 1345 3908 et
1368 3845 1547 3926 plura
1574 3863 1713 3908 esse
1742 3849 2054 3922 ostendat,

488 3939 762 4020 pertinet
807 3939 1063 4020 quidem
1112 3939 1193 4001 ad
1243 3940 1549 4018 majorem
1620 3939 1873 4002 laudem
1918 3942 2057 4022 ejus

491 4032 662 4112 apud
703 4031 882 4107 alios,
913 4051 1041 4094 non
1078 4037 1289 4094 tamen
1332 4039 1575 4111 spectat
1600 4033 1683 4094 ad
1722 4036 2056 4113 praemium

494 4125 851 4201 essentiale,
874 4125 987 4187 sed
1010 4125 1093 4187 ad
1120 4125 1272 4187 illud
1294 4126 1697 4201 accidentale,
1726 4127 1897 4205 quod
1916 4145 2058 4208 pro-

490 4219 679 4285 mittit
720 4220 1017 4293 Christus,
1070 4219 1291 4282 Matth.
1340 4221 1401 4294 8,
1434 4219 1679 4282 dicens:
1712 4219 1918 4284 Filius
1955 4221 2059 4284 lao-

491 4315 679 4378 mim's
706 4315 1081 4396 confitebitur
1114 4329 1247 4376 eum
1270 4329 1472 4377 coram
1516 4313 1750 4398 eupolis
1800 4313 1932 4378 Dei.
1993 4313 2054 4376 si

492 4425 643 4468 vcro
692 4407 801 4468 illa
828 4406 1101 4487 cognitio
1144 4414 1239 4468 est
1276 4423 1389 4486 per
1418 4406 1707 4467 eamdem
1750 4405 2056 4468 visionem

490 4499 767 4574 beatam,
794 4499 1225 4562 necessarium
1257 4506 1354 4561 est
1388 4505 1479 4572 ut,
1508 4499 1751 4562 caeteris
1773 4498 2051 4580 paribus,

490 4593 597 4655 illa
624 4593 777 4656 visio
815 4595 896 4655 sit
923 4593 1257 4673 perfectior
1282 4593 1471 4656 etiam
1502 4593 1571 4654 in
1598 4593 1841 4655 ratione
1869 4593 2056 4654 visio·

490 4686 590 4748 nis
656 4691 719 4749 et
762 4687 1188 4760 beatitudinis,
1240 4687 1410 4766 quia,
1475 4688 1719 4748 caeteris
1770 4685 2048 4766 paribus,

490 4781 597 4860 qui
615 4781 794 4860 plura
816 4781 985 4843 videt
1009 4782 1071 4841 in
1102 4781 1255 4854 Dee,
1276 4781 1597 4843 meliorem
1614 4779 1726 4842 Dei
1748 4780 2054 4842 visionem

490 4873 723 4948 habet;
758 4891 907 4956 ergo
936 4873 991 4936 si
1013 4875 1233 4936 beatus
1258 4873 1363 4952 qui
1396 4873 1586 4934 habet
1606 4873 1787 4952 plura
1827 4873 2052 4934 merita

489 4967 659 5029 videt
687 4986 760 5029 ea
790 4967 855 5029 in
883 4969 1017 5048 ipso
1048 4967 1203 5040 Deo,
1240 4983 1511 5046 eumque
1548 4965 1718 5028 videt
1754 4969 1827 5028 ut
1868 4965 2056 5046 largi-

490 5068 693 5124 torem
708 5067 769 5123 et
785 5060 1239 5141 prtemiatorem
1262 5077 1503 5132 eorum,
1520 5061 1757 5121 coeteris
1772 5059 2049 5140 paribus,

488 5155 825 5236 perfectius
860 5153 1030 5216 videt
1058 5154 1259 5216 Deum
1288 5153 1517 5232 ipsum,
1549 5171 1739 5232 quam
1768 5153 1819 5214 si
1850 5154 2054 5214 solum

488 5249 729 5310 videret
772 5249 840 5308 in
892 5248 1016 5308 Deo
1060 5245 1357 5326 pauciora
1400 5245 1657 5320 merita3
1712 5248 1847 5326 jam
1900 5263 2054 5328 ergo

488 5349 640 5404 tunc
666 5342 777 5402 illa·
797 5339 953 5402 visio
981 5357 1111 5400 non
1146 5338 1349 5400 solum
1388 5343 1481 5398 est
1525 5337 1859 5418 perfectius
1896 5355 2053 5419 proe-

488 5436 686 5496 mium
732 5433 878 5514 quia
912 5438 1006 5494 est
1031 5434 1235 5514 maJor
1256 5431 1416 5505 lane,
1446 5430 1559 5492 sed
1576 5433 1764 5493 etiam
1784 5433 1934 5511 quia
1957 5438 2052 5494 est

488 5527 716 5589 melior
744 5527 913 5590 visi0.

2161 675 2310 735 licet
2339 691 2452 754 per
2481 691 2624 735 eam
2667 672 2970 734 visionem
2999 674 3210 735 videat
3245 674 3472 734 beatus
3497 686 3576 729 se
3607 666 3730 723 lan·
3816 678 3817 685 ³

2161 766 2298 828 dari
2325 786 2361 827 a
2393 769 2547 839 Dee,
2575 784 2703 827 non
2731 772 2940 827 tamen
2975 766 3114 827 ideo
3145 784 3284 827 esse
3306 766 3572 827 beatum
3593 757 3730 835 quia

2159 860 2280 923 hoc
2311 862 2498 935 videt,
2531 859 2646 921 sed
2681 860 2828 937 quia
2857 860 3024 921 videt
3057 862 3262 921 Deum
3287 859 3531 939 ipsum,
3553 855 3726 932 juxta
3816 902 3817 937 ;

2157 954 2310 1015 illud
2337 954 2595 1033 vulgare
2620 953 2854 1013 dictum
2882 954 3210 1033 Augustini
3241 957 3281 1014 5
3301 947 3724 1017 confession„

2155 1067 2210 1110 c.
2247 1052 2318 1110 4:
2353 1048 2588 1111 Beatus
2611 1046 2719 1128 qui
2751 1052 2808 1110 ts
2841 1050 2982 1123 scit,
3013 1048 3258 1109 etiamsi
3290 1044 3422 1107 alia
3459 1038 3728 1109 nescio&
3816 1044 3817 1095 ἒ

2155 1143 2262 1223 qui
2290 1160 2428 1204 vero
2459 1146 2516 1205 te
2543 1146 2600 1203 et
2637 1140 2754 1203 illa
2781 1140 2972 1213 novit,
3009 1156 3129 1200 mm
3146 1144 3400 1221 propter
3437 1135 3566 1197 illa
3607 1132 3726 1193 bea·

2159 1237 2304 1308 tior,
2332 1236 2438 1298 sed
2449 1238 2704 1316 propter
2727 1240 2787 1296 te
2811 1234 3004 1295 solum
3031 1234 3259 1295 Maius.
3295 1232 3434 1291 Non
3459 1234 3564 1289 est
3585 1244 3724 1303 crgo
3816 1294 3817 1307 χ

2155 1327 2380 1408 aliquis
2408 1328 2657 1399 beatuS,
2691 1342 2767 1387 eo
2797 1326 2968 1405 quod
2999 1326 3208 1387 videat
3245 1342 3316 1385 se
3355 1340 3497 1384 esse
3529 1321 3602 1379 in
3629 1319 3726 1378 bo-
3816 1340 3817 1373 ἕ

2155 1440 2238 1482 na
2261 1421 2720 1483 existimatione
2749 1419 2921 1499 apud
2951 1420 3174 1492 Deum,
3220 1425 3331 1479 aut
3369 1433 3573 1496 opera
3599 1414 3724 1490 ejus
3816 1434 3817 1493 j

2152 1514 2240 1575 illi
2283 1515 2556 1594 plaeere,
2583 1520 2694 1574 aut
2725 1530 2794 1573 se
2823 1512 3128 1573 laudario
3165 1512 3333 1583 Deo;
3382 1511 3502 1569 hoc
3563 1508 3724 1567 enim
3816 1508 3817 1517 ’

2151 1608 2358 1687 potius
2389 1612 2556 1669 esset
2585 1605 2930 1667 beatificari
2983 1606 3046 1666 in
3073 1624 3140 1667 se
3179 1622 3374 1683 quam
3415 1602 3480 1662 in
3543 1601 3719 1669 Deo;
3816 1668 3817 1695 ἒ

2151 1706 2246 1762 est
2281 1720 2432 1781 ergo
2481 1701 2705 1762 beatus
2739 1700 2886 1777 quia
2919 1700 3088 1761 videt
3121 1701 3322 1760 Deum
3353 1697 3594 1775 ipsum,
3625 1696 3722 1753 ho-
3816 1738 3817 1761 2

2149 1813 2290 1856 rum
2347 1795 2626 1856 omnium
2676 1794 2992 1853 bonorum
3039 1798 3362 1853 auctorem
3383 1836 3401 1863 ,
3449 1788 3721 1865 ideoque
3816 1790 3817 1819 ³

2151 1888 2415 1969 dignum
2452 1886 2620 1949 omni
2652 1886 2864 1949 laude.
2907 1886 3109 1958 Unde,
3143 1886 3194 1946 si
3237 1884 3566 1963 fingamus
3617 1880 3722 1939 ali-
3816 1920 3817 1943 ἢ

2152 1999 2344 2061 quem
2391 1980 2604 2041 videre
2637 1980 2858 2054 Deum,
2901 1984 2966 2040 et
2989 1978 3228 2039 nnllam
3271 1994 3536 2037 suorum
3581 1992 3722 2051 ope-
3816 1992 3817 2015 ÷

2150 2092 2289 2134 rum
2336 2073 2946 2134 commendationem
2989 2072 3051 2132 in
3097 2072 3234 2150 ipso
3277 2069 3528 2141 videre,
3577 2067 3720 2145 quia

2146 2168 2252 2229 illa
2300 2186 2430 2228 non
2479 2166 2700 2227 hahuit
2727 2210 2744 2238 ,
2799 2170 2868 2226 ut
2919 2163 3222 2243 contingit
3270 2164 3336 2223 in
3375 2160 3720 2221 infantibus
3816 2158 3817 2209 ἐ

2144 2261 2494 2340 baptizatiS,
2533 2259 2744 2320 videre
2789 2264 3000 2319 tamen
3047 2258 3112 2317 in
3153 2258 3286 2317 Deo
3341 2255 3570 2315 merita
3611 2253 3720 2312 Pe-

2147 2355 2250 2427 tri,
2281 2372 2422 2433 quae
2447 2354 2614 2414 Deus
2640 2352 2856 2413 laudat
2887 2356 2952 2412 et
2973 2349 3396 2422 commendat,
3431 2347 3718 2427 praemio·
3816 2376 3817 2381 κ

2156 2466 2280 2527 que
2335 2454 2728 2519 remunerat;
2793 2463 3136 2524 rursusque
3188 2446 3444 2505 Petrum
3495 2441 3710 2501 videre
3816 2472 3817 2527 3

2147 2543 2212 2602 in
2241 2544 2372 2603 Deo
2405 2560 2519 2602 sua
2547 2541 2788 2613 merita,
2819 2558 3124 2619 suamque
3163 2538 3624 2606 laudationem;
3661 2536 3708 2595 si

2147 2642 2414 2715 uterque
2456 2635 2682 2695 horum
2731 2634 3054 2711 aequaliter
3107 2633 3318 2694 videat
3363 2633 3585 2702 Deum,
3625 2646 3706 2689 3.·-
3816 2634 3817 2669 ³

2143 2730 2411 2809 qualiter
2427 2728 2598 2789 beati
2627 2734 2854 2801 erunt3
2897 2746 3050 2807 ergo
3069 2725 3390 2787 beatitudo
3409 2742 3538 2784 non
3567 2742 3706 2783 con·
3816 2730 3817 2791 ἶ

2143 2822 2302 2885 sistit
2323 2822 2384 2882 in
2415 2822 2776 2883 laudatione
2799 2820 3166 2892 formaliter,
3189 2838 3398 2898 neque
3425 2820 3582 2887 haec,
3599 2835 3705 2877 cae-
3816 2860 3817 2901 3

2139 2916 2292 2977 teris
2341 2915 2628 2994 paribus,
2674 2919 2862 2993 anget
2913 2913 3367 2975 beatitudinem
3401 2912 3706 2972 essentia-
3816 2924 3817 2975 ἰ

2139 3010 2287 3069 lem.
2321 3010 2396 3068 Et
2425 3008 2680 3087 quidem
2725 3008 2973 3079 merito,
3021 3006 3169 3085 quia
3203 3004 3482 3065 laudatio
3533 3022 3706 3063 crea-
3816 3010 3817 3061 i

2135 3108 2320 3176 turae,
2363 3108 2434 3163 ut
2463 3101 2574 3174 sie,
2607 3100 2772 3162 circa
2809 3100 3129 3180 objectum
3179 3104 3464 3160 creatum
3499 3116 3708 3158 versa-
3816 3157 3817 3182 1

2135 3201 2262 3268 tur,
2307 3201 2437 3258 tam
2485 3213 2566 3258 ex
2609 3201 2788 3273 parte
2835 3199 3126 3273 persona}
3171 3209 3315 3271 qum
3361 3190 3656 3252 laudatur
3685 3236 3701 3263 ,
3816 3185 3817 3200 *

2137 3307 2333 3368 quam
2367 3307 2446 3350 ex
2491 3291 2668 3368 parte
2719 3305 2930 3350 causoe
2967 3307 3082 3350 seu
3129 3287 3410 3348 materia».
3451 3285 3654 3346 landis
3683 3329 3700 3356 ,

2139 3399 2279 3462 qua»,
2323 3387 2470 3443 sunt
2497 3381 2666 3442 bona
2709 3399 2942 3460 opera3
2975 3380 3296 3442 beatitudo
3327 3385 3544 3440 autem
3587 3377 3702 3438 for-

2138 3475 2386 3536 maliter
2405 3479 2692 3535 versatur
2721 3474 2886 3534 circa
2915 3473 3264 3535 increatum
3291 3473 3556 3533 bonum.
3589 3472 3702 3532 Ve-

2135 3587 2278 3630 rum
2319 3575 2530 3630 autem
2570 3567 2901 3646 praemium
2939 3568 3308 3628 meritorum
3365 3571 3462 3627 est
3509 3565 3700 3625 beati-

2137 3663 2292 3725 tudo
2323 3661 2696 3734 essentialis,
2729 3667 2799 3723 ut
2829 3662 2904 3723 D.
2947 3661 3222 3722 Thomas
3249 3678 3444 3740 supra
3483 3661 3695 3720 citatus

2137 3763 2308 3820 recte
2337 3757 2526 3829 dixin
2579 3773 2730 3835 ergo
2760 3755 2861 3816 illa
2893 3753 3170 3816 laudatio
3205 3755 3484 3834 propria,
3517 3753 3692 3813 etiam
3816 3781 3817 3786 κ

2135 3859 2210 3913 ut
2246 3850 2487 3912 inclusa
2529 3849 2594 3910 in
2647 3849 2886 3911 visione
2923 3847 3240 3920 beatifica,
3281 3865 3410 3908 non
3441 3847 3694 3924 pertinet

2135 3943 2482 4006 formaliter
2507 3961 2582 4004 ac
2609 3960 2726 4022 per
2767 3959 2838 4003 se
2877 3941 2960 4002 ad
3012 3940 3346 4021 praemium
3375 3937 3690 4000 essentiale

2133 4037 2498 4098 meritorum
2531 4055 2548 4109 ;
2581 4053 2732 4114 ergo
2763 4035 2956 4096 etiam
2983 4033 3066 4095 oh
3106 4035 3268 4094 hanc
3291 4049 3550 4093 cansam
3575 4049 3688 4091 non

2133 4135 2344 4211 potest
2372 4129 2494 4190 dici
2525 4128 2750 4190 eadem
2783 4128 2938 4189 visio
2967 4145 3108 4189 esse
3137 4127 3348 4206 majus
3383 4125 3684 4205 praemium

2139 4222 2474 4286 essentiale
2515 4221 2789 4302 plurium
2823 4221 3217 4282 meritorum.

2217 4317 2319 4378 60.
2367 4315 2544 4387 Quod
2573 4314 2753 4376 aliter
2793 4315 2980 4376 etiam
3017 4319 3222 4394 potest
3266 4313 3334 4374 in
3375 4314 3540 4375 hunc
3565 4329 3684 4372 mo-

2137 4409 2290 4470 dum
2319 4408 2646 4470 declarari.
2679 4409 2840 4469 Nam
2857 4407 3174 4487 fingamus
3193 4407 3322 4467 duo
3353 4407 3418 4466 in
3437 4406 3554 4466 hac
3575 4404 3682 4464 vita

2135 4501 2444 4564 habentes
2481 4501 2751 4580 aequalia
2795 4501 3055 4574 merita,
3091 4500 3376 4579 recipere
3400 4519 3440 4559 a
3471 4501 3590 4559 Deo
3611 4515 3683 4556 ae·

2137 4595 2392 4675 qualem
2425 4593 2730 4656 visionem
2759 4592 2854 4654 sui
2885 4593 2950 4654 in
2979 4593 3308 4673 praemium
3332 4642 3349 4666 ,
3384 4592 3468 4652 ita
3493 4598 3680 4652 tamen

2135 4693 2205 4749 ut
2241 4705 2406 4749 unus
2447 4687 2655 4749 videat
2705 4686 2772 4748 in
2818 4687 2953 4767 ipso
3001 4687 3136 4748 Deo
3173 4705 3290 4746 sua
3335 4685 3583 4756 merita,
3629 4688 3680 4742 ct

2133 4781 2306 4861 quod
2359 4779 2484 4842 tale
2543 4778 2878 4859 praemium
2933 4785 3194 4859 propter
3233 4778 3340 4840 illa
3397 4777 3674 4856 recipiat3

2131 4875 2294 4936 alius
2323 4881 2536 4935 autem
2581 4892 2710 4935 non
2749 4873 2960 4935 videat
2995 4891 3134 4946 sua,
3175 4873 3289 4934 sed
3341 4872 3676 4952 simpliciter

2133 4967 2334 5030 Deum
2383 4970 2593 5047 ipsum
2642 4985 2786 5028 cum
2842 4967 3072 5046 aequali
3119 4967 3504 5045 perfectione
3567 4981 3676 5024 res-

2133 5068 2324 5142 pectu
2367 5063 2544 5141 ejus:
2597 5060 3004 5122 nihilominus
3049 5059 3238 5120 ambo
3283 5064 3470 5120 erunt
3519 5073 3674 5135 aeque

2131 5155 2325 5229 beati,
2357 5161 2423 5217 et
2439 5153 2626 5216 ambo
2653 5154 2956 5234 recipient
2991 5153 3232 5233 aequale
3255 5153 3572 5232 praemium
3599 5167 3674 5210 es—

2135 5249 2420 5322 sentiale,
2457 5249 2605 5328 quia
2635 5253 2900 5327 uterque
2937 5245 3159 5326 recipit
3195 5246 3592 5326 condignum,
3623 5246 3670 5302 et

2135 5348 2577 5422 supponuntur
2620 5340 2854 5402 habere
2881 5339 3146 5417 aequalia
3192 5340 3457 5412 merita;
3515 5343 3572 5398 et
3593 5343 3670 5396 ta-

2133 5451 2280 5494 men
2323 5434 2384 5493 in
2445 5451 2570 5494 uno
2615 5433 2806 5493 habet
2859 5431 3014 5493 visio
3061 5430 3353 5492 beatifica
3393 5432 3666 5492 rationem

2133 5527 2340 5588 laudis
2365 5528 2633 5608 proprie
2677 5527 2856 5588 factae
2886 5543 2924 5586 a
2961 5527 3116 5600 Deo,
3151 5533 3216 5587 et
3245 5544 3372 5587 non
3409 5527 3472 5585 in
3515 5524 3662 5595 ali03
