3850 6225
832 429 969 481 CAP.
1006 432 1087 483 tx.
1124 430 1419 493 Quouono
1452 430 1879 485 raffiscmstu
1914 434 2016 486 nm
2051 430 2532 493 ssssesssstu‘rmt,
2572 432 2710 485 mc.

156 523 631 597 necessitatem,
669 526 923 589 stillam
966 531 1164 591 solam
1216 534 1411 594 sensit
1462 534 1535 594 D.
1566 534 1731 594 Tho-

156 632 298 676 mas
326 615 546 679 inferri
567 619 631 680 in
660 620 773 681 illo
800 626 1231 701 consequenti.
1250 626 1453 702 Unde,
1486 644 1629 687 cum
1644 626 1733 686 ait

154 708 312 769 illud
344 726 745 791 consequens
774 721 837 775 et
884 718 1267 779 antecedens
1298 720 1531 781 habere
1558 736 1733 781 eam·-

152 800 305 861 dem
336 807 776 867 necessitatem
805 826 947 869 cum
966 809 1149 871 simili
1180 812 1601 891 proportione,
1640 813 1732 873 in-

156 893 403 974 telligit,
462 898 718 970 scilicet,
768 902 911 979 quia
951 903 1111 964 sicut
1151 905 1410 967 scientia
1464 906 1568 967 illa
1619 906 1730 967 Dei

154 1005 287 1046 non
320 992 680 1053 necessario
710 999 828 1065 est,
864 994 947 1055 ita
974 995 1130 1057 illud
1160 996 1440 1059 futurum
1472 1016 1599 1059 non
1638 1006 1733 1059 est

153 1084 521 1143 necessario
541 1083 845 1161 futurum,
868 1088 985 1149 nisi
1009 1106 1085 1149 ex
1106 1090 1534 1170 suppositione
1560 1091 1731 1171 quod

152 1174 235 1232 sit
268 1172 573 1237 futurum.
612 1178 744 1239 Imo
776 1197 853 1239 ex
890 1181 1008 1241 hac
1038 1182 1262 1243 eadem
1298 1184 1727 1263 suppositione

154 1267 300 1327 talis
344 1270 607 1331 scientia
638 1274 997 1335 necessaria
1033 1280 1149 1351 est,
1192 1278 1337 1356 quia
1369 1296 1497 1339 non
1522 1284 1729 1358 potest

154 1362 327 1421 Deus
354 1362 651 1441 ignorare
672 1366 843 1444 quod
860 1367 1141 1429 futurum
1172 1376 1284 1433 est.
1313 1372 1407 1433 Ad
1430 1372 1594 1432 hane
1620 1390 1730 1431 ve-

152 1472 227 1513 ro
260 1458 739 1535 responsionem
776 1461 979 1539 magis
1026 1462 1457 1541 explicandam
1496 1466 1726 1526 consti-

152 1548 271 1608 tuit
296 1549 373 1607 D.
410 1550 687 1611 Thomas
715 1552 877 1613 hauc
909 1554 1217 1633 regulam,
1250 1558 1495 1636 quoties
1518 1560 1585 1619 in
1616 1576 1725 1618 an·

152 1640 491 1702 tecedente
518 1645 772 1721 ponitur
795 1645 1027 1725 aliquid
1056 1649 1375 1725 pertinens
1400 1651 1481 1711 ad
1514 1658 1725 1713 actum

150 1732 415 1805 animae,
441 1752 836 1813 consequens
862 1740 1297 1817 accipiendum
1314 1760 1453 1805 esse
1482 1762 1609 1804 non
1626 1762 1725 1805 se-

148 1826 433 1885 eundum
452 1845 591 1889 esse
621 1830 791 1907 quod
818 1832 991 1891 estin
1007 1851 1097 1907 se,
1118 1834 1229 1895 sed
1254 1836 1601 1897 secuudum
1628 1854 1726 1897 es·-

148 1938 219 1979 se
238 1919 415 1997 quod
432 1927 531 1981 est
544 1922 603 1981 in
622 1923 852 1983 anima.
872 1922 1073 1995 Quam
1088 1926 1373 2005 reg-ulam
1388 1928 1511 1989 late
1526 1930 1726 2009 impu·-

147 2017 305 2089 gnat
322 2010 686 2091 Gregorius,
702 2021 763 2075 et
780 2034 1025 2077 summa
1040 2019 1587 2098 impugnationum
1604 2026 1720 2097 est,

145 2104 296 2183 quia
342 2123 423 2165 ex
458 2106 565 2166 illo
598 2108 1027 2169 antecedenti:
1074 2112 1239 2175 Deus
1266 2112 1443 2176 scivit
1470 2114 1728 2178 Peto-m

140 2202 567 2277 peccaturum,
598 2217 727 2261 nou
748 2200 1013 2262 infertur
1040 2210 1277 2266 tantum
1304 2206 1557 2269 Petrum
1584 2218 1727 2286 pec-

146 2294 445 2351 caturum
474 2292 537 2351 iu
578 2293 836 2353 scientia
866 2295 995 2367 Dei,
1028 2314 1179 2357 nam
1222 2298 1355 2361 haec
1388 2318 1517 2361 non
1559 2304 1725 2362 esset

148 2383 371 2457 illatio,
414 2385 529 2445 sed
570 2388 902 2466 nugatoria
928 2378 1245 2469 repetitio;
1278 2392 1542 2455 infertur
1570 2412 1719 2473 ergo

148 2476 411 2537 Petrum
438 2482 843 2556 peccaturum
882 2481 945 2541 in
976 2500 1045 2542 re
1082 2484 1241 2562 ipsa,
1270 2503 1383 2546 seu
1412 2486 1475 2545 in
1518 2504 1609 2547 se.
1648 2488 1722 2548 Et

144 2569 399 2649 quoties
426 2588 543 2650 per
570 2573 895 2633 scientiam
930 2592 1032 2635 res
1060 2595 1207 2638 vere
1239 2584 1303 2639 et
1330 2586 1514 2658 prout
1542 2580 1603 2639 in
1650 2598 1719 2641 se

146 2669 240 2722 est
270 2665 696 2742 cognoscitur,
742 2665 975 2746 optime
1014 2676 1221 2748 potest
1256 2688 1333 2731 ex
1376 2671 1479 2731 illa
1504 2670 1718 2733 inferri

145 2775 283 2815 rem
326 2774 471 2818 esse
512 2757 705 2819 talem
733 2759 795 2819 in
836 2779 929 2821 se.
984 2762 1063 2823 Et
1100 2763 1245 2825 ideo
1296 2783 1424 2826 nou
1472 2766 1719 2827 videtur

142 2856 315 2913 recte
342 2854 809 2914 accommodari
844 2857 1200 2936 exemplum
1235 2859 1406 2939 quod
1444 2860 1517 2920 D.
1555 2861 1721 2921 Tho-

142 2962 281 3004 mas
312 2944 499 3005 affert
524 2945 605 3005 de
634 2964 701 3007 re
736 2946 1055 3009 intellecta
1088 2950 1170 3011 ab
1214 2953 1447 3025 anima,
1491 2953 1542 3012 si
1573 2953 1719 3014 inde

142 3036 458 3098 inferatur
488 3054 627 3099 esse
656 3038 1167 3113 immaterialem;
1220 3044 1355 3106 haec
1387 3046 1555 3105 enim
1586 3044 1719 3106 illa-

143 3131 227 3192 tio
254 3151 485 3193 revera
510 3151 639 3192 non
666 3139 761 3193 est
782 3134 969 3208 hona,
998 3155 1116 3197 nec
1136 3136 1375 3212 similis,
1406 3139 1551 3218 quia
1574 3139 1721 3202 licet

140 3241 241 3284 res
273 3231 695 3304 cognoscatur
720 3228 907 3288 modo
948 3228 1365 3302 immateriali,
1396 3251 1525 3292 non
1566 3251 1716 3310 pro·

136 3325 357 3396 pterea
388 3319 788 3397 cognoscitur
812 3339 951 3381 esse
977 3323 1427 3386 immaterialis,
1453 3326 1549 3386 Ad
1572 3327 1709 3390 hoec

136 3431 287 3472 vcro
314 3417 379 3472 et
419 3411 643 3472 similia
679 3415 1064 3492 respondent
1092 3417 1213 3477 late
1254 3419 1611 3497 Cajetanus,
1646 3425 1709 3481 et

138 3505 241 3564 alii
264 3503 657 3584 expositores
684 3507 756 3566 D.
777 3507 1055 3568 Thomae.
1076 3510 1355 3572 Breviter
1376 3515 1589 3574 tamen
1620 3513 1707 3572 di·

136 3599 298 3660 citur
332 3599 621 3677 regulam
662 3599 735 3659 D.
768 3601 1023 3662 Thomae
1060 3603 1533 3681 intelligendam
1568 3623 1705 3666 esse
1748 3605 1763 3616 ’

136 3697 449 3770 quantum
478 3690 559 3750 ad
591 3709 701 3752 eas
726 3693 1159 3772 proprietates,
1194 3713 1332 3774 quae
1362 3697 1709 3758 attribuun-

136 3791 237 3846 tur
262 3785 681 3862 consequenti
706 3787 965 3865 praecise
988 3789 1231 3850 ratione
1252 3791 1701 3864 antecedentiS,

138 3885 205 3937 ut
232 3877 541 3954 contingit
566 3878 631 3936 in
682 3879 969 3958 exemplo
1012 3881 1183 3958 quod
1210 3883 1483 3943 adducit.
1523 3883 1703 3945 Unde

138 3971 195 4030 in
228 3971 525 4050 proesenti
554 3987 679 4030 nou
716 3977 811 4032 est
840 3973 1275 4050 accipiendum
1304 3974 1458 4036 illud
1482 3995 1705 4037 conse-

137 4081 373 4140 quens:
408 4063 639 4130 Petrus
661 4066 948 4143 peccabit,
978 4065 1347 4144 simpliciter
1396 4072 1701 4146 quantum

136 4155 215 4214 ad
242 4156 443 4215 solam
470 4155 745 4218 futuram
772 4157 1187 4228 existentiam,
1233 4177 1380 4220 nam
1408 4161 1527 4222 hoc
1558 4179 1700 4222 sen-

134 4269 202 4309 su
250 4267 477 4310 revera
530 4249 793 4311 infertur
823 4269 961 4311 rem
998 4251 1271 4312 futuram
1316 4254 1376 4314 in
1419 4272 1521 4326 se;
1586 4254 1697 4316 sed

134 4343 571 4420 accipiendum
614 4350 708 4405 est
760 4349 1067 4422 quantum
1118 4345 1199 4406 ad
1248 4347 1695 4425 proprietatem

134 4435 477 4513 quamdam
525 4453 661 4514 quae
690 4453 767 4496 ex
800 4437 905 4498 illo
946 4437 1697 4517 antecedentixinfereba-

132 4537 247 4598 tur,
280 4534 343 4590 et
376 4529 775 4590 tribuebatur
801 4532 1235 4608 consequenti,
1266 4551 1495 4611 nempe
1524 4535 1693 4612 quod

130 4623 489 4682 necessario
516 4622 793 4683 futurum
832 4625 945 4696 sit;
976 4642 1125 4684 nam
1170 4625 1305 4686 haec
1352 4628 1693 4688 necessitas

130 4733 253 4775 non
306 4716 605 4777 convenit
632 4716 717 4776 illi
748 4717 1155 4794 consequenti
1196 4723 1381 4797 prout
1406 4719 1469 4780 in
1501 4739 1569 4781 se
1594 4721 1693 4782 fu·-

132 4813 335 4868 tumm
366 4813 489 4880 est,
510 4807 622 4868 sed
650 4809 1003 4870 attribuitur
1031 4809 1119 4870 illi
1140 4817 1327 4890 prout
1347 4813 1563 4874 subest
1584 4813 1709 4874 tali-

128 4901 549 4977 antecedenti,
572 4907 641 4963 ut
664 4902 1049 4964 declaratum
1082 4909 1197 4965 est.

200 5135 585 5202 Assertiones
606 5156 743 5222 Μ
770 5157 844 5202 ιω
864 5140 1185 5221 proedictis
1208 5141 1603 5228 colliguntur.

204 5367 299 5424 18.
348 5365 702 5427 Dism‘iwmi
749 5367 909 5446 quod
928 5372 1021 5430 est
1058 5367 1219 5429 inter
1264 5385 1389 5430 rem
1416 5372 1695 5446 futuram

131 5457 561 5539 contingentem
589 5475 721 5519 cum
744 5459 1065 5538 praeterita
1096 5465 1155 5524 et
1187 5460 1696 5539 praesenta—At·

131 5569 245 5632 que
264 5571 341 5614 ex
377 5553 479 5614 his
504 5551 773 5614 infertur
806 5554 1029 5632 primo,
1058 5571 1187 5616 non
1215 5555 1501 5618 obstante
1529 5555 1695 5618 dicta

3261 428 3380 489 339

1812 534 2184 596 necessitate
2235 532 2582 595 secundum
2613 531 2765 609 quid
2793 530 2957 594 illius
2989 548 3383 608 consequen-

1810 627 1930 687 tis:
1975 628 2204 691 Petrae
2225 626 2496 709 peccabit
2519 672 2536 699 ‚
2575 624 2938 702 simpliciter
2983 629 3046 683 et
3091 623 3378 685 absolute

1810 738 2032 781 verum
2079 739 2218 783 esse
2269 720 2519 781 Petrum
2575 716 2810 779 hahere
2866 721 3240 795 potestatem
3295 717 3378 777 ad

1811 832 1942 873 non
1989 814 2400 894 peccandum,
2455 810 2602 889 quia
2628 809 2734 869 illa
2781 808 3119 875 necessitas
3158 826 3398 869 secun-e

1812 905 1966 967 dum
1993 907 2142 986 quid
2171 925 2297 968 non
2327 903 2600 967 excludit
2622 904 2787 966 hauc
2825 907 3222 981 potestatem,
3253 902 3378 963 imo

1812 998 1984 1060 illam
2025 999 2362 1079 supponit;
2397 997 2543 1076 quia
2595 994 2893 1075 supponit
2923 994 3190 1055 liberam
3213 994 3382 1055 futu·-

1813 1110 1952 1153 ram
2001 1091 2586 1153 determinationem
2631 1088 2796 1149 Petri
2827 1132 2844 1159 ,
2895 1088 3030 1148 sine
3081 1106 3207 1167 qua
3253 1106 3384 1147 non

1810 1190 2025 1265 posset
2053 1204 2190 1247 esse
2219 1191 2548 1263 peccatum
2577 1200 2592 1254 ;
2630 1181 2828 1241 libera
2857 1187 3071 1241 autem
3089 1181 3382 1243 determi-

1810 1278 1980 1340 natio
1998 1280 2290 1358 supponit
2303 1282 2673 1359 potestatem
2701 1292 2828 1335 nou
2855 1275 3176 1353 peccandi.
3204 1274 3384 1347 Quod

1810 1370 1972 1433 adeo
2013 1388 2232 1432 verum
2269 1375 2386 1445 est,
2419 1375 2510 1441 ut,
2553 1369 2744 1429 etiam
2777 1368 2939 1428 facta
2988 1366 3092 1427 illa
3153 1386 3380 1447 suppo-

1808 1463 2056 1533 sitione,
2101 1464 2166 1523 in
2219 1462 2328 1525 tali
2375 1460 2802 1523 enuntiatione
2836 1460 2916 1521 de
2945 1460 3178 1533 future,
3208 1460 3380 1541 quod

1808 1574 1956 1617 vera
1999 1557 2096 1629 sit,
2139 1556 2544 1617 nihilominus
2571 1554 2758 1615 simul
2807 1554 2888 1615 sit
2925 1572 3172 1627 verum,
3207 1572 3369 1627 esse,

1806 1648 1905 1709 vel
1941 1649 2216 1709 futuram
2243 1666 2382 1709 esse
2413 1648 2476 1712 in
2502 1648 2684 1708 Petro
2711 1651 3084 1725 potestatem
3129 1646 3210 1707 ad
3247 1665 3380 1707 non

1806 1740 2221 1819 peccandum,
2265 1758 2392 1801 non
2435 1740 2606 1819 quod
2632 1740 2698 1799 in
2725 1739 2832 1799 illo
2871 1740 2950 1800 sit
2989 1746 3268 1818 potestas
3298 1739 3380 1799 ad

1804 1834 2310 1913 componendum
2355 1833 2711 1913 oppositum
2745 1836 2979 1905 actum,
3019 1828 3081 1893 id
3099 1838 3215 1898 est.
3249 1852 3379 1893 non

1804 1944 2068 2005 peccare
2109 1944 2254 1989 cum
2282 1925 2386 1987 illa
2415 1925 2864 2005 suppositione,
2912 1944 3037 2004 quo
3067 1943 3260 1987 sensu
3287 1926 3379 1987 di-

1806 2021 2008 2083 cimus
2035 2040 2161 2085 non
2191 2038 2376 2099 posse
2404 2021 2470 2079 in
2487 2037 2676 2081 sensu
2693 2019 3063 2097 composito,
3082 2020 3228 2099 quia
3252 2038 3382 2081 non

1810 2119 2018 2193 potest
2059 2114 2244 2175 simul
2284 2113 2410 2173 duo
2441 2112 2918 2173 contradictoria
2950 2111 3204 2185 facet-03
3265 2112 3378 2173 sed

1807 2207 1978 2285 quod
2002 2207 2107 2267 illa
2139 2206 2482 2286 suppositio
2513 2222 2640 2265 non
2683 2205 2976 2265 excludat
3003 2210 3380 2283 potestatem

1804 2299 2168 2378 simpliciter
2196 2298 2278 2361 ad
2336 2298 2726 2379 peccandum
2781 2299 2884 2359 vel
2935 2316 3061 2358 non
3115 2316 3378 2378 peccan-

1802 2392 1978 2463 dum,
2023 2410 2142 2453 nec
2181 2392 2514 2453 constituat
2555 2391 2750 2464 illam,
2795 2396 2980 2470 prout
3026 2391 3088 2450 in
3141 2410 3210 2452 se
3256 2398 3372 2465 est,

1803 2488 1978 2545 extra
2043 2483 2346 2545 terminos
2406 2502 2536 2545 suae
2594 2483 3060 2564 potentialitatis
3089 2529 3104 2558 ,
3167 2490 3235 2545 ut
3285 2485 3376 2547 sic

1800 2577 2029 2651 dicam,
2083 2578 2285 2639 donec
2329 2578 2393 2639 iu
2433 2595 2502 2639 re
2548 2577 2686 2656 ipsa
2717 2584 2954 2655 peccet.
2996 2578 3068 2637 In
3109 2596 3234 2656 quo
3281 2584 3377 2639 est

1802 2672 1992 2731 etiam
2023 2670 2476 2731 consideranda
2510 2670 2632 2731 alia
2652 2670 3005 2731 differentia
3037 2670 3200 2731 inter
3236 2688 3373 2731 rem

1802 2766 2268 2844 contingentem
2283 2764 2582 2837 futuram,
2607 2770 2668 2825 et
2687 2770 3062 2842 praesentem
3087 2772 3197 2826 aut
3219 2782 3372 2843 prte-

1804 2858 2082 2930 teritam3
2127 2876 2274 2919 uam
2303 2863 2590 2937 respectu
2622 2858 2916 2936 praeteriti
2936 2858 3067 2936 jam
3091 2849 3371 2937 potentia

1803 2951 1917 3011 fuit
1960 2951 2216 3012 omnino
2249 2951 2507 3013 reducta
2533 2950 2594 3011 iu
2627 2956 2858 3023 actum,
2889 2951 2974 3011 ita
3005 2958 3072 3011 ut
3105 2953 3238 3030 jam
3267 2952 3370 3013 ille

1806 3047 1984 3105 aetus
2025 3043 2108 3104 ab
2137 3044 2238 3103 illa
2279 3060 2406 3103 non
2437 3042 2711 3123 pendeat
2763 3049 3068 3122 quantum
3095 3044 3176 3103 ad
3222 3045 3365 3114 hoc,

1802 3137 1974 3215 quod
2008 3143 2102 3198 est
2135 3139 2427 3200 effectum
2453 3137 2629 3198 illum
2672 3136 3011 3214 aliquando
3037 3137 3229 3198 fuisse
3257 3157 3272 3210 ς
3306 3145 3368 3200 et

1794 3230 1940 3291 ideo
1983 3231 2118 3309 jam
2161 3247 2286 3292 non
2333 3236 2546 3292 manet
2574 3229 2638 3290 in
2679 3230 2782 3290 tali
2830 3249 3022 3319 (annisa
3063 3249 3209 3292 vera
3253 3250 3368 3326 po-

1792 3329 1984 3385 testas
2008 3326 2116 3384 aut
2159 3323 2412 3384 libertas
2449 3322 2528 3384 ad
2561 3321 2920 3384 faciendum
2956 3330 3022 3384 ut
3050 3325 3152 3385 ille
3177 3325 3366 3386 effec-

1790 3421 1889 3478 tus
1937 3434 2064 3476 non
2093 3415 2302 3488 fuerit,
2334 3420 2590 3495 propter
2629 3415 2798 3494 quod
2843 3417 3032 3477 etiam
3083 3417 3186 3478 ille
3225 3419 3360 3496 jam

1789 3508 2014 3570 dicitur
2063 3508 2348 3570 absolute
2398 3509 2817 3584 necessariae,
2849 3515 2916 3570 ut
2963 3527 3152 3588 supra
3189 3511 3362 3572 dice-

1786 3602 2014 3662 bamus
2029 3601 2108 3664 de
2141 3600 2565 3680 propositione
2587 3601 2666 3663 de
2683 3603 3014 3680 proetcrito.
3033 3604 3356 3678 Similiter,

1788 3698 2080 3774 respectu
2103 3699 2280 3756 actus
2323 3711 2437 3754 seu
2471 3693 2732 3756 effectus
2759 3696 3105 3772 praesentiS‚
3137 3705 3356 3775 poten·-
3451 3719 3464 3730 ·

1786 3788 1872 3850 tia
1910 3805 2116 3848 caus-te
2145 3790 2238 3848 est
2266 3787 2332 3846 in
2365 3791 2574 3848 actum
2617 3786 2902 3860 reducta,
2933 3795 2994 3849 et
3039 3789 3142 3849 ille
3173 3791 3360 3851 effec-

1784 3885 1904 3954 tus,
1949 3885 2260 3957 quatenus
2285 3879 2418 3958 jam
2449 3885 2545 3940 est
2571 3885 2744 3940 extra
2775 3898 3053 3956 causam,
3083 3901 3211 3944 non
3261 3890 3355 3944 est

1784 3973 2054 4052 amplius
2082 3973 2146 4032 iu
2181 3975 2490 4051 potestate
2535 3972 2694 4050 ejus,
2726 3977 2796 4033 ut
2822 3991 2936 4053 pro
2967 3974 3071 4035 illo
3097 3976 3350 4037 instanti

1784 4085 1911 4126 non
1951 4067 2050 4139 sit,
2079 4065 2245 4136 licet,
2274 4065 2448 4143 prius
2489 4069 2712 4125 natura
2735 4083 2926 4143 quam
2962 4068 3239 4146 prodiret
3284 4070 3350 4132 in

1781 4167 2012 4230 actum,
2047 4158 2305 4220 haberet
2343 4158 2408 4216 in
2436 4175 2550 4218 sua
2593 4163 2899 4236 potestate
2943 4169 3064 4220 nou
3097 4163 3348 4224 efficere

1777 4252 1978 4325 illum,
2023 4257 2088 4312 et
2127 4269 2238 4329 pro
2273 4248 2494 4310 eodem
2525 4249 2776 4312 instanti
2807 4251 3038 4313 habeat
3075 4261 3344 4332 potesta-

1776 4350 1926 4417 tem,
1961 4350 2030 4405 ut
2058 4344 2122 4402 in
2150 4350 2430 4422 tempore
2461 4343 2666 4404 futuro
2713 4361 2839 4404 non
2893 4355 3219 4410 conservet
3279 4351 3346 4409 il-

1775 4439 1927 4499 lum.
1964 4441 2042 4499 At
2075 4455 2226 4500 vero
2271 4443 2560 4516 respectu
2601 4437 2864 4500 effectus
2901 4439 3116 4514 futuri,
3149 4463 3342 4508 causa

1776 4537 1869 4593 est
1900 4531 2260 4610 simpliciter
2287 4531 2354 4590 in
2400 4531 2699 4608 potentia,
2733 4539 2818 4618 gt
2857 4533 3118 4596 effectus
3157 4536 3220 4597 in
3274 4555 3340 4600 re

1774 4626 1909 4705 ipsa
1951 4623 2230 4685 nondum
2289 4629 2383 4684 est
2427 4630 2600 4684 extra
2629 4625 2926 4688 virtutem
2967 4629 3122 4708 ejus,
3167 4630 3344 4692 ideo-

1774 4735 1896 4796 que
1933 4717 2074 4778 talis
2103 4733 2295 4778 causa
2331 4715 2614 4776 absolute
2645 4718 2836 4779 habet
2876 4725 3251 4798 potestatem
3279 4730 3344 4786 et

1771 4811 2121 4872 libertatem
2161 4809 2242 4870 ad
2271 4827 2398 4870 non
2432 4808 2790 4870 faciendum
2839 4813 3008 4874 illum
3049 4815 3344 4878 effectum

1768 4922 1885 4983 pro
1916 4903 2198 4982 quolibet
2226 4907 2513 4981 tempore
2555 4903 2787 4977 future,
2815 4911 2876 4968 et
2925 4907 3206 4985 quolibet
3253 4909 3350 4970 iu·

1769 4998 1954 5059 stanti
1983 4997 2142 5075 ejus.

1850 5091 1950 5150 19.
1997 5087 2350 5170 Emponitur
2374 5090 2588 5158 ultimo
2611 5109 2778 5156 mm
2799 5093 2880 5154 D.
2907 5093 3348 5158 Thoona-Ex
3425 5151 3432 5156 .

1772 5201 1897 5264 qua
1941 5181 2226 5244 doctrina
2275 5183 2629 5248 declaratur
2677 5186 2948 5265 amplius
2993 5193 3056 5250 et
3111 5191 3343 5268 optime

1773 5276 1899 5338 divi
1936 5276 2190 5337 Thomae
2219 5277 2480 5352 solutio;
2506 5295 2679 5353 nam,
2710 5279 2856 5358 q-uia
2883 5299 2990 5342 res
3029 5283 3346 5359 preterita

1768 5369 1909 5449 jam
1931 5368 2048 5430 fuit
2087 5375 2234 5430 actu
2261 5370 2487 5449 posita,
2517 5370 2662 5435 ideo
2702 5373 3044 5452 propositio
3071 5374 3151 5436 de
3181 5393 3347 5454 prae-

1774 5463 1960 5525 terito
1991 5462 2216 5524 dicitur
2253 5462 2540 5526 absolute
2573 5465 2948 5540 necessaria,
2979 5485 3107 5528 non
3141 5468 3348 5532 solum

1777 5555 2128 5637 significata
2157 5573 2300 5618 cum
2341 5557 2588 5620 formali
2631 5559 3108 5641 compositione,
3145 5561 3350 5642 qualis
