<?xml version="1.0" encoding="UTF-8"?>
<!DOCTYPE html PUBLIC "-//W3C//DTD XHTML 1.0 Transitional//EN"
    "http://www.w3.org/TR/xhtml1/DTD/xhtml1-transitional.dtd">
<html xmlns="http://www.w3.org/1999/xhtml" xml:lang="en" lang="en">
 <head>
  <title>
</title>
<meta http-equiv="Content-Type" content="text/html;charset=utf-8" />
  <meta name='ocr-system' content='tesseract 3.04.00' />
  <meta name='ocr-capabilities' content='ocr_page ocr_carea ocr_par ocr_line ocrx_word'/>
</head>
<body>
  <div class='ocr_page' id='page_1' title='image "./rpfranciscisuar01duvagoog_0262.png"; bbox 0 0 3850 6225; ppageno 0'>
   <div class='ocr_carea' id='block_1_1' title="bbox 532 405 653 469">
    <p class='ocr_par' dir='ltr' id='par_1_1' title="bbox 532 405 653 469">
     <span class='ocr_line' id='line_1_1' title="bbox 532 405 653 469; baseline -0.008 0"><span class='ocrx_word' id='word_1_1' title='bbox 532 405 653 469; x_wconf 67' lang='lat'>248</span> 
     </span>
    </p>
   </div>
   <div class='ocr_carea' id='block_1_2' title="bbox 429 509 2099 1904">
    <p class='ocr_par' dir='ltr' id='par_1_2' title="bbox 531 509 2099 1323">
     <span class='ocr_line' id='line_1_2' title="bbox 533 509 2093 594; baseline -0.002 -22"><span class='ocrx_word' id='word_1_2' title='bbox 533 521 603 574; x_wconf 86' lang='lat' dir='ltr'>ut</span> <span class='ocrx_word' id='word_1_3' title='bbox 644 512 950 594; x_wconf 83' lang='lat' dir='ltr'>priorem,</span> <span class='ocrx_word' id='word_1_4' title='bbox 989 509 1393 572; x_wconf 87' lang='lat' dir='ltr'>nihilominus</span> <span class='ocrx_word' id='word_1_5' title='bbox 1432 512 1536 571; x_wconf 88' lang='lat' dir='ltr'>illa</span> <span class='ocrx_word' id='word_1_6' title='bbox 1585 511 1756 590; x_wconf 91' lang='lat' dir='ltr'>prior</span> <span class='ocrx_word' id='word_1_7' title='bbox 1782 510 2093 582; x_wconf 81' lang='lat' dir='ltr'>voluntaS‚</span> 
     </span>
     <span class='ocr_line' id='line_1_3' title="bbox 531 603 2099 683; baseline -0.002 -16"><span class='ocrx_word' id='word_1_8' title='bbox 531 613 602 667; x_wconf 88' lang='lat' dir='ltr'>ut</span> <span class='ocrx_word' id='word_1_9' title='bbox 641 608 760 680; x_wconf 89' lang='lat' dir='ltr'>sic,</span> <span class='ocrx_word' id='word_1_10' title='bbox 803 605 991 665; x_wconf 88' lang='lat' dir='ltr'>etiam</span> <span class='ocrx_word' id='word_1_11' title='bbox 1039 603 1386 683; x_wconf 88' lang='lat' dir='ltr'>concipitur</span> <span class='ocrx_word' id='word_1_12' title='bbox 1431 611 1500 666; x_wconf 89' lang='lat' dir='ltr'>ut</span> <span class='ocrx_word' id='word_1_13' title='bbox 1531 604 1815 664; x_wconf 88' lang='lat' dir='ltr'>absoluta</span> <span class='ocrx_word' id='word_1_14' title='bbox 1861 610 1924 664; x_wconf 87' lang='lat' dir='ltr'>et</span> <span class='ocrx_word' id='word_1_15' title='bbox 1972 605 2099 664; x_wconf 89' lang='lat' dir='ltr'>effi-</span> 
     </span>
     <span class='ocr_line' id='line_1_4' title="bbox 535 697 2099 777; baseline -0.002 -17"><span class='ocrx_word' id='word_1_16' title='bbox 535 719 685 775; x_wconf 85' lang='lat' dir='ltr'>cax,</span> <span class='ocrx_word' id='word_1_17' title='bbox 713 699 860 777; x_wconf 89' lang='lat' dir='ltr'>quia</span> <span class='ocrx_word' id='word_1_18' title='bbox 894 697 1035 759; x_wconf 86' lang='lat' dir='ltr'>talis</span> <span class='ocrx_word' id='word_1_19' title='bbox 1061 703 1155 759; x_wconf 89' lang='lat' dir='ltr'>est</span> <span class='ocrx_word' id='word_1_20' title='bbox 1188 704 1255 758; x_wconf 91' lang='lat' dir='ltr'>ut</span> <span class='ocrx_word' id='word_1_21' title='bbox 1304 715 1380 758; x_wconf 81' lang='lat' dir='ltr'>ex</span> <span class='ocrx_word' id='word_1_22' title='bbox 1427 699 1485 758; x_wconf 83' lang='lat' dir='ltr'>vi</span> <span class='ocrx_word' id='word_1_23' title='bbox 1523 697 1687 758; x_wconf 89' lang='lat' dir='ltr'>illius</span> <span class='ocrx_word' id='word_1_24' title='bbox 1717 715 1975 758; x_wconf 88' lang='lat' dir='ltr'>necesse</span> <span class='ocrx_word' id='word_1_25' title='bbox 2019 698 2099 757; x_wconf 85' lang='lat' dir='ltr'>sit</span> 
     </span>
     <span class='ocr_line' id='line_1_5' title="bbox 535 790 2095 871; baseline -0.004 -15"><span class='ocrx_word' id='word_1_26' title='bbox 535 797 738 856; x_wconf 91' lang='lat' dir='ltr'>Deum</span> <span class='ocrx_word' id='word_1_27' title='bbox 779 793 930 852; x_wconf 87' lang='lat' dir='ltr'>dare</span> <span class='ocrx_word' id='word_1_28' title='bbox 980 791 1374 852; x_wconf 82' lang='lat' dir='ltr'>vocationem</span> <span class='ocrx_word' id='word_1_29' title='bbox 1407 809 1771 871; x_wconf 81' lang='lat' dir='ltr'>congruam.</span> <span class='ocrx_word' id='word_1_30' title='bbox 1805 792 1881 851; x_wconf 87' lang='lat' dir='ltr'>Et</span> <span class='ocrx_word' id='word_1_31' title='bbox 1926 790 2095 851; x_wconf 87' lang='lat' dir='ltr'>idem</span> 
     </span>
     <span class='ocr_line' id='line_1_6' title="bbox 535 883 2097 968; baseline -0.004 -19"><span class='ocrx_word' id='word_1_32' title='bbox 535 895 629 968; x_wconf 81' lang='lat' dir='ltr'>est</span> <span class='ocrx_word' id='word_1_33' title='bbox 659 888 736 948; x_wconf 91' lang='lat' dir='ltr'>de</span> <span class='ocrx_word' id='word_1_34' title='bbox 765 887 1082 946; x_wconf 85' lang='lat' dir='ltr'>voluntate</span> <span class='ocrx_word' id='word_1_35' title='bbox 1112 883 1300 945; x_wconf 88' lang='lat' dir='ltr'>dandi</span> <span class='ocrx_word' id='word_1_36' title='bbox 1331 885 1619 964; x_wconf 82' lang='lat' dir='ltr'>gloriam,</span> <span class='ocrx_word' id='word_1_37' title='bbox 1641 885 1692 945; x_wconf 88' lang='lat' dir='ltr'>si</span> <span class='ocrx_word' id='word_1_38' title='bbox 1722 884 2097 964; x_wconf 66' lang='lat' dir='ltr'>praescinda-</span> 
     </span>
     <span class='ocr_line' id='line_1_7' title="bbox 532 979 2094 1058; baseline -0.003 -16"><span class='ocrx_word' id='word_1_39' title='bbox 532 987 635 1043; x_wconf 90' lang='lat' dir='ltr'>tur</span> <span class='ocrx_word' id='word_1_40' title='bbox 679 1001 716 1042; x_wconf 88' lang='lat' dir='ltr'>a</span> <span class='ocrx_word' id='word_1_41' title='bbox 767 980 1085 1042; x_wconf 77' lang='lat' dir='ltr'>voluntate</span> <span class='ocrx_word' id='word_1_42' title='bbox 1142 979 1332 1040; x_wconf 87' lang='lat' dir='ltr'>dandi</span> <span class='ocrx_word' id='word_1_43' title='bbox 1382 980 1628 1052; x_wconf 89' lang='lat' dir='ltr'>merita,</span> <span class='ocrx_word' id='word_1_44' title='bbox 1677 979 1824 1058; x_wconf 86' lang='lat' dir='ltr'>quia</span> <span class='ocrx_word' id='word_1_45' title='bbox 1867 979 2094 1038; x_wconf 86' lang='lat' dir='ltr'>virtute</span> 
     </span>
     <span class='ocr_line' id='line_1_8' title="bbox 534 1072 2095 1152; baseline -0.003 -16"><span class='ocrx_word' id='word_1_46' title='bbox 534 1077 756 1136; x_wconf 88' lang='lat' dir='ltr'>saltem</span> <span class='ocrx_word' id='word_1_47' title='bbox 804 1073 1066 1134; x_wconf 89' lang='lat' dir='ltr'>includit</span> <span class='ocrx_word' id='word_1_48' title='bbox 1111 1073 1316 1146; x_wconf 88' lang='lat' dir='ltr'>illam,</span> <span class='ocrx_word' id='word_1_49' title='bbox 1360 1073 1509 1152; x_wconf 89' lang='lat' dir='ltr'>quia</span> <span class='ocrx_word' id='word_1_50' title='bbox 1549 1091 1677 1133; x_wconf 89' lang='lat' dir='ltr'>non</span> <span class='ocrx_word' id='word_1_51' title='bbox 1723 1072 2095 1132; x_wconf 87' lang='lat' dir='ltr'>terminatur</span> 
     </span>
     <span class='ocr_line' id='line_1_9' title="bbox 534 1165 2093 1248; baseline -0.003 -20"><span class='ocrx_word' id='word_1_52' title='bbox 534 1167 616 1229; x_wconf 87' lang='lat' dir='ltr'>ad</span> <span class='ocrx_word' id='word_1_53' title='bbox 645 1167 906 1248; x_wconf 85' lang='lat' dir='ltr'>gloriam</span> <span class='ocrx_word' id='word_1_54' title='bbox 931 1170 1292 1244; x_wconf 87' lang='lat' dir='ltr'>utcumque,</span> <span class='ocrx_word' id='word_1_55' title='bbox 1323 1166 1435 1227; x_wconf 89' lang='lat' dir='ltr'>sed</span> <span class='ocrx_word' id='word_1_56' title='bbox 1485 1165 1604 1226; x_wconf 90' lang='lat' dir='ltr'>sub</span> <span class='ocrx_word' id='word_1_57' title='bbox 1636 1165 1878 1226; x_wconf 90' lang='lat' dir='ltr'>ratione</span> <span class='ocrx_word' id='word_1_58' title='bbox 1913 1183 2093 1226; x_wconf 89' lang='lat' dir='ltr'>coro-</span> 
     </span>
     <span class='ocr_line' id='line_1_10' title="bbox 533 1261 961 1323; baseline -0.005 -1"><span class='ocrx_word' id='word_1_59' title='bbox 533 1281 628 1322; x_wconf 82' lang='lat' dir='ltr'>nae</span> <span class='ocrx_word' id='word_1_60' title='bbox 659 1268 720 1323; x_wconf 90' lang='lat' dir='ltr'>et</span> <span class='ocrx_word' id='word_1_61' title='bbox 742 1261 961 1322; x_wconf 82' lang='lat' dir='ltr'>bravii.</span> 
     </span>
    </p>

    <p class='ocr_par' dir='ltr' id='par_1_3' title="bbox 429 1352 2093 1904">
     <span class='ocr_line' id='line_1_11' title="bbox 615 1352 2091 1434; baseline -0.005 -16"><span class='ocrx_word' id='word_1_62' title='bbox 615 1358 712 1418; x_wconf 72' lang='lat'>16.</span> <span class='ocrx_word' id='word_1_63' title='bbox 761 1357 963 1434; x_wconf 82' lang='lat' dir='ltr'>Atque</span> <span class='ocrx_word' id='word_1_64' title='bbox 1013 1373 1090 1415; x_wconf 80' lang='lat' dir='ltr'>ex</span> <span class='ocrx_word' id='word_1_65' title='bbox 1127 1357 1224 1416; x_wconf 83' lang='lat' dir='ltr'>hls</span> <span class='ocrx_word' id='word_1_66' title='bbox 1264 1356 1555 1418; x_wconf 90' lang='lat' dir='ltr'>omnibus</span> <span class='ocrx_word' id='word_1_67' title='bbox 1601 1352 1912 1416; x_wconf 89' lang='lat' dir='ltr'>sententia</span> <span class='ocrx_word' id='word_1_68' title='bbox 1953 1371 2091 1431; x_wconf 87' lang='lat' dir='ltr'>pro·</span> 
     </span>
     <span class='ocr_line' id='line_1_12' title="bbox 429 1445 2091 1532; baseline -0.004 -21"><span class='ocrx_word' id='word_1_69' title='bbox 429 1475 452 1496; x_wconf 64' lang='grc' dir='ltr'>ν</span> <span class='ocrx_word' id='word_1_70' title='bbox 531 1451 752 1532; x_wconf 83' lang='lat' dir='ltr'>posita,</span> <span class='ocrx_word' id='word_1_71' title='bbox 787 1467 912 1509; x_wconf 88' lang='lat' dir='ltr'>non</span> <span class='ocrx_word' id='word_1_72' title='bbox 946 1449 1148 1509; x_wconf 91' lang='lat' dir='ltr'>solum</span> <span class='ocrx_word' id='word_1_73' title='bbox 1175 1451 1502 1530; x_wconf 80' lang='lat' dir='ltr'><strong>Augustini</strong></span> <span class='ocrx_word' id='word_1_74' title='bbox 1541 1447 1906 1510; x_wconf 88' lang='lat' dir='ltr'>auctoritate</span> <span class='ocrx_word' id='word_1_75' title='bbox 1931 1491 1945 1518; x_wconf 90' lang='lat'>‚</span> <span class='ocrx_word' id='word_1_76' title='bbox 1980 1445 2091 1506; x_wconf 88' lang='lat' dir='ltr'>sed</span> 
     </span>
     <span class='ocr_line' id='line_1_13' title="bbox 532 1541 2091 1621; baseline -0.004 -15"><span class='ocrx_word' id='word_1_77' title='bbox 532 1545 719 1606; x_wconf 87' lang='lat' dir='ltr'>etiam</span> <span class='ocrx_word' id='word_1_78' title='bbox 761 1543 969 1604; x_wconf 89' lang='lat' dir='ltr'>multis</span> <span class='ocrx_word' id='word_1_79' title='bbox 1019 1543 1392 1621; x_wconf 87' lang='lat' dir='ltr'>conjecturis</span> <span class='ocrx_word' id='word_1_80' title='bbox 1445 1548 1506 1603; x_wconf 90' lang='lat' dir='ltr'>et</span> <span class='ocrx_word' id='word_1_81' title='bbox 1549 1541 1892 1604; x_wconf 87' lang='lat' dir='ltr'>rationibus</span> <span class='ocrx_word' id='word_1_82' title='bbox 1925 1557 2091 1600; x_wconf 91' lang='lat' dir='ltr'>com-</span> 
     </span>
     <span class='ocr_line' id='line_1_14' title="bbox 529 1632 2090 1719; baseline -0.004 -20"><span class='ocrx_word' id='word_1_83' title='bbox 529 1639 790 1719; x_wconf 87' lang='lat' dir='ltr'>probata</span> <span class='ocrx_word' id='word_1_84' title='bbox 818 1644 941 1710; x_wconf 86' lang='lat' dir='ltr'>est;</span> <span class='ocrx_word' id='word_1_85' title='bbox 972 1638 1140 1716; x_wconf 80' lang='lat' dir='ltr'>quia,</span> <span class='ocrx_word' id='word_1_86' title='bbox 1173 1638 1314 1698; x_wconf 84' lang='lat' dir='ltr'>licet</span> <span class='ocrx_word' id='word_1_87' title='bbox 1350 1655 1426 1698; x_wconf 83' lang='lat' dir='ltr'>ex</span> <span class='ocrx_word' id='word_1_88' title='bbox 1451 1641 1627 1715; x_wconf 86' lang='lat' dir='ltr'>parte</span> <span class='ocrx_word' id='word_1_89' title='bbox 1668 1633 1941 1696; x_wconf 89' lang='lat' dir='ltr'>hominis</span> <span class='ocrx_word' id='word_1_90' title='bbox 1983 1632 2090 1693; x_wconf 85' lang='lat' dir='ltr'>illa</span> 
     </span>
     <span class='ocr_line' id='line_1_15' title="bbox 531 1726 2090 1809; baseline -0.005 -15"><span class='ocrx_word' id='word_1_91' title='bbox 531 1732 749 1794; x_wconf 78' lang='lat' dir='ltr'>electio</span> <span class='ocrx_word' id='word_1_92' title='bbox 777 1749 906 1792; x_wconf 90' lang='lat' dir='ltr'>non</span> <span class='ocrx_word' id='word_1_93' title='bbox 955 1733 1032 1792; x_wconf 82' lang='lat' dir='ltr'>sit</span> <span class='ocrx_word' id='word_1_94' title='bbox 1071 1731 1433 1809; x_wconf 89' lang='lat' dir='ltr'>simpliciter</span> <span class='ocrx_word' id='word_1_95' title='bbox 1472 1728 1828 1790; x_wconf 86' lang='lat' dir='ltr'>necessaria</span> <span class='ocrx_word' id='word_1_96' title='bbox 1871 1733 1939 1787; x_wconf 92' lang='lat' dir='ltr'>ut</span> <span class='ocrx_word' id='word_1_97' title='bbox 1970 1726 2090 1786; x_wconf 85' lang='lat' dir='ltr'>sal-</span> 
     </span>
     <span class='ocr_line' id='line_1_16' title="bbox 529 1821 2093 1904; baseline -0.003 -19"><span class='ocrx_word' id='word_1_98' title='bbox 529 1825 660 1886; x_wconf 82' lang='lat' dir='ltr'>vari</span> <span class='ocrx_word' id='word_1_99' title='bbox 689 1825 904 1904; x_wconf 82' lang='lat' dir='ltr'><strong>possit,</strong></span> <span class='ocrx_word' id='word_1_100' title='bbox 945 1828 1009 1886; x_wconf 91' lang='lat' dir='ltr'>et</span> <span class='ocrx_word' id='word_1_101' title='bbox 1034 1824 1298 1885; x_wconf 81' lang='lat' dir='ltr'>fortasse</span> <span class='ocrx_word' id='word_1_102' title='bbox 1330 1824 1519 1884; x_wconf 82' lang='lat' dir='ltr'>etiam</span> <span class='ocrx_word' id='word_1_103' title='bbox 1549 1842 1624 1883; x_wconf 86' lang='lat' dir='ltr'>ex</span> <span class='ocrx_word' id='word_1_104' title='bbox 1659 1827 1833 1902; x_wconf 88' lang='lat' dir='ltr'>parte</span> <span class='ocrx_word' id='word_1_105' title='bbox 1863 1821 1997 1891; x_wconf 89' lang='lat' dir='ltr'>Dei,</span> <span class='ocrx_word' id='word_1_106' title='bbox 2031 1824 2093 1880; x_wconf 78' lang='lat' dir='ltr'>et</span> 
     </span>
    </p>
   </div>
   <div class='ocr_carea' id='block_1_3' title="bbox 531 1912 2103 1996">
    <p class='ocr_par' dir='ltr' id='par_1_4' title="bbox 531 1912 2103 1996">
     <span class='ocr_line' id='line_1_17' title="bbox 531 1912 2103 1996; baseline -0.006 -17"><span class='ocrx_word' id='word_1_107' title='bbox 531 1917 610 1979; x_wconf 88' lang='lat' dir='ltr'>de</span> <span class='ocrx_word' id='word_1_108' title='bbox 663 1919 937 1996; x_wconf 85' lang='lat' dir='ltr'>potentia</span> <span class='ocrx_word' id='word_1_109' title='bbox 985 1917 1270 1978; x_wconf 87' lang='lat' dir='ltr'>absoluta</span> <span class='ocrx_word' id='word_1_110' title='bbox 1313 1917 1452 1978; x_wconf 90' lang='lat' dir='ltr'>talis</span> <span class='ocrx_word' id='word_1_111' title='bbox 1505 1915 1728 1976; x_wconf 91' lang='lat' dir='ltr'>modus</span> <span class='ocrx_word' id='word_1_112' title='bbox 1770 1912 2103 1975; x_wconf 84' lang='lat' dir='ltr'>electionis.</span> 
     </span>
    </p>
   </div>
   <div class='ocr_carea' id='block_1_4' title="bbox 509 2006 2095 5352">
    <p class='ocr_par' dir='ltr' id='par_1_5' title="bbox 509 2006 2095 5352">
     <span class='ocr_line' id='line_1_18' title="bbox 529 2006 2091 2087; baseline -0.004 -15"><span class='ocrx_word' id='word_1_113' title='bbox 529 2030 658 2072; x_wconf 89' lang='lat' dir='ltr'>non</span> <span class='ocrx_word' id='word_1_114' title='bbox 687 2011 873 2072; x_wconf 88' lang='lat' dir='ltr'>fuerit</span> <span class='ocrx_word' id='word_1_115' title='bbox 895 2012 1306 2081; x_wconf 84' lang='lat' dir='ltr'>necessarius,</span> <span class='ocrx_word' id='word_1_116' title='bbox 1344 2016 1412 2070; x_wconf 92' lang='lat' dir='ltr'>ut</span> <span class='ocrx_word' id='word_1_117' title='bbox 1438 2009 1628 2087; x_wconf 82' lang='lat' dir='ltr'>aliqui</span> <span class='ocrx_word' id='word_1_118' title='bbox 1658 2008 1945 2068; x_wconf 87' lang='lat' dir='ltr'>homines</span> <span class='ocrx_word' id='word_1_119' title='bbox 1974 2006 2091 2065; x_wconf 86' lang='lat' dir='ltr'>sal·</span> 
     </span>
     <span class='ocr_line' id='line_1_19' title="bbox 529 2100 2091 2184; baseline -0.003 -20"><span class='ocrx_word' id='word_1_120' title='bbox 529 2109 861 2178; x_wconf 82' lang='lat' dir='ltr'>vorentur,</span> <span class='ocrx_word' id='word_1_121' title='bbox 898 2110 1129 2176; x_wconf 83' lang='lat' dir='ltr'>tamen,</span> <span class='ocrx_word' id='word_1_122' title='bbox 1164 2104 1486 2184; x_wconf 87' lang='lat' dir='ltr'>supposito</span> <span class='ocrx_word' id='word_1_123' title='bbox 1541 2100 1728 2162; x_wconf 91' lang='lat' dir='ltr'>modo</span> <span class='ocrx_word' id='word_1_124' title='bbox 1757 2100 2091 2178; x_wconf 85' lang='lat' dir='ltr'>providen-</span> 
     </span>
     <span class='ocr_line' id='line_1_20' title="bbox 527 2195 2092 2275; baseline -0.003 -19"><span class='ocrx_word' id='word_1_125' title='bbox 527 2198 628 2256; x_wconf 85' lang='lat' dir='ltr'>tiae</span> <span class='ocrx_word' id='word_1_126' title='bbox 661 2198 1170 2274; x_wconf 83' lang='lat' dir='ltr'>supernaturaliS‚</span> <span class='ocrx_word' id='word_1_127' title='bbox 1225 2215 1414 2275; x_wconf 87' lang='lat' dir='ltr'>quem</span> <span class='ocrx_word' id='word_1_128' title='bbox 1445 2198 1645 2257; x_wconf 91' lang='lat' dir='ltr'>Deum</span> <span class='ocrx_word' id='word_1_129' title='bbox 1687 2195 1922 2255; x_wconf 88' lang='lat' dir='ltr'>habere</span> <span class='ocrx_word' id='word_1_130' title='bbox 1964 2209 2092 2253; x_wconf 91' lang='lat' dir='ltr'>cre-</span> 
     </span>
     <span class='ocr_line' id='line_1_21' title="bbox 531 2289 2089 2368; baseline -0.004 -17"><span class='ocrx_word' id='word_1_131' title='bbox 531 2291 736 2352; x_wconf 85' lang='lat' dir='ltr'>dimus</span> <span class='ocrx_word' id='word_1_132' title='bbox 789 2309 930 2350; x_wconf 86' lang='lat' dir='ltr'>cum</span> <span class='ocrx_word' id='word_1_133' title='bbox 977 2291 1207 2364; x_wconf 79' lang='lat' dir='ltr'>electiS,</span> <span class='ocrx_word' id='word_1_134' title='bbox 1261 2310 1339 2352; x_wconf 80' lang='lat' dir='ltr'>ex</span> <span class='ocrx_word' id='word_1_135' title='bbox 1385 2290 1489 2349; x_wconf 90' lang='lat' dir='ltr'>illo</span> <span class='ocrx_word' id='word_1_136' title='bbox 1539 2289 1908 2368; x_wconf 83' lang='lat' dir='ltr'>colligimuS‚</span> <span class='ocrx_word' id='word_1_137' title='bbox 1958 2303 2089 2358; x_wconf 68' lang='grc' dir='ltr'>θος,</span> 
     </span>
     <span class='ocr_line' id='line_1_22' title="bbox 531 2381 2092 2464; baseline -0.004 -20"><span class='ocrx_word' id='word_1_138' title='bbox 531 2390 676 2444; x_wconf 86' lang='lat' dir='ltr'>ante</span> <span class='ocrx_word' id='word_1_139' title='bbox 715 2383 978 2464; x_wconf 82' lang='lat' dir='ltr'>praevisa</span> <span class='ocrx_word' id='word_1_140' title='bbox 1021 2383 1266 2454; x_wconf 78' lang='lat' dir='ltr'>merita,</span> <span class='ocrx_word' id='word_1_141' title='bbox 1307 2402 1420 2444; x_wconf 85' lang='lat' dir='ltr'>sua</span> <span class='ocrx_word' id='word_1_142' title='bbox 1460 2383 1730 2459; x_wconf 79' lang='lat' dir='ltr'>gratuita</span> <span class='ocrx_word' id='word_1_143' title='bbox 1775 2381 2092 2441; x_wconf 83' lang='lat' dir='ltr'>voluntate</span> 
     </span>
     <span class='ocr_line' id='line_1_23' title="bbox 532 2471 2095 2556; baseline -0.004 -18"><span class='ocrx_word' id='word_1_144' title='bbox 532 2477 797 2556; x_wconf 80' lang='lat' dir='ltr'>elegisse</span> <span class='ocrx_word' id='word_1_145' title='bbox 827 2496 955 2536; x_wconf 92' lang='lat' dir='ltr'>non</span> <span class='ocrx_word' id='word_1_146' title='bbox 1002 2483 1244 2538; x_wconf 89' lang='lat' dir='ltr'>tantum</span> <span class='ocrx_word' id='word_1_147' title='bbox 1277 2476 1356 2537; x_wconf 90' lang='lat' dir='ltr'>ad</span> <span class='ocrx_word' id='word_1_148' title='bbox 1397 2495 1591 2535; x_wconf 90' lang='lat' dir='ltr'>unum</span> <span class='ocrx_word' id='word_1_149' title='bbox 1636 2474 1737 2535; x_wconf 70' lang='lat' dir='ltr'>vel</span> <span class='ocrx_word' id='word_1_150' title='bbox 1776 2473 1946 2534; x_wconf 86' lang='lat' dir='ltr'>aliud</span> <span class='ocrx_word' id='word_1_151' title='bbox 1988 2471 2095 2532; x_wconf 89' lang='lat' dir='ltr'>be-</span> 
     </span>
     <span class='ocr_line' id='line_1_24' title="bbox 529 2562 2095 2650; baseline -0.005 -19"><span class='ocrx_word' id='word_1_152' title='bbox 529 2570 826 2632; x_wconf 88' lang='lat' dir='ltr'>neficium</span> <span class='ocrx_word' id='word_1_153' title='bbox 853 2570 1093 2650; x_wconf 63' lang='lat' dir='ltr'>gratiae,</span> <span class='ocrx_word' id='word_1_154' title='bbox 1127 2589 1236 2631; x_wconf 91' lang='lat' dir='ltr'>seu</span> <span class='ocrx_word' id='word_1_155' title='bbox 1267 2569 1608 2630; x_wconf 77' lang='lat' dir='ltr'>vocationis</span> <span class='ocrx_word' id='word_1_156' title='bbox 1635 2583 1953 2646; x_wconf 78' lang='lat' dir='ltr'>congruae,</span> <span class='ocrx_word' id='word_1_157' title='bbox 1982 2562 2095 2624; x_wconf 92' lang='lat' dir='ltr'>sed</span> 
     </span>
     <span class='ocr_line' id='line_1_25' title="bbox 531 2658 2091 2741; baseline -0.005 -16"><span class='ocrx_word' id='word_1_158' title='bbox 531 2665 613 2725; x_wconf 88' lang='lat' dir='ltr'>ad</span> <span class='ocrx_word' id='word_1_159' title='bbox 651 2668 844 2724; x_wconf 88' lang='lat' dir='ltr'>totam</span> <span class='ocrx_word' id='word_1_160' title='bbox 879 2665 1106 2724; x_wconf 89' lang='lat' dir='ltr'>seriem</span> <span class='ocrx_word' id='word_1_161' title='bbox 1136 2664 1511 2737; x_wconf 88' lang='lat' dir='ltr'>mediorum,</span> <span class='ocrx_word' id='word_1_162' title='bbox 1549 2663 1774 2741; x_wconf 87' lang='lat' dir='ltr'>quibus</span> <span class='ocrx_word' id='word_1_163' title='bbox 1805 2658 2091 2720; x_wconf 82' lang='lat' dir='ltr'>infallibi-</span> 
     </span>
     <span class='ocr_line' id='line_1_26' title="bbox 529 2755 2095 2836; baseline -0.004 -18"><span class='ocrx_word' id='word_1_164' title='bbox 529 2758 671 2818; x_wconf 83' lang='lat' dir='ltr'>liter</span> <span class='ocrx_word' id='word_1_165' title='bbox 717 2755 1142 2835; x_wconf 89' lang='lat' dir='ltr'>perducuntur</span> <span class='ocrx_word' id='word_1_166' title='bbox 1183 2757 1264 2816; x_wconf 87' lang='lat' dir='ltr'>ad</span> <span class='ocrx_word' id='word_1_167' title='bbox 1289 2773 1577 2836; x_wconf 84' lang='lat' dir='ltr'>regnum,</span> <span class='ocrx_word' id='word_1_168' title='bbox 1605 2762 1666 2816; x_wconf 89' lang='lat' dir='ltr'>ct</span> <span class='ocrx_word' id='word_1_169' title='bbox 1705 2771 2095 2832; x_wconf 87' lang='lat' dir='ltr'>consequen-</span> 
     </span>
     <span class='ocr_line' id='line_1_27' title="bbox 532 2848 2093 2929; baseline -0.004 -17"><span class='ocrx_word' id='word_1_170' title='bbox 532 2858 629 2912; x_wconf 87' lang='lat' dir='ltr'>ter</span> <span class='ocrx_word' id='word_1_171' title='bbox 662 2851 852 2911; x_wconf 87' lang='lat' dir='ltr'>etiam</span> <span class='ocrx_word' id='word_1_172' title='bbox 895 2850 1032 2912; x_wconf 91' lang='lat' dir='ltr'>illos</span> <span class='ocrx_word' id='word_1_173' title='bbox 1065 2851 1144 2910; x_wconf 88' lang='lat' dir='ltr'>ad</span> <span class='ocrx_word' id='word_1_174' title='bbox 1177 2849 1367 2910; x_wconf 87' lang='lat' dir='ltr'>finem</span> <span class='ocrx_word' id='word_1_175' title='bbox 1418 2850 1621 2929; x_wconf 89' lang='lat' dir='ltr'>ipsum</span> <span class='ocrx_word' id='word_1_176' title='bbox 1668 2867 1780 2909; x_wconf 84' lang='lat' dir='ltr'>scu</span> <span class='ocrx_word' id='word_1_177' title='bbox 1829 2848 2093 2925; x_wconf 82' lang='lat' dir='ltr'>gloriam</span> 
     </span>
     <span class='ocr_line' id='line_1_28' title="bbox 531 2941 2093 3024; baseline -0.002 -20"><span class='ocrx_word' id='word_1_178' title='bbox 531 2944 950 3024; x_wconf 85' lang='lat' dir='ltr'>praeclcgissc.</span> <span class='ocrx_word' id='word_1_179' title='bbox 1001 2945 1076 3004; x_wconf 85' lang='lat' dir='ltr'>Et</span> <span class='ocrx_word' id='word_1_180' title='bbox 1104 2947 1308 3023; x_wconf 90' lang='lat' dir='ltr'>potest</span> <span class='ocrx_word' id='word_1_181' title='bbox 1350 2944 1414 3004; x_wconf 89' lang='lat' dir='ltr'>in</span> <span class='ocrx_word' id='word_1_182' title='bbox 1465 2945 1629 3003; x_wconf 86' lang='lat' dir='ltr'>hunc</span> <span class='ocrx_word' id='word_1_183' title='bbox 1671 2942 1931 3002; x_wconf 88' lang='lat' dir='ltr'>modum</span> <span class='ocrx_word' id='word_1_184' title='bbox 1972 2941 2093 3001; x_wconf 87' lang='lat' dir='ltr'>alia</span> 
     </span>
     <span class='ocr_line' id='line_1_29' title="bbox 531 3034 2094 3117; baseline -0.003 -21"><span class='ocrx_word' id='word_1_185' title='bbox 531 3036 689 3097; x_wconf 88' lang='lat' dir='ltr'>ratio</span> <span class='ocrx_word' id='word_1_186' title='bbox 729 3037 1021 3108; x_wconf 78' lang='lat' dir='ltr'>formari3</span> <span class='ocrx_word' id='word_1_187' title='bbox 1052 3055 1198 3096; x_wconf 89' lang='lat' dir='ltr'>nam</span> <span class='ocrx_word' id='word_1_188' title='bbox 1243 3037 1292 3096; x_wconf 91' lang='lat' dir='ltr'>si</span> <span class='ocrx_word' id='word_1_189' title='bbox 1324 3035 1746 3117; x_wconf 62' lang='lat' dir='ltr'>praedestinati</span> <span class='ocrx_word' id='word_1_190' title='bbox 1781 3034 2094 3115; x_wconf 86' lang='lat' dir='ltr'>eliguntur</span> 
     </span>
     <span class='ocr_line' id='line_1_30' title="bbox 533 3130 2091 3209; baseline -0.001 -19"><span class='ocrx_word' id='word_1_191' title='bbox 533 3130 614 3191; x_wconf 89' lang='lat' dir='ltr'>ad</span> <span class='ocrx_word' id='word_1_192' title='bbox 655 3130 917 3206; x_wconf 84' lang='lat' dir='ltr'>gloriam</span> <span class='ocrx_word' id='word_1_193' title='bbox 965 3132 1046 3193; x_wconf 89' lang='lat' dir='ltr'>ob</span> <span class='ocrx_word' id='word_1_194' title='bbox 1085 3134 1304 3191; x_wconf 86' lang='lat' dir='ltr'>merita</span> <span class='ocrx_word' id='word_1_195' title='bbox 1347 3130 1634 3209; x_wconf 66' lang='lat' dir='ltr'>praevisa,</span> <span class='ocrx_word' id='word_1_196' title='bbox 1681 3130 1780 3190; x_wconf 78' lang='lat' dir='ltr'>vel</span> <span class='ocrx_word' id='word_1_197' title='bbox 1829 3130 1947 3190; x_wconf 87' lang='lat' dir='ltr'>hoc</span> <span class='ocrx_word' id='word_1_198' title='bbox 2000 3134 2091 3189; x_wconf 90' lang='lat' dir='ltr'>est</span> 
     </span>
     <span class='ocr_line' id='line_1_31' title="bbox 531 3222 2093 3303; baseline -0.001 -20"><span class='ocrx_word' id='word_1_199' title='bbox 531 3230 784 3303; x_wconf 82' lang='lat' dir='ltr'>propter</span> <span class='ocrx_word' id='word_1_200' title='bbox 826 3242 1018 3283; x_wconf 89' lang='lat' dir='ltr'>unum</span> <span class='ocrx_word' id='word_1_201' title='bbox 1061 3224 1157 3284; x_wconf 81' lang='lat' dir='ltr'>vel</span> <span class='ocrx_word' id='word_1_202' title='bbox 1218 3224 1409 3283; x_wconf 89' lang='lat' dir='ltr'>alium</span> <span class='ocrx_word' id='word_1_203' title='bbox 1453 3229 1660 3283; x_wconf 85' lang='lat' dir='ltr'>actum</span> <span class='ocrx_word' id='word_1_204' title='bbox 1705 3222 2093 3283; x_wconf 87' lang='lat' dir='ltr'>meritorium</span> 
     </span>
     <span class='ocr_line' id='line_1_32' title="bbox 529 3317 2091 3397; baseline -0.001 -21"><span class='ocrx_word' id='word_1_205' title='bbox 529 3335 646 3397; x_wconf 84' lang='lat' dir='ltr'>per</span> <span class='ocrx_word' id='word_1_206' title='bbox 677 3334 744 3377; x_wconf 88' lang='lat' dir='ltr'>se</span> <span class='ocrx_word' id='word_1_207' title='bbox 781 3335 854 3376; x_wconf 92' lang='lat' dir='ltr'>ac</span> <span class='ocrx_word' id='word_1_208' title='bbox 879 3318 1136 3396; x_wconf 84' lang='lat' dir='ltr'>praecisc</span> <span class='ocrx_word' id='word_1_209' title='bbox 1168 3324 1482 3396; x_wconf 90' lang='lat' dir='ltr'>sumptum</span> <span class='ocrx_word' id='word_1_210' title='bbox 1505 3362 1520 3389; x_wconf 93' lang='lat'>,</span> <span class='ocrx_word' id='word_1_211' title='bbox 1549 3317 1650 3377; x_wconf 79' lang='lat' dir='ltr'>vel</span> <span class='ocrx_word' id='word_1_212' title='bbox 1669 3322 1924 3395; x_wconf 86' lang='lat' dir='ltr'>propter</span> <span class='ocrx_word' id='word_1_213' title='bbox 1951 3334 2091 3395; x_wconf 87' lang='lat' dir='ltr'>per·</span> 
     </span>
     <span class='ocr_line' id='line_1_33' title="bbox 531 3408 2093 3482; baseline 0 -13"><span class='ocrx_word' id='word_1_214' title='bbox 531 3410 946 3470; x_wconf 87' lang='lat' dir='ltr'>severantiam</span> <span class='ocrx_word' id='word_1_215' title='bbox 999 3411 1064 3469; x_wconf 92' lang='lat' dir='ltr'>in</span> <span class='ocrx_word' id='word_1_216' title='bbox 1112 3410 1280 3470; x_wconf 91' lang='lat' dir='ltr'>bono</span> <span class='ocrx_word' id='word_1_217' title='bbox 1324 3410 1583 3482; x_wconf 85' lang='lat' dir='ltr'>merite,</span> <span class='ocrx_word' id='word_1_218' title='bbox 1635 3410 1732 3469; x_wconf 71' lang='lat' dir='ltr'>vel</span> <span class='ocrx_word' id='word_1_219' title='bbox 1777 3410 1841 3469; x_wconf 89' lang='lat' dir='ltr'>in</span> <span class='ocrx_word' id='word_1_220' title='bbox 1886 3408 2093 3469; x_wconf 81' lang='lat' dir='ltr'>fructu</span> 
     </span>
     <span class='ocr_line' id='line_1_34' title="bbox 533 3501 2091 3581; baseline 0 -20"><span class='ocrx_word' id='word_1_221' title='bbox 533 3502 690 3580; x_wconf 77' lang='lat' dir='ltr'>ejuS,</span> <span class='ocrx_word' id='word_1_222' title='bbox 725 3520 922 3581; x_wconf 88' lang='lat' dir='ltr'>usque</span> <span class='ocrx_word' id='word_1_223' title='bbox 955 3501 1032 3562; x_wconf 88' lang='lat' dir='ltr'>ad</span> <span class='ocrx_word' id='word_1_224' title='bbox 1075 3502 1270 3562; x_wconf 86' lang='lat' dir='ltr'>finem</span> <span class='ocrx_word' id='word_1_225' title='bbox 1295 3502 1459 3564; x_wconf 82' lang='lat' dir='ltr'>vitae.</span> <span class='ocrx_word' id='word_1_226' title='bbox 1507 3504 1780 3563; x_wconf 90' lang='lat' dir='ltr'>Primum</span> <span class='ocrx_word' id='word_1_227' title='bbox 1812 3502 1932 3562; x_wconf 91' lang='lat' dir='ltr'>dici</span> <span class='ocrx_word' id='word_1_228' title='bbox 1962 3520 2091 3562; x_wconf 91' lang='lat' dir='ltr'>non</span> 
     </span>
     <span class='ocr_line' id='line_1_35' title="bbox 530 3595 2093 3675; baseline 0.001 -20"><span class='ocrx_word' id='word_1_229' title='bbox 530 3600 756 3674; x_wconf 85' lang='lat' dir='ltr'>potest,</span> <span class='ocrx_word' id='word_1_230' title='bbox 789 3602 922 3655; x_wconf 89' lang='lat' dir='ltr'>tum</span> <span class='ocrx_word' id='word_1_231' title='bbox 953 3596 1098 3674; x_wconf 90' lang='lat' dir='ltr'>quia</span> <span class='ocrx_word' id='word_1_232' title='bbox 1125 3595 1301 3668; x_wconf 77' lang='lat' dir='ltr'>aliae,</span> <span class='ocrx_word' id='word_1_233' title='bbox 1335 3614 1556 3657; x_wconf 89' lang='lat' dir='ltr'>omnes</span> <span class='ocrx_word' id='word_1_234' title='bbox 1586 3597 1690 3675; x_wconf 89' lang='lat' dir='ltr'>qui</span> <span class='ocrx_word' id='word_1_235' title='bbox 1720 3596 1957 3656; x_wconf 87' lang='lat' dir='ltr'>hahent</span> <span class='ocrx_word' id='word_1_236' title='bbox 1980 3596 2093 3656; x_wconf 90' lang='lat' dir='ltr'>ali-</span> 
     </span>
     <span class='ocr_line' id='line_1_36' title="bbox 530 3688 2084 3766; baseline 0 -19"><span class='ocrx_word' id='word_1_237' title='bbox 530 3706 718 3766; x_wconf 89' lang='lat' dir='ltr'>quem</span> <span class='ocrx_word' id='word_1_238' title='bbox 740 3694 947 3748; x_wconf 89' lang='lat' dir='ltr'>actum</span> <span class='ocrx_word' id='word_1_239' title='bbox 975 3688 1383 3759; x_wconf 83' lang='lat' dir='ltr'>meritorium,</span> <span class='ocrx_word' id='word_1_240' title='bbox 1407 3690 1611 3749; x_wconf 87' lang='lat' dir='ltr'>statim</span> <span class='ocrx_word' id='word_1_241' title='bbox 1633 3688 1854 3749; x_wconf 84' lang='lat' dir='ltr'>fierent</span> <span class='ocrx_word' id='word_1_242' title='bbox 1881 3688 2084 3761; x_wconf 88' lang='lat' dir='ltr'>clccti;</span> 
     </span>
     <span class='ocr_line' id='line_1_37' title="bbox 525 3780 2089 3861; baseline 0.002 -22"><span class='ocrx_word' id='word_1_243' title='bbox 525 3799 655 3840; x_wconf 88' lang='lat' dir='ltr'>non</span> <span class='ocrx_word' id='word_1_244' title='bbox 693 3786 786 3839; x_wconf 88' lang='lat' dir='ltr'>est</span> <span class='ocrx_word' id='word_1_245' title='bbox 839 3780 1006 3841; x_wconf 84' lang='lat' dir='ltr'>enim</span> <span class='ocrx_word' id='word_1_246' title='bbox 1049 3782 1252 3861; x_wconf 88' lang='lat' dir='ltr'>major</span> <span class='ocrx_word' id='word_1_247' title='bbox 1273 3782 1429 3842; x_wconf 88' lang='lat' dir='ltr'>ratio</span> <span class='ocrx_word' id='word_1_248' title='bbox 1482 3782 1559 3843; x_wconf 93' lang='lat' dir='ltr'>de</span> <span class='ocrx_word' id='word_1_249' title='bbox 1591 3801 1716 3843; x_wconf 92' lang='lat' dir='ltr'>uno</span> <span class='ocrx_word' id='word_1_250' title='bbox 1766 3799 1957 3861; x_wconf 90' lang='lat' dir='ltr'>quam</span> <span class='ocrx_word' id='word_1_251' title='bbox 2010 3782 2089 3842; x_wconf 88' lang='lat' dir='ltr'>de</span> 
     </span>
     <span class='ocr_line' id='line_1_38' title="bbox 527 3872 2088 3953; baseline 0.002 -20"><span class='ocrx_word' id='word_1_252' title='bbox 527 3872 683 3943; x_wconf 89' lang='lat' dir='ltr'>alio;</span> <span class='ocrx_word' id='word_1_253' title='bbox 717 3880 848 3933; x_wconf 85' lang='lat' dir='ltr'>tum</span> <span class='ocrx_word' id='word_1_254' title='bbox 881 3874 1070 3933; x_wconf 86' lang='lat' dir='ltr'>etiam</span> <span class='ocrx_word' id='word_1_255' title='bbox 1119 3874 1264 3953; x_wconf 87' lang='lat' dir='ltr'>quia</span> <span class='ocrx_word' id='word_1_256' title='bbox 1317 3875 1471 3935; x_wconf 87' lang='lat' dir='ltr'>alias</span> <span class='ocrx_word' id='word_1_257' title='bbox 1509 3882 1856 3937; x_wconf 84' lang='lat' dir='ltr'>mereretur</span> <span class='ocrx_word' id='word_1_258' title='bbox 1897 3875 2088 3936; x_wconf 89' lang='lat' dir='ltr'>homo</span> 
     </span>
     <span class='ocr_line' id='line_1_39' title="bbox 524 3967 2091 4048; baseline 0.001 -21"><span class='ocrx_word' id='word_1_259' title='bbox 524 3967 1058 4045; x_wconf 85' lang='lat' dir='ltr'>perseverantiam</span> <span class='ocrx_word' id='word_1_260' title='bbox 1101 3968 1166 4027; x_wconf 93' lang='lat' dir='ltr'>in</span> <span class='ocrx_word' id='word_1_261' title='bbox 1201 3968 1395 4042; x_wconf 88' lang='lat' dir='ltr'>bono,</span> <span class='ocrx_word' id='word_1_262' title='bbox 1437 3969 1583 4047; x_wconf 91' lang='lat' dir='ltr'>quia</span> <span class='ocrx_word' id='word_1_263' title='bbox 1614 3975 1759 4031; x_wconf 91' lang='lat' dir='ltr'>ante</span> <span class='ocrx_word' id='word_1_264' title='bbox 1795 3988 2091 4048; x_wconf 86' lang='lat' dir='ltr'>perseve-</span> 
     </span>
     <span class='ocr_line' id='line_1_40' title="bbox 522 4060 2086 4142; baseline 0.003 -24"><span class='ocrx_word' id='word_1_265' title='bbox 522 4060 792 4121; x_wconf 86' lang='lat' dir='ltr'>rantiam</span> <span class='ocrx_word' id='word_1_266' title='bbox 814 4064 1162 4121; x_wconf 89' lang='lat' dir='ltr'>mereretur</span> <span class='ocrx_word' id='word_1_267' title='bbox 1189 4060 1558 4123; x_wconf 85' lang='lat' dir='ltr'>electionem</span> <span class='ocrx_word' id='word_1_268' title='bbox 1588 4062 1668 4123; x_wconf 89' lang='lat' dir='ltr'>ad</span> <span class='ocrx_word' id='word_1_269' title='bbox 1693 4062 1979 4142; x_wconf 82' lang='lat' dir='ltr'>gloriam,</span> <span class='ocrx_word' id='word_1_270' title='bbox 2011 4080 2086 4123; x_wconf 86' lang='lat' dir='ltr'>ex</span> 
     </span>
     <span class='ocr_line' id='line_1_41' title="bbox 523 4154 2085 4233; baseline 0.002 -21"><span class='ocrx_word' id='word_1_271' title='bbox 523 4172 648 4232; x_wconf 86' lang='lat' dir='ltr'>qua</span> <span class='ocrx_word' id='word_1_272' title='bbox 698 4154 1055 4215; x_wconf 89' lang='lat' dir='ltr'>necessario</span> <span class='ocrx_word' id='word_1_273' title='bbox 1088 4154 1370 4233; x_wconf 87' lang='lat' dir='ltr'>sequitur</span> <span class='ocrx_word' id='word_1_274' title='bbox 1413 4155 1914 4233; x_wconf 80' lang='lat' dir='ltr'>perseverantia3</span> <span class='ocrx_word' id='word_1_275' title='bbox 1952 4161 2085 4216; x_wconf 92' lang='lat' dir='ltr'>tum</span> 
     </span>
     <span class='ocr_line' id='line_1_42' title="bbox 522 4247 2079 4326; baseline 0.001 -19"><span class='ocrx_word' id='word_1_276' title='bbox 522 4247 795 4326; x_wconf 82' lang='lat' dir='ltr'>denique</span> <span class='ocrx_word' id='word_1_277' title='bbox 839 4247 985 4326; x_wconf 87' lang='lat' dir='ltr'>quia</span> <span class='ocrx_word' id='word_1_278' title='bbox 1040 4248 1380 4308; x_wconf 79' lang='lat' dir='ltr'>Concilium</span> <span class='ocrx_word' id='word_1_279' title='bbox 1414 4248 1878 4323; x_wconf 87' lang='lat' dir='ltr'>Tridentinum,</span> <span class='ocrx_word' id='word_1_280' title='bbox 1925 4267 2079 4309; x_wconf 76' lang='lat' dir='ltr'>sess·</span> 
     </span>
     <span class='ocr_line' id='line_1_43' title="bbox 520 4340 2085 4419; baseline 0.002 -20"><span class='ocrx_word' id='word_1_281' title='bbox 520 4340 581 4413; x_wconf 80' lang='grc'>6,</span> <span class='ocrx_word' id='word_1_282' title='bbox 617 4340 798 4401; x_wconf 80' lang='lat' dir='ltr'>docet</span> <span class='ocrx_word' id='word_1_283' title='bbox 837 4340 1041 4419; x_wconf 88' lang='lat' dir='ltr'>justos</span> <span class='ocrx_word' id='word_1_284' title='bbox 1079 4358 1206 4400; x_wconf 88' lang='lat' dir='ltr'>nou</span> <span class='ocrx_word' id='word_1_285' title='bbox 1249 4340 1531 4401; x_wconf 87' lang='lat' dir='ltr'>absolute</span> <span class='ocrx_word' id='word_1_286' title='bbox 1585 4342 1813 4402; x_wconf 88' lang='lat' dir='ltr'>mereri</span> <span class='ocrx_word' id='word_1_287' title='bbox 1865 4360 2085 4403; x_wconf 89' lang='lat' dir='ltr'>conse-</span> 
     </span>
     <span class='ocr_line' id='line_1_44' title="bbox 520 4431 2085 4511; baseline 0.002 -18"><span class='ocrx_word' id='word_1_288' title='bbox 520 4432 834 4493; x_wconf 82' lang='lat' dir='ltr'>cutionem</span> <span class='ocrx_word' id='word_1_289' title='bbox 865 4431 1099 4511; x_wconf 59' lang='lat' dir='ltr'>glorias,</span> <span class='ocrx_word' id='word_1_290' title='bbox 1159 4432 1269 4493; x_wconf 90' lang='lat' dir='ltr'>scd</span> <span class='ocrx_word' id='word_1_291' title='bbox 1327 4433 1443 4493; x_wconf 85' lang='lat' dir='ltr'>sub</span> <span class='ocrx_word' id='word_1_292' title='bbox 1493 4434 1872 4508; x_wconf 85' lang='lat' dir='ltr'>conditione,</span> <span class='ocrx_word' id='word_1_293' title='bbox 1923 4434 1977 4495; x_wconf 86' lang='lat' dir='ltr'>si</span> <span class='ocrx_word' id='word_1_294' title='bbox 2022 4436 2085 4496; x_wconf 91' lang='lat' dir='ltr'>iu</span> 
     </span>
     <span class='ocr_line' id='line_1_45' title="bbox 519 4524 2085 4606; baseline 0.004 -23"><span class='ocrx_word' id='word_1_295' title='bbox 519 4525 718 4603; x_wconf 79' lang='lat' dir='ltr'>gratia</span> <span class='ocrx_word' id='word_1_296' title='bbox 755 4524 1173 4595; x_wconf 82' lang='lat' dir='ltr'>decesserint;</span> <span class='ocrx_word' id='word_1_297' title='bbox 1204 4544 1354 4603; x_wconf 85' lang='lat' dir='ltr'>ergo</span> <span class='ocrx_word' id='word_1_298' title='bbox 1383 4544 1588 4605; x_wconf 87' lang='lat' dir='ltr'>noque</span> <span class='ocrx_word' id='word_1_299' title='bbox 1622 4526 1902 4588; x_wconf 88' lang='lat' dir='ltr'>absolute</span> <span class='ocrx_word' id='word_1_300' title='bbox 1940 4547 2085 4606; x_wconf 91' lang='lat' dir='ltr'>pos-</span> 
     </span>
     <span class='ocr_line' id='line_1_46' title="bbox 519 4618 2085 4700; baseline 0.004 -24"><span class='ocrx_word' id='word_1_301' title='bbox 519 4623 664 4677; x_wconf 90' lang='lat' dir='ltr'>sunt</span> <span class='ocrx_word' id='word_1_302' title='bbox 701 4618 924 4677; x_wconf 89' lang='lat' dir='ltr'>mereri</span> <span class='ocrx_word' id='word_1_303' title='bbox 951 4618 1342 4691; x_wconf 79' lang='lat' dir='ltr'>electionem,</span> <span class='ocrx_word' id='word_1_304' title='bbox 1370 4638 1576 4698; x_wconf 88' lang='lat' dir='ltr'>neque</span> <span class='ocrx_word' id='word_1_305' title='bbox 1608 4621 1792 4681; x_wconf 89' lang='lat' dir='ltr'>etiam</span> <span class='ocrx_word' id='word_1_306' title='bbox 1823 4628 2085 4700; x_wconf 82' lang='lat' dir='ltr'>possunt</span> 
     </span>
     <span class='ocr_line' id='line_1_47' title="bbox 517 4710 2083 4793; baseline 0.004 -24"><span class='ocrx_word' id='word_1_307' title='bbox 517 4711 746 4771; x_wconf 85' lang='lat' dir='ltr'>mereri</span> <span class='ocrx_word' id='word_1_308' title='bbox 803 4710 1225 4772; x_wconf 86' lang='lat' dir='ltr'>conditionem</span> <span class='ocrx_word' id='word_1_309' title='bbox 1282 4712 1475 4785; x_wconf 90' lang='lat' dir='ltr'>illam,</span> <span class='ocrx_word' id='word_1_310' title='bbox 1515 4713 1578 4774; x_wconf 93' lang='lat' dir='ltr'>id</span> <span class='ocrx_word' id='word_1_311' title='bbox 1629 4720 1760 4787; x_wconf 88' lang='lat' dir='ltr'>est,</span> <span class='ocrx_word' id='word_1_312' title='bbox 1809 4714 1979 4793; x_wconf 90' lang='lat' dir='ltr'>quod</span> <span class='ocrx_word' id='word_1_313' title='bbox 2020 4716 2083 4777; x_wconf 92' lang='lat' dir='ltr'>in</span> 
     </span>
     <span class='ocr_line' id='line_1_48' title="bbox 516 4804 2083 4886; baseline 0.004 -23"><span class='ocrx_word' id='word_1_314' title='bbox 516 4804 714 4883; x_wconf 84' lang='lat' dir='ltr'>gratia</span> <span class='ocrx_word' id='word_1_315' title='bbox 744 4804 1093 4876; x_wconf 82' lang='lat' dir='ltr'>‹leccdant;</span> <span class='ocrx_word' id='word_1_316' title='bbox 1139 4808 1385 4877; x_wconf 87' lang='lat' dir='ltr'>merito,</span> <span class='ocrx_word' id='word_1_317' title='bbox 1427 4807 1679 4881; x_wconf 85' lang='lat' dir='ltr'>scilicet,</span> <span class='ocrx_word' id='word_1_318' title='bbox 1717 4809 1993 4886; x_wconf 83' lang='lat' dir='ltr'>perfecto</span> <span class='ocrx_word' id='word_1_319' title='bbox 2022 4815 2083 4869; x_wconf 88' lang='lat' dir='ltr'>et</span> 
     </span>
     <span class='ocr_line' id='line_1_49' title="bbox 514 4896 2072 4979; baseline 0.004 -24"><span class='ocrx_word' id='word_1_320' title='bbox 514 4896 862 4967; x_wconf 79' lang='lat' dir='ltr'>infallibili,</span> <span class='ocrx_word' id='word_1_321' title='bbox 912 4898 1083 4975; x_wconf 86' lang='lat' dir='ltr'>quod</span> <span class='ocrx_word' id='word_1_322' title='bbox 1122 4898 1186 4957; x_wconf 88' lang='lat' dir='ltr'>in</span> <span class='ocrx_word' id='word_1_323' title='bbox 1230 4898 1440 4976; x_wconf 86' lang='lat' dir='ltr'>aliquo</span> <span class='ocrx_word' id='word_1_324' title='bbox 1491 4906 1633 4961; x_wconf 87' lang='lat' dir='ltr'>actu</span> <span class='ocrx_word' id='word_1_325' title='bbox 1688 4902 2072 4979; x_wconf 78' lang='lat' dir='ltr'>reperiatur3</span> 
     </span>
     <span class='ocr_line' id='line_1_50' title="bbox 513 4990 2080 5069; baseline 0.003 -19"><span class='ocrx_word' id='word_1_326' title='bbox 513 4990 624 5051; x_wconf 88' lang='lat' dir='ltr'>scd</span> <span class='ocrx_word' id='word_1_327' title='bbox 655 4992 855 5049; x_wconf 90' lang='lat' dir='ltr'>solum</span> <span class='ocrx_word' id='word_1_328' title='bbox 885 4997 1149 5069; x_wconf 84' lang='lat' dir='ltr'>possunt</span> <span class='ocrx_word' id='word_1_329' title='bbox 1179 4990 1259 5051; x_wconf 89' lang='lat' dir='ltr'>ad</span> <span class='ocrx_word' id='word_1_330' title='bbox 1285 4990 1457 5052; x_wconf 90' lang='lat' dir='ltr'>illam</span> <span class='ocrx_word' id='word_1_331' title='bbox 1483 4993 1904 5054; x_wconf 87' lang='lat' dir='ltr'>conditionem</span> <span class='ocrx_word' id='word_1_332' title='bbox 1934 5013 2080 5055; x_wconf 88' lang='lat' dir='ltr'>coo-</span> 
     </span>
     <span class='ocr_line' id='line_1_51' title="bbox 510 5084 2075 5163; baseline 0.003 -20"><span class='ocrx_word' id='word_1_333' title='bbox 510 5084 716 5163; x_wconf 88' lang='lat' dir='ltr'>perari</span> <span class='ocrx_word' id='word_1_334' title='bbox 756 5084 1240 5163; x_wconf 83' lang='lat' dir='ltr'>perseverando,</span> <span class='ocrx_word' id='word_1_335' title='bbox 1291 5104 1401 5145; x_wconf 90' lang='lat' dir='ltr'>seu</span> <span class='ocrx_word' id='word_1_336' title='bbox 1447 5086 1866 5147; x_wconf 86' lang='lat' dir='ltr'>continuando</span> <span class='ocrx_word' id='word_1_337' title='bbox 1909 5088 2075 5147; x_wconf 88' lang='lat' dir='ltr'>bona</span> 
     </span>
     <span class='ocr_line' id='line_1_52' title="bbox 511 5176 2071 5259; baseline 0.003 -24"><span class='ocrx_word' id='word_1_338' title='bbox 511 5196 702 5255; x_wconf 87' lang='lat' dir='ltr'>opera</span> <span class='ocrx_word' id='word_1_339' title='bbox 747 5194 887 5236; x_wconf 89' lang='lat' dir='ltr'>cum</span> <span class='ocrx_word' id='word_1_340' title='bbox 931 5176 1139 5237; x_wconf 87' lang='lat' dir='ltr'>divina</span> <span class='ocrx_word' id='word_1_341' title='bbox 1191 5179 1413 5255; x_wconf 84' lang='lat' dir='ltr'>gratia,</span> <span class='ocrx_word' id='word_1_342' title='bbox 1461 5182 1521 5239; x_wconf 87' lang='lat' dir='ltr'>ct</span> <span class='ocrx_word' id='word_1_343' title='bbox 1551 5198 1677 5239; x_wconf 90' lang='lat' dir='ltr'>non</span> <span class='ocrx_word' id='word_1_344' title='bbox 1729 5180 2071 5259; x_wconf 86' lang='lat' dir='ltr'>peccando.</span> 
     </span>
     <span class='ocr_line' id='line_1_53' title="bbox 509 5270 2073 5352; baseline 0.001 -19"><span class='ocrx_word' id='word_1_345' title='bbox 509 5270 867 5333; x_wconf 86' lang='lat' dir='ltr'>Secundum</span> <span class='ocrx_word' id='word_1_346' title='bbox 925 5272 1111 5331; x_wconf 89' lang='lat' dir='ltr'>etiam</span> <span class='ocrx_word' id='word_1_347' title='bbox 1174 5272 1294 5332; x_wconf 86' lang='lat' dir='ltr'>dici</span> <span class='ocrx_word' id='word_1_348' title='bbox 1335 5290 1460 5332; x_wconf 91' lang='lat' dir='ltr'>non</span> <span class='ocrx_word' id='word_1_349' title='bbox 1510 5278 1734 5352; x_wconf 88' lang='lat' dir='ltr'>potest,</span> <span class='ocrx_word' id='word_1_350' title='bbox 1795 5274 1940 5352; x_wconf 91' lang='lat' dir='ltr'>quia</span> <span class='ocrx_word' id='word_1_351' title='bbox 1993 5275 2073 5335; x_wconf 82' lang='lat' dir='ltr'>ad</span> 
     </span>
    </p>
   </div>
   <div class='ocr_carea' id='block_1_5' title="bbox 1380 409 2917 472">
    <p class='ocr_par' dir='ltr' id='par_1_6' title="bbox 1380 409 2917 472">
     <span class='ocr_line' id='line_1_54' title="bbox 1380 409 2917 472; baseline -0.001 -8"><span class='ocrx_word' id='word_1_352' title='bbox 1380 412 1589 465; x_wconf 87' lang='lat' dir='ltr'>OPUSC.</span> <span class='ocrx_word' id='word_1_353' title='bbox 1627 414 1665 472; x_wconf 86' lang='lat'>1,</span> <span class='ocrx_word' id='word_1_354' title='bbox 1701 411 1815 462; x_wconf 77' lang='lat' dir='ltr'>Lm.</span> <span class='ocrx_word' id='word_1_355' title='bbox 1851 411 1936 463; x_wconf 81' lang='lat'>111.</span> <span class='ocrx_word' id='word_1_356' title='bbox 1976 411 2055 462; x_wconf 85' lang='lat' dir='ltr'>DE</span> <span class='ocrx_word' id='word_1_357' title='bbox 2088 409 2359 463; x_wconf 80' lang='lat' dir='ltr'>AnleuS</span> <span class='ocrx_word' id='word_1_358' title='bbox 2394 409 2622 463; x_wconf 66' lang='lat' dir='ltr'>nuum:</span> <span class='ocrx_word' id='word_1_359' title='bbox 2654 409 2917 463; x_wconf 73' lang='lat' dir='ltr'>GRATIAE.</span> 
     </span>
    </p>
   </div>
   <div class='ocr_carea' id='block_1_6' title="bbox 2297 603 3589 686">
    <p class='ocr_par' dir='ltr' id='par_1_7' title="bbox 2297 603 3589 686">
     <span class='ocr_line' id='line_1_55' title="bbox 2297 603 3589 686; baseline 0.001 -18"><span class='ocrx_word' id='word_1_360' title='bbox 2297 605 2607 669; x_wconf 81' lang='lat' dir='ltr'>Probatur</span> <span class='ocrx_word' id='word_1_361' title='bbox 2638 605 2836 668; x_wconf 83' lang='lat' dir='ltr'>eadem</span> <span class='ocrx_word' id='word_1_362' title='bbox 2868 603 3125 668; x_wconf 75' lang='lat' dir='ltr'>assertio</span> <span class='ocrx_word' id='word_1_363' title='bbox 3150 622 3225 668; x_wconf 69' lang='lat' dir='ltr'>ea</span> <span class='ocrx_word' id='word_1_364' title='bbox 3256 603 3589 686; x_wconf 73' lang='lat' dir='ltr'>Scriptura.</span> 
     </span>
    </p>
   </div>
   <div class='ocr_carea' id='block_1_7' title="bbox 2161 792 3705 5355">
    <p class='ocr_par' dir='ltr' id='par_1_8' title="bbox 2161 792 3705 5355">
     <span class='ocr_line' id='line_1_56' title="bbox 2260 792 3685 874; baseline 0.004 -20"><span class='ocrx_word' id='word_1_365' title='bbox 2260 797 2356 854; x_wconf 68' lang='lat'>17.</span> <span class='ocrx_word' id='word_1_366' title='bbox 2407 795 2606 872; x_wconf 80' lang='lat' dir='ltr'>Atque</span> <span class='ocrx_word' id='word_1_367' title='bbox 2670 793 2930 854; x_wconf 86' lang='lat' dir='ltr'>ulterius</span> <span class='ocrx_word' id='word_1_368' title='bbox 2990 811 3067 854; x_wconf 83' lang='lat' dir='ltr'>ex</span> <span class='ocrx_word' id='word_1_369' title='bbox 3124 792 3350 853; x_wconf 88' lang='lat' dir='ltr'>divinis</span> <span class='ocrx_word' id='word_1_370' title='bbox 3406 793 3685 874; x_wconf 86' lang='lat' dir='ltr'>Scripturis</span> 
     </span>
     <span class='ocr_line' id='line_1_57' title="bbox 2176 886 3685 966; baseline 0.002 -18"><span class='ocrx_word' id='word_1_371' title='bbox 2176 889 2371 949; x_wconf 90' lang='lat' dir='ltr'>multa</span> <span class='ocrx_word' id='word_1_372' title='bbox 2400 888 2560 949; x_wconf 91' lang='lat' dir='ltr'>sumi</span> <span class='ocrx_word' id='word_1_373' title='bbox 2591 893 2854 966; x_wconf 83' lang='lat' dir='ltr'>possunt</span> <span class='ocrx_word' id='word_1_374' title='bbox 2878 887 2943 946; x_wconf 90' lang='lat' dir='ltr'>in</span> <span class='ocrx_word' id='word_1_375' title='bbox 2972 886 3255 965; x_wconf 86' lang='lat' dir='ltr'>ejusdem</span> <span class='ocrx_word' id='word_1_376' title='bbox 3286 886 3377 946; x_wconf 88' lang='lat' dir='ltr'>rei</span> <span class='ocrx_word' id='word_1_377' title='bbox 3406 889 3685 951; x_wconf 83' lang='lat' dir='ltr'>confirma-</span> 
     </span>
     <span class='ocr_line' id='line_1_58' title="bbox 2174 978 3687 1060; baseline 0.003 -20"><span class='ocrx_word' id='word_1_378' title='bbox 2174 981 2432 1053; x_wconf 85' lang='lat' dir='ltr'>tionem,</span> <span class='ocrx_word' id='word_1_379' title='bbox 2478 997 2617 1060; x_wconf 79' lang='lat' dir='ltr'>quae</span> <span class='ocrx_word' id='word_1_380' title='bbox 2658 981 2737 1040; x_wconf 84' lang='lat' dir='ltr'>ab</span> <span class='ocrx_word' id='word_1_381' title='bbox 2774 979 3123 1060; x_wconf 78' lang='lat' dir='ltr'>Augustino</span> <span class='ocrx_word' id='word_1_382' title='bbox 3164 979 3225 1038; x_wconf 91' lang='lat' dir='ltr'>in</span> <span class='ocrx_word' id='word_1_383' title='bbox 3266 978 3541 1041; x_wconf 82' lang='lat' dir='ltr'>adductis</span> <span class='ocrx_word' id='word_1_384' title='bbox 3568 982 3687 1046; x_wconf 85' lang='lat' dir='ltr'>locis</span> 
     </span>
     <span class='ocr_line' id='line_1_59' title="bbox 2176 1072 3688 1152; baseline 0.003 -18"><span class='ocrx_word' id='word_1_385' title='bbox 2176 1075 2445 1135; x_wconf 84' lang='lat' dir='ltr'>citantur</span> <span class='ocrx_word' id='word_1_386' title='bbox 2468 1122 2485 1150; x_wconf 90' lang='lat'>,</span> <span class='ocrx_word' id='word_1_387' title='bbox 2528 1079 2591 1134; x_wconf 89' lang='lat' dir='ltr'>et</span> <span class='ocrx_word' id='word_1_388' title='bbox 2612 1091 2649 1133; x_wconf 87' lang='lat' dir='ltr'>a</span> <span class='ocrx_word' id='word_1_389' title='bbox 2683 1075 2987 1152; x_wconf 88' lang='lat' dir='ltr'>Prospero</span> <span class='ocrx_word' id='word_1_390' title='bbox 3013 1119 3029 1146; x_wconf 87' lang='lat'><em>‚</em></span> <span class='ocrx_word' id='word_1_391' title='bbox 3080 1073 3187 1151; x_wconf 89' lang='lat' dir='ltr'>qui</span> <span class='ocrx_word' id='word_1_392' title='bbox 3224 1072 3377 1134; x_wconf 86' lang='lat' dir='ltr'>huic</span> <span class='ocrx_word' id='word_1_393' title='bbox 3414 1079 3688 1140; x_wconf 65' lang='lat' dir='ltr'>sententiae</span> 
     </span>
     <span class='ocr_line' id='line_1_60' title="bbox 2172 1165 3687 1246; baseline 0.003 -20"><span class='ocrx_word' id='word_1_394' title='bbox 2172 1167 2441 1228; x_wconf 89' lang='lat' dir='ltr'>multum</span> <span class='ocrx_word' id='word_1_395' title='bbox 2478 1166 2663 1240; x_wconf 87' lang='lat' dir='ltr'>favet,</span> <span class='ocrx_word' id='word_1_396' title='bbox 2714 1167 2822 1226; x_wconf 91' lang='lat' dir='ltr'>lib.</span> <span class='ocrx_word' id='word_1_397' title='bbox 2858 1169 2884 1227; x_wconf 79' lang='lat'><strong>1</strong></span> <span class='ocrx_word' id='word_1_398' title='bbox 2918 1166 2997 1226; x_wconf 90' lang='lat' dir='ltr'>de</span> <span class='ocrx_word' id='word_1_399' title='bbox 3025 1167 3241 1226; x_wconf 83' lang='lat' dir='ltr'>Vocat.</span> <span class='ocrx_word' id='word_1_400' title='bbox 3274 1165 3483 1238; x_wconf 68' lang='lat' dir='ltr'>Gent„</span> <span class='ocrx_word' id='word_1_401' title='bbox 3520 1175 3687 1246; x_wconf 62' lang='lat' dir='ltr'>capi</span> 
     </span>
     <span class='ocr_line' id='line_1_61' title="bbox 2174 1258 3689 1336; baseline 0.001 -16"><span class='ocrx_word' id='word_1_402' title='bbox 2174 1266 2236 1320; x_wconf 89' lang='lat' dir='ltr'>et</span> <span class='ocrx_word' id='word_1_403' title='bbox 2262 1261 2323 1336; x_wconf 86' lang='lat'>8,</span> <span class='ocrx_word' id='word_1_404' title='bbox 2356 1261 2512 1320; x_wconf 86' lang='lat' dir='ltr'>alias</span> <span class='ocrx_word' id='word_1_405' title='bbox 2544 1261 2623 1319; x_wconf 73' lang='lat'>22</span> <span class='ocrx_word' id='word_1_406' title='bbox 2652 1263 2714 1320; x_wconf 90' lang='lat' dir='ltr'>et</span> <span class='ocrx_word' id='word_1_407' title='bbox 2740 1261 2841 1320; x_wconf 74' lang='lat'>23.</span> <span class='ocrx_word' id='word_1_408' title='bbox 2886 1258 3010 1320; x_wconf 89' lang='lat' dir='ltr'>Sed</span> <span class='ocrx_word' id='word_1_409' title='bbox 3036 1259 3103 1319; x_wconf 91' lang='lat' dir='ltr'>hi</span> <span class='ocrx_word' id='word_1_410' title='bbox 3134 1259 3350 1320; x_wconf 85' lang='lat' dir='ltr'>Patres</span> <span class='ocrx_word' id='word_1_411' title='bbox 3372 1258 3440 1318; x_wconf 89' lang='lat' dir='ltr'>in</span> <span class='ocrx_word' id='word_1_412' title='bbox 3466 1260 3575 1320; x_wconf 87' lang='lat' dir='ltr'>illis</span> <span class='ocrx_word' id='word_1_413' title='bbox 3596 1267 3689 1322; x_wconf 81' lang='lat' dir='ltr'>tes-</span> 
     </span>
     <span class='ocr_line' id='line_1_62' title="bbox 2170 1352 3689 1432; baseline 0.001 -18"><span class='ocrx_word' id='word_1_414' title='bbox 2170 1354 2445 1414; x_wconf 86' lang='lat' dir='ltr'>timoniis</span> <span class='ocrx_word' id='word_1_415' title='bbox 2486 1352 2869 1432; x_wconf 78' lang='lat' dir='ltr'>praecipuam</span> <span class='ocrx_word' id='word_1_416' title='bbox 2900 1352 3025 1413; x_wconf 74' lang='lat' dir='ltr'>vim</span> <span class='ocrx_word' id='word_1_417' title='bbox 3066 1352 3343 1424; x_wconf 80' lang='lat' dir='ltr'>faciunt,</span> <span class='ocrx_word' id='word_1_418' title='bbox 3392 1371 3471 1412; x_wconf 81' lang='lat' dir='ltr'>ex</span> <span class='ocrx_word' id='word_1_419' title='bbox 3508 1355 3689 1430; x_wconf 70' lang='lat' dir='ltr'>quibus</span> 
     </span>
     <span class='ocr_line' id='line_1_63' title="bbox 2172 1445 3688 1526; baseline 0.001 -20"><span class='ocrx_word' id='word_1_420' title='bbox 2172 1446 2473 1526; x_wconf 88' lang='lat' dir='ltr'>probatur</span> <span class='ocrx_word' id='word_1_421' title='bbox 2524 1447 2767 1508; x_wconf 87' lang='lat' dir='ltr'>initium</span> <span class='ocrx_word' id='word_1_422' title='bbox 2815 1446 3053 1519; x_wconf 82' lang='lat' dir='ltr'>salutiS,</span> <span class='ocrx_word' id='word_1_423' title='bbox 3098 1446 3284 1506; x_wconf 84' lang='lat' dir='ltr'>etiam</span> <span class='ocrx_word' id='word_1_424' title='bbox 3322 1445 3515 1524; x_wconf 90' lang='lat' dir='ltr'>ipsius</span> <span class='ocrx_word' id='word_1_425' title='bbox 3556 1446 3688 1521; x_wconf 83' lang='lat' dir='ltr'>fidei,</span> 
     </span>
     <span class='ocr_line' id='line_1_64' title="bbox 2173 1539 3693 1610; baseline -0.001 -9"><span class='ocrx_word' id='word_1_426' title='bbox 2173 1559 2311 1602; x_wconf 88' lang='lat' dir='ltr'>esse</span> <span class='ocrx_word' id='word_1_427' title='bbox 2356 1560 2433 1601; x_wconf 84' lang='lat' dir='ltr'>ex</span> <span class='ocrx_word' id='word_1_428' title='bbox 2480 1542 2630 1601; x_wconf 85' lang='lat' dir='ltr'>Dec.</span> <span class='ocrx_word' id='word_1_429' title='bbox 2677 1539 2824 1610; x_wconf 84' lang='lat' dir='ltr'>Quae</span> <span class='ocrx_word' id='word_1_430' title='bbox 2870 1539 3225 1600; x_wconf 86' lang='lat' dir='ltr'>testimonia</span> <span class='ocrx_word' id='word_1_431' title='bbox 3276 1543 3445 1599; x_wconf 88' lang='lat' dir='ltr'>recte</span> <span class='ocrx_word' id='word_1_432' title='bbox 3488 1541 3693 1600; x_wconf 86' lang='lat' dir='ltr'>conclu-</span> 
     </span>
     <span class='ocr_line' id='line_1_65' title="bbox 2170 1633 3695 1712; baseline 0.001 -19"><span class='ocrx_word' id='word_1_433' title='bbox 2170 1633 2329 1694; x_wconf 90' lang='lat' dir='ltr'>dunt</span> <span class='ocrx_word' id='word_1_434' title='bbox 2360 1639 2573 1694; x_wconf 87' lang='lat' dir='ltr'>contra</span> <span class='ocrx_word' id='word_1_435' title='bbox 2609 1633 2975 1712; x_wconf 83' lang='lat' dir='ltr'>Pelagianos</span> <span class='ocrx_word' id='word_1_436' title='bbox 2995 1678 3012 1706; x_wconf 93' lang='lat'>,</span> <span class='ocrx_word' id='word_1_437' title='bbox 3044 1633 3151 1710; x_wconf 90' lang='lat' dir='ltr'>qui</span> <span class='ocrx_word' id='word_1_438' title='bbox 3182 1633 3547 1694; x_wconf 87' lang='lat' dir='ltr'>asserebant</span> <span class='ocrx_word' id='word_1_439' title='bbox 3569 1634 3695 1695; x_wconf 87' lang='lat' dir='ltr'>elec-</span> 
     </span>
     <span class='ocr_line' id='line_1_66' title="bbox 2171 1725 3695 1805; baseline -0.001 -16"><span class='ocrx_word' id='word_1_440' title='bbox 2171 1727 2407 1789; x_wconf 84' lang='lat' dir='ltr'>tionem</span> <span class='ocrx_word' id='word_1_441' title='bbox 2446 1727 2719 1788; x_wconf 86' lang='lat' dir='ltr'>divinam</span> <span class='ocrx_word' id='word_1_442' title='bbox 2756 1726 3003 1787; x_wconf 82' lang='lat' dir='ltr'>fundari</span> <span class='ocrx_word' id='word_1_443' title='bbox 3044 1727 3110 1786; x_wconf 93' lang='lat' dir='ltr'>in</span> <span class='ocrx_word' id='word_1_444' title='bbox 3152 1726 3363 1805; x_wconf 87' lang='lat' dir='ltr'>aliquo</span> <span class='ocrx_word' id='word_1_445' title='bbox 3408 1725 3566 1787; x_wconf 89' lang='lat' dir='ltr'>bono</span> <span class='ocrx_word' id='word_1_446' title='bbox 3604 1747 3695 1788; x_wconf 78' lang='lat' dir='ltr'>usu</span> 
     </span>
     <span class='ocr_line' id='line_1_67' title="bbox 2170 1819 3695 1892; baseline 0.001 -12"><span class='ocrx_word' id='word_1_447' title='bbox 2170 1821 2437 1881; x_wconf 84' lang='lat' dir='ltr'>naturali</span> <span class='ocrx_word' id='word_1_448' title='bbox 2481 1821 2662 1880; x_wconf 85' lang='lat' dir='ltr'>liberi</span> <span class='ocrx_word' id='word_1_449' title='bbox 2708 1819 2943 1880; x_wconf 85' lang='lat' dir='ltr'>arbitrii</span> <span class='ocrx_word' id='word_1_450' title='bbox 2970 1828 3002 1892; x_wconf 87' lang='grc'>;“</span> <span class='ocrx_word' id='word_1_451' title='bbox 3034 1825 3095 1881; x_wconf 84' lang='lat' dir='ltr'>et</span> <span class='ocrx_word' id='word_1_452' title='bbox 3142 1820 3283 1880; x_wconf 90' lang='lat' dir='ltr'>ideo</span> <span class='ocrx_word' id='word_1_453' title='bbox 3326 1839 3461 1883; x_wconf 86' lang='lat' dir='ltr'>non</span> <span class='ocrx_word' id='word_1_454' title='bbox 3497 1827 3695 1882; x_wconf 83' lang='lat' dir='ltr'>tantum</span> 
     </span>
     <span class='ocr_line' id='line_1_68' title="bbox 2172 1912 3695 1992; baseline 0 -18"><span class='ocrx_word' id='word_1_455' title='bbox 2172 1913 2541 1974; x_wconf 85' lang='lat' dir='ltr'>electionem</span> <span class='ocrx_word' id='word_1_456' title='bbox 2583 1912 2662 1972; x_wconf 86' lang='lat' dir='ltr'>ad</span> <span class='ocrx_word' id='word_1_457' title='bbox 2702 1913 3001 1992; x_wconf 85' lang='lat' dir='ltr'>gloriam,</span> <span class='ocrx_word' id='word_1_458' title='bbox 3046 1913 3161 1974; x_wconf 89' lang='lat' dir='ltr'>sed</span> <span class='ocrx_word' id='word_1_459' title='bbox 3190 1915 3379 1974; x_wconf 87' lang='lat' dir='ltr'>etiam</span> <span class='ocrx_word' id='word_1_460' title='bbox 3418 1913 3501 1974; x_wconf 90' lang='lat' dir='ltr'>ad</span> <span class='ocrx_word' id='word_1_461' title='bbox 3528 1915 3695 1974; x_wconf 82' lang='lat' dir='ltr'>omnia</span> 
     </span>
     <span class='ocr_line' id='line_1_69' title="bbox 2171 2005 3697 2086; baseline 0.001 -20"><span class='ocrx_word' id='word_1_462' title='bbox 2171 2005 2477 2066; x_wconf 85' lang='lat' dir='ltr'>beneficia</span> <span class='ocrx_word' id='word_1_463' title='bbox 2528 2005 2765 2086; x_wconf 86' lang='lat' dir='ltr'>gratiae,</span> <span class='ocrx_word' id='word_1_464' title='bbox 2810 2008 3137 2084; x_wconf 82' lang='lat' dir='ltr'>provenire</span> <span class='ocrx_word' id='word_1_465' title='bbox 3182 2006 3479 2068; x_wconf 85' lang='lat' dir='ltr'>dicebant</span> <span class='ocrx_word' id='word_1_466' title='bbox 3514 2027 3583 2067; x_wconf 82' lang='lat' dir='ltr'>ex</span> <span class='ocrx_word' id='word_1_467' title='bbox 3614 2009 3697 2068; x_wconf 88' lang='lat' dir='ltr'>ali-</span> 
     </span>
     <span class='ocr_line' id='line_1_70' title="bbox 2173 2099 3695 2178; baseline -0.001 -17"><span class='ocrx_word' id='word_1_468' title='bbox 2173 2117 2296 2178; x_wconf 90' lang='lat' dir='ltr'>quo</span> <span class='ocrx_word' id='word_1_469' title='bbox 2328 2101 2605 2160; x_wconf 88' lang='lat' dir='ltr'>humano</span> <span class='ocrx_word' id='word_1_470' title='bbox 2636 2100 2881 2159; x_wconf 87' lang='lat' dir='ltr'>merito.</span> <span class='ocrx_word' id='word_1_471' title='bbox 2918 2100 3147 2160; x_wconf 82' lang='lat' dir='ltr'>Contra</span> <span class='ocrx_word' id='word_1_472' title='bbox 3182 2099 3533 2160; x_wconf 85' lang='lat' dir='ltr'>Catholicos</span> <span class='ocrx_word' id='word_1_473' title='bbox 3560 2119 3695 2172; x_wconf 76' lang='lat' dir='ltr'>vere,</span> 
     </span>
     <span class='ocr_line' id='line_1_71' title="bbox 2174 2192 3695 2271; baseline 0.002 -21"><span class='ocrx_word' id='word_1_474' title='bbox 2174 2193 2281 2271; x_wconf 89' lang='lat' dir='ltr'>qui</span> <span class='ocrx_word' id='word_1_475' title='bbox 2322 2197 2565 2270; x_wconf 89' lang='lat' dir='ltr'>ponunt</span> <span class='ocrx_word' id='word_1_476' title='bbox 2614 2193 2907 2252; x_wconf 89' lang='lat' dir='ltr'>meritum</span> <span class='ocrx_word' id='word_1_477' title='bbox 2952 2192 3273 2252; x_wconf 84' lang='lat' dir='ltr'>electionis</span> <span class='ocrx_word' id='word_1_478' title='bbox 3324 2192 3409 2251; x_wconf 86' lang='lat' dir='ltr'>ad</span> <span class='ocrx_word' id='word_1_479' title='bbox 3454 2193 3695 2271; x_wconf 84' lang='lat' dir='ltr'>gloriam,</span> 
     </span>
     <span class='ocr_line' id='line_1_72' title="bbox 2174 2285 3699 2365; baseline 0.001 -19"><span class='ocrx_word' id='word_1_480' title='bbox 2174 2286 2501 2346; x_wconf 83' lang='lat' dir='ltr'>fundatum</span> <span class='ocrx_word' id='word_1_481' title='bbox 2533 2286 2595 2345; x_wconf 90' lang='lat' dir='ltr'>in</span> <span class='ocrx_word' id='word_1_482' title='bbox 2626 2286 2835 2364; x_wconf 86' lang='lat' dir='ltr'>aliqua</span> <span class='ocrx_word' id='word_1_483' title='bbox 2866 2285 3054 2364; x_wconf 87' lang='lat' dir='ltr'>priori</span> <span class='ocrx_word' id='word_1_484' title='bbox 3087 2287 3305 2365; x_wconf 87' lang='lat' dir='ltr'>gratia,</span> <span class='ocrx_word' id='word_1_485' title='bbox 3344 2305 3479 2346; x_wconf 90' lang='lat' dir='ltr'>non</span> <span class='ocrx_word' id='word_1_486' title='bbox 3508 2287 3699 2348; x_wconf 82' lang='lat' dir='ltr'>habent</span> 
     </span>
     <span class='ocr_line' id='line_1_73' title="bbox 2174 2379 3698 2458; baseline 0 -20"><span class='ocrx_word' id='word_1_487' title='bbox 2174 2380 2297 2438; x_wconf 87' lang='lat' dir='ltr'>vim</span> <span class='ocrx_word' id='word_1_488' title='bbox 2349 2379 2455 2439; x_wconf 91' lang='lat' dir='ltr'>illa</span> <span class='ocrx_word' id='word_1_489' title='bbox 2514 2379 2889 2439; x_wconf 84' lang='lat' dir='ltr'>testimonia.</span> <span class='ocrx_word' id='word_1_490' title='bbox 2946 2380 3105 2441; x_wconf 87' lang='lat' dir='ltr'>Sunt</span> <span class='ocrx_word' id='word_1_491' title='bbox 3152 2384 3367 2440; x_wconf 89' lang='lat' dir='ltr'>autem</span> <span class='ocrx_word' id='word_1_492' title='bbox 3428 2379 3547 2438; x_wconf 85' lang='lat' dir='ltr'>alia</span> <span class='ocrx_word' id='word_1_493' title='bbox 3590 2399 3698 2458; x_wconf 77' lang='lat' dir='ltr'>quae</span> 
     </span>
     <span class='ocr_line' id='line_1_74' title="bbox 2176 2472 3699 2551; baseline -0.001 -19"><span class='ocrx_word' id='word_1_494' title='bbox 2176 2473 2364 2532; x_wconf 87' lang='lat' dir='ltr'>etiam</span> <span class='ocrx_word' id='word_1_495' title='bbox 2392 2472 2473 2532; x_wconf 84' lang='lat' dir='ltr'>ab</span> <span class='ocrx_word' id='word_1_496' title='bbox 2509 2473 2856 2551; x_wconf 86' lang='lat' dir='ltr'>Augustino</span> <span class='ocrx_word' id='word_1_497' title='bbox 2880 2473 3259 2548; x_wconf 78' lang='lat' dir='ltr'>afferuntur,</span> <span class='ocrx_word' id='word_1_498' title='bbox 3294 2473 3358 2533; x_wconf 89' lang='lat' dir='ltr'>in</span> <span class='ocrx_word' id='word_1_499' title='bbox 3400 2473 3615 2551; x_wconf 85' lang='lat' dir='ltr'>quibus</span> <span class='ocrx_word' id='word_1_500' title='bbox 3637 2475 3699 2534; x_wconf 79' lang='lat' dir='ltr'>ila</span> 
     </span>
     <span class='ocr_line' id='line_1_75' title="bbox 2174 2563 3702 2644; baseline -0.001 -19"><span class='ocrx_word' id='word_1_501' title='bbox 2174 2565 2383 2625; x_wconf 87' lang='lat' dir='ltr'>divina</span> <span class='ocrx_word' id='word_1_502' title='bbox 2410 2563 2725 2644; x_wconf 83' lang='lat' dir='ltr'>Scriptura</span> <span class='ocrx_word' id='word_1_503' title='bbox 2770 2565 2847 2626; x_wconf 89' lang='lat' dir='ltr'>de</span> <span class='ocrx_word' id='word_1_504' title='bbox 2878 2566 3089 2627; x_wconf 89' lang='lat' dir='ltr'>electis</span> <span class='ocrx_word' id='word_1_505' title='bbox 3116 2565 3419 2644; x_wconf 76' lang='lat' dir='ltr'>loquitur,</span> <span class='ocrx_word' id='word_1_506' title='bbox 3460 2571 3527 2626; x_wconf 85' lang='lat' dir='ltr'>ut</span> <span class='ocrx_word' id='word_1_507' title='bbox 3550 2567 3702 2643; x_wconf 76' lang='lat' dir='ltr'>signi-</span> 
     </span>
     <span class='ocr_line' id='line_1_76' title="bbox 2172 2658 3699 2738; baseline -0.001 -20"><span class='ocrx_word' id='word_1_508' title='bbox 2172 2659 2317 2718; x_wconf 87' lang='lat' dir='ltr'>ficet</span> <span class='ocrx_word' id='word_1_509' title='bbox 2338 2658 2637 2737; x_wconf 85' lang='lat' dir='ltr'>singulari</span> <span class='ocrx_word' id='word_1_510' title='bbox 2670 2659 2780 2718; x_wconf 88' lang='lat' dir='ltr'>Dei</span> <span class='ocrx_word' id='word_1_511' title='bbox 2808 2659 3199 2738; x_wconf 81' lang='lat' dir='ltr'>beneplacito</span> <span class='ocrx_word' id='word_1_512' title='bbox 3220 2658 3417 2718; x_wconf 83' lang='lat' dir='ltr'>fuisse</span> <span class='ocrx_word' id='word_1_513' title='bbox 3440 2679 3477 2718; x_wconf 93' lang='lat' dir='ltr'>a</span> <span class='ocrx_word' id='word_1_514' title='bbox 3508 2659 3617 2718; x_wconf 87' lang='lat' dir='ltr'>Deo</span> <span class='ocrx_word' id='word_1_515' title='bbox 3634 2660 3699 2717; x_wconf 90' lang='lat' dir='ltr'>di-</span> 
     </span>
     <span class='ocr_line' id='line_1_77' title="bbox 2172 2751 3703 2833; baseline -0.001 -22"><span class='ocrx_word' id='word_1_516' title='bbox 2172 2751 2367 2812; x_wconf 89' lang='lat' dir='ltr'>lcctos</span> <span class='ocrx_word' id='word_1_517' title='bbox 2398 2756 2459 2811; x_wconf 88' lang='lat' dir='ltr'>et</span> <span class='ocrx_word' id='word_1_518' title='bbox 2486 2751 2851 2829; x_wconf 63' lang='lat' dir='ltr'>praeelectos</span> <span class='ocrx_word' id='word_1_519' title='bbox 2895 2752 2975 2813; x_wconf 89' lang='lat' dir='ltr'>ad</span> <span class='ocrx_word' id='word_1_520' title='bbox 3016 2752 3279 2833; x_wconf 83' lang='lat' dir='ltr'>gloriam</span> <span class='ocrx_word' id='word_1_521' title='bbox 3307 2799 3323 2825; x_wconf 93' lang='lat'>,</span> <span class='ocrx_word' id='word_1_522' title='bbox 3374 2771 3503 2812; x_wconf 90' lang='lat' dir='ltr'>non</span> <span class='ocrx_word' id='word_1_523' title='bbox 3532 2751 3603 2811; x_wconf 91' lang='lat' dir='ltr'>ob</span> <span class='ocrx_word' id='word_1_524' title='bbox 3628 2771 3703 2810; x_wconf 73' lang='lat' dir='ltr'>co·</span> 
     </span>
     <span class='ocr_line' id='line_1_78' title="bbox 2172 2845 3701 2926; baseline 0 -21"><span class='ocrx_word' id='word_1_525' title='bbox 2172 2862 2313 2905; x_wconf 90' lang='lat' dir='ltr'>rum</span> <span class='ocrx_word' id='word_1_526' title='bbox 2362 2846 2585 2905; x_wconf 84' lang='lat' dir='ltr'>merita</span> <span class='ocrx_word' id='word_1_527' title='bbox 2633 2845 2926 2924; x_wconf 83' lang='lat' dir='ltr'>praevisa,</span> <span class='ocrx_word' id='word_1_528' title='bbox 2966 2846 3078 2906; x_wconf 90' lang='lat' dir='ltr'>sed</span> <span class='ocrx_word' id='word_1_529' title='bbox 3106 2848 3313 2926; x_wconf 88' lang='lat' dir='ltr'>potius</span> <span class='ocrx_word' id='word_1_530' title='bbox 3360 2845 3446 2905; x_wconf 87' lang='lat' dir='ltr'>ab</span> <span class='ocrx_word' id='word_1_531' title='bbox 3484 2845 3581 2904; x_wconf 86' lang='lat' dir='ltr'>illa</span> <span class='ocrx_word' id='word_1_532' title='bbox 3617 2847 3701 2906; x_wconf 84' lang='lat' dir='ltr'>Dei</span> 
     </span>
     <span class='ocr_line' id='line_1_79' title="bbox 2174 2936 3697 3016; baseline 0 -19"><span class='ocrx_word' id='word_1_533' title='bbox 2174 2936 2501 2998; x_wconf 86' lang='lat' dir='ltr'>dilectione</span> <span class='ocrx_word' id='word_1_534' title='bbox 2546 2957 2835 2998; x_wconf 84' lang='lat' dir='ltr'>manasse</span> <span class='ocrx_word' id='word_1_535' title='bbox 2884 2939 3093 3000; x_wconf 89' lang='lat' dir='ltr'>omnia</span> <span class='ocrx_word' id='word_1_536' title='bbox 3142 2939 3457 3000; x_wconf 85' lang='lat' dir='ltr'>beneficia</span> <span class='ocrx_word' id='word_1_537' title='bbox 3500 2941 3697 3016; x_wconf 65' lang='lat' dir='ltr'>gratim,</span> 
     </span>
     <span class='ocr_line' id='line_1_80' title="bbox 2174 3032 3699 3120; baseline 0 -28"><span class='ocrx_word' id='word_1_538' title='bbox 2174 3032 2399 3111; x_wconf 87' lang='lat' dir='ltr'>quibus</span> <span class='ocrx_word' id='word_1_539' title='bbox 2434 3034 2522 3092; x_wconf 83' lang='lat' dir='ltr'>eis</span> <span class='ocrx_word' id='word_1_540' title='bbox 2562 3033 2773 3094; x_wconf 85' lang='lat' dir='ltr'>datum</span> <span class='ocrx_word' id='word_1_541' title='bbox 2822 3041 2917 3094; x_wconf 90' lang='lat' dir='ltr'>cst</span> <span class='ocrx_word' id='word_1_542' title='bbox 2951 3041 3018 3094; x_wconf 86' lang='lat' dir='ltr'>ut</span> <span class='ocrx_word' id='word_1_543' title='bbox 3062 3035 3327 3115; x_wconf 89' lang='lat' dir='ltr'>gloriam</span> <span class='ocrx_word' id='word_1_544' title='bbox 3370 3035 3699 3120; x_wconf 75' lang='lat' dir='ltr'>meruerint.</span> 
     </span>
     <span class='ocr_line' id='line_1_81' title="bbox 2172 3127 3701 3209; baseline 0 -22"><span class='ocrx_word' id='word_1_545' title='bbox 2172 3127 2541 3205; x_wconf 87' lang='lat' dir='ltr'>Hujusmodi</span> <span class='ocrx_word' id='word_1_546' title='bbox 2602 3134 2746 3189; x_wconf 90' lang='lat' dir='ltr'>sunt</span> <span class='ocrx_word' id='word_1_547' title='bbox 2794 3128 3027 3201; x_wconf 84' lang='lat' dir='ltr'>verba,</span> <span class='ocrx_word' id='word_1_548' title='bbox 3082 3146 3221 3207; x_wconf 81' lang='lat' dir='ltr'>quae</span> <span class='ocrx_word' id='word_1_549' title='bbox 3270 3148 3467 3209; x_wconf 89' lang='lat' dir='ltr'>supra</span> <span class='ocrx_word' id='word_1_550' title='bbox 3514 3129 3701 3201; x_wconf 70' lang='lat' dir='ltr'>citavi,</span> 
     </span>
     <span class='ocr_line' id='line_1_82' title="bbox 2172 3221 3704 3303; baseline 0.001 -22"><span class='ocrx_word' id='word_1_551' title='bbox 2172 3221 2387 3281; x_wconf 86' lang='lat' dir='ltr'>Matth.</span> <span class='ocrx_word' id='word_1_552' title='bbox 2422 3222 2501 3281; x_wconf 67' lang='lat'>24</span> <span class='ocrx_word' id='word_1_553' title='bbox 2536 3240 2549 3280; x_wconf 91' lang='lat'>:</span> <span class='ocrx_word' id='word_1_554' title='bbox 2589 3222 2854 3303; x_wconf 83' lang='lat' dir='ltr'>Propter</span> <span class='ocrx_word' id='word_1_555' title='bbox 2892 3223 3103 3285; x_wconf 76' lang='lat' dir='ltr'>electos</span> <span class='ocrx_word' id='word_1_556' title='bbox 3146 3223 3575 3285; x_wconf 71' lang='lat' dir='ltr'>breviabuntur</span> <span class='ocrx_word' id='word_1_557' title='bbox 3604 3226 3704 3285; x_wconf 78' lang='lat' dir='ltr'>dies</span> 
     </span>
     <span class='ocr_line' id='line_1_83' title="bbox 2170 3313 3700 3389; baseline 0.001 -15"><span class='ocrx_word' id='word_1_558' title='bbox 2170 3314 2309 3386; x_wconf 77' lang='lat' dir='ltr'>illi3</span> <span class='ocrx_word' id='word_1_559' title='bbox 2356 3318 2417 3373; x_wconf 86' lang='lat' dir='ltr'>et</span> <span class='ocrx_word' id='word_1_560' title='bbox 2452 3313 2611 3374; x_wconf 85' lang='lat' dir='ltr'>infra</span> <span class='ocrx_word' id='word_1_561' title='bbox 2646 3334 2659 3374; x_wconf 92' lang='lat'><strong>:</strong></span> <span class='ocrx_word' id='word_1_562' title='bbox 2705 3317 2817 3377; x_wconf 74' lang='lat' dir='ltr'>Ita</span> <span class='ocrx_word' id='word_1_563' title='bbox 2855 3321 2925 3378; x_wconf 79' lang='lat' dir='ltr'>ut</span> <span class='ocrx_word' id='word_1_564' title='bbox 2962 3315 3027 3377; x_wconf 79' lang='lat' dir='ltr'>in</span> <span class='ocrx_word' id='word_1_565' title='bbox 3054 3317 3317 3377; x_wconf 73' lang='lat' dir='ltr'>errorem</span> <span class='ocrx_word' id='word_1_566' title='bbox 3346 3317 3700 3389; x_wconf 74' lang='lat' dir='ltr'>inducantur,</span> 
     </span>
     <span class='ocr_line' id='line_1_84' title="bbox 2172 3407 3701 3489; baseline 0.003 -20"><span class='ocrx_word' id='word_1_567' title='bbox 2172 3408 2233 3469; x_wconf 84' lang='lat' dir='ltr'>si</span> <span class='ocrx_word' id='word_1_568' title='bbox 2258 3407 2397 3484; x_wconf 69' lang='lat' dir='ltr'>fieri</span> <span class='ocrx_word' id='word_1_569' title='bbox 2425 3412 2647 3489; x_wconf 80' lang='lat' dir='ltr'>potest,</span> <span class='ocrx_word' id='word_1_570' title='bbox 2678 3408 2861 3473; x_wconf 78' lang='lat' dir='ltr'>etiam</span> <span class='ocrx_word' id='word_1_571' title='bbox 2890 3408 3057 3473; x_wconf 83' lang='lat' dir='ltr'>electi</span> <span class='ocrx_word' id='word_1_572' title='bbox 3074 3435 3101 3482; x_wconf 88' lang='lat'>,·</span> <span class='ocrx_word' id='word_1_573' title='bbox 3142 3414 3203 3471; x_wconf 90' lang='lat' dir='ltr'>et</span> <span class='ocrx_word' id='word_1_574' title='bbox 3242 3412 3515 3483; x_wconf 61' lang='grc' dir='ltr'>Μαι-ωε,</span> <span class='ocrx_word' id='word_1_575' title='bbox 3545 3430 3593 3470; x_wconf 90' lang='lat' dir='ltr'>c.</span> <span class='ocrx_word' id='word_1_576' title='bbox 3629 3414 3701 3475; x_wconf 74' lang='grc'>13,</span> 
     </span>
     <span class='ocr_line' id='line_1_85' title="bbox 2173 3500 3699 3582; baseline 0.001 -21"><span class='ocrx_word' id='word_1_577' title='bbox 2173 3500 2344 3561; x_wconf 82' lang='lat' dir='ltr'>addit</span> <span class='ocrx_word' id='word_1_578' title='bbox 2392 3502 2731 3579; x_wconf 86' lang='lat' dir='ltr'>quamdam</span> <span class='ocrx_word' id='word_1_579' title='bbox 2762 3503 3347 3581; x_wconf 85' lang='lat' dir='ltr'>reduplicationem,</span> <span class='ocrx_word' id='word_1_580' title='bbox 3382 3505 3699 3582; x_wconf 80' lang='lat' dir='ltr'>emphasim</span> 
     </span>
     <span class='ocr_line' id='line_1_86' title="bbox 2172 3595 3705 3679; baseline 0.001 -24"><span class='ocrx_word' id='word_1_581' title='bbox 2172 3595 2509 3655; x_wconf 85' lang='lat' dir='ltr'>habentem</span> <span class='ocrx_word' id='word_1_582' title='bbox 2542 3613 2555 3655; x_wconf 72' lang='grc' dir='ltr'>ε</span> <span class='ocrx_word' id='word_1_583' title='bbox 2594 3595 2724 3659; x_wconf 79' lang='lat' dir='ltr'>Sed</span> <span class='ocrx_word' id='word_1_584' title='bbox 2736 3603 2987 3679; x_wconf 77' lang='lat' dir='ltr'>propter</span> <span class='ocrx_word' id='word_1_585' title='bbox 3012 3598 3223 3661; x_wconf 74' lang='lat' dir='ltr'>electos</span> <span class='ocrx_word' id='word_1_586' title='bbox 3252 3616 3400 3679; x_wconf 73' lang='lat' dir='ltr'>quos</span> <span class='ocrx_word' id='word_1_587' title='bbox 3425 3599 3597 3677; x_wconf 67' lang='lat' dir='ltr'>eleyit</span> <span class='ocrx_word' id='word_1_588' title='bbox 3614 3624 3635 3669; x_wconf 91' lang='lat'>,·</span> <span class='ocrx_word' id='word_1_589' title='bbox 3660 3606 3705 3657; x_wconf 70' lang='lat' dir='ltr'>et</span> 
     </span>
     <span class='ocr_line' id='line_1_87' title="bbox 2172 3689 3698 3769; baseline 0.002 -22"><span class='ocrx_word' id='word_1_590' title='bbox 2172 3689 2507 3767; x_wconf 84' lang='lat' dir='ltr'>specialem</span> <span class='ocrx_word' id='word_1_591' title='bbox 2530 3691 2640 3750; x_wconf 90' lang='lat' dir='ltr'>Dei</span> <span class='ocrx_word' id='word_1_592' title='bbox 2670 3690 3123 3769; x_wconf 85' lang='lat' dir='ltr'>providentiam</span> <span class='ocrx_word' id='word_1_593' title='bbox 3152 3691 3409 3763; x_wconf 83' lang='lat' dir='ltr'>indicat,</span> <span class='ocrx_word' id='word_1_594' title='bbox 3438 3710 3577 3752; x_wconf 91' lang='lat' dir='ltr'>cum</span> <span class='ocrx_word' id='word_1_595' title='bbox 3596 3694 3698 3751; x_wconf 88' lang='lat' dir='ltr'>ait:</span> 
     </span>
     <span class='ocr_line' id='line_1_88' title="bbox 2172 3782 3705 3861; baseline 0.001 -16"><span class='ocrx_word' id='word_1_596' title='bbox 2172 3782 2321 3845; x_wconf 84' lang='lat' dir='ltr'>Nisi</span> <span class='ocrx_word' id='word_1_597' title='bbox 2340 3782 2668 3845; x_wconf 75' lang='lat' dir='ltr'>breviasset</span> <span class='ocrx_word' id='word_1_598' title='bbox 2690 3784 2986 3847; x_wconf 76' lang='lat' dir='ltr'>Dominus</span> <span class='ocrx_word' id='word_1_599' title='bbox 3011 3786 3159 3858; x_wconf 85' lang='lat' dir='ltr'>dies,</span> <span class='ocrx_word' id='word_1_600' title='bbox 3186 3802 3306 3845; x_wconf 71' lang='lat' dir='ltr'>uon</span> <span class='ocrx_word' id='word_1_601' title='bbox 3318 3787 3543 3861; x_wconf 75' lang='lat' dir='ltr'>fuisset</span> <span class='ocrx_word' id='word_1_602' title='bbox 3559 3788 3705 3848; x_wconf 76' lang='lat' dir='ltr'>salto</span> 
     </span>
     <span class='ocr_line' id='line_1_89' title="bbox 2170 3876 3700 3959; baseline 0.003 -22"><span class='ocrx_word' id='word_1_603' title='bbox 2170 3876 2365 3937; x_wconf 81' lang='lat' dir='ltr'>omnis</span> <span class='ocrx_word' id='word_1_604' title='bbox 2409 3893 2571 3949; x_wconf 85' lang='lat' dir='ltr'>ear0,</span> <span class='ocrx_word' id='word_1_605' title='bbox 2624 3878 2731 3939; x_wconf 81' lang='lat' dir='ltr'>sed</span> <span class='ocrx_word' id='word_1_606' title='bbox 2761 3886 3019 3959; x_wconf 79' lang='lat' dir='ltr'>propter</span> <span class='ocrx_word' id='word_1_607' title='bbox 3064 3878 3299 3949; x_wconf 79' lang='lat' dir='ltr'>electos,</span> <span class='ocrx_word' id='word_1_608' title='bbox 3340 3896 3489 3959; x_wconf 77' lang='lat' dir='ltr'>quos</span> <span class='ocrx_word' id='word_1_609' title='bbox 3532 3880 3700 3959; x_wconf 67' lang='lat' dir='ltr'>eleqz&#39;t,</span> 
     </span>
     <span class='ocr_line' id='line_1_90' title="bbox 2170 3968 3701 4032; baseline 0 -2"><span class='ocrx_word' id='word_1_610' title='bbox 2170 3968 2455 4030; x_wconf 78' lang='lat' dir='ltr'>breviabit</span> <span class='ocrx_word' id='word_1_611' title='bbox 2476 3968 2637 4031; x_wconf 79' lang='lat' dir='ltr'>illos.</span> <span class='ocrx_word' id='word_1_612' title='bbox 2682 3970 2897 4031; x_wconf 90' lang='lat' dir='ltr'>Simile</span> <span class='ocrx_word' id='word_1_613' title='bbox 2930 3978 3023 4031; x_wconf 90' lang='lat' dir='ltr'>est</span> <span class='ocrx_word' id='word_1_614' title='bbox 3050 3971 3207 4031; x_wconf 89' lang='lat' dir='ltr'>illud</span> <span class='ocrx_word' id='word_1_615' title='bbox 3234 3973 3409 4032; x_wconf 85' lang='lat' dir='ltr'>Pauli</span> <span class='ocrx_word' id='word_1_616' title='bbox 3440 3973 3521 4031; x_wconf 86' lang='lat' dir='ltr'>ad</span> <span class='ocrx_word' id='word_1_617' title='bbox 3550 3976 3701 4032; x_wconf 86' lang='lat' dir='ltr'>Rom.</span> 
     </span>
     <span class='ocr_line' id='line_1_91' title="bbox 2168 4060 3705 4134; baseline 0.002 -14"><span class='ocrx_word' id='word_1_618' title='bbox 2168 4060 2207 4121; x_wconf 89' lang='lat'>8</span> <span class='ocrx_word' id='word_1_619' title='bbox 2248 4082 2261 4120; x_wconf 74' lang='grc' dir='ltr'><strong><em>ε</em></strong></span> <span class='ocrx_word' id='word_1_620' title='bbox 2316 4060 2465 4134; x_wconf 80' lang='lat' dir='ltr'>Quis</span> <span class='ocrx_word' id='word_1_621' title='bbox 2512 4064 2819 4124; x_wconf 77' lang='lat' dir='ltr'>accusabit</span> <span class='ocrx_word' id='word_1_622' title='bbox 2859 4064 3149 4126; x_wconf 81' lang='lat' dir='ltr'>adversus</span> <span class='ocrx_word' id='word_1_623' title='bbox 3200 4066 3416 4129; x_wconf 81' lang='lat' dir='ltr'>eleetos</span> <span class='ocrx_word' id='word_1_624' title='bbox 3460 4068 3615 4128; x_wconf 82' lang='lat' dir='ltr'>Dei?</span> <span class='ocrx_word' id='word_1_625' title='bbox 3650 4068 3705 4125; x_wconf 85' lang='lat' dir='ltr'>In</span> 
     </span>
     <span class='ocr_line' id='line_1_92' title="bbox 2168 4154 3704 4232; baseline 0.004 -21"><span class='ocrx_word' id='word_1_626' title='bbox 2168 4154 2393 4232; x_wconf 84' lang='lat' dir='ltr'>quibus</span> <span class='ocrx_word' id='word_1_627' title='bbox 2436 4161 2496 4215; x_wconf 92' lang='lat' dir='ltr'>et</span> <span class='ocrx_word' id='word_1_628' title='bbox 2546 4156 2848 4217; x_wconf 88' lang='lat' dir='ltr'>similibus</span> <span class='ocrx_word' id='word_1_629' title='bbox 2882 4156 3033 4217; x_wconf 90' lang='lat' dir='ltr'>locis</span> <span class='ocrx_word' id='word_1_630' title='bbox 3076 4164 3319 4220; x_wconf 89' lang='lat' dir='ltr'>certum</span> <span class='ocrx_word' id='word_1_631' title='bbox 3360 4166 3457 4220; x_wconf 87' lang='lat' dir='ltr'>est</span> <span class='ocrx_word' id='word_1_632' title='bbox 3502 4162 3704 4219; x_wconf 74' lang='lat' dir='ltr'>electos</span> 
     </span>
     <span class='ocr_line' id='line_1_93' title="bbox 2166 4246 3703 4333; baseline 0.001 -26"><span class='ocrx_word' id='word_1_633' title='bbox 2166 4246 2527 4325; x_wconf 88' lang='lat' dir='ltr'>simpliciter</span> <span class='ocrx_word' id='word_1_634' title='bbox 2560 4254 2619 4308; x_wconf 88' lang='lat' dir='ltr'>et</span> <span class='ocrx_word' id='word_1_635' title='bbox 2649 4247 2931 4309; x_wconf 87' lang='lat' dir='ltr'>absolute</span> <span class='ocrx_word' id='word_1_636' title='bbox 2960 4251 3189 4323; x_wconf 82' lang='lat' dir='ltr'>vocari,</span> <span class='ocrx_word' id='word_1_637' title='bbox 3224 4252 3331 4331; x_wconf 86' lang='lat' dir='ltr'>qui</span> <span class='ocrx_word' id='word_1_638' title='bbox 3358 4252 3439 4313; x_wconf 85' lang='lat' dir='ltr'>ad</span> <span class='ocrx_word' id='word_1_639' title='bbox 3469 4252 3703 4333; x_wconf 77' lang='lat' dir='ltr'>gloriam</span> 
     </span>
     <span class='ocr_line' id='line_1_94' title="bbox 2168 4340 3702 4423; baseline 0.001 -22"><span class='ocrx_word' id='word_1_640' title='bbox 2168 4347 2232 4401; x_wconf 88' lang='lat' dir='ltr'>et</span> <span class='ocrx_word' id='word_1_641' title='bbox 2258 4340 2709 4401; x_wconf 86' lang='lat' dir='ltr'>beatitudinem</span> <span class='ocrx_word' id='word_1_642' title='bbox 2738 4348 2883 4403; x_wconf 88' lang='lat' dir='ltr'>sunt</span> <span class='ocrx_word' id='word_1_643' title='bbox 2913 4344 3115 4420; x_wconf 88' lang='lat' dir='ltr'>electi,</span> <span class='ocrx_word' id='word_1_644' title='bbox 3152 4346 3329 4423; x_wconf 85' lang='lat' dir='ltr'>juxta</span> <span class='ocrx_word' id='word_1_645' title='bbox 3366 4346 3539 4417; x_wconf 87' lang='lat' dir='ltr'>illud,</span> <span class='ocrx_word' id='word_1_646' title='bbox 3576 4346 3611 4404; x_wconf 70' lang='lat'><strong>2</strong></span> <span class='ocrx_word' id='word_1_647' title='bbox 3636 4346 3702 4403; x_wconf 75' lang='lat' dir='ltr'>ad</span> 
     </span>
     <span class='ocr_line' id='line_1_95' title="bbox 2165 4433 3703 4520; baseline 0.003 -26"><span class='ocrx_word' id='word_1_648' title='bbox 2165 4434 2321 4494; x_wconf 88' lang='lat' dir='ltr'>Tim.</span> <span class='ocrx_word' id='word_1_649' title='bbox 2355 4436 2393 4493; x_wconf 68' lang='grc' dir='ltr'>Ξ).</span> <span class='ocrx_word' id='word_1_650' title='bbox 2424 4453 2435 4493; x_wconf 93' lang='lat'>:</span> <span class='ocrx_word' id='word_1_651' title='bbox 2474 4433 2691 4499; x_wconf 79' lang='lat' dir='ltr'>Omnia</span> <span class='ocrx_word' id='word_1_652' title='bbox 2716 4439 2984 4499; x_wconf 76' lang='lat' dir='ltr'>sustineo</span> <span class='ocrx_word' id='word_1_653' title='bbox 3004 4445 3259 4520; x_wconf 77' lang='lat' dir='ltr'>propter</span> <span class='ocrx_word' id='word_1_654' title='bbox 3282 4440 3497 4503; x_wconf 78' lang='lat' dir='ltr'>electos</span> <span class='ocrx_word' id='word_1_655' title='bbox 3516 4484 3531 4510; x_wconf 90' lang='lat'>,</span> <span class='ocrx_word' id='word_1_656' title='bbox 3572 4444 3637 4499; x_wconf 72' lang='lat' dir='ltr'>ut</span> <span class='ocrx_word' id='word_1_657' title='bbox 3658 4444 3703 4499; x_wconf 80' lang='lat' dir='ltr'>et</span> 
     </span>
     <span class='ocr_line' id='line_1_96' title="bbox 2163 4525 3704 4612; baseline 0.004 -25"><span class='ocrx_word' id='word_1_658' title='bbox 2163 4525 2285 4605; x_wconf 67' lang='lat' dir='ltr'>ipsi</span> <span class='ocrx_word' id='word_1_659' title='bbox 2311 4528 2567 4591; x_wconf 80' lang='lat' dir='ltr'>salutem</span> <span class='ocrx_word' id='word_1_660' title='bbox 2597 4538 3034 4611; x_wconf 77' lang='lat' dir='ltr'>consequantur</span> <span class='ocrx_word' id='word_1_661' title='bbox 3064 4578 3080 4605; x_wconf 87' lang='lat'>,</span> <span class='ocrx_word' id='word_1_662' title='bbox 3120 4550 3255 4612; x_wconf 80' lang='lat' dir='ltr'>quoe</span> <span class='ocrx_word' id='word_1_663' title='bbox 3284 4536 3375 4595; x_wconf 79' lang='lat' dir='ltr'>est</span> <span class='ocrx_word' id='word_1_664' title='bbox 3400 4534 3462 4594; x_wconf 72' lang='lat' dir='ltr'>ia</span> <span class='ocrx_word' id='word_1_665' title='bbox 3486 4532 3704 4595; x_wconf 76' lang='lat' dir='ltr'>Christo</span> 
     </span>
     <span class='ocr_line' id='line_1_97' title="bbox 2163 4621 3703 4704; baseline 0.001 -22"><span class='ocrx_word' id='word_1_666' title='bbox 2163 4621 2315 4683; x_wconf 83' lang='lat' dir='ltr'>Jesu</span> <span class='ocrx_word' id='word_1_667' title='bbox 2342 4640 2476 4683; x_wconf 84' lang='lat' dir='ltr'>oum</span> <span class='ocrx_word' id='word_1_668' title='bbox 2511 4623 2714 4704; x_wconf 56' lang='lat' dir='ltr'>,olor-ia</span> <span class='ocrx_word' id='word_1_669' title='bbox 2746 4622 3007 4695; x_wconf 73' lang='lat' dir='ltr'>coelesti;</span> <span class='ocrx_word' id='word_1_670' title='bbox 3035 4630 3097 4684; x_wconf 89' lang='lat' dir='ltr'>et</span> <span class='ocrx_word' id='word_1_671' title='bbox 3133 4624 3275 4685; x_wconf 89' lang='lat' dir='ltr'>ideo</span> <span class='ocrx_word' id='word_1_672' title='bbox 3309 4626 3373 4685; x_wconf 92' lang='lat' dir='ltr'>in</span> <span class='ocrx_word' id='word_1_673' title='bbox 3410 4626 3603 4685; x_wconf 82' lang='lat' dir='ltr'>citatis</span> <span class='ocrx_word' id='word_1_674' title='bbox 3631 4625 3703 4683; x_wconf 85' lang='lat' dir='ltr'>lo-</span> 
     </span>
     <span class='ocr_line' id='line_1_98' title="bbox 2166 4713 3699 4796; baseline 0.002 -25"><span class='ocrx_word' id='word_1_675' title='bbox 2166 4714 2272 4786; x_wconf 86' lang='lat' dir='ltr'>cis,</span> <span class='ocrx_word' id='word_1_676' title='bbox 2310 4713 2387 4773; x_wconf 90' lang='lat' dir='ltr'>de</span> <span class='ocrx_word' id='word_1_677' title='bbox 2412 4716 2651 4776; x_wconf 87' lang='lat' dir='ltr'>Christo</span> <span class='ocrx_word' id='word_1_678' title='bbox 2678 4717 2968 4777; x_wconf 84' lang='lat' dir='ltr'>veniente</span> <span class='ocrx_word' id='word_1_679' title='bbox 3008 4718 3088 4777; x_wconf 90' lang='lat' dir='ltr'>ad</span> <span class='ocrx_word' id='word_1_680' title='bbox 3110 4717 3419 4796; x_wconf 88' lang='lat' dir='ltr'>judicium</span> <span class='ocrx_word' id='word_1_681' title='bbox 3454 4718 3699 4778; x_wconf 85' lang='lat' dir='ltr'>dicitur:</span> 
     </span>
     <span class='ocr_line' id='line_1_99' title="bbox 2168 4806 3701 4891; baseline -0.001 -22"><span class='ocrx_word' id='word_1_682' title='bbox 2168 4806 2561 4889; x_wconf 69' lang='lat' dir='ltr'>Conyreqacit</span> <span class='ocrx_word' id='word_1_683' title='bbox 2602 4809 2811 4871; x_wconf 74' lang='lat' dir='ltr'>electos</span> <span class='ocrx_word' id='word_1_684' title='bbox 2852 4828 3012 4871; x_wconf 83' lang='lat' dir='ltr'>suos.</span> <span class='ocrx_word' id='word_1_685' title='bbox 3066 4810 3371 4871; x_wconf 87' lang='lat' dir='ltr'>Dicuntur</span> <span class='ocrx_word' id='word_1_686' title='bbox 3398 4830 3543 4891; x_wconf 89' lang='lat' dir='ltr'>ergo</span> <span class='ocrx_word' id='word_1_687' title='bbox 3574 4811 3701 4869; x_wconf 86' lang='lat' dir='ltr'>sim-</span> 
     </span>
     <span class='ocr_line' id='line_1_100' title="bbox 2162 4899 3701 4983; baseline 0.003 -27"><span class='ocrx_word' id='word_1_688' title='bbox 2162 4899 2400 4977; x_wconf 85' lang='lat' dir='ltr'>pliciter</span> <span class='ocrx_word' id='word_1_689' title='bbox 2440 4900 2621 4961; x_wconf 89' lang='lat' dir='ltr'>electi</span> <span class='ocrx_word' id='word_1_690' title='bbox 2662 4920 2739 4961; x_wconf 82' lang='lat' dir='ltr'>cx</span> <span class='ocrx_word' id='word_1_691' title='bbox 2779 4902 3081 4963; x_wconf 88' lang='lat' dir='ltr'>electione</span> <span class='ocrx_word' id='word_1_692' title='bbox 3126 4904 3208 4962; x_wconf 87' lang='lat' dir='ltr'>ad</span> <span class='ocrx_word' id='word_1_693' title='bbox 3258 4905 3539 4983; x_wconf 83' lang='lat' dir='ltr'>gloriam,</span> <span class='ocrx_word' id='word_1_694' title='bbox 3578 4922 3701 4981; x_wconf 81' lang='lat' dir='ltr'>quae</span> 
     </span>
     <span class='ocr_line' id='line_1_101' title="bbox 2161 4993 3692 5070; baseline -0.001 -18"><span class='ocrx_word' id='word_1_695' title='bbox 2161 4998 2330 5052; x_wconf 84' lang='lat' dir='ltr'>recte</span> <span class='ocrx_word' id='word_1_696' title='bbox 2374 4993 2737 5070; x_wconf 81' lang='lat' dir='ltr'>intelligitur</span> <span class='ocrx_word' id='word_1_697' title='bbox 2776 4996 2839 5053; x_wconf 90' lang='lat' dir='ltr'>in</span> <span class='ocrx_word' id='word_1_698' title='bbox 2877 4993 2997 5054; x_wconf 90' lang='lat' dir='ltr'>illis</span> <span class='ocrx_word' id='word_1_699' title='bbox 3038 4996 3241 5057; x_wconf 87' lang='lat' dir='ltr'>verbis</span> <span class='ocrx_word' id='word_1_700' title='bbox 3280 4998 3523 5067; x_wconf 84' lang='lat' dir='ltr'>Christi,</span> <span class='ocrx_word' id='word_1_701' title='bbox 3562 4997 3692 5056; x_wconf 85' lang='lat' dir='ltr'>Luc.</span> 
     </span>
     <span class='ocr_line' id='line_1_102' title="bbox 2168 5087 3701 5171; baseline 0.003 -26"><span class='ocrx_word' id='word_1_702' title='bbox 2168 5088 2242 5145; x_wconf 64' lang='lat' dir='ltr'>ta</span> <span class='ocrx_word' id='word_1_703' title='bbox 2278 5104 2289 5145; x_wconf 95' lang='lat'><strong>:</strong></span> <span class='ocrx_word' id='word_1_704' title='bbox 2330 5087 2538 5150; x_wconf 81' lang='lat' dir='ltr'>Nolite</span> <span class='ocrx_word' id='word_1_705' title='bbox 2566 5088 2775 5149; x_wconf 79' lang='lat' dir='ltr'>timere</span> <span class='ocrx_word' id='word_1_706' title='bbox 2794 5090 3061 5168; x_wconf 82' lang='lat' dir='ltr'>pusillus</span> <span class='ocrx_word' id='word_1_707' title='bbox 3084 5108 3253 5171; x_wconf 52' lang='grc' dir='ltr'>,φτ-σω,</span> <span class='ocrx_word' id='word_1_708' title='bbox 3292 5093 3437 5171; x_wconf 79' lang='lat' dir='ltr'>quia</span> <span class='ocrx_word' id='word_1_709' title='bbox 3462 5090 3701 5170; x_wconf 74' lang='lat' dir='ltr'>eomple-</span> 
     </span>
     <span class='ocr_line' id='line_1_103' title="bbox 2164 5180 3701 5263; baseline -0.001 -22"><span class='ocrx_word' id='word_1_710' title='bbox 2164 5181 2290 5242; x_wconf 77' lang='lat' dir='ltr'>euit</span> <span class='ocrx_word' id='word_1_711' title='bbox 2317 5180 2504 5242; x_wconf 70' lang='lat' dir='ltr'>Patri</span> <span class='ocrx_word' id='word_1_712' title='bbox 2532 5186 2727 5243; x_wconf 74' lang='lat' dir='ltr'>vestro</span> <span class='ocrx_word' id='word_1_713' title='bbox 2752 5184 2895 5243; x_wconf 82' lang='lat' dir='ltr'>dare</span> <span class='ocrx_word' id='word_1_714' title='bbox 2920 5183 3079 5244; x_wconf 68' lang='lat' dir='ltr'>‘cobis</span> <span class='ocrx_word' id='word_1_715' title='bbox 3103 5200 3377 5263; x_wconf 70' lang='lat' dir='ltr'>requam.</span> <span class='ocrx_word' id='word_1_716' title='bbox 3408 5182 3701 5243; x_wconf 84' lang='lat' dir='ltr'>Tribuitur</span> 
     </span>
     <span class='ocr_line' id='line_1_104' title="bbox 2161 5274 3699 5355; baseline 0.001 -24"><span class='ocrx_word' id='word_1_717' title='bbox 2161 5278 2375 5333; x_wconf 89' lang='lat' dir='ltr'>autem</span> <span class='ocrx_word' id='word_1_718' title='bbox 2406 5274 2549 5333; x_wconf 86' lang='lat' dir='ltr'>huic</span> <span class='ocrx_word' id='word_1_719' title='bbox 2584 5274 2869 5334; x_wconf 84' lang='lat' dir='ltr'>electioni</span> <span class='ocrx_word' id='word_1_720' title='bbox 2899 5274 2958 5334; x_wconf 91' lang='lat' dir='ltr'>in</span> <span class='ocrx_word' id='word_1_721' title='bbox 2992 5276 3191 5335; x_wconf 82' lang='lat' dir='ltr'>citatis</span> <span class='ocrx_word' id='word_1_722' title='bbox 3220 5276 3392 5347; x_wconf 81' lang='lat' dir='ltr'>lociS‚</span> <span class='ocrx_word' id='word_1_723' title='bbox 3426 5276 3585 5355; x_wconf 87' lang='lat' dir='ltr'>quod</span> <span class='ocrx_word' id='word_1_724' title='bbox 3617 5294 3699 5334; x_wconf 83' lang='lat' dir='ltr'>ra-</span> 
     </span>
    </p>
   </div>
   <div class='ocr_carea' id='block_1_8' title="bbox 508 5364 3693 5450">
    <p class='ocr_par' dir='ltr' id='par_1_9' title="bbox 508 5364 3693 5450">
     <span class='ocr_line' id='line_1_105' title="bbox 508 5364 3693 5450; baseline 0.001 -25"><span class='ocrx_word' id='word_1_725' title='bbox 508 5364 1038 5449; x_wconf 79' lang='lat' dir='ltr'>perseverandum</span> <span class='ocrx_word' id='word_1_726' title='bbox 1108 5364 1299 5444; x_wconf 87' lang='lat' dir='ltr'>gratis</span> <span class='ocrx_word' id='word_1_727' title='bbox 1355 5365 1542 5426; x_wconf 87' lang='lat' dir='ltr'>datur</span> <span class='ocrx_word' id='word_1_728' title='bbox 1592 5367 2073 5445; x_wconf 62' lang='lat' dir='ltr'>perseverantiae</span> <span class='ocrx_word' id='word_1_729' title='bbox 2154 5366 2321 5427; x_wconf 88' lang='lat' dir='ltr'>tione</span> <span class='ocrx_word' id='word_1_730' title='bbox 2384 5368 2522 5446; x_wconf 89' lang='lat' dir='ltr'>ejus</span> <span class='ocrx_word' id='word_1_731' title='bbox 2576 5368 2744 5428; x_wconf 87' lang='lat' dir='ltr'>Deus</span> <span class='ocrx_word' id='word_1_732' title='bbox 2812 5370 3189 5447; x_wconf 86' lang='lat' dir='ltr'>peculiarem</span> <span class='ocrx_word' id='word_1_733' title='bbox 3263 5371 3693 5450; x_wconf 84' lang='lat' dir='ltr'>providentiam</span> 
     </span>
    </p>
   </div>
   <div class='ocr_carea' id='block_1_9' title="bbox 507 5456 2073 5623">
    <p class='ocr_par' dir='ltr' id='par_1_10' title="bbox 507 5456 2073 5623">
     <span class='ocr_line' id='line_1_106' title="bbox 507 5456 2073 5539; baseline -0.001 -20"><span class='ocrx_word' id='word_1_734' title='bbox 507 5458 766 5532; x_wconf 90' lang='lat' dir='ltr'>donum,</span> <span class='ocrx_word' id='word_1_735' title='bbox 798 5456 966 5535; x_wconf 91' lang='lat' dir='ltr'>quod</span> <span class='ocrx_word' id='word_1_736' title='bbox 1000 5456 1080 5519; x_wconf 87' lang='lat' dir='ltr'>ab</span> <span class='ocrx_word' id='word_1_737' title='bbox 1123 5457 1258 5537; x_wconf 87' lang='lat' dir='ltr'>ipsa</span> <span class='ocrx_word' id='word_1_738' title='bbox 1312 5458 1616 5521; x_wconf 87' lang='lat' dir='ltr'>electione</span> <span class='ocrx_word' id='word_1_739' title='bbox 1671 5458 1842 5521; x_wconf 86' lang='lat' dir='ltr'>ducit</span> <span class='ocrx_word' id='word_1_740' title='bbox 1889 5458 2073 5539; x_wconf 87' lang='lat' dir='ltr'>origi-</span> 
     </span>
     <span class='ocr_line' id='line_1_107' title="bbox 508 5550 1495 5623; baseline 0.001 -12"><span class='ocrx_word' id='word_1_741' title='bbox 508 5568 677 5623; x_wconf 89' lang='lat' dir='ltr'>nem,</span> <span class='ocrx_word' id='word_1_742' title='bbox 709 5556 776 5612; x_wconf 88' lang='lat' dir='ltr'>ut</span> <span class='ocrx_word' id='word_1_743' title='bbox 797 5550 944 5611; x_wconf 86' lang='lat' dir='ltr'>satis</span> <span class='ocrx_word' id='word_1_744' title='bbox 964 5550 1351 5613; x_wconf 86' lang='lat' dir='ltr'>declaratum</span> <span class='ocrx_word' id='word_1_745' title='bbox 1381 5556 1495 5613; x_wconf 85' lang='lat' dir='ltr'>cst.</span> 
     </span>
    </p>
   </div>
   <div class='ocr_carea' id='block_1_10' title="bbox 2154 5460 3699 5639">
    <p class='ocr_par' dir='ltr' id='par_1_11' title="bbox 2154 5460 3699 5639">
     <span class='ocr_line' id='line_1_108' title="bbox 2154 5460 3699 5532; baseline 0.001 -13"><span class='ocrx_word' id='word_1_746' title='bbox 2154 5460 2345 5520; x_wconf 89' lang='lat' dir='ltr'>habet</span> <span class='ocrx_word' id='word_1_747' title='bbox 2390 5462 2555 5521; x_wconf 90' lang='lat' dir='ltr'>circa</span> <span class='ocrx_word' id='word_1_748' title='bbox 2599 5462 2687 5520; x_wconf 89' lang='lat' dir='ltr'>sic</span> <span class='ocrx_word' id='word_1_749' title='bbox 2735 5460 2967 5523; x_wconf 88' lang='lat' dir='ltr'>electos</span> <span class='ocrx_word' id='word_1_750' title='bbox 3012 5469 3080 5523; x_wconf 90' lang='lat' dir='ltr'>ut</span> <span class='ocrx_word' id='word_1_751' title='bbox 3124 5480 3233 5523; x_wconf 90' lang='lat' dir='ltr'>eos</span> <span class='ocrx_word' id='word_1_752' title='bbox 3282 5464 3600 5532; x_wconf 85' lang='lat' dir='ltr'>custodiat,</span> <span class='ocrx_word' id='word_1_753' title='bbox 3642 5468 3699 5521; x_wconf 85' lang='lat' dir='ltr'>et</span> 
     </span>
     <span class='ocr_line' id='line_1_109' title="bbox 2155 5554 3692 5639; baseline 0 -24"><span class='ocrx_word' id='word_1_754' title='bbox 2155 5573 2557 5633; x_wconf 79' lang='lat' dir='ltr'>perseverare</span> <span class='ocrx_word' id='word_1_755' title='bbox 2588 5554 2770 5617; x_wconf 84' lang='lat' dir='ltr'>faciat</span> <span class='ocrx_word' id='word_1_756' title='bbox 2804 5575 2819 5627; x_wconf 85' lang='lat'>;</span> <span class='ocrx_word' id='word_1_757' title='bbox 2860 5576 2987 5617; x_wconf 89' lang='lat' dir='ltr'>non</span> <span class='ocrx_word' id='word_1_758' title='bbox 3019 5564 3113 5619; x_wconf 83' lang='lat' dir='ltr'>cst</span> <span class='ocrx_word' id='word_1_759' title='bbox 3148 5577 3301 5639; x_wconf 87' lang='lat' dir='ltr'>ergo</span> <span class='ocrx_word' id='word_1_760' title='bbox 3330 5560 3459 5619; x_wconf 85' lang='lat' dir='ltr'>haec</span> <span class='ocrx_word' id='word_1_761' title='bbox 3488 5557 3692 5618; x_wconf 85' lang='lat' dir='ltr'>electio</span> 
     </span>
    </p>
   </div>
   <div class='ocr_carea' id='block_1_11' title="bbox 3796 4206 3812 6194">
    <p class='ocr_par' dir='ltr' id='par_1_12' title="bbox 3796 4206 3812 6194">
     <span class='ocr_line' id='line_1_110' title="bbox 3796 4206 3812 6194; baseline 0 0"><span class='ocrx_word' id='word_1_762' title='bbox 3796 4206 3812 6194; x_wconf 95' lang='lat' dir='ltr'> </span> 
     </span>
    </p>
   </div>
  </div>
 </body>
</html>
