3850 6225
518 380 598 443 52

519 486 748 548 alicubi
777 484 1041 565 scripsit,
1071 502 1295 545 verum
1322 486 1512 547 etiam
1540 485 1618 546 de
1645 491 1776 547 tota
1803 485 2080 546 effectio-

518 598 601 641 ne
641 597 848 640 causae
887 579 1122 657 primae,
1170 583 1232 638 et
1271 579 1616 657 praesertim
1654 578 1732 638 de
1767 596 2079 639 concursu

520 673 658 751 ejus
691 689 832 732 cum
871 672 1078 732 causis
1121 672 1411 732 secundis
1447 672 1552 731 vix
1581 671 1814 750 aliquid
1851 672 2075 751 attigit,

521 774 584 828 et
623 766 968 847 praesertim
997 765 1062 825 in
1089 765 1246 825 libro
1279 766 1550 845 physic„
1583 765 1692 825 ubi
1721 766 1924 826 solum
1952 766 2083 845 agit

520 861 600 921 de
643 859 1032 919 naturalibus
1071 858 1344 919 motibus
1380 904 1396 933 ,
1447 860 1554 937 qui
1602 876 1792 919 sensu
1843 859 2082 937 percipi

521 954 731 1032 aliquo
807 952 996 1012 modo
1050 957 1334 1030 possunt.
1396 952 1519 1013 Ista
1585 956 1798 1012 autem
1847 952 2081 1030 primae

521 1064 726 1107 causae
755 1044 1074 1123 praemotio
1101 1045 1341 1105 etiamsi
1371 1064 1520 1107 vera
1547 1050 1714 1106 esset
1733 1090 1750 1117 ,
1787 1062 1908 1107 nec
1937 1062 2080 1103 sen-

523 1142 693 1201 sibus
733 1146 948 1218 posset
982 1139 1254 1218 percipi,
1303 1157 1420 1201 nec
1449 1158 1484 1199 a
1518 1139 1784 1200 naturali
1814 1137 2086 1218 philoso-

521 1237 648 1314 pho
693 1232 1150 1295 consideranda
1189 1240 1374 1307 esset,
1419 1234 1532 1294 sed
1561 1252 1598 1295 a
1627 1232 2081 1312 metaphysico.

522 1328 666 1407 Agit
705 1344 856 1405 ergo
898 1326 982 1386 ibi
1027 1326 1390 1387 Aristoteles
1428 1326 1508 1387 de
1550 1326 1914 1405 corporibus
1952 1343 2086 1386 mo—

519 1420 809 1481 ventibus
851 1423 916 1479 et
949 1419 1281 1483 mobilibus
1301 1464 1317 1493 ,
1363 1437 1504 1499 quae
1535 1420 1654 1481 dici
1689 1419 1892 1481 solent
1915 1424 2087 1479 mota

520 1512 781 1586 moveri,
825 1529 936 1572 seu
963 1511 1114 1572 dum
1141 1516 1417 1586 movent,
1448 1513 1706 1573 moveri.
1742 1512 1866 1573 Sed
1891 1511 1943 1572 si
1968 1512 2087 1571 hoc

521 1606 906 1685 intelligatur
945 1605 1025 1666 de
1055 1612 1230 1665 motu
1257 1606 1509 1685 proprio
1541 1624 1614 1665 ac
1641 1606 1923 1685 physic0,
1958 1622 2086 1665 non

523 1706 620 1759 est
643 1698 706 1758 id
733 1716 846 1777 per
867 1716 934 1758 se
961 1699 1384 1759 necessarium
1405 1742 1421 1771 ,
1451 1702 1514 1758 et
1536 1700 1806 1759 maxime
1837 1698 1918 1758 ad
1944 1715 2089 1757 con-

523 1809 776 1852 cursum
823 1792 1038 1870 primae
1089 1809 1324 1863 causae;
1383 1790 1666 1853 calefacit
1715 1792 1882 1851 enim
1923 1790 2085 1871 ignis

525 1884 765 1945 etiamsi
794 1901 913 1944 nec
942 1884 1079 1943 loco
1109 1891 1436 1945 moveatur
1457 1930 1478 1959 ,
1523 1903 1640 1945 nec
1668 1886 1987 1957 alteretur,
2022 1888 2085 1945 et

523 1994 786 2055 magnes
811 1977 892 2037 ad
921 1996 987 2037 se
1015 1977 1208 2037 trahit
1231 1976 1469 2039 ferrum
1493 2024 1508 2051 ,
1551 1996 1806 2057 prorsus
1834 1976 2085 2055 quietus

521 2071 656 2148 ipse
687 2088 972 2131 manens.
1011 2071 1228 2149 Neque
1263 2070 1388 2131 ulla
1426 2073 1582 2131 ratio
1616 2070 1956 2149 probabilis
1994 2068 2087 2130 af-

523 2162 670 2224 ferri
707 2169 932 2243 potest,
967 2182 1079 2224 cur
1105 2164 1245 2225 talis
1269 2170 1477 2225 motus
1515 2164 1594 2225 sit
1628 2164 1957 2243 agentibus
1984 2181 2091 2223 na·

524 2257 828 2317 turalibus
857 2274 970 2317 seu
1001 2257 1314 2336 corporeis
1347 2276 1462 2335 per
1491 2276 1558 2319 se
1592 2258 1982 2319 necessarius
2010 2256 2092 2317 ad

525 2350 842 2429 agendum
865 2369 880 2423 ;
917 2350 1218 2428 contingit
1243 2359 1455 2412 autem
1481 2350 1845 2430 frequenter
1869 2352 1990 2412 hoc
2014 2368 2091 2411 ex

525 2442 850 2504 accidente
873 2488 889 2517 ,
933 2444 1127 2504 altero
1165 2463 1201 2504 a
1230 2446 1428 2505 tribus
1467 2446 1691 2507 modis.
1736 2445 1942 2507 Primo
1978 2462 2091 2503 an-

524 2535 912 2612 tecedenter,
954 2543 1025 2597 ut
1051 2554 1268 2615 agenS,
1303 2538 1472 2617 quod
1515 2538 1782 2600 distabat
1809 2558 1846 2599 a
1877 2556 2087 2618 passe,

527 2629 584 2689 ei
612 2648 723 2708 per
747 2635 988 2689 motum
1017 2630 1384 2707 applicetur.
1418 2633 1492 2692 Et
1521 2633 1640 2693 hoc
1667 2631 1855 2692 modo
1885 2630 2092 2691 existi-

523 2740 630 2783 mo
655 2723 892 2783 moveri
919 2723 1146 2783 coelum
1169 2723 1250 2783 ad
1274 2724 1664 2785 innuendum
1693 2722 2089 2785 convenienti

527 2815 744 2877 ordine
777 2834 848 2875 ac
875 2816 1063 2877 modo
1088 2817 1156 2876 in
1181 2818 1318 2878 haec
1345 2817 1660 2879 inferiora.
1695 2818 1870 2879 Multi
1901 2819 2090 2879 etiam

529 2910 883 2971 existimant
927 2911 1186 2984 moveri,
1221 2917 1288 2971 ut
1313 2912 1608 2972 virtutem
1645 2912 2092 2973 instrumenta-

526 3002 652 3063 lem
681 3002 762 3061 ab
791 3002 1200 3082 intelligentia
1235 3004 1518 3083 recipiat,
1561 3006 1624 3064 in
1656 3023 1780 3084 quo
1816 3023 1947 3066 non
1974 3004 2093 3065 im-

525 3115 773 3168 moror;
820 3095 962 3156 licet
987 3097 1154 3157 enim
1181 3097 1246 3157 id
1268 3097 1650 3172 admittatur,
1693 3104 1906 3160 tamen
1938 3098 2092 3160 alte-

527 3207 690 3262 rum,
724 3190 892 3266 quod
930 3190 1090 3266 dixi,
1114 3191 1332 3270 negari
1363 3210 1491 3252 non
1530 3199 1754 3272 potest,
1789 3212 1933 3253 cum
1960 3193 2092 3252 iere

529 3282 822 3342 sensibus
861 3289 1092 3359 pateat.
1139 3285 1428 3346 Secundo
1454 3331 1468 3358 ,
1511 3286 1812 3366 contingit
1854 3285 2092 3346 moveri

532 3393 730 3454 agens
753 3383 1210 3454 consequenter
1231 3396 1344 3438 seu
1369 3379 1876 3452 concomitanter,
1906 3379 2095 3458 idque

529 3468 736 3528 solum
789 3467 852 3526 in
903 3469 998 3529 his
1049 3472 1413 3550 corporibus
1460 3471 1878 3546 inferioribus,
1930 3491 2092 3552 quoe,

532 3561 684 3622 dum
733 3567 950 3640 agunt,
999 3565 1358 3642 patiuntur;
1393 3573 1454 3626 et
1491 3567 1575 3628 ita
1620 3565 1770 3626 dum
1817 3572 2091 3640 movent,

535 3661 886 3715 moventur.
931 3658 1161 3730 Tertio,
1209 3659 1563 3738 specialiter
1600 3660 1722 3721 hoc
1767 3659 1993 3721 accidit
2034 3662 2099 3720 in

535 3749 808 3809 motibus
831 3748 1134 3813 localibus
1162 3771 1516 3832 corporum,
1547 3755 1654 3833 qui
1673 3753 1833 3815 fiunt
1853 3773 1969 3834 per
1990 3755 2101 3814 im-

535 3843 788 3921 pulsum
805 3845 989 3904 unius
1011 3848 1073 3905 in
1103 3845 1303 3919 aliud3
1325 3865 1520 3908 unum
1542 3848 1708 3910 enim
1729 3866 1957 3928 corpus
1972 3865 2101 3908 non

537 3943 746 3997 movet
773 3937 892 3998 hoc
919 3939 1106 4000 modo
1135 3940 1306 4001 aliud
1327 3985 1342 4014 ,
1390 3941 1510 4001 nisi
1539 3942 1746 4021 ipsum
1771 3931 2100 4003 moveatur

535 4029 727 4108 priuS,
777 4031 922 4109 quia
957 4051 1086 4092 non
1123 4040 1328 4112 potest
1367 4035 1726 4115 imprimere
1769 4036 2095 4115 impetum,

536 4123 636 4183 vel
664 4124 836 4184 aliud
864 4143 1089 4203 corpus
1119 4127 1375 4204 pellere,
1411 4129 1527 4188 uisi
1557 4147 1670 4207 per
1698 4128 1924 4190 fortem
1957 4147 2102 4190 con-

537 4222 770 4277 tactum
796 4263 812 4288 ‚
859 4219 966 4296 qui
991 4218 1110 4280 nisi
1139 4221 1347 4282 medio
1386 4227 1562 4283 motu
1593 4241 1721 4282 non
1743 4221 1816 4283 fit
1847 4239 1866 4299 3
1925 4227 1990 4283 et
2012 4222 2099 4282 ita

541 4309 728 4370 etiam
755 4310 854 4370 hic
885 4321 1090 4372 motus
1116 4319 1210 4374 est
1231 4314 1423 4376 veluti
1448 4315 1717 4376 conditio
1744 4316 2103 4376 necessaria

545 4409 606 4461 et
637 4403 970 4481 applicatio
998 4405 1078 4466 ad
1109 4408 1446 4486 agendum.
1499 4409 1624 4471 Sed
1651 4410 1806 4482 haec,
1841 4416 1911 4470 ut
1950 4408 2099 4484 dixi,

543 4501 690 4556 sunt
727 4495 910 4558 valde
953 4499 1299 4560 extrinseca
1343 4507 1404 4562 et
1446 4501 1852 4564 accidentalia
1888 4503 1967 4564 ad
2010 4503 2105 4564 in·

543 4587 781 4648 fluxum
813 4591 1174 4668 generalem
1202 4593 1414 4672 primae
1447 4613 1670 4656 causae.

627 4685 724 4742 11.
779 4683 839 4744 Si
887 4689 1101 4744 autem
1141 4685 1247 4746 illa
1279 4689 1662 4766 propositio:
1706 4686 1910 4771 Aqem
1943 4708 2103 4754 crea-

546 4779 672 4837 tum
693 4781 884 4838 movet
906 4781 1155 4852 motum,
1187 4779 1567 4860 intelligatur
1592 4783 1671 4843 de
1699 4789 1874 4845 motu
1903 4784 2104 4846 occul-

544 4874 608 4928 to
637 4873 700 4929 et
726 4868 1113 4932 intentionali
1152 4873 1244 4949 (ut
1268 4875 1538 4954 vocant),
1584 4893 1774 4954 quem
1802 4877 1977 4955 prius
2004 4895 2104 4938 re-

545 4958 733 5039 cipiat
774 4980 812 5021 a
840 4963 1047 5040 prima
1081 4982 1292 5040 causa,
1345 4966 1448 5028 illa
1478 4968 1840 5047 propositiO,
1882 4970 1947 5029 in
1985 4969 2105 5032 hoc

545 5071 757 5128 sensu,
791 5073 908 5116 nec
934 5057 1126 5118 habet
1145 5057 1624 5123 fundamentum
1651 5063 1715 5122 in
1747 5062 2101 5137 Aristotele,

544 5164 664 5208 nec
691 5147 934 5209 ratione
961 5151 1208 5212 ostendi
1231 5158 1436 5231 potest
1459 5173 1476 5227 ;
1524 5155 1692 5215 unde
1719 5173 1864 5216 cum
1896 5162 2103 5218 motus

544 5238 649 5299 ille
679 5239 922 5302 dicatur
949 5243 1250 5318 occultus,
1297 5245 1690 5308 afferendum
1727 5255 1822 5310 est
1849 5249 2104 5328 aliquod

547 5331 862 5394 sufficiens
903 5333 1154 5416 signum
1189 5337 1376 5410 illius,
1408 5341 1508 5401 vel
1549 5343 1616 5400 ut
1660 5341 1910 5403 fictitius
1956 5345 2105 5423 reji-

545 5424 804 5487 ciendus
833 5433 947 5489 est.
975 5429 1257 5510 Denique
1283 5431 1332 5493 si
1363 5435 1702 5512 propositio
1728 5434 1868 5496 illa:
1900 5436 2105 5519 Aqem

545 5523 813 5582 creatum
842 5529 1035 5588 movet
1059 5529 1307 5603 motum,
1339 5525 1720 5608 intelligatur
1743 5528 1953 5604 latius,
1990 5530 2105 5592 sci-

1265 386 1478 441 OPUSC.
1516 388 1554 449 1,
1590 386 1706 439 Lm.
1741 386 1782 439 1.
1817 386 1900 439 DE
1932 386 2249 441 CONCURSU
2284 389 2388 441 nm
2420 388 2546 442 CUM
2580 386 2968 441 VOLUNTATE.

2158 488 2331 561 licet,
2381 507 2497 569 per
2538 495 2779 550 motum
2813 480 3215 563 intelligendo
3258 490 3749 561 quamcumque

2160 583 2493 657 actionem,
2526 581 3113 663 quomodocumque
3144 574 3464 655 praeviam,
3506 572 3601 632 sic
3630 588 3755 628 ve-

2158 697 2301 738 rum
2333 682 2430 739 est
2464 696 2651 739 omne
2680 694 2876 756 agens
2912 676 3193 733 creatum
3230 686 3360 729 non
3388 684 3581 747 agere
3613 662 3755 725 nisi

2161 777 2397 832 motum
2430 818 2447 845 ,
2496 772 2643 851 quia
2680 788 2810 831 non
2842 769 2970 847 agit
3000 766 3123 827 nisi
3162 764 3457 825 virtutem
3495 757 3754 839 agendi

2160 866 2419 945 recipiat
2452 884 2489 925 a
2516 866 2721 945 primo
2746 868 2992 941 agente,
3028 865 3091 921 et
3116 859 3197 920 ab
3220 856 3445 917 eodem
3474 868 3761 931 semper

2161 965 2305 1021 actu
2338 964 2765 1029 conservetur,
2807 973 2946 1034 quse
2986 951 3377 1015 conservatio
3410 955 3508 1011 est
3536 942 3759 1007 veluti

2161 1053 2416 1132 quidam
2434 1058 2641 1113 motus
2661 1048 2993 1111 continuus
3008 1064 3211 1107 causoe
3228 1042 3519 1105 secundm
3545 1059 3585 1100 a
3614 1037 3765 1117 pri-

2164 1167 2289 1211 ma.
2351 1149 2559 1208 Potest
2606 1146 2796 1207 etiam
2848 1143 2971 1203 late
3034 1138 3311 1201 secunda
3361 1153 3551 1197 causa
3616 1131 3764 1192 dici

2168 1260 2355 1321 agere
2384 1246 2455 1302 ut
2482 1245 2651 1301 mota
2674 1286 2691 1314 ,
2740 1236 2889 1316 quia
2918 1233 3205 1313 dirigitur
3234 1237 3297 1292 et
3328 1230 3687 1310 adjuvatur
3722 1242 3767 1281 a

2168 1335 2407 1415 prima;
2448 1352 2577 1394 non
2620 1332 2766 1411 quia
2808 1332 2873 1391 in
2919 1347 2988 1390 se
3036 1324 3296 1405 recipiat
3334 1328 3579 1385 motum
3630 1318 3773 1378 ali-

2170 1446 2380 1507 quem,
2409 1427 2519 1488 sed
2544 1426 2689 1504 quia
2714 1426 2777 1485 in
2806 1423 3047 1484 ratione
3072 1420 3316 1501 agentis
3338 1414 3770 1478 constituitur

2167 1523 2235 1583 in
2282 1527 2426 1583 actu
2483 1518 2759 1580 secundo
2813 1534 2929 1595 per
2972 1512 3479 1593 cooperationem
3528 1522 3771 1567 causae

2166 1614 2408 1693 primae.
2455 1610 2723 1683 Quilibet
2756 1610 2985 1669 horum
3024 1605 3355 1665 modorum
3398 1600 3639 1663 sufficit
3688 1602 3769 1655 ut

2168 1707 2379 1767 omnia
2412 1704 2663 1783 agentia
2705 1700 2979 1764 secunda
3020 1698 3401 1759 reducantur
3426 1694 3509 1754 ad
3534 1708 3767 1753 unum

2164 1801 2437 1879 primum
2465 1788 2663 1877 agens
2686 1794 3003 1855 immobile
3032 1799 3095 1853 et
3115 1788 3573 1869 independen3‚
3602 1785 3771 1846 nul-

2163 1892 2353 1971 loque
2378 1891 2635 1952 alterius
2664 1886 3048 1949 adminiculo
3076 1883 3391 1963 indigena,
3436 1888 3505 1942 ut
3544 1898 3771 1959 supra

2166 1986 2403 2047 dictum
2436 1989 2551 2047 est.

2250 2080 2349 2139 12.
2397 2077 2677 2141 Diluitur
2714 2074 2929 2156 quinta
2956 2070 3225 2151 objwtio.
3256 2102 3339 2116 —
3364 2068 3455 2129 Ex
3476 2068 3581 2129 his
3608 2086 3775 2129 res-

2170 2171 2579 2251 pondendum
2608 2172 2703 2231 est
2730 2167 2811 2227 ad
2834 2167 3115 2246 quintam
3145 2162 3589 2243 objectionem.
3626 2163 3775 2221 Ne-

2174 2272 2356 2347 gatur
2374 2266 2543 2326 enim
2567 2281 2643 2324 ex
2669 2262 2847 2323 dictis
2871 2260 2999 2322 tolli
3022 2258 3306 2319 ordinem
3332 2256 3777 2318 essentialem

2174 2376 2247 2419 ac
2276 2378 2390 2438 per
2418 2376 2484 2419 se
2504 2358 2673 2418 inter
2699 2372 2955 2416 causam
2982 2352 3249 2432 primam
3274 2356 3337 2412 et
3360 2350 3772 2421 secundat-ru

2168 2452 2339 2513 unde
2366 2452 2533 2512 enim
2558 2452 2677 2511 hoc
2700 2448 2913 2509 inferri
2941 2447 3191 2525 potest?
3228 2443 3475 2522 quodve
3500 2448 3604 2503 est
3636 2444 3778 2501 hu-

2164 2547 2271 2626 jus
2324 2544 2617 2605 illationis
2679 2540 3165 2603 fundamentum
3198 2540 3223 2599 ἲ
3292 2536 3777 2599 Sabor-dinatio

2172 2639 2340 2699 enim
2370 2636 2720 2699 essentialis
2760 2652 2889 2695 non
2924 2632 3221 2693 fundatur
3257 2630 3321 2690 in
3350 2630 3609 2691 actione
3648 2630 3779 2689 illa

2170 2730 2399 2811 praevia
2424 2748 2631 2791 causoe
2654 2728 2871 2807 primae
2900 2727 2966 2786 in
2990 2724 3364 2799 secundam,
3392 2722 3506 2783 sed
3536 2724 3605 2783 in
3634 2724 3781 2784 hoc

2170 2826 2363 2905 quod,
2382 2844 2460 2886 ex
2480 2842 2597 2885 sua
2620 2822 2955 2883 intrinseca
2977 2824 3223 2892 natura,
3246 2836 3433 2879 causa
3458 2818 3785 2879 secunda

2172 2919 2327 2979 nihil
2364 2922 2572 2998 potest
2600 2934 2789 2995 agere
2818 2914 2953 2975 sine
2992 2913 3219 2973 auxilio
3259 2913 3475 2991 primas
3500 2956 3519 2984 ‚
3564 2919 3643 2973 et
3682 2914 3787 2973 es·—

2169 3012 2371 3073 fectus
2416 3010 2550 3089 ipse
2596 3007 3008 3070 essentialiter
3060 3005 3331 3085 postulat
3370 3004 3790 3083 dependen-

2170 3106 2323 3168 tiam
2346 3123 2383 3166 a
2405 3104 2607 3184 prima
2632 3121 2843 3173 causa,
2877 3119 3015 3180 quae
3046 3098 3469 3179 dependentia
3500 3100 3786 3178 optime

2174 3199 2501 3278 intercedit
2552 3198 2685 3258 sine
2734 3196 2841 3256 illo
2900 3195 3158 3254 influxu.
3218 3193 3350 3254 Imo
3379 3237 3399 3268 ‚
3441 3192 3602 3252 licet
3662 3195 3786 3255 ille

2176 3297 2654 3372 supponeretur,
2686 3295 2751 3351 et
2772 3307 2887 3368 per
2910 3288 3086 3348 illum
3109 3305 3299 3347 causa
3328 3285 3623 3346 secunda
3664 3307 3791 3347 re-

2178 3389 2411 3467 ciperet
2462 3386 2753 3447 virtutem
2806 3383 3303 3455 intentionalem,
3360 3379 3575 3441 adhuc
3624 3389 3793 3443 tota

2178 3483 2281 3542 illa
2302 3497 2491 3542 causa
2514 3479 2601 3540 sic
2622 3479 2845 3538 affecta
2866 3476 3129 3536 haberet
3146 3473 3509 3554 proedictam
3534 3493 3795 3536 esson-

2176 3572 2389 3635 tialem
2418 3570 2899 3650 dependentiam
2920 3616 2937 3643 ‚
2990 3566 3198 3647 quoad
3224 3585 3611 3628 concursum
3652 3569 3797 3628 im·

2178 3665 2523 3728 mediatum
2558 3664 2625 3724 in
2670 3663 2962 3724 effectum
2987 3706 3003 3735 ,
3048 3667 3115 3721 ut
3164 3667 3485 3722 ostensum
3532 3667 3647 3720 est
3698 3681 3799 3722 ex

2180 3759 2361 3821 dictis
2388 3757 2453 3817 in
2482 3757 2715 3835 cap-4.
2758 3757 2886 3816 Nec
2916 3755 3223 3834 majorem
3261 3753 3801 3814 verisimilitudi-

2180 3871 2330 3914 nem
2358 3851 2547 3910 habet
2566 3849 2762 3910 altera
2795 3848 2987 3909 illatio
3020 3847 3099 3908 de
3133 3846 3386 3907 fortuita
3414 3851 3479 3906 et
3506 3849 3801 3908 causali

2184 3943 2619 4025 conjunctione
2668 3959 2872 4003 causae
2908 3941 3123 4021 primae
3162 3959 3305 4001 cum
3346 3939 3647 4001 secunda
3700 3943 3807 4003 ad

2182 4038 2499 4118 agendum
2533 4054 2546 4095 :
2580 4035 2727 4114 quia
2758 4035 2875 4095 hoc
2905 4034 3093 4095 etiam
3122 4033 3480 4094 nullatenus
3511 4035 3813 4112 pendet

2182 4149 2259 4192 ex
2280 4131 2382 4192 illo
2410 4129 2653 4190 influxu
2678 4127 2905 4206 praevio
2926 4127 2993 4188 in
3022 4145 3317 4198 causam;
3349 4143 3525 4201 nam,
3562 4128 3813 4189 etiam

2182 4227 2288 4286 illo
2314 4225 2545 4305 posito,
2587 4228 2729 4302 post
2752 4222 2931 4282 illum
2970 4227 3135 4284 esset
3162 4220 3522 4284 necessaria
3555 4222 3813 4284 altera

2184 4318 2537 4399 conjunctio
2568 4321 2631 4376 et
2666 4315 3023 4394 cooperatio
3058 4313 3433 4376 simultanea
3461 4313 3551 4374 ad
3584 4333 3815 4376 eam-

2182 4411 2329 4473 dem
2358 4410 2667 4472 actionem
2692 4453 2709 4482 ,
2753 4409 2819 4469 in
2849 4427 2973 4487 qua
2995 4426 3112 4487 per
3140 4426 3207 4468 se
3234 4409 3751 4486 conjungantur
3786 4431 3809 4483 ς

2184 4505 2331 4584 quia
2360 4503 2561 4582 prima
2590 4519 2804 4575 causa,
2834 4519 2911 4562 ex
2950 4519 3063 4560 sua
3088 4499 3479 4580 providentia
3512 4501 3819 4580 perfec-

2182 4597 2423 4658 tissima
2448 4640 2463 4669 ,
2513 4613 2629 4674 per
2658 4613 2727 4656 se
2757 4613 2833 4675 ac
2866 4595 3101 4655 directe
3134 4593 3327 4655 voluit
3364 4611 3555 4654 suum
3584 4599 3823 4656 auxi-

2182 4691 2339 4752 lium
2380 4689 2673 4752 omuibus
2724 4687 2929 4748 causis
2971 4687 3265 4748 secundis
3302 4689 3609 4765 praestare
3642 4735 3663 4761 ‚
3730 4697 3819 4751 et

2184 4802 2328 4846 cum
2364 4782 2515 4863 ipsis
2556 4799 2972 4853 concurret-c3
3022 4785 3085 4842 et
3118 4781 3204 4840 ita
3236 4799 3364 4840 uon
3394 4797 3551 4852 casu
3577 4823 3593 4853 ‚
3658 4785 3823 4844 sed

2184 4895 2261 4938 ex
2280 4875 2730 4955 perfectissima
2754 4874 3010 4935 scientia
3038 4879 3099 4934 et
3121 4872 3439 4933 voluntate
3464 4891 3588 4932 sua
3614 4893 3716 4934 ei:
3734 4897 3821 4935 iu

2187 4971 2479 5032 omnibus
2500 4969 2899 5049 conjungitur
2928 4967 3009 5028 ad
3033 4967 3373 5048 agendum,
3390 4972 3461 5028 ut
3486 4965 3825 5031 inferius

2186 5082 2325 5145 cap.
2357 5065 2433 5126 15
2460 5063 2647 5124 latius
2677 5060 3041 5141 explicaturi
3068 5079 3307 5122 sumus·

2302 5250 2564 5329 Satisfit
2590 5253 2779 5313 seoetoe
2804 5252 2864 5312 et
2889 5249 3159 5328 septim
3180 5244 3633 5327 objectionibus.

2267 5441 2365 5502 13.
2412 5441 2497 5502 In
2530 5455 2643 5521 quo
2681 5437 2977 5500 consistat
3012 5453 3163 5498 usus
3188 5435 3459 5516 supremi
3496 5436 3835 5504 domi-nii

2184 5533 2345 5613 quod
2374 5533 2537 5617 Deus
2580 5531 2749 5596 habet
2800 5530 2867 5594 in
2912 5535 3223 5594 &cutura-5
3270 5545 3491 5590 omnes.
3537 5559 3629 5574 —-
3682 5535 3835 5598 Ad
