3850 6225
598 392 719 455 468

602 497 887 575 gloriam,
936 498 1037 559 vel
1078 503 1407 580 praemium
1452 508 1819 582 essentiale;
1854 528 2006 589 ergo
2051 508 2170 571 erit

596 588 865 651 liberum
896 592 1227 673 unicuique
1250 616 1506 677 negare,
1532 618 1644 679 per
1674 610 1849 663 actus
1874 603 2110 665 elicitos
2129 620 2166 663 a

598 682 897 745 charitate
927 688 1155 748 mereri
1200 688 1521 751 hominem
1567 694 1800 771 aliquid
1846 696 2167 773 pertinens

596 776 681 836 ad
730 779 1052 855 praemium
1106 783 1436 845 essentiale
1456 829 1472 858 ,
1538 786 1635 847 vel
1692 788 2167 849 substantialem

594 870 1009 941 sanctitatem,
1041 892 1178 951 quoe
1196 875 1259 934 in
1296 876 1495 955 gratia
1518 885 1579 939 et
1608 880 1907 941 charitate
1937 882 2167 942 consis-

594 963 691 1035 tit,
721 964 929 1025 sinon
970 966 1093 1027 sint
1120 967 1490 1031 intensiores
1536 972 1671 1049 ipsa
1716 973 2047 1046 charitate;
2105 978 2168 1035 et

595 1064 1053 1132 consequenter
1086 1076 1295 1137 neque
1338 1063 1649 1140 oportebit
1674 1064 1914 1145 fingere
1955 1065 2167 1145 plures

590 1148 825 1221 titulos,
858 1150 971 1211 sed
986 1152 1193 1213 dicere
1210 1154 1412 1214 solum
1430 1160 1606 1217 actus
1634 1157 2008 1219 intensiores
2037 1176 2166 1219 me-

588 1242 714 1301 reri
764 1241 883 1302 hoc
910 1252 1343 1324 augmentum,
1374 1248 1651 1327 reliquos
1689 1257 1903 1311 autem
1933 1251 2165 1311 nullius

592 1352 731 1395 esse
776 1336 999 1411 meriti,
1034 1338 1151 1399 nisi
1192 1339 1349 1401 forte
1378 1342 1443 1401 in
1474 1343 1693 1405 ordine
1723 1344 1805 1405 ad
1830 1345 2162 1424 praemium

591 1428 973 1491 accidentale
993 1449 1008 1504 ;
1032 1434 1149 1493 hoc
1176 1440 1386 1495 autem
1412 1434 1529 1514 ipsi
1545 1436 1753 1499 dicere
1774 1457 1901 1499 non
1924 1438 2163 1499 audent

588 1522 897 1599 (quamvis
924 1524 988 1584 id
1014 1528 1387 1603 optaverint,
1424 1535 1491 1588 ut
1536 1530 1937 1609 significant),
1971 1532 2162 1591 maxi-

588 1630 691 1675 me
722 1622 977 1694 propter
1006 1620 1349 1679 Concilium
1375 1621 1827 1684 Tridentinum.
1860 1625 2026 1704 Ergo
2054 1642 2163 1704 pa-

586 1708 639 1767 ri
664 1710 904 1769 ratione
946 1728 1071 1771 non
1105 1711 1409 1775 deberent
1438 1715 1609 1775 aliud
1650 1716 1879 1777 dicere.
1930 1718 2164 1779 Conse-

588 1801 844 1877 quentia
890 1804 1059 1881 prior
1104 1804 1169 1865 in
1202 1806 1321 1866 hoc
1372 1806 1695 1881 fundatur,
1730 1808 1903 1889 quod
1945 1809 2162 1871 Conci-

587 1894 741 1955 lium
769 1911 1019 1974 semper
1036 1896 1313 1976 loquitur
1338 1898 1418 1961 de
1446 1901 1545 1961 his
1568 1902 1807 1964 meritis
1834 1920 1952 1981 per
1967 1904 2162 1963 verba

588 1986 937 2061 indefinita,
969 1989 1097 2051 sive
1128 1992 1191 2051 in
1240 1993 1459 2054 ordine
1488 1994 1571 2055 ad
1598 1995 1886 2073 gloriam,
1918 1998 2050 2057 sive
2079 1996 2162 2057 ad

585 2086 997 2161 augmentum
1022 2086 1261 2159 gratiae,
1288 2086 1415 2146 sive
1444 2087 1751 2163 absolute,
1786 2095 1855 2150 ut
1882 2096 2052 2169 patet
2081 2108 2160 2150 ex

585 2176 730 2235 dict.
764 2194 1005 2237 canone
1036 2180 1136 2250 32,
1170 2186 1331 2239 etex
1360 2198 1497 2240 can.
1527 2182 1607 2242 26
1636 2188 1697 2242 et
1724 2186 1823 2255 31,
1854 2189 1913 2243 et
1949 2188 2078 2244 toto
2099 2200 2154 2243 c.

587 2270 666 2330 10
688 2274 751 2329 et
786 2270 883 2341 16,
910 2271 974 2329 in
1004 2270 1231 2349 quibus
1272 2272 1425 2334 locis
1449 2292 1645 2351 agens
1678 2274 1756 2335 de
1782 2276 1965 2335 bonis
2009 2294 2158 2354 ope-

581 2363 755 2423 ribus
784 2363 1135 2439 meritoriiS,
1168 2382 1493 2443 nunquam
1514 2367 1751 2430 addidit
1772 2369 2023 2447 signum
2037 2369 2158 2429 dis-

582 2456 971 2529 tributivum,
1004 2456 1122 2517 nisi
1144 2463 1390 2519 tantum
1410 2460 1743 2523 referendo
1766 2462 1975 2522 locum
2003 2463 2158 2522 Pau-

582 2550 651 2622 li,
688 2554 717 2611 1
754 2548 837 2609 ad
863 2550 1001 2611 Cor.
1038 2553 1145 2611 15:
1176 2552 1489 2616 Abundale
1513 2556 1581 2617 in
1606 2558 1770 2617 omni
1792 2572 1964 2637 opere
1987 2554 2153 2627 bono,

582 2643 837 2705 scienter
860 2644 1017 2723 quod
1038 2644 1207 2707 labor
1234 2650 1431 2709 vester
1451 2664 1569 2708 non
1595 2652 1687 2710 est
1710 2649 1917 2710 inania
1940 2648 2009 2709 in
2035 2648 2160 2709 Do-

578 2740 767 2812 mine,
799 2756 939 2797 cum
976 2743 1189 2799 tamen
1228 2738 1513 2799 formalia
1546 2740 1739 2801 verba
1766 2740 1940 2801 Pauli
1981 2741 2103 2801 sint
2134 2758 2148 2799 ε

580 2830 971 2893 Abundantes
998 2834 1065 2892 in
1098 2850 1267 2914 opere
1289 2832 1535 2895 Domino·
1559 2851 1791 2917 semper
1802 2860 1827 2907 ;
1854 2834 2025 2895 unde
2059 2841 2154 2894 ta-

582 2926 701 2987 cite
734 2942 809 2986 ea
836 2926 1283 3005 interpretatur
1316 2928 1685 3003 Concilium,
1728 2934 1793 2989 et
1840 2928 1990 2989 satis
2020 2928 2154 3007 qui-

580 3019 727 3079 dem
776 3023 1018 3080 constat
1072 3020 1225 3080 illud
1252 3020 1637 3100 ,adverbium
1677 3039 1932 3104 semper,
1981 3020 2152 3099 quod

580 3120 865 3192 tempora
890 3113 1221 3186 distribuit,
1240 3113 1305 3173 in
1324 3115 1820 3176 distributionem
1842 3117 2153 3177 bonorum

580 3224 848 3286 operum
888 3205 1284 3280 redundare3
1332 3215 1395 3269 et
1440 3209 1507 3268 in
1548 3215 1678 3270 tota
1720 3209 1825 3270 illa
1870 3209 2152 3270 doctrina

580 3317 937 3362 sermonem
972 3317 1109 3361 esse
1157 3300 1235 3361 de
1280 3299 1465 3362 bonis
1506 3301 1801 3382 operibus
1835 3303 2152 3382 justorum

576 3393 1037 3466 universaliter,
1068 3399 1129 3453 et
1157 3401 1412 3474 propter
1431 3395 1793 3474 generalem
1812 3395 2145 3468 rationem,

580 3507 691 3549 scu
722 3489 1001 3549 valorem
1026 3505 1247 3548 eorum
1264 3503 1283 3565 ;
1314 3488 1581 3567 ideoque
1600 3489 1863 3569 perinde
1893 3507 2034 3550 esse
2059 3489 2147 3550 in-

578 3581 833 3644 definite
867 3599 941 3642 ac
966 3580 1354 3642 distributive
1378 3581 1571 3662 loqui.

744 3833 938 3899 Falsa
977 3833 1234 3900 Comitis·
1261 3835 1683 3918 interpretatio
1710 3841 1994 3918 refertur.

659 4059 759 4120 31.
786 4055 981 4117 Video
1011 4055 1373 4135 responderi
1403 4073 1611 4135 posse,
1646 4053 1990 4116 Concilium
2011 4053 2144 4134 qui-

574 4149 723 4212 dem
756 4149 931 4228 loqui
980 4149 1044 4208 in
1092 4147 1196 4209 illa
1250 4147 1612 4208 definitione
1655 4147 2040 4208 distributive
2083 4153 2146 4208 et

576 4242 1011 4305 universaliter
1038 4241 1118 4302 de
1146 4241 1331 4302 bonis
1362 4241 1656 4320 operibus
1691 4240 2030 4320 justorum,
2075 4247 2146 4303 ut

570 4337 846 4398 rationes
888 4336 1297 4409 convincunt3
1352 4351 1491 4396 esse
1520 4337 1733 4394 tamen
1764 4333 2145 4396 distributio-

573 4449 723 4492 nem
751 4430 1311 4500 accommodatam,
1340 4427 1609 4508 ideoque
1637 4445 1751 4508 per
1776 4429 1987 4489 omnia
2013 4429 2146 4507 qui-

490 4577 508 4588 .
576 4523 721 4585 dem
762 4541 953 4603 opera
1004 4521 1234 4584 mereri
1279 4523 1543 4602 justum,
1597 4538 1726 4582 non
1778 4525 1990 4581 tamen
2033 4539 2146 4601 per

576 4617 785 4680 omnia
806 4634 997 4696 opera
1022 4616 1253 4678 mereri
1282 4617 1491 4676 omnia
1524 4615 1781 4695 proemia
1812 4615 1897 4675 ibi
1926 4633 2144 4676 nume·

574 4717 709 4772 rata
730 4729 767 4770 a
797 4709 1092 4780 Concilio,
1126 4708 1238 4770 sed
1264 4708 1516 4786 aliquod
1542 4727 1619 4768 ex
1640 4708 1777 4780 illis,
1795 4710 1974 4789 juxta
2003 4726 2144 4787 pro-

576 4803 933 4884 portionem
979 4803 1207 4881 operiS.
1266 4802 1499 4862 Definit
1554 4803 1723 4862 enim
1772 4801 2138 4875 Concilium,

568 4895 811 4974 justum
864 4913 979 4975 per
1032 4895 1169 4956 haec
1232 4913 1453 4974 opera,
1499 4894 1717 4957 mereri
1758 4899 2142 4976 ammentum

579 4987 819 5070 yratioe,
855 4989 1046 5050 vitam
1070 5009 1109 5048 α
1122 4992 1379 5058 ternam,
1408 4993 1465 5052 et
1478 4989 1679 5070 ipsius
1708 4989 1855 5051 vitoe
1878 4992 2135 5062 mernor,

576 5083 635 5143 εἰ
666 5087 863 5143 tamen
903 5080 971 5142 in
1008 5083 1218 5164 qratia
1270 5081 1606 5153 decesserit,
1650 5079 2136 5154 contrectationem,

574 5179 759 5256 atque.
778 5173 957 5238 etiam
980 5174 1195 5256 alm-iae
1219 5178 1777 5256 auymentum,·non
1806 5181 1901 5235 est
1929 5179 2138 5234 autem

572 5285 834 5328 necesse
858 5275 923 5328 ut
943 5270 1152 5347 justus
1183 5285 1295 5346 per
1324 5267 1567 5344 singula
1598 5286 1791 5346 opera
1820 5267 2134 5328 meritoria

572 5359 711 5422 hmo
736 5362 946 5422 omnia
980 5367 1330 5430 mereatum
1362 5378 1506 5420 nam
1538 5378 1651 5439 per
1676 5367 1881 5420 actum
1907 5360 2136 5420 contri-

576 5455 759 5516 tionis
814 5453 1149 5516 formatum
1203 5458 1485 5514 meretur
1546 5453 1737 5514 vitam
1796 5459 2096 5513 aeternam
2116 5498 2131 5525 ,

562 5551 742 5632 juxta
774 5547 1159 5630 probabilem
1214 5550 1286 5609 D.
1332 5547 1584 5608 Thomoe
1632 5548 2030 5622 sententiam,
2075 5553 2134 5608 et

1169 402 1381 458 OPUSC.
1417 402 1477 458 V.
1512 406 1815 462 RELECTIO
1848 412 1930 464 DE
1961 408 2438 465 namvtscssuna
2471 412 2858 468 mammam.
2893 414 3135 472 msam.
3169 416 3232 470 11.

2249 516 2464 571 tamen
2483 530 2612 573 non
2631 518 2910 576 meretur
2933 522 3342 597 augmentum
3365 517 3574 595 gratioe
3593 526 3646 579 et
3661 520 3756 600 glo·

2247 604 2396 682 riae3
2426 610 2488 665 et
2527 622 2646 683 per
2670 614 2876 668 actum
2909 609 3224 671 charitatis
3265 609 3668 685 intensiorem,
3707 626 3754 678 ut

2249 699 2359 769 sic,
2417 708 2696 761 meretur
2750 710 3166 783 augmentum
3202 704 3420 783 gratiae
3471 709 3532 764 et
3567 706 3750 784 glorie,

2247 807 2376 851 non
2411 795 2621 853 autem
2667 795 2858 855 vitam
2887 802 3203 871 aeternam,
3240 816 3382 876 quae
3409 796 3542 876 jam
3581 818 3754 879 suppo-

2245 884 2417 944 nitur
2443 885 2678 963 debita,
2705 894 2767 949 et
2793 906 2922 949 non
2952 890 3136 950 datur
3171 896 3432 969 propter
3470 889 3622 951 illam
3659 914 3754 953 ma-

2239 976 2447 1056 jorem
2482 979 2921 1043 intensionem.
2951 984 3116 1061 Ergo
3151 983 3438 1043 similiter
3475 1002 3580 1062 per
3607 1005 3750 1065 opera

2247 1072 2509 1132 remissa
2551 1077 2777 1153 poterit
2809 1078 3036 1137 mereri
3079 1078 3268 1137 vitam
3319 1083 3630 1150 aeternam,
3657 1100 3750 1143 non

2247 1166 2552 1229 merendo
2589 1176 3000 1249 augmentum
3031 1172 3244 1251 gratias
3273 1177 3384 1232 aut
3415 1171 3641 1249 gloriam
3667 1195 3748 1238 nec

2243 1274 2508 1333 novam,
2549 1268 2618 1323 ut
2667 1263 2756 1323 sic
2795 1263 3022 1336 dicam,
3049 1264 3265 1325 ·vitam
3319 1271 3632 1337 aeternam,
3669 1270 3748 1329 sed

2245 1352 2532 1415 eamdem
2561 1373 2726 1415 novo
2755 1357 2973 1433 titulo;
3023 1358 3140 1419 hoc
3183 1375 3338 1437 ergo
3395 1362 3488 1419 est
3535 1360 3659 1419 satis
3699 1370 3746 1423 ut

2241 1443 2524 1507 doctrina
2557 1449 2808 1509 Concilii
2861 1452 2940 1511 sit
2995 1450 3370 1511 universalis
3407 1450 3484 1511 de
3519 1454 3745 1514 omnihus

2243 1542 2537 1620 operibus
2557 1543 2710 1623 justi
2751 1562 2828 1605 ex
2853 1546 3056 1625 gratia
3095 1546 3297 1617 factis,
3333 1562 3482 1605 cum
3518 1545 3744 1607 distrihu-

2243 1634 2411 1695 tione
2435 1642 2648 1697 tamen
2671 1639 3079 1699 accommoda
3105 1639 3526 1719 praemiorum.

2852 1892 3196 1971 Rosellitur.

2321 2100 2420 2162 32.
2467 2101 2591 2163 Sed
2617 2101 2778 2162 hane
2805 2102 2996 2162 etiam
3038 2102 3604 2180 interpretationem
3625 2104 3740 2165 Con-

2239 2192 2360 2253 cilii
2407 2192 2632 2254 falsam
2687 2212 2826 2255 esse
2872 2212 3144 2267 censeo,
3197 2194 3488 2273 illiusque
3523 2204 3735 2257 mentem

2237 2286 2456 2359 tuisse,
2489 2286 2812 2365 quodlibet
2843 2305 3001 2366 opus
3021 2288 3197 2367 justi,
3230 2288 3314 2348 de
3345 2304 3469 2365 quo
3497 2288 3570 2346 ibi
3593 2288 3736 2367 loqui-

2237 2382 2360 2452 tur,
2393 2381 2618 2441 mereri
2651 2380 2834 2441 simul
2865 2382 3077 2442 omnia
3113 2380 3219 2441 illa
3269 2400 3414 2460 quae
3461 2381 3536 2441 ibi
3575 2400 3731 2442 recen·

2237 2476 2355 2532 set.
2395 2472 2542 2533 Dico
2575 2480 2810 2547 autem,
2837 2476 2908 2537 de
2935 2493 3046 2556 quo
3073 2474 3155 2536 ibi
3181 2472 3472 2555 loquitu,
3499 2479 3560 2533 ut
3579 2475 3727 2533 exclu-

2237 2564 2384 2625 dam
2441 2566 2912 2641 contritionem,
2963 2567 3062 2627 vel
3119 2584 3406 2627 amorem
3453 2584 3554 2644 per
3591 2584 3722 2643 quem

2239 2657 2451 2731 homo,
2487 2666 2784 2737 tanquam
2817 2679 2930 2739 per
2969 2660 3250 2721 ultimam
3305 2659 3720 2739 dispositionem,

2228 2751 2636 2831 justificatum
2671 2770 2816 2813 nam
2845 2754 3188 2815 Concilium
3217 2753 3302 2814 de
3339 2753 3444 2813 illo
3483 2760 3602 2813 actu
3631 2772 3718 2811 non

2233 2844 2532 2925 loquitur,
2567 2847 2756 2905 etiam
2803 2853 2870 2906 ut
2915 2847 3284 2926 intelligitur
3333 2864 3468 2907 esse
3491 2846 3720 2907 formatus

2233 2955 2347 3017 per
2375 2938 2639 3017 gratiam
2673 2939 2737 2997 in
2768 2938 2990 3001 eodem
3022 2940 3280 3001 instanti
3315 2938 3716 3019 justificationis,

2235 3030 2346 3091 sed
2383 3032 2656 3108 loquitur
2699 3038 2941 3093 tantum
2973 3032 3053 3093 de
3101 3032 3223 3093 illis
3273 3032 3506 3093 actibus
3541 3034 3722 3109 quivo-

2233 3131 2456 3185 cantur
2497 3123 2738 3185 fructus
2778 3127 3057 3204 justitiae.
3113 3127 3218 3205 qui
3267 3127 3513 3187 omnino
3551 3143 3716 3202 suppo-

2231 3225 2390 3278 nunt
2410 3217 2920 3298 justificationem
2965 3220 3142 3297 prius
3175 3218 3430 3280 factam.
3479 3217 3624 3289 Quod
3657 3217 3717 3274 ta-

2233 3311 2348 3372 cile
2381 3311 2684 3392 intelliget
2707 3311 2814 3392 qui
2857 3313 3354 3374 consideraverit
3395 3328 3714 3392 progressum
3764 3359 3765 3382 2

2227 3403 2481 3466 Concilii
2521 3404 2586 3464 in
2615 3404 2896 3466 doctrina
2923 3405 3032 3466 illa
3059 3404 3392 3466 tradenda.
3425 3405 3578 3466 Prius
3599 3404 3714 3463 enim

2228 3515 2342 3576 per
2391 3499 2590 3576 prima
2638 3515 2866 3558 novem
2897 3499 3100 3579 capita
3149 3499 3230 3560 de
3279 3499 3474 3578 prima
3494 3495 3712 3576 justifica·
3762 3515 3763 3529 ff

2225 3591 2396 3651 tione
2421 3591 2734 3661 disseruit,
2764 3597 2827 3652 et
2849 3591 2928 3652 de
2959 3592 3206 3653 actibus
3232 3592 3320 3653 ad
3347 3591 3504 3652 illam
3523 3589 3711 3666 requisi-

2227 3683 2329 3757 tis,
2363 3685 2592 3763 quibus
2619 3685 3049 3749 causalitatem
3075 3686 3294 3748 tribuit
3331 3683 3704 3764 dispositum:

2227 3777 2308 3838 de
2335 3777 2557 3838 merito
2587 3783 2800 3839 autem
2816 3777 2980 3839 illius
2997 3779 3420 3858 dispositionis
3441 3777 3568 3837 nihil
3584 3775 3705 3842 dixit,
3757 3773 3759 3776 ⁴

2227 3871 2376 3950 quia
2405 3872 2708 3932 incertum
2739 3878 2858 3945 est,
2891 3873 3078 3933 etiam
3109 3872 3170 3932 in
3209 3872 3496 3952 opinione
3517 3868 3704 3930 Theolo-

2225 3982 2472 4044 gorum.
2507 3965 2727 4026 Postea
2753 3983 2926 4036 vero,
2957 3983 2995 4026 a
3023 3985 3080 4026 c.
3115 3967 3212 4040 ¹0,
3246 3965 3460 4045 incipit
3483 3979 3630 4042 agere
3649 3959 3701 4018 de

2223 4058 2321 4118 his
2371 4075 2512 4136 quae
2559 4065 2701 4136 post
2731 4059 3242 4138 justificationem
3293 4061 3696 4135 consequuntur,

2223 4155 2332 4210 aut
2361 4149 2500 4210 fieri
2527 4149 2917 4231 contingunt,
2949 4159 3018 4212 ut
3043 4157 3191 4212 sunt
3231 4169 3526 4220 crescere,
3551 4161 3697 4226 perse·

2223 4259 2468 4314 verare,
2497 4243 2723 4304 cadere
2769 4251 2832 4304 et
2877 4263 3241 4324 resurgere;
3273 4261 3352 4305 ac
3397 4242 3621 4308 tandem,
3655 4236 3694 4296 in
3749 4257 3751 4274 ³

2225 4353 2363 4413 cap.
2401 4335 2500 4410 16,
2536 4336 2888 4398 concludit:
2921 4338 3064 4401 Hac
3098 4337 3298 4420 igitur
3329 4337 3537 4400 ratione
3557 4331 3695 4410 justi·

2223 4427 2433 4504 fioatis
2484 4429 2818 4492 hominibus
2865 4433 3254 4512 proponenda
3307 4433 3448 4494 sunt
3493 4422 3695 4508 Apostoli

2223 4522 2436 4582 verba:
2473 4519 2788 4586 Abundat«
2833 4521 2900 4584 in
2947 4525 3113 4586 omni
3147 4541 3322 4606 opere
3367 4525 3530 4593 bono,
3575 4525 3686 4584 etc-;

2223 4613 2499 4692 loquitur
2521 4631 2672 4694 ergo
2701 4614 2778 4676 de
2809 4617 3105 4696 operibus
3133 4635 3274 4697 quoe
3315 4617 3690 4694 consequuntur

2221 4713 2362 4786 post
2405 4709 2672 4787 primam
2701 4709 2986 4788 gratiam,
3021 4729 3136 4790 per
3157 4729 3298 4791 quoe
3343 4711 3512 4772 homo
3547 4703 3686 4782 magis

2223 4817 2296 4861 ac
2325 4801 2526 4877 magis
2565 4802 3024 4876 sanctificatur,
3055 4823 3182 4865 non
3229 4823 3382 4885 ergo
3425 4803 3492 4864 de
3531 4795 3686 4860 contri-

2221 4893 2414 4966 tione,
2457 4913 2572 4973 per
2597 4912 2786 4973 quam
2829 4895 3018 4957 homo
3042 4895 3432 4975 justificatur,
3455 4911 3572 4955 nam
3609 4905 3683 4966 per

2221 4985 2414 5058 illam,
2445 4987 2632 5046 etiam
2661 4993 2732 5048 ut
2757 4987 3114 5062 formatam,
3147 5007 3274 5051 non
3301 4988 3544 5051 abundat
3559 4979 3682 5061 jasti-

2219 5080 2342 5152 tia;
2385 5087 2444 5140 et
2491 5081 2776 5159 quamvis
2814 5081 2948 5160 jam
2979 5084 3057 5144 sit
3107 5101 3264 5162 opus
3315 5081 3547 5144 hominis
3576 5073 3674 5154 justi

2221 5173 2582 5253 subJective‚
2610 5181 2678 5236 ut
2695 5175 2782 5236 sic
2801 5175 3028 5249 dicam,
3047 5192 3173 5236 non
3193 5181 3400 5237 tamen
3425 5169 3670 5253 operativa

2219 5267 2364 5344 quia
2387 5285 2512 5328 non
2539 5275 2634 5328 est
2663 5268 2744 5328 ab
2771 5268 3024 5329 homine
3044 5269 3377 5348 justificato
3393 5275 3448 5328 ut
3465 5268 3549 5336 sic;
3571 5263 3669 5322 Con·

2221 5361 2429 5420 cilium
2458 5367 2668 5422 autem
2701 5361 2974 5440 loquitur
2995 5362 3076 5423 de
3119 5362 3368 5423 homine
3387 5362 3500 5439 jam
3515 5349 3670 5436 justifi-

2217 5461 2355 5536 cato
2385 5454 2472 5513 sic
2505 5461 2830 5532 operante,
2861 5463 2924 5516 et
2951 5454 3094 5516 ideo
3121 5456 3402 5516 instantia
3428 5453 3490 5514 de
3513 5443 3665 5510 contn'·

2215 5547 2383 5608 tione
2411 5565 2538 5608 non
2567 5554 2662 5609 est
2689 5547 2770 5609 ad
2799 5565 2956 5610 rem.
