3850 6225
506 422 625 490 432

506 534 627 597 hoc
648 534 749 596 vel
776 532 881 595 illo
908 532 1109 596 tituto.
1137 534 1314 599 Unde
1342 536 1531 597 etiam
1556 535 1898 597 consolatio
1926 553 2072 617 pec-

507 626 735 691 catoris
763 673 780 702 ‚
830 646 1019 707 quam
1061 628 1331 690 intendit
1374 628 1603 689 Paulus
1648 628 1769 690 illis
1808 629 2016 691 verbis
2049 646 2063 689 :

505 722 651 787 Non
669 727 759 785 est
778 720 1051 802 injustus
1078 722 1263 795 Dm,
1292 726 1437 795 etc„
1472 720 1602 784 fere
1633 722 1804 783 nulla
1830 722 2068 802 protec-

508 816 571 877 to
600 820 715 888 est,
746 820 809 876 et
836 816 1057 877 merito
1096 814 1216 876 dici
1248 822 1453 895 potest
1492 816 1663 895 quis:
1702 815 1857 879 Sine
1885 832 2074 879 causa

506 908 887 982 laborasset,
938 908 987 969 si
1022 907 1173 968 nihil
1204 908 1473 987 amplius
1512 910 1749 989 praemii
1782 908 2073 971 obtentu-

508 1018 615 1063 rus
646 1006 761 1077 est,
793 1020 867 1062 ac
892 1000 943 1061 si
976 1000 1077 1063 illa
1106 1000 1329 1062 merita
1359 1019 1487 1061 non
1511 1002 1852 1065 habuisset.
1879 1002 2072 1065 Unde

508 1096 718 1157 Sancti
768 1096 1002 1169 Patres,
1054 1094 1305 1174 quando
1350 1114 1425 1155 ex
1470 1095 1651 1157 dictis
1696 1096 1847 1157 locis
1898 1094 2074 1157 Pauli

506 1188 805 1269 colligunt
840 1190 1041 1250 Deum
1086 1194 1635 1251 remuneraturum
1672 1190 1776 1251 illa
1818 1188 2063 1263 merita,

506 1282 691 1361 plane
733 1281 1087 1363 intelligunt
1138 1280 1217 1343 de
1262 1282 1517 1361 proprio
1554 1282 1813 1362 praemio
1858 1302 2070 1344 essen·

506 1375 637 1435 tiali
661 1420 677 1450 ,
728 1379 791 1438 et
828 1374 1113 1436 distincto
1144 1374 1225 1435 ab
1256 1392 1355 1449 ec,
1386 1375 1557 1455 quod
1594 1374 1749 1436 alias
1786 1374 2066 1437 debitum

510 1476 626 1530 est.

588 1563 685 1622 Μ.
720 1559 999 1625 Absurde
1016 1576 1151 1643 μα’
1169 1578 1243 1625 ezr
1264 1562 1375 1627 bac
1396 1564 1693 1627 sententia
1708 1568 2062 1645 sequuntur.

504 1688 585 1703 —
616 1654 919 1718 Primum.
942 1690 1021 1701 —
1048 1655 1375 1732 Secundo,
1426 1670 1503 1716 ex
1548 1656 1787 1717 ratione
1839 1654 2065 1716 divinae

504 1746 911 1827 providentia
981 1747 1177 1808 multa
1237 1746 1515 1809 inferunt
1578 1747 1723 1809 dicti
1776 1754 2068 1809 auctores

506 1846 723 1902 contra
750 1841 915 1901 hanc
942 1841 1319 1901 sententiam
1344 1886 1360 1913 ‚
1395 1860 1531 1920 quae
1560 1856 1782 1903 revera
1812 1848 1954 1903 sunt
1985 1840 2070 1903 ef-

506 1932 896 2005 ficacissima,
936 1932 987 1993 si
1014 1932 1355 2013 prudenter
1382 1933 1877 1997 considerentur.
1912 1934 2069 1995 Nam

506 2026 707 2107 primo
740 2044 815 2088 ex
833 2026 940 2087 illa
970 2026 1279 2087 sententia
1304 2028 1605 2107 sequitur,
1632 2028 1681 2088 si
1710 2027 1932 2107 aliquis
1957 2046 2070 2107 per

506 2120 737 2181 multos
780 2138 981 2183 annos
1018 2121 1185 2200 apud
1221 2122 1421 2181 Deum
1450 2120 1901 2201 perfectissime
1941 2139 2068 2181 me·

506 2214 652 2286 ruit,
684 2232 885 2293 usque
916 2214 995 2275 ad
1022 2214 1191 2275 mille
1218 2214 1319 2275 vel
1342 2213 1553 2293 plures
1579 2215 1809 2294 gradus
1831 2214 2064 2293 gloriae,

508 2312 571 2368 et
616 2312 834 2387 postea
869 2326 984 2387 per
1030 2308 1381 2368 humanum
1432 2308 1678 2387 lapsum
1725 2309 2069 2370 mortaliter

504 2405 743 2480 peccet,
790 2406 852 2460 et
898 2400 1123 2461 deinde
1154 2406 1441 2480 resurgat
1484 2419 1598 2480 per
1634 2402 2068 2462 contritionem

504 2500 573 2555 ut
614 2494 859 2568 decem,
902 2500 961 2555 et
1004 2495 1089 2554 ita
1128 2494 1430 2556 moriatur
1458 2542 1473 2565 ,
1520 2495 1725 2555 solum
1766 2494 2068 2573 consequi

503 2585 766 2665 gloriam
798 2592 865 2647 ut
902 2584 1155 2659 decem3
1192 2586 1359 2665 quod
1402 2586 1803 2648 durissimum
1846 2594 1962 2659 est,
2007 2594 2068 2649 et

500 2682 725 2758 proeter
744 2680 857 2739 Dei
878 2678 1390 2753 misericordiam,
1412 2687 1603 2760 atque
1629 2680 1817 2742 etiam
1842 2686 2070 2760 praeter

494 2772 801 2851 justitiam
822 2772 1350 2845 commutativam,
1380 2774 1714 2853 suppositis
1738 2793 1877 2853 quoe
1901 2774 2068 2836 dicta

502 2868 649 2926 sunt
694 2865 757 2926 in
802 2864 1181 2945 praecedenti
1233 2865 1651 2947 disputatione
1678 2913 1693 2940 ‚
1732 2868 2062 2942 nimirum,

502 2959 979 3041 promissionem
1008 2960 1233 3022 factam
1264 2960 1572 3041 prioribus
1601 2960 1839 3022 meritis
1863 2961 2066 3023 solum

501 3072 639 3118 esse
670 3054 787 3117 sub
816 3054 1169 3118 conditione
1211 3049 1516 3117 moriendi
1556 3055 1619 3117 in
1658 3057 1886 3136 gratia;
1926 3074 2064 3136 quae

501 3149 772 3211 conditio
800 3149 1095 3229 impletur
1114 3195 1131 3220 ,
1160 3155 1223 3211 et
1246 3149 1365 3210 sub
1398 3149 1500 3210 illa
1530 3156 1711 3210 erunt
1740 3155 2063 3229 acceptata

502 3241 605 3306 illa
634 3245 857 3306 merita
886 3243 965 3306 ad
992 3244 1188 3307 multo
1228 3245 1433 3324 majus
1464 3243 1809 3324 praemium.

585 3337 683 3399 15.
734 3332 1077 3402 Secundum
1130 3369 1212 3384 —-
1240 3332 1562 3401 Ocoaeritur
1601 3339 1840 3400 cuidam
1870 3341 2059 3421 naqoe.

500 3461 581 3477 —
608 3427 902 3492 Secu’ndo
943 3429 1182 3490 accedit
1205 3474 1221 3503 ,
1266 3443 1412 3490 nam
1448 3429 1500 3490 si
1536 3427 1923 3509 comparatio
1957 3429 2066 3490 fiat

499 3523 689 3605 hujus
716 3523 881 3584 homi
892 3521 985 3583 nis
1014 3534 1158 3584 cum
1187 3523 1309 3583 ali'o
1330 3570 1345 3595 ,
1382 3523 1487 3602 qui
1522 3527 1647 3585 toto
1680 3531 1741 3586 et
1768 3522 2064 3585 diuturno

498 3625 783 3696 tempore
832 3615 971 3676 vitae
1020 3615 1083 3676 in
1132 3615 1417 3676 maximis
1466 3617 1741 3696 peccatis
1796 3623 1859 3678 et
1899 3615 2064 3678 vitiis

498 3709 737 3790 absque
764 3708 890 3770 ullo
916 3708 1137 3769 merito
1164 3715 1443 3770 versatus
1464 3709 1562 3784 sit,
1598 3709 1742 3772 etin
1768 3709 1893 3770 tine
1918 3709 2061 3770 vitae

498 3809 791 3884 resurgat
812 3820 927 3881 per
946 3801 1381 3864 contritionem
1402 3807 1473 3863 nt
1498 3801 1741 3876 decem,
1774 3808 1835 3864 et
1855 3803 2064 3864 statim

498 3895 825 3967 moriatur,
854 3893 1095 3974 aequale
1116 3895 1445 3974 praemium
1468 3895 1677 3976 gloriae
1698 3895 2056 3969 habebunt3

497 3987 599 4048 vel
636 3987 685 4048 si
720 3993 1013 4066 peccatur
1050 3987 1269 4049 babuit
1300 3986 1585 4048 ultimam
1622 3987 2060 4049 contritionem

500 4079 927 4154 intensiorem,
948 4079 1204 4142 habebit
1224 4083 1411 4143 etiam
1434 4083 1738 4161 majorem
1760 4083 2056 4164 gloriam:

499 4175 619 4236 hoc
649 4177 863 4235 autem
902 4173 1108 4234 statim
1146 4179 1404 4254 apparet
1444 4175 1667 4236 rationi
1706 4173 2058 4250 dissonum,

500 4273 563 4330 et
602 4273 827 4347 praeter
867 4265 1341 4328 convenientem
1388 4267 1689 4346 justitiam
1726 4265 2062 4328 distributi-

498 4379 639 4422 vam
664 4407 680 4434 ,
716 4361 796 4422 ad
825 4372 1015 4440 quam
1056 4365 1297 4439 spectat
1322 4362 1450 4420 non
1478 4359 1791 4440 respicere
1820 4367 2063 4422 tantum

502 4455 675 4515 illum
706 4453 988 4515 ultimum
1014 4459 1248 4527 actum,
1280 4451 1392 4514 sed
1417 4453 1604 4514 etiam
1630 4453 1785 4514 alios
1810 4453 2064 4515 merito·

500 4549 625 4609 rios
654 4547 717 4608 in
742 4545 863 4607 vita
893 4545 1089 4608 factos
1124 4592 1141 4618 ,
1192 4553 1277 4622 ek
1289 4563 1431 4608 cum
1472 4548 1673 4626 gratia
1706 4545 1877 4608 finali
1914 4565 2066 4608 cou-

493 4643 765 4720 junctos.
820 4637 946 4700 Nec
972 4639 1194 4701 satisfit
1232 4639 1497 4702 dicendo
1534 4641 1721 4702 etiam
1750 4641 2062 4720 respicere

500 4735 700 4795 Deum
732 4733 811 4793 ad
838 4731 1063 4794 merita
1099 4733 1339 4813 priora,
1380 4733 1889 4814 quandoquidem
1919 4751 2064 4813 pro-

499 4831 639 4906 pter
674 4823 781 4886 iria
820 4827 1007 4886 etiam
1045 4825 1285 4905 praebet
1312 4825 1480 4888 idem
1520 4829 1881 4907 praemium;
1912 4833 2064 4887 nam

500 4921 549 4980 si
577 4919 781 4998 majus
806 4921 1135 5000 praemium
1164 4933 1290 4979 non
1316 4919 1549 4993 tribuit,
1584 4919 1842 5000 perinde
1868 4927 1966 4982 est
1989 4939 2062 4982 ac

501 5013 551 5075 si
582 5031 711 5073 non
734 5012 1095 5092 respiceret,
1124 5009 1293 5089 quod
1312 5013 1531 5074 attinet
1554 5012 1635 5074 ad
1658 5031 1873 5074 veram
1900 5029 2065 5094 prae-

498 5105 607 5166 mii
652 5105 1067 5182 largitionem.
1124 5103 1431 5166 Praeterea
1454 5151 1470 5180 ,
1520 5105 1689 5184 quod
1730 5105 1897 5167 Deus
1944 5107 2063 5168 hoc

500 5198 863 5279 imperfecto
904 5196 1095 5258 modo
1128 5197 1409 5276 proemiet
1448 5198 1598 5259 talia
1631 5199 1893 5275 merita,
1935 5212 2062 5260 non

498 5297 703 5372 potest
726 5289 911 5352 tribui
942 5287 1214 5351 defectui
1244 5295 1353 5351 aut
1372 5291 1769 5372 negligentia!
1792 5292 2062 5354 bominis

499 5382 889 5466 poenitentis;
926 5397 1098 5457 nam,
1142 5381 1289 5445 licet
1324 5383 1515 5444 bomo
1554 5384 1657 5445 ille
1706 5391 2066 5448 conteratur

500 5482 803 5564 quantum
832 5477 1029 5557 possit
1052 5523 1067 5550 ,
1100 5494 1225 5538 non
1254 5479 1395 5555 plus
1424 5477 1684 5558 recipiet
1711 5495 1901 5558 quam
1931 5485 2061 5543 suae

500 5571 848 5634 contritioni
879 5569 1257 5651 respondeat
1290 5589 1308 5645 ;
1356 5577 1418 5634 at
1447 5589 1595 5632 vero
1634 5579 1920 5633 auctores
1955 5575 2059 5653 qui

1078 427 1289 489 OPUSC.
1322 434 1381 487 Υ.
1416 432 1719 487 aemerio
1756 434 1833 487 DE
1867 432 2349 489 REVU'ISCENTIA
2385 433 2769 489 mamosoli.
2807 433 3044 487 DISPUT.
3083 434 3142 486 11.

2152 536 2368 599 dicunt
2394 536 2732 617 aliquando
2759 534 3130 597 mortificata
3153 532 3380 595 merita
3407 548 3538 591 non
3561 530 3719 590 inte-

2155 652 2264 715 gre
2295 630 2624 713 proemiari‚
2671 646 2928 691 causam
2957 646 3096 691 esse
3130 626 3308 689 aiunt
3331 626 3398 685 in
3425 624 3560 703 ipso
3587 642 3718 701 poe-

2153 728 2415 801 niteute,
2445 726 2550 806 qui
2581 743 2710 785 non
2745 724 2895 785 satis
2927 742 2994 783 se
3021 721 3318 803 disponit.
3365 719 3446 779 Et
3471 716 3716 795 quidem

2153 824 2616 898 consequenter
2661 816 2884 879 merito
2921 817 3008 876 sic
3040 813 3418 893 loquuntur,
3467 828 3614 869 nam
3647 829 3718 870 ex

2153 920 2330 993 parte
2357 932 2484 991 ,sua
2515 913 2684 973 Deus
2712 914 2968 989 paratus
3007 914 3100 969 est
3133 906 3216 967 ad
3252 903 3538 967 dandum
3567 902 3718 963 inte·

2155 1026 2336 1088 grum
2369 1004 2730 1087 praemium,
2781 1002 2832 1064 si
2873 1020 2951 1063 ex
2980 1006 3154 1080 parte
3193 996 3554 1076 recipientis
3586 996 3716 1055 nul-

2153 1102 2282 1161 lum
2329 1100 2408 1161 sit
2437 1096 2832 1160 obstaculum
2860 1144 2878 1171 ,
2931 1114 3074 1157 cum
3105 1093 3209 1153 illa
3239 1090 3465 1153 merita
3495 1090 3628 1149 viva
3661 1098 3716 1150 et

2149 1194 2394 1273 integra
2433 1194 2734 1253 maneant
2769 1191 2832 1250 in
2877 1187 3302 1267 acceptatione
3347 1185 3524 1264 ejus3
3573 1200 3714 1259 ergo

2149 1288 2255 1349 illa
2284 1285 2616 1357 sententia,
2635 1284 2815 1363 juxta
2841 1296 3242 1343 communem
3263 1276 3620 1338 doctrinam
3645 1275 3713 1335 de

2149 1379 2580 1443 reviviscentia
2627 1376 2995 1439 meritorum
3025 1420 3042 1449 ‚
3091 1370 3384 1435 sustineri
3439 1386 3569 1431 non
3613 1388 3716 1448 po-

2151 1480 2293 1537 test.

2233 1568 2329 1629 16.
2379 1564 2668 1630 Aliorum
2708 1564 2930 1629 wasto,
2991 1592 3070 1607 --
3117 1560 3258 1653 Haec
3308 1562 3712 1636 argumenta,

2149 1678 2289 1741 quae
2319 1660 2380 1720 in
2405 1676 2473 1721 re
2497 1658 2718 1719 morali
2743 1672 2961 1717 revera
2989 1660 3136 1715 sunt
3159 1650 3619 1719 efficacissima,
3643 1648 3716 1709 ab

2150 1752 2522 1815 adversariis
2551 1750 2732 1812 facile
2757 1751 3265 1817 contemnuntur,
3295 1744 3450 1824 quia
3475 1760 3604 1803 uon
3631 1760 3716 1803 se-

2149 1846 2282 1907 lum
2309 1846 2376 1907 in
2405 1842 2790 1905 mortificatis
2821 1840 3054 1902 meritis
3076 1884 3093 1912 ,
3131 1838 3244 1899 sed
3277 1838 3475 1899 etiam
3505 1836 3572 1895 in
3601 1836 3714 1902 bis,

2151 1956 2288 2019 quae
2321 1936 2626 2019 p’erpetuo
2659 1937 2798 1997 viva
2825 1939 3221 2014 permanent,
3261 1934 3527 1993 censent
3555 1926 3716 1989 idem

2151 2032 2426 2105 servari3
2472 2030 2811 2101 nimirum,
2855 2026 3026 2107 quod
3067 2024 3370 2105 perfectio
3413 2022 3714 2083 intensiva

2150 2126 2388 2206 praemii
2419 2124 2624 2187 solum
2650 2118 2990 2201 respondet
3023 2118 3133 2178 uni
3161 2117 3330 2179 actui
3357 2114 3679 2176 intensiori
3697 2158 3710 2184 ,

2149 2238 2339 2298 quem
2377 2220 2566 2280 homo
2607 2217 2668 2277 in
2703 2220 2832 2277 toto
2865 2213 3148 2275 discursu
3181 2210 3326 2270 vitae
3365 2208 3580 2268 habet.
3630 2208 3712 2267 Ita

2149 2319 2239 2388 ut,
2271 2314 2414 2375 licet
2439 2312 2662 2393 aliquis
2689 2310 2752 2370 in
2779 2310 2905 2368 vita
2931 2324 3043 2387 per
3061 2310 3316 2367 centum
3339 2321 3547 2363 annos
3571 2320 3712 2361 con-

2149 2408 2357 2468 tinuos
2383 2406 2444 2467 in
2475 2404 2672 2484 gratia
2700 2404 3080 2482 perseveret,
3119 2406 3181 2459 et
3211 2398 3584 2459 innumeros
3617 2413 3710 2455 ae-

2149 2504 2250 2562 tus
2281 2498 2597 2560 charitatis
2637 2501 2704 2557 ut
2747 2494 2968 2555 decem
2991 2538 3012 2567 ,
3045 2490 3148 2553 vel
3179 2490 3344 2551 infra
3375 2488 3550 2550 illum
3579 2506 3706 2567 gra-

2149 2590 2324 2667 dum,
2353 2592 2562 2666 faciat,
2590 2594 2959 2668 recepturus
2985 2604 3114 2647 non
3137 2586 3218 2646 sit
3241 2584 3362 2645 nisi
3391 2584 3702 2662 pra-mium

2149 2692 2218 2748 ut
2255 2686 2475 2747 decem
2505 2704 2522 2757 ;
2573 2682 2744 2763 quod
2787 2682 2976 2743 etiam
3015 2678 3276 2759 recipiet
3309 2677 3424 2756 qui
3455 2676 3702 2735 existens

2147 2780 2212 2841 in
2241 2778 2422 2841 simili
2453 2782 2616 2840 statu
2642 2776 2879 2857 gratiae,
2909 2790 3110 2835 unum
3135 2778 3386 2834 tantum
3417 2776 3618 2830 actum
3645 2775 3702 2829 ut
3816 2790 3817 2817 1

2147 2872 2367 2935 decem
2396 2872 2542 2933 fecit
2567 2916 2584 2945 ,
2637 2876 2698 2931 et
2728 2888 2872 2931 cum
2901 2868 3008 2929 illo
3033 2866 3298 2928 moritur
3315 2881 3338 2941 ;
3373 2864 3576 2925 solum
3605 2864 3704 2923 erit
3816 2868 3817 2953 ᾗ

2147 2966 2520 3037 differentia,
2567 2962 2736 3043 quod
2760 2964 2862 3023 hic
2889 2980 3016 3023 uno
3045 2960 3251 3034 titulo,
3297 2959 3409 3020 ille
3439 2956 3706 3037 pluribus

2147 3060 2310 3121 idem
2345 3058 2668 3140 praemium
2703 3056 2940 3137 recipit.
2987 3054 3077 3116 Ex
3119 3054 3242 3116 boc
3281 3052 3458 3115 enim
3503 3048 3706 3111 funda-

2145 3160 2358 3214 mento
2379 3158 2546 3214 recte
2567 3150 2850 3232 sequitur
2869 3149 3062 3230 quod,
3091 3147 3239 3209 licet
3261 3145 3491 3206 merita
3515 3143 3705 3224 priora

2144 3246 2516 3308 mortificata
2563 3243 2818 3316 fuerint,
2861 3248 2920 3303 et
2969 3247 3188 3321 postea
3233 3241 3432 3301 homo
3469 3238 3552 3300 ad
3585 3255 3706 3318 gra·

2145 3342 2296 3402 tiam
2325 3337 2565 3412 redeat,
2597 3353 2924 3416 nunquam
2953 3335 3149 3414 possit
3179 3335 3520 3414 praemium
3545 3349 3706 3392 exce·

2147 3432 2298 3495 dere
2325 3431 2731 3493 intensiorem
2761 3435 2968 3490 actum
2987 3474 3006 3503 ,
3041 3443 3232 3506 quem
3259 3426 3408 3487 talis
3439 3427 3624 3486 homo
3653 3424 3702 3482 in
3813 3499 3815 3504 .

2147 3527 2432 3589 discursu
2477 3526 2618 3585 vitai
2665 3523 2904 3584 habuit.
2957 3521 3064 3582 Est
3112 3527 3328 3582 tamen
3371 3517 3702 3580 differentia
3813 3543 3815 3602 3

2137 3621 2316 3702 juxta
2338 3617 2667 3699 praedictos
2699 3622 3021 3688 auctores;
3051 3631 3222 3688 uam,
3257 3613 3308 3673 si
3335 3613 3562 3673 merita
3591 3627 3700 3670 non
3813 3623 3815 3650 ³

2147 3711 2624 3784 mortificantur,
2645 3709 2792 3770 licet
2811 3707 3039 3770 intensi
3063 3713 3239 3768 actus
3254 3705 3699 3787 praecesserint,

2147 3809 2208 3868 et
2241 3811 2460 3886 postea
2499 3802 2742 3865 remissi
2786 3803 3276 3882 subsequantur,
3309 3799 3698 3859 nihilominus
3814 3807 3815 3810 ’

2143 3899 2472 3980 proemium
2505 3896 2853 3959 secundum
2911 3893 3330 3956 intensionem
3375 3891 3698 3971 respondet

2143 3991 2308 4054 actui
2343 3991 2687 4066 meritorio,
2715 3989 2986 4051 maxime
3022 3989 3292 4059 intenso,
3321 3985 3436 4065 qui
3473 4001 3696 4063 semper

2105 4131 2114 4138 -
2141 4087 2318 4147 vivus
2343 4083 2718 4165 permansit;
2752 4089 2816 4144 at
2835 4099 2981 4145 vero
3005 4081 3258 4161 quando
3279 4079 3548 4140 mortale
3571 4095 3696 4157 pec-

2145 4187 2351 4240 catum
2381 4176 2794 4256 interponitur
2814 4222 2833 4249 ,
2863 4182 2927 4237 et
2955 4175 3165 4255 priora
3193 4173 3426 4235 merita
3459 4169 3695 4231 mortifi-

2145 4279 2386 4345 cantur,
2431 4270 2715 4350 quamvis
2741 4277 2918 4331 actus
2941 4267 3346 4330 intensissimi
3375 4281 3692 4346 praeeesse-

2143 4366 2267 4427 rint
2299 4371 2443 4426 ante
2472 4369 2823 4443 peccatum,
2855 4363 2908 4424 si
2939 4361 3226 4424 contritio
3252 4377 3370 4439 per
3395 4375 3586 4439 quam
3609 4375 3692 4418 re-

2146 4460 2440 4540 surgitur,
2463 4457 2562 4518 vel
2583 4465 2760 4519 aetus
2786 4455 2888 4517 aiii
2913 4455 3218 4517 meritorii
3240 4453 3348 4533 qui
3375 4460 3520 4532 post
3545 4451 3692 4512 illam

2145 4557 2494 4632 sequuntur
2517 4597 2532 4626 ,
2571 4553 2717 4612 sunt
2741 4549 3164 4620 remissioreS,
3214 4547 3549 4626 praemium
3581 4563 3688 4604 non

2145 4644 2592 4726 correspondet
2621 4644 2692 4704 tu
2725 4641 3078 4702 intensione
3109 4641 3277 4701 actui
3311 4639 3584 4700 maxime
3611 4638 3690 4697 in-

2146 4746 2348 4812 tenso,
2395 4739 2499 4818 qui
2543 4735 2874 4798 antecessit
2919 4741 3278 4816 peccatum,
3329 4733 3446 4795 sed
3482 4733 3572 4793 illi
3601 4732 3690 4809 qui

2147 4831 2584 4912 subsequitur,
2631 4837 2694 4892 ct
2727 4831 2903 4890 vivus
2943 4832 3270 4908 permanet
3299 4845 3504 4906 usque
3541 4826 3600 4885 in
3631 4825 3693 4884 fi-

2145 4942 2312 4988 nem.
2355 4926 2532 4988 Unde
2562 4923 2944 4987 concludunt
2969 4921 3178 5001 priora
3215 4922 3438 4982 merita
3469 4937 3594 4980 non
3615 4919 3692 4978 ri·

2143 5014 2377 5081 vificari
2405 5021 2648 5099 integre
2679 5017 2887 5098 quoad
2919 5015 3260 5077 efficaciam
3289 5013 3652 5074 intensivam
3671 5057 3686 5084 ,

2145 5119 2216 5174 ut
2251 5114 2340 5174 sic
2369 5113 2596 5186 dicam,
2629 5110 2832 5173 donec
2871 5110 2980 5171 flat
3005 5107 3230 5188 aliquis
3253 5114 3433 5169 actus
3463 5113 3585 5167 tam
3613 5105 3688 5163 in-
3809 5191 3811 5194 Α

2143 5211 2383 5282 tensuS,
2411 5221 2601 5286 quam
2628 5203 2744 5265 fuit
2771 5202 3081 5264 maximus
3109 5201 3214 5279 qui
3239 5199 3562 5280 praecessit
3591 5217 3604 5257 ε
3635 5203 3684 5256 et

2145 5303 2294 5360 tunc
2333 5303 2623 5378 uterque,
2671 5301 2740 5358 ut
2785 5296 2982 5368 aiunt,
3019 5311 3150 5355 non
3189 5293 3422 5353 valebit
3465 5291 3578 5352 nisi
3615 5287 3680 5349 ad

2145 5391 2312 5454 idem
2341 5391 2672 5472 praemium
2699 5387 2932 5469 duplici
2961 5387 3138 5449 titulo
3165 5385 3606 5465 recipiendum.

2803 5619 3054 5636 n*—
