3850 6225
734 379 870 434 CAP.
904 382 989 435 xl.
1027 379 1397 433 soLVUNTUR
1428 379 1779 433 NONNULLAE
1810 380 2216 434 osJEC'rloNEs
2251 382 2513 445 CONTRA,
2549 382 2683 434 ETC.

141 498 325 547 sermo
352 487 445 543 est
470 480 545 542 de
574 482 775 559 gratia
802 480 1133 553 excitante,
1179 496 1319 559 quse
1351 480 1415 538 in
1440 479 1667 540 mentis

140 576 561 639 illuminatione
605 576 901 651 consistit,
955 582 1018 637 et
1063 575 1363 637 doctrinae
1410 574 1666 635 nomine

138 668 524 751 significatum
555 668 827 730 efficacia
856 676 1067 731 autem
1106 670 1294 748 hujus
1341 666 1553 748 gratiae
1586 668 1669 727 si-

138 768 441 849 gnificatur
465 766 529 825 in
572 764 693 824 illis
724 764 961 825 verbis:
1008 764 1223 826 Omnis
1252 764 1355 842 qui
1406 762 1661 836 audivit,

136 863 281 924 venit
318 861 398 921 ad
425 878 549 922 me.
577 859 757 922 Unde
786 861 1191 940 AugustinuS‚
1226 859 1304 919 de
1344 856 1666 918 Praedesti-

135 958 361 1017 natione
392 956 697 1024 Sanc-tor„
720 972 859 1033 cap.
890 955 965 1015 8:
999 951 1161 1028 Quid
1182 958 1303 1015 est:
1328 950 1539 1013 Omnis
1564 952 1667 1029 qui

135 1048 340 1114 audivit
368 1067 407 1110 a
434 1048 627 1111 Patre
658 1052 715 1110 et
760 1048 994 1115 didicit.
1023 1048 1189 1109 venit
1228 1048 1309 1109 ad
1334 1063 1449 1117 me,
1496 1045 1659 1107 nisi:

132 1144 343 1207 Nullus
370 1145 459 1203 est
485 1140 589 1223 qui
617 1141 827 1205 audiat
850 1148 907 1205 et
934 1140 1129 1203 discat
1156 1160 1195 1203 a
1219 1140 1433 1210 Patre,
1466 1145 1523 1201 et
1550 1156 1669 1198 non

130 1235 306 1299 teniat
332 1237 413 1296 ad
430 1252 521 1295 me
536 1259 561 1307 ;
587 1235 828 1296 sienim
854 1236 1049 1297 omnis
1074 1232 1179 1315 qui
1206 1232 1439 1295 audivit
1467 1250 1506 1293 a
1536 1230 1667 1293 Pa-

131 1336 209 1392 tre
233 1336 285 1391 et
319 1328 555 1397 didicit,
586 1327 773 1398 venit,
798 1332 1059 1409 profecto
1086 1326 1275 1389 omnis
1302 1328 1549 1407 quinon
1576 1342 1668 1387 ve-

129 1424 227 1491 nit,
251 1440 363 1483 non
400 1421 639 1484 audivit
674 1442 713 1485 a
752 1424 967 1497 Patre,
1014 1441 1117 1486 nec
1146 1422 1382 1493 didicit,
1413 1439 1578 1491 nam,
1608 1420 1668 1482 si

130 1518 369 1579 andaset
394 1521 453 1577 et
477 1515 811 1587 didicisset,
842 1516 1074 1578 veniret
1087 1541 1113 1588 ,·
1146 1522 1205 1577 et
1242 1514 1439 1576 infra:
1486 1513 1669 1579 Valde

127 1614 328 1673 remota
366 1615 456 1671 est
491 1628 533 1671 a
570 1610 843 1672 sensibus
895 1610 1103 1672 carnis
1148 1611 1271 1671 boec
1313 1607 1544 1682 schola,
1600 1607 1667 1667 in

126 1721 228 1783 qua
264 1704 409 1765 Deus
436 1704 691 1767 auditur
714 1709 773 1766 et
814 1704 998 1765 docet.
1039 1700 1261 1767 Gratia
1284 1700 1412 1765 ista
1436 1704 1667 1765 secreta

128 1804 201 1863 est
212 1826 233 1871 ;
261 1803 319 1858 et
342 1797 639 1859 inferius:
671 1798 830 1860 Hoec
858 1799 1088 1878 qratia,
1120 1816 1253 1879 quoe
1298 1797 1531 1859 occulta
1556 1796 1669 1857 hu-

126 1892 297 1954 manis
346 1892 625 1955 cordibus
670 1888 879 1953 divina
916 1890 1205 1973 laryitate
1250 1891 1571 1961 tribuitur,
1628 1908 1669 1952 a

128 1986 267 2047 nullo
312 1986 459 2048 duro
514 1986 688 2049 corde
734 1986 1047 2065 respuitur
1066 2009 1093 2056 ,·
1130 1984 1257 2047 ideo
1298 1984 1513 2064 quippe
1550 1984 1669 2045 tri-

128 2079 302 2141 buitur
323 2125 339 2152 ,
372 2086 442 2143 ut
468 2080 671 2143 cordis
711 2078 945 2141 duritia
988 2077 1284 2159 primitus
1326 2082 1663 2155 auferatur.

135 2173 349 2246 Quando
376 2190 515 2256 erpo
544 2173 743 2237 Pater
782 2174 957 2235 intus
1000 2173 1271 2242 auditur,
1302 2174 1361 2233 et
1390 2171 1554 2233 docet
1596 2176 1671 2233 ut

130 2270 375 2329 veniatur
402 2268 485 2329 ad
507 2266 771 2340 Filium,
790 2271 990 2345 aufert
1010 2282 1111 2327 cor
1127 2264 1452 2346 lapideum,
1482 2270 1538 2327 et
1560 2265 1668 2327 dat

130 2376 211 2421 cor
237 2378 533 2436 carneum,
567 2362 729 2424 siout
767 2360 1077 2439 Propheta
1120 2360 1491 2440 proedicante
1526 2378 1667 2441 pro-

128 2453 271 2516 misit
286 2482 309 2527 ,·
331 2460 423 2514 est
452 2472 611 2534 ergo
636 2455 740 2515 illa
768 2453 965 2517 aratia
990 2452 1443 2525 efficacissima,
1472 2471 1665 2532 quam

130 2544 289 2619 Deus,
320 2553 386 2609 nt
414 2549 807 2629 Augustinus
836 2546 1093 2608 inferius
1118 2546 1343 2619 subdit,
1374 2565 1452 2608 ex
1482 2550 1665 2609 mise·

128 2641 361 2702 ricordia
393 2642 617 2703 tribuit
644 2642 764 2713 his,
793 2660 941 2723 quos
966 2642 1206 2703 salvare
1226 2642 1358 2702 cult
1374 2668 1399 2713 ,·
1430 2642 1666 2705 coeteris

128 2752 241 2795 cero
271 2737 435 2815 juste
476 2754 605 2797 non
657 2738 795 2807 dat,
844 2735 1117 2815 quamvis
1162 2732 1221 2796 si
1263 2736 1427 2814 ipsos
1466 2737 1667 2799 docere

128 2828 397 2903 coluisset,
442 2828 665 2909 procul
712 2830 883 2891 dubio
936 2829 1209 2891 venirent
1250 2834 1308 2891 et
1333 2828 1459 2908 ipsi
1479 2853 1505 2901 ‚·
1546 2846 1666 2891 non

130 2922 259 2983 enim
298 2922 461 3001 fallit
498 2930 615 2986 aut
648 2923 920 3001 fallitur,
972 2922 1077 3002 qui
1125 2921 1258 2983 ait:
1308 2919 1519 2983 Omnis
1560 2924 1665 3003 qui

130 3015 325 3077 audirit
350 3036 387 3079 a
420 3016 626 3080 Patre
666 3022 725 3080 et
755 3015 989 3090 didicit,
1025 3016 1189 3079 venit
1225 3018 1311 3078 ad
1332 3034 1442 3077 me.
1486 3013 1665 3079 Absit

130 3127 243 3190 erqo
275 3115 339 3172 ut
366 3114 691 3192 quisquam
722 3127 843 3171 non
869 3110 1091 3184 veniat,
1126 3110 1229 3192 qui
1262 3129 1303 3172 a
1329 3109 1522 3173 Patre
1558 3127 1664 3172 au-

130 3205 257 3267 divit
299 3209 354 3266 et
398 3205 643 3268 didicit.
695 3203 873 3276 Quod
928 3204 1129 3283 magis
1182 3223 1523 3282 exponenS,
1585 3205 1663 3266 de

130 3297 277 3357 Dono
302 3297 811 3378 perseverantiae‚
866 3316 1005 3376 cap.
1061 3299 1157 3368 M,
1211 3297 1330 3358 ait:
1376 3295 1663 3370 Quamvis

130 3389 363 3454 dumus
400 3392 519 3454 Dei
565 3392 785 3453 donum
833 3408 957 3453 esse
1002 3391 1415 3463 obedientiam,
1468 3397 1666 3453 tamen

131 3481 355 3546 hmines
383 3485 782 3547 eze-hortamur
812 3485 896 3547 ad
922 3503 1051 3546 eam
1064 3509 1089 3557 ;
1116 3485 1223 3547 sed
1244 3483 1398 3558 iliis,
1429 3485 1537 3564 qui
1566 3502 1665 3546 ce-

128 3575 305 3638 ritatis
350 3579 832 3640 exhortati-onem
871 3577 1197 3640 obedienter
1247 3578 1526 3650 audiunt,
1573 3578 1667 3657 ip-

128 3683 238 3728 sum
265 3672 470 3734 doum
506 3671 631 3732 Dei
657 3672 867 3733 datum
902 3676 1015 3746 est,
1049 3671 1154 3733 boc
1191 3673 1307 3746 est,
1338 3671 1667 3734 obedienter

129 3762 341 3834 audire;
379 3764 511 3827 illis
554 3769 757 3826 autem
789 3764 895 3843 qui
936 3781 1055 3824 non
1098 3764 1191 3827 sic
1226 3764 1507 3836 audiunt,
1546 3781 1665 3825 non

129 3857 201 3912 est
236 3857 445 3920 datum.
496 3858 591 3918 De
637 3855 756 3916 hac
802 3855 1034 3917 efficaci
1087 3858 1287 3936 gratia
1331 3857 1416 3918 ita
1456 3857 1665 3918 scribit

129 3944 261 4007 libro
290 3950 482 4027 primo
516 3950 603 4010 de
646 3949 855 4010 Gratia
900 3949 1141 4023 Christi,
1182 3967 1317 4028 cap.
1363 3951 1473 4012 13:
1509 3951 1663 4013 Hoec

131 4043 325 4118 aratia,
353 4045 408 4106 si
430 4045 717 4108 doctrina
743 4044 995 4106 dicenda
1023 4049 1135 4115 est,
1177 4048 1333 4106 certe
1360 4043 1448 4106 sic
1494 4045 1663 4107 dica-

134 4136 235 4206 tur,
256 4141 323 4195 ut
354 4137 543 4200 altius
575 4141 633 4198 et
658 4136 921 4199 interius
950 4154 1079 4198 eam
1101 4137 1269 4198 Deus
1296 4155 1429 4199 cum
1447 4138 1665 4216 ineffa-

134 4224 219 4286 b³li
252 4232 544 4294 suavitate
590 4231 873 4292 credatur
918 4230 1231 4306 infundere
1250 4255 1274 4301 ,·
1320 4247 1439 4289 non
1468 4231 1663 4293 solum

130 4334 218 4393 per
243 4339 327 4383 eos
356 4326 457 4402 qui
484 4323 785 4406 plantant
810 4328 868 4386 et
898 4322 1111 4405 rigant
1144 4323 1537 4396 extrinsecus,
1561 4324 1670 4386 sed

133 4411 283 4473 etiam
306 4433 415 4492 per
440 4416 729 4496 seipsum,
759 4417 863 4498 qui
892 4417 1323 4479 incrementum
1344 4433 1524 4477 suum
1549 4415 1663 4477 mi-

136 4502 327 4570 nistrat
352 4513 662 4581 occultus;
694 4515 757 4570 et
788 4509 853 4569 in
888 4509 1013 4569 fine
1055 4527 1121 4568 ca
1133 4509 1274 4586 pitis
1304 4509 1655 4569 concludit:

134 4596 247 4660 Hoc
261 4603 413 4663 modo
439 4603 717 4684 quisquis
740 4602 945 4676 discit,
968 4601 1101 4684 ayit
1124 4602 1359 4664 omnino
1374 4602 1668 4682 quidquid

136 4695 389 4769 agendum
419 4697 741 4758 didicerit:
774 4699 834 4754 et
863 4695 1092 4768 subdit,
1130 4714 1267 4774 cap.
1305 4697 1403 4767 14,
1434 4693 1511 4754 de
1542 4695 1661 4755 hoc

138 4779 363 4846 docendi
398 4789 586 4849 modo
618 4788 845 4849 dixisse
892 4789 1260 4849 Dominum:
1300 4787 1509 4850 Omnis
1558 4789 1663 4868 qui

140 4877 337 4941 audivit
363 4900 400 4943 a
427 4882 642 4956 Patre,
672 4887 820 4958 etc„
853 4888 915 4942 et
935 4881 1127 4955 addit,
1154 4881 1233 4941 de
1262 4881 1366 4941 illo
1396 4881 1501 4960 qui
1533 4899 1660 4940 nou

138 4970 277 5031 venit
300 4991 416 5033 non
446 4993 628 5052 posse
659 4975 817 5035 dici:
854 4975 1102 5035 Audivit
1146 4979 1205 5034 et
1235 4973 1468 5047 didicit,
1502 4971 1614 5033 sed
1641 4991 1655 5032 :

140 5059 331 5126 Venire
357 5068 585 5128 noluit:
620 5068 786 5132 Nam
823 5069 883 5131 si
920 5066 1111 5130 onzrzis
1140 5069 1244 5148 qui
1292 5067 1527 5137 didicit,
1572 5085 1663 5128 ‘oe-

140 5157 233 5226 uit,
252 5165 499 5238 profecto
532 5163 636 5242 qui
663 5180 785 5224 non
810 5162 993 5232 venit,
1018 5178 1122 5223 neo
1159 5159 1393 5234 didicit,
1428 5161 1535 5222 boc
1566 5161 1665 5220 do-

140 5251 285 5311 cendi
304 5255 483 5328 modo,
515 5273 625 5335 quo
642 5273 757 5336 per
782 5253 1061 5334 Spiritus
1084 5258 1353 5338 ⁴qratiam
1383 5254 1477 5316 ita
1501 5254 1667 5316 docet

139 5341 297 5416 Deus,
339 5351 407 5408 ut
451 5349 605 5427 quod
645 5348 893 5430 quisque
921 5348 1027 5411 did
1050 5349 1223 5421 cerit,
1272 5365 1391 5409 non
1422 5352 1663 5410 tuntum

142 5441 493 5514 coynoscendo
520 5441 738 5514 videat,
786 5443 894 5504 sed
930 5442 1111 5506 etiam
1138 5441 1379 5504 volendo
1414 5445 1663 5522 appetat

143 5531 439 5612 aqendoque
458 5534 760 5614 perficiat.

3203 376 3317 439 197

1833 482 1893 541 3.
1939 482 2216 543 Tertium
2278 482 2704 543 testimonium
2767 482 2928 543 sumi
2981 489 3186 561 potest
3239 502 3316 544 ex

1750 574 1870 635 illis
1898 576 2128 648 verbiS,
2163 574 2244 635 ad
2261 578 2435 636 Rom.
2460 577 2500 636 8
2528 596 2541 635 ε
2581 574 2700 651 Qui
2732 576 2979 657 Spiritu
2993 578 3105 639 Dei
3125 596 3317 661 ayun-

1749 673 1873 742 tur,
1908 670 1974 731 bi
2009 673 2156 731 sunt
2172 670 2300 747 filii
2321 670 2455 731 Dei.
2489 671 2790 731 Dicuntur
2831 671 2996 731 enim
3028 671 3182 750 justi
3213 674 3312 752 agi

1750 764 1982 841 Spiritu
2033 763 2174 834 Dei,
2224 764 2369 842 quia
2419 764 2537 823 illis
2589 764 2758 825 bona
2791 765 3088 843 inspirat,
3133 767 3314 845 juxta

1746 855 1903 916 illud
1943 875 1956 915 ε
2000 855 2286 935 Spiritus
2312 856 2415 919 ubi
2439 858 2573 920 vult
2598 858 2821 939 spirat,
2865 864 2924 921 et
2957 879 3152 921 vocem
3180 862 3316 940 ejus

1748 949 1945 1012 audis.
1995 951 2141 1010 Haec
2175 958 2386 1011 autem
2429 951 2681 1029 spiratio
2714 951 2794 1013 ad
2841 953 3105 1027 gratiam
3149 954 3316 1015 exci-

1746 1048 1988 1105 tantem
2023 1045 2322 1122 pertiuet;
2360 1045 2528 1105 unde
2552 1047 2960 1125 Augustinu8‚
2995 1048 3057 1107 in
3090 1050 3316 1109 Euchi-

1749 1138 1895 1209 rid.‚
1931 1157 1985 1198 c.
2038 1140 2140 1211 64,
2194 1138 2477 1201 referens
2524 1141 2658 1201 haec
2697 1141 2890 1201 verba
2947 1161 2959 1201 :
3017 1142 3315 1223 Quotquot

1756 1230 2010 1311 Spiritu
2051 1232 2165 1294 Dei
2214 1237 2504 1314 aguntur,
2554 1234 2622 1295 1ιί
2667 1232 2793 1311 filii
2832 1239 2977 1297 sunt
3027 1237 3180 1312 Dei,
3227 1238 3312 1297 ita

1750 1325 1936 1385 tacite
1970 1326 2222 1405 exponit
2267 1345 2280 1386 :
2333 1324 2448 1389 Sic
2487 1325 2736 1409 Spiritu
2779 1330 2898 1390 Dei
2939 1332 3310 1403 excitantur,

1747 1423 1819 1481 ut
1874 1422 2168 1500 tanquam
2229 1420 2354 1496 filii
2408 1419 2522 1483 Dei
2563 1420 2902 1501 proficiant
2955 1423 3038 1485 ad
3093 1423 3308 1485 Deum.

1752 1514 2038 1590 Aguntur
2079 1530 2230 1591 ergo
2261 1513 2340 1572 ab
2364 1513 2594 1592 Spiritu
2632 1514 2860 1575 Sancto
2902 1534 3017 1593 per
3048 1516 3313 1595 gratiam

1749 1606 2147 1677 excitantem,
2183 1611 2246 1666 et
2273 1610 2485 1667 tamen
2519 1606 2946 1668 efficacissime
2998 1614 3306 1688 aguntur,

1749 1702 1817 1757 ut
1850 1698 2114 1758 verbum
2155 1698 2361 1777 ipsum
2393 1700 2519 1782 api,
2551 1700 2700 1761 satis
2742 1699 3047 1769 declarat,
3081 1707 3142 1762 et
3167 1702 3312 1762 uni-

1746 1792 2006 1852 versalis
2021 1791 2385 1870 propositio,
2403 1792 2574 1872 quod
2602 1811 2845 1867 omnes,
2872 1794 2977 1872 qui
2999 1795 3088 1856 sic
3117 1814 3312 1875 agun-

1746 1891 1869 1958 tur,
1904 1895 2051 1947 sunt
2079 1885 2189 1947 filii
2227 1886 2362 1957 Dei,
2409 1892 2478 1948 ut
2518 1886 2883 1967 significavit
2926 1890 3311 1969 Augustinus

1748 1978 1855 2039 lib.
1894 1982 1917 2039 i
1958 1978 2038 2040 de
2066 1979 2278 2041 Gratia
2311 1980 2555 2054 Christi,
2586 1998 2642 2040 c.
2674 1982 2776 2042 25.

1830 2074 1958 2133 Nec
1990 2074 2140 2135 satis
2175 2080 2293 2148 est,
2338 2075 2392 2134 si
2431 2074 2571 2154 quis
2614 2073 2992 2153 respondeat
3021 2076 3118 2137 his
3159 2077 3314 2139 locis

1751 2164 1956 2226 solum
1985 2168 2262 2247 probari,
2291 2168 2427 2229 dari
2455 2166 2768 2229 interdum
2799 2168 3158 2231 hominibus
3179 2190 3316 2249 gra-

1748 2260 1899 2321 tiam
1959 2262 2334 2323 excitantem
2389 2260 2708 2323 moraliter
2754 2262 3119 2336 efficacem;
3179 2270 3314 2325 tum

1748 2354 1895 2432 quia
1956 2353 2118 2415 dicta
2179 2355 2534 2415 testimonia
2593 2373 2722 2415 non
2785 2356 2988 2415 solum
3047 2358 3316 2436 probant

1746 2447 1913 2507 hanc
1951 2449 2218 2527 gratiam
2265 2449 2350 2509 ita
2395 2448 2714 2509 efficacem
2766 2449 3080 2509 interdum
3134 2450 3310 2525 dari,

1747 2541 1859 2603 sed
1886 2542 2074 2602 etiam
2098 2560 2236 2603 esse
2267 2541 2626 2621 simpliciter
2651 2543 3094 2615 necessariam,
3122 2550 3190 2604 ut
3209 2563 3317 2623 pa-

1746 2642 1834 2697 tet
1875 2655 1952 2696 ex
1992 2637 2201 2697 verbis
2229 2636 2456 2698 Christi
2500 2656 2514 2698 :
2561 2637 2754 2700 Nemo
2783 2641 3025 2717 potest,·
3055 2657 3226 2709 nam,
3263 2640 3314 2699 si

1748 2729 1882 2790 sine
1935 2730 2044 2790 illa
2099 2730 2403 2792 tractione
2473 2730 2686 2791 venire
2743 2730 2954 2789 nullus
2991 2738 3198 2809 potest
3235 2732 3316 2794 ad

1746 2822 2094 2897 Christum,
2147 2824 2508 2902 simpliciter
2543 2824 2901 2885 necessaria
2941 2830 3035 2885 est
3081 2826 3162 2885 ad
3213 2844 3316 2887 ve·

1745 2916 2086 2990 niendum;
2117 2918 2288 2996 quod
2327 2918 2514 2979 etiam
2557 2918 2964 2995 Augustinus,
3007 2918 3072 2977 in
3115 2919 3315 2980 citatis

1744 3008 1897 3070 locis
1937 3012 2326 3089 apertissime
2375 3016 2436 3073 et
2465 3012 2892 3089 copiosissime
2939 3011 3309 3085 declaravit3

1745 3108 1879 3164 tum
1931 3106 2120 3166 etiam
2165 3106 2335 3186 quia,
2381 3105 2460 3166 ad
2493 3106 2818 3167 veritatem
2859 3106 3106 3167 illarum
3138 3107 3316 3168 locu-

1744 3198 2006 3270 tionum,
2048 3218 2176 3260 non
2219 3199 2370 3262 satis
2411 3205 2506 3260 est
2545 3199 2822 3260 efficacia
2850 3200 3126 3272 moraliS,
3159 3219 3316 3280 qua-

1744 3292 1821 3353 lis
1863 3311 1899 3352 a
1945 3293 2128 3354 nobis
2171 3294 2476 3373 explicata
2527 3299 2652 3365 est3
2689 3293 2801 3353 sed
2831 3295 3189 3354 necessaria
3221 3300 3316 3356 est

1747 3393 1966 3448 exacta
2015 3393 2077 3448 et
2119 3386 2484 3447 omnimoda
2518 3386 2958 3459 infallibilitas‚
3001 3405 3140 3466 quae
3177 3389 3313 3450 sine

1744 3480 2006 3560 physica
2040 3480 2698 3560 praedeterminatione
2739 3481 3002 3562 intelligi
3043 3501 3172 3543 non
3207 3500 3317 3561 po-

1743 3578 1887 3635 test.

1828 3672 1886 3730 4.
1935 3669 2194 3742 Quarto,
2235 3667 2582 3750 adjungere
2635 3687 2969 3751 possumus
3015 3670 3318 3732 nonnulla

1745 3765 1867 3824 alia
1892 3763 2220 3840 Augustini
2256 3764 2646 3838 testimonia,
2680 3765 2866 3844 quale
2910 3771 3004 3826 est
3044 3765 3197 3824 illud
3236 3764 3316 3826 de

1744 3857 1913 3918 Grat.
1951 3862 2012 3918 et
2037 3856 2235 3917 libero
2265 3857 2541 3930 arbitrio,
2579 3877 2634 3919 c.
2669 3860 2743 3920 16
2773 3878 2786 3918 :
2827 3858 3066 3922 Certum
3093 3865 3186 3921 est
3207 3877 3316 3921 nos

1742 3954 1938 4029 facere
1961 3967 2096 4012 cum
2125 3951 2411 4026 facimus,
2445 3952 2553 4014 sed
2573 3952 2680 4014 ille
2703 3955 2859 4028 facit
2889 3958 2960 4015 ut
2987 3953 3312 4031 faciamus,

1740 4045 2054 4125 proebendo
2101 4045 2262 4106 vires
2308 4045 2763 4125 efficacissimas
2801 4046 3106 4109 voluntati
3130 4072 3156 4119 ;
3201 4046 3313 4107 de-

1744 4138 2090 4198 claraverat
2131 4143 2342 4198 autem
2373 4139 2574 4198 Deum
2599 4139 2804 4202 facere
2838 4139 2906 4200 in
2941 4140 3122 4200 nobis
3150 4155 3315 4218 prae-

1742 4229 2024 4310 parando
2055 4230 2439 4290 voluntatem
2470 4235 2749 4292 nostram
2789 4251 2904 4311 per
2941 4232 3317 4292 excitantem

1746 4343 1857 4385 seu
1895 4328 2263 4402 operantem
2295 4325 2580 4403 gratiam.
2614 4327 2768 4386 Item
2810 4325 2888 4386 de
2928 4327 3206 4404 Corrept.
3255 4329 3320 4385 et

1744 4422 1933 4498 grat„
1970 4435 2106 4496 cap.
2165 4419 2271 4488 12,
2312 4436 2455 4478 cum
2501 4418 2786 4492 dixisset,
2827 4421 3032 4500 primo
3076 4420 3315 4481 homini

1743 4517 1889 4572 ante
1945 4517 2272 4589 peccatum
2329 4511 2547 4572 datum
2583 4532 2747 4594 ¹esse
2794 4521 2863 4574 ut
2909 4531 3316 4592 perseverare

1745 4611 1978 4682 posset,
1997 4623 2122 4665 non
2150 4623 2298 4665 vero
2328 4611 2396 4665 ut
2425 4612 2880 4685 perseveraret,
2907 4606 3077 4667 addit
3100 4607 3318 4670 :Nunc

1743 4713 1879 4759 vero
1902 4704 2295 4779 posteaquam
2323 4703 2414 4761 est
2455 4699 2576 4761 illa
2601 4699 2812 4782 mayn-i
2842 4699 3078 4781 peccati
3104 4697 3316 4763 merito

1741 4791 1972 4854 amissa
2013 4791 2262 4854 libertas
2283 4837 2299 4864 ,
2347 4791 2600 4863 scilicet,
2649 4813 2688 4857 a
2727 4793 3014 4856 servitute
3053 4799 3110 4856 et
3146 4795 3322 4871 fomi-

1742 4890 1799 4946 te
1853 4885 2116 4965 peccati,
2160 4885 2344 4946 etiam
2381 4884 2717 4966 majoribus
2757 4887 2929 4949 donis
2968 4887 3322 4954 adiuvanda

1741 4977 2038 5039 remansit
2080 4976 2439 5054 infirmitas.
2492 4979 2822 5057 Explicans
2865 4997 3015 5039 vero
3057 4979 3318 5040 inferius

1747 5068 1917 5148 quod
1953 5069 2030 5129 sit
2064 5070 2181 5129 hoc
2221 5071 2426 5149 majus
2457 5071 2860 5150 adjutorium,
2894 5072 3103 5133 subdit
3139 5093 3152 5132 ε
3193 5073 3320 5136 Nec

1748 5164 1815 5224 de
1842 5163 1984 5243 ipsa
2007 5166 2462 5242 perseverantia
2492 5166 2626 5226 boni
2653 5166 2850 5228 coluit
2875 5167 3038 5228 Deus
3077 5171 3322 5228 sanctos

1750 5273 1891 5318 suos
1920 5255 1988 5316 in
2015 5255 2247 5318 viribus
2273 5259 2430 5328 suis,
2481 5259 2588 5320 sed
2617 5259 2682 5318 in
2717 5261 2848 5338 ipso
2894 5257 3192 5339 ylariari;
3219 5259 3327 5338 qui

1746 5349 1833 5410 eis
1866 5365 1987 5409 non
2011 5347 2206 5410 solum
2236 5349 2338 5412 dat
2363 5351 2756 5430 adjutorium,
2787 5351 2964 5430 quale
2987 5349 3184 5430 primo
3213 5351 3316 5412 ho-

1741 5443 1897 5503 mini
1936 5443 2115 5515 dedit,
2157 5441 2286 5504 sine
2325 5461 2436 5522 quo
2475 5461 2594 5505 non
2628 5444 2872 5526 possint
2899 5461 3321 5526 perseverare,

1746 5533 1805 5596 si
1831 5535 2043 5608 velint,
2074 5535 2274 5598 sedin
2313 5533 2398 5598 eis
2437 5533 2618 5598 etiam
2647 5542 2934 5618 operatur
2973 5541 3030 5598 et
3053 5535 3200 5598 velle
3211 5561 3238 5608 ;
3264 5542 3327 5598 et
