3850 6225
752 357 887 412 CAP.
924 359 1006 412 111.
1044 357 1409 414 soLvnNTUR
1441 359 1790 416 NONNULLAE
1820 357 2224 413 osJEcwoNEs
2257 357 2519 418 comus,
2554 355 2690 410 mc.

130 459 315 518 solum
352 455 657 518 fatebatur
682 458 1031 536 Julianus),
1061 461 1186 522 sivo
1233 461 1356 524 alio
1397 479 1673 543 quocum·

128 569 225 632 quo
248 549 625 629 explicabili,
656 551 747 616 tel
772 551 1185 630 inexplicabili
1212 556 1405 630 modo,
1431 574 1543 635 quo
1572 557 1673 632 fa·

127 649 201 708 cit
232 648 355 706 boec
385 663 611 708 summe
654 663 727 709 ac
768 645 1171 726 ineffabiliter
1202 649 1438 728 justus.
1484 650 1671 728 Ergo,

94 737 451 800 ..secundum
482 739 924 818 Augustinum,
947 739 1106 803 Deus
1131 741 1323 804 tradit
1350 742 1667 804 hominem

127 840 183 898 in
220 835 516 897 desideria
558 854 773 916 prava,
821 855 949 900 non
999 837 1197 900 solum
1250 839 1573 918 negative,
1603 839 1669 900 id

126 935 225 1003 est,
258 927 615 1002 deserendo,
662 929 767 990 sed
812 931 999 992 etiam
1046 932 1307 1011 positive
1344 931 1667 994 efficiendo

126 1031 177 1082 et
218 1021 539 1082 movendo.
572 1021 745 1096 Quod
795 1022 1055 1086 inferius
1102 1025 1377 1104 apertius
1422 1025 1667 1086 videtur

126 1114 211 1174 his
234 1113 433 1174 verbis
458 1131 766 1194 exponere
794 1133 811 1178 ε
854 1117 1043 1179 Facit
1073 1117 1198 1180 ltoec
1223 1117 1403 1179 miris
1424 1122 1481 1180 ct
1508 1117 1668 1196 inef-

122 1209 399 1288 fabilibus
433 1209 651 1284 modis,
702 1211 809 1290 qui
861 1211 1028 1272 novit
1062 1210 1243 1290 justa
1270 1210 1517 1291 judicia
1555 1228 1670 1273 sua

122 1321 221 1364 non
244 1301 433 1364 solum
480 1303 551 1364 ia
600 1303 949 1382 corporibus
978 1302 1309 1378 hominum,
1337 1305 1442 1366 sed
1484 1304 1667 1366 etiam

124 1401 183 1458 in
214 1394 363 1474 ipsis
408 1396 689 1458 cordibus
714 1395 981 1476 operari.
1011 1395 1147 1457 Alia
1177 1413 1353 1475 aeque
1386 1396 1661 1458 difficilia

125 1488 205 1549 vel
231 1486 577 1550 obscuriora
604 1488 794 1550 verba
828 1487 1015 1550 habet
1056 1487 1221 1550 idem
1251 1489 1658 1568 Augustinus,

126 1581 218 1644 lib.
243 1581 313 1640 de
338 1579 509 1644 Grat.
552 1588 619 1643 et
644 1581 755 1642 lib.
790 1581 1003 1643 arbitr.
1014 1627 1033 1656 ‚
1066 1581 1173 1642 ubi
1200 1581 1311 1656 ait,
1342 1583 1543 1662 capite
1569 1583 1661 1644 vi·

129 1675 353 1753 gesimO,
399 1676 496 1736 ita
525 1693 652 1739 esse
686 1677 753 1738 in
787 1676 901 1736 Dei
943 1680 1253 1754 potestate,
1307 1693 1424 1736 non
1466 1676 1657 1738 solum

132 1770 281 1830 bonas
318 1768 629 1831 homimem
656 1768 1013 1844 voluntateri,
1050 1787 1203 1848 quas
1230 1769 1358 1848 ipsc
1402 1770 1563 1846 facit
1591 1787 1663 1832 cz

130 1862 305 1933 malis,
336 1862 439 1922 sed
462 1861 653 1922 ctiam
703 1861 851 1923 illas
901 1879 1035 1941 quoe
1060 1866 1405 1924 conservant
1454 1863 1663 1924 soecuti

134 1959 453 2026 creaturam,
504 1959 579 2014 ut
621 1971 723 2016 car
758 1972 869 2036 quo
896 1955 1151 2017 volucrit
1192 1960 1247 2017 ct
1296 1957 1529 2035 quando
1566 1974 1663 2017 oo-

136 2048 305 2120 lun-it,
333 2047 535 2123 saciat
561 2048 886 2110 inclinari.
916 2049 992 2108 Et
1021 2047 1251 2108 ibidem
1280 2048 1406 2108 ait:
1450 2047 1661 2112 Volun-

137 2144 285 2201 tatem
305 2139 555 2218 proprio
598 2140 755 2202 vitio
804 2141 1031 2202 malam
1084 2141 1153 2200 in
1210 2140 1317 2202 hoc
1358 2147 1659 2220 peccatum

126 2235 262 2310 justo
296 2249 396 2292 suo
427 2231 678 2310 judicio
718 2233 1064 2294 inclinavit.
1102 2233 1179 2292 Et
1208 2250 1263 2292 c.
1310 2234 1380 2294 21
1444 2248 1461 2292 ε
1515 2233 1661 2312 Ope-

135 2331 277 2386 ratur
302 2325 459 2387 Deus
484 2323 557 2384 in
588 2325 867 2388 cordibus
888 2324 1195 2386 hominum
1239 2327 1322 2388 ad
1359 2325 1660 2388 inclinan-

136 2421 221 2479 das
247 2435 431 2479 eorum
460 2417 803 2480 voluntates
828 2435 1187 2500 quocumque
1218 2418 1495 2492 voluerit,
1536 2421 1661 2482 sico

136 2511 197 2571 ad
220 2510 351 2570 bona
380 2528 493 2588 pro
542 2529 665 2572 sua
710 2511 1151 2584 misericordia,
1200 2512 1327 2574 sivo
1372 2513 1453 2574 ad
1497 2511 1661 2572 mala

130 2621 217 2680 pro
242 2603 461 2666 moritis
486 2619 717 2666 eorum.
745 2602 885 2664 Alia
912 2622 1051 2682 quoe
1093 2603 1171 2664 ad
1224 2603 1661 2682 praedefinitio·

142 2712 253 2753 nem
278 2695 501 2774 peccati
530 2701 843 2776 spectant,
868 2696 1246 2775 attingemus
1274 2696 1437 2758 infra
1460 2715 1516 2758 c.
1544 2699 1603 2759 5.

203 2787 385 2848 Tertia
409 2789 683 2868 objectio.
708 2806 779 2851 cx
807 2790 1061 2854 ratione.
1090 2824 1171 2836 —·
1197 2791 1428 2866 Tertio,
1462 2798 1665 2871 potest

136 2877 279 2958 objici
323 2883 475 2940 ratio
536 2882 869 2962 desumpta
924 2899 1003 2942 ex
1052 2883 1413 2944 necessitate
1466 2882 1663 2944 divini

136 2991 413 3033 concursus
440 2973 515 3034 ad
548 2982 770 3035 actum
814 2977 1065 3054 peccati.
1112 2976 1289 3052 Nam,
1316 2977 1367 3036 si
1392 2977 1661 3038 rationes

137 3067 367 3145 superius
396 3067 575 3129 fantae
610 3069 929 3150 quidpiam
968 3068 1257 3151 probant,
1298 3069 1483 3129 etiam
1514 3087 1663 3131 con-

138 3159 345 3220 cludunt
362 3162 551 3223 Deum
572 3162 754 3223 nullo
770 3164 955 3225 modo
984 3180 1093 3243 per
1114 3182 1177 3224 se
1196 3170 1259 3223 et
1282 3162 1509 3225 directe
1530 3164 1659 3225 effi-

138 3271 241 3313 cere
264 3260 419 3315 actus
444 3256 715 3335 peccati,
750 3258 1048 3336 quoniam
1066 3255 1223 3317 alias
1242 3257 1431 3319 etiam
1450 3258 1657 3318 dicen-

143 3346 227 3407 dus
250 3348 353 3407 erit
378 3354 597 3410 auctor
627 3351 883 3429 peccati,
914 3350 1063 3429 quia
1086 3348 1275 3411 efficit
1308 3356 1513 3411 actum
1554 3351 1656 3411 hic

144 3446 187 3499 ct
216 3458 354 3501 nunc
378 3458 415 3501 a
442 3460 565 3520 quo
604 3447 699 3503 est
722 3442 1152 3523 inseparabilis
1181 3442 1441 3505 malitia.
1476 3444 1655 3519 Item,

143 3534 251 3609 quia
271 3534 317 3592 si
342 3537 675 3610 concurrit,
716 3552 866 3613 ergo
902 3535 1039 3597 vult
1064 3553 1429 3597 concurrere
1453 3537 1532 3598 ad
1556 3554 1657 3597 ac·

142 3630 275 3701 tum3
307 3644 443 3706 ergo
482 3628 621 3689 vult
648 3634 860 3689 actum
898 3628 1081 3689 illum
1110 3628 1247 3690 fieri
1276 3630 1355 3691 ab
1397 3630 1515 3691 hac
1542 3649 1653 3692 vo·

142 3716 331 3779 luntate
366 3738 503 3781 cum
544 3720 649 3781 his
678 3721 1157 3783 circumstantiis
1181 3744 1199 3798 ;
1250 3740 1399 3801 ergo
1424 3723 1656 3786 virtute

142 3810 241 3870 vult
266 3812 573 3875 malitiam.
608 3814 789 3889 Quod
815 3815 869 3875 si
908 3822 1349 3894 argumentum
1384 3817 1487 3877 hic
1527 3834 1655 3877 non

144 3906 417 3983 concludit,
438 3915 509 3969 ut
530 3926 753 3971 revera
769 3928 899 3971 non
918 3910 1085 3985 facit,
1120 3912 1267 3990 quia
1288 3912 1351 3971 id
1368 3912 1533 3990 quod
1548 3912 1655 3973 bo-

144 4016 261 4059 num
295 4007 377 4061 cst
400 4002 463 4061 iu
483 4008 653 4079 actu,
676 4022 789 4083 per
822 4022 887 4065 se
914 4010 1005 4065 est
1036 4004 1377 4084 separabile
1406 4024 1443 4067 a
1478 4006 1655 4067 mali·

148 4090 229 4165 tia,
252 4100 303 4153 et
326 4095 477 4155 Deus
500 4114 614 4155 suo
644 4095 967 4158 intellectu
997 4104 1061 4159 et
1102 4097 1421 4159 voluntate
1452 4104 1655 4179 potest

146 4180 245 4243 haec
264 4188 649 4264 praescindere
668 4234 689 4265 ,
720 4190 939 4250 eodem
969 4208 1119 4270 ergo
1168 4190 1376 4267 modo,
1410 4192 1651 4254 etiamsi

146 4276 267 4337 Deus
292 4296 391 4340 sua
405 4280 719 4343 voluntate
742 4282 1241 4362 proedeterminet
1268 4290 1545 4345 nostram
1568 4283 1649 4344 ad

149 4372 407 4433 materiale
440 4376 701 4453 peccati,
730 4392 861 4435 non
909 4375 1049 4437 ideo
1092 4376 1531 4438 determinabit
1573 4377 1651 4438 ad

149 4461 376 4540 formale,
404 4484 601 4547 neque
624 4468 745 4529 erit
768 4486 951 4530 causa
982 4470 1137 4547 ejus.
1170 4471 1325 4531 Item
1350 4470 1421 4531 in
1448 4488 1650 4531 mora-

149 4552 273 4615 libus
292 4558 525 4635 perinde
548 4566 640 4621 cst
662 4561 959 4622 iuducere
982 4563 1253 4641 aliquem
1274 4562 1353 4623 ad
1386 4562 1647 4638 malum,

150 4652 479 4729 etcooperari
508 4653 631 4729 illi3
680 4654 733 4713 si
772 4672 923 4732 ergo
956 4656 1077 4716 Deo
1101 4656 1335 4717 malum
1386 4674 1513 4716 nou
1559 4662 1651 4717 est

153 4746 405 4819 cooperari
426 4746 745 4807 nobiscum
788 4748 865 4807 ad
897 4754 1107 4810 actum
1152 4749 1260 4828 qui
1296 4748 1494 4809 malus
1531 4757 1645 4826 est,

154 4834 277 4907 quonl
314 4834 447 4897 facit
478 4840 923 4915 concurrendo,
955 4840 1143 4901 etiam
1194 4858 1319 4903 uon
1360 4842 1479 4902 erit
1518 4860 1647 4902 ma·-

154 4921 531 4993 luminclinare
551 4933 652 4995 vel
668 4934 1081 4996 determinare
1104 4934 1487 4995 voluntatem
1508 4954 1647 4997 uos-

155 5020 275 5078 tram
294 5021 361 5081 ad
382 5031 583 5089 actum
628 5027 937 5088 eumdem.
992 5026 1239 5089 Accedit
1285 5028 1483 5089 Deum
1519 5046 1645 5089 non

155 5124 261 5170 casu
293 5132 633 5181 concurrere
671 5137 811 5181 cum
850 5119 1124 5195 homine,
1174 5120 1422 5201 quando
1464 5122 1646 5181 illum

158 5200 215 5259 ad
235 5214 409 5270 actum
450 5212 675 5291 peccati
694 5214 895 5293 juvat,
929 5213 1035 5275 sed
1063 5214 1339 5293 perfecto
1388 5215 1643 5276 consilio

158 5301 203 5351 et
223 5300 563 5371 providentia
580 5327 599 5380 3
638 5324 785 5384 ergo
834 5305 932 5367 vel
972 5306 1109 5367 vult
1134 5306 1455 5386 adjuvare,
1494 5308 1644 5387 quia

158 5381 301 5448 homo
318 5392 439 5454 vult
456 5414 724 5475 peccare,
746 5404 807 5460 et
829 5398 947 5460 hoc
968 5406 1057 5460 est
1079 5399 1475 5479 impossibile,
1500 5400 1645 5479 quia

160 5474 303 5541 homo
345 5503 459 5548 non
502 5497 697 5568 potest
746 5493 925 5569 velle,
955 5491 1077 5554 nisi
1104 5512 1143 5555 a
1174 5494 1297 5554 Deo
1342 5494 1643 5573 juvetur;

3201 349 3313 410 107

1752 459 1877 536 vel,
1904 479 1938 522 e
1967 459 2300 536 contrario,
2329 458 2462 520 vult
2495 457 2812 518 hominem
2826 457 3070 535 juvare,
3101 456 3316 518 volen-

1755 553 1835 614 do
1872 559 1944 614 ut
1971 553 2158 614 homo
2183 551 2300 614 hoc
2325 551 2424 612 vel
2451 551 2604 613 illud
2630 550 2804 626 velit,
2836 557 2898 612 et
2923 549 3042 610 hoc
3076 555 3168 610 est
3209 549 3314 610 de-

1752 648 2088 708 terminare
2128 646 2262 724 ejus
2287 645 2669 706 voluntatem
2700 644 2780 707 ad
2821 649 3028 706 actum
3071 643 3180 724 qui
3223 650 3316 704 cst

1755 740 1978 802 malus.

1827 835 1889 894 2.
1908 833 2082 896 Circa
2093 833 2226 894 baec
2239 838 2632 914 argumenta,
2651 831 2990 914 praesertim
3011 832 3170 892 circa
3191 836 3314 892 tes·
3362 889 3380 894 -

1746 926 2012 989 timonia
2023 932 2150 989 tam
2168 928 2498 1006 Scriptura!
2513 945 2702 1006 quam
2724 925 3082 1004 Augustini,
3099 925 3312 1004 impri-

1747 1021 1867 1082 mis
1887 1019 2168 1096 observo,
2193 1020 2244 1082 si
2263 1020 2412 1100 quid
2437 1020 2726 1100 probant,
2748 1037 2876 1080 nou
2903 1018 3106 1078 solum
3133 1017 3196 1078 id
3220 1036 3314 1080 es·

1750 1131 1813 1174 se
1844 1113 1921 1174 de
1963 1114 2268 1176 materiali
2296 1114 2548 1194 peccati,
2585 1113 2691 1174 sed
2719 1113 2908 1174 etiam
2937 1111 3012 1172 de
3039 1110 3310 1186 formali,

1750 1211 1811 1268 et
1838 1205 2204 1286 simpliciter
2252 1205 2330 1268 de
2357 1212 2484 1267 toto
2513 1211 2798 1286 peccat03
2829 1221 3001 1276 nam,
3035 1204 3088 1265 si
3117 1205 3312 1266 corti-

1748 1317 1879 1361 cem
1903 1299 2124 1362 litterae
2159 1308 2524 1380 spectemus,
2555 1298 2870 1360 interdum
2903 1297 3149 1358 videtur
3182 1313 3312 1358 esse

1746 1407 1952 1452 sermo
1985 1392 2458 1454 formalissimus
2507 1393 2574 1452 in
2615 1391 2738 1452 illis
2780 1389 3008 1466 verbis,
3040 1388 3310 1469 exempli

1741 1486 1972 1562 gratia:
1997 1487 2330 1550 Declinaeti
2351 1487 2598 1550 semitas
2617 1491 2860 1549 nostras
2881 1503 2922 1548 a
2943 1485 3074 1548 vita
3091 1489 3222 1559 tua,
3247 1487 3312 1545 et

1740 1578 2062 1640 similibus,
2097 1579 2256 1640 Sunt
2283 1597 2432 1658 ergo
2477 1579 2608 1640 haec
2627 1579 2981 1640 testimonia
3009 1576 3088 1639 ab
3109 1577 3311 1638 omni-

1740 1669 1856 1732 bus
1885 1670 2214 1733 Catholicis
2251 1673 2340 1734 ita
2365 1671 2749 1752 explicanda,
2785 1676 2856 1731 ut
2902 1677 3124 1732 nostroe
3173 1688 3312 1730 sen-

1740 1765 1952 1826 tentiae
1995 1783 2120 1825 non
2153 1763 2580 1842 adversentur,
2613 1766 2732 1826 nisi
2771 1763 2968 1826 velint
3003 1759 3090 1826 ita
3113 1782 3186 1826 ea
3214 1763 3310 1824 in-

1742 1858 2093 1936 terpretari,
2127 1863 2198 1918 ut
2221 1857 2518 1920 haereticis
2552 1858 2822 1920 faveant.

1824 1949 2056 2011 Deinde
2080 1949 2362 2028 observo,
2389 1968 2466 2012 ex
2487 1952 2770 2030 superius
2798 1949 2998 2026 dictis,
3029 1966 3160 2010 esse
3179 1967 3309 2010 cer-

1744 2043 2074 2120 tissimum,
2120 2045 2310 2106 Deum
2369 2061 2496 2104 non
2525 2043 2822 2106 inclinare
2849 2042 3164 2104 moraliter
3203 2059 3310 2102 vo·

1740 2136 2044 2198 luntatem
2065 2136 2335 2198 hominis
2353 2143 2461 2198 aut
2481 2136 2685 2214 angeli
2709 2135 2786 2196 ad
2809 2135 3048 2196 malum
3071 2141 3306 2210 actum,

1741 2249 1857 2292 nec
1878 2249 1992 2310 pro
2041 2230 2314 2306 formali,
2349 2249 2464 2292 nec
2511 2248 2624 2311 pro
2681 2229 3010 2292 materiali.
3061 2231 3151 2290 Ex
3191 2229 3310 2290 hac

1741 2341 1889 2402 crgo
1920 2329 2096 2403 parte
2121 2323 2378 2384 ulterius
2425 2323 2850 2386 concludimus
2877 2322 3074 2384 multo
3101 2323 3308 2382 miuus

1741 2435 1917 2499 posse
1939 2418 2134 2478 Deum
2161 2415 2284 2478 alio
2305 2416 2490 2478 modo
2520 2416 2773 2496 physico
2801 2435 2880 2478 ex
2897 2421 3070 2496 parte
3093 2421 3308 2496 poten-

1742 2512 1845 2572 tioe
1874 2510 2254 2572 voluntatem
2301 2511 2380 2571 ad
2421 2517 2630 2572 actum
2681 2511 2922 2572 malum
2977 2509 3304 2583 inclinare,

1742 2604 1974 2666 nedum
1989 2603 2553 2684 praedeterminare,
2575 2603 2722 2683 quia
2745 2603 3306 2683 praedeterminatio

1744 2715 1989 2758 summa
2035 2696 2354 2758 inclinatio
2399 2701 2492 2758 est
2536 2702 2598 2758 et
2641 2695 3078 2764 efficacissima.
3133 2695 3306 2756 Unda

1743 2789 1875 2852 haec
1897 2790 2224 2850 causalitas
2247 2789 2436 2850 habet
2471 2807 2720 2850 omnem
2749 2788 3191 2850 absurditatem
3244 2793 3308 2848 et

1742 2883 2072 2957 malitiam,
2101 2899 2288 2961 quam
2318 2881 2511 2962 prior,
2537 2887 2598 2944 et
2617 2881 2802 2960 longe
2828 2883 3169 2960 majorem3
3198 2881 3304 2942 sed

1741 2975 1859 3036 hoc
1888 2977 1960 3038 in
1987 2975 2289 3055 superiori
2317 2976 2515 3056 capite
2539 2981 2749 3036 actum
2775 2981 2886 3036 est.
2935 2974 3030 3036 Ad
3049 2993 3180 3036 rem
3209 2993 3306 3034 er-

1740 3087 1821 3147 go
1850 3075 2238 3149 praesentem,
2272 3067 2338 3129 in
2366 3067 2655 3129 omnibus
2677 3069 3044 3130 testimoniis
3071 3068 3300 3145 citatis,

1738 3170 1869 3225 tam
1898 3163 2228 3243 Scripturae
2267 3181 2457 3242 quam
2497 3163 2854 3241 Augustini,
2918 3162 3304 3243 potissimum

1738 3263 1830 3317 est
1850 3274 2054 3317 sermo
2100 3256 2176 3317 de
2202 3256 2392 3337 priori
2423 3255 2607 3317 modo
2637 3255 3012 3318 inductionis
3037 3262 3100 3317 et
3125 3255 3304 3316 incli-

1738 3352 2033 3426 nationis,
2083 3356 2145 3411 et
2199 3350 2339 3411 ideo
2367 3368 2496 3411 non
2535 3356 2668 3411 tam
2723 3350 3065 3430 procedunt
3089 3355 3302 3411 contra

1736 3462 1873 3521 nos,
1906 3460 2096 3524 quam
2124 3450 2338 3505 contra
2359 3444 2732 3505 sententiam
2751 3443 3068 3517 omnium3
3099 3436 3303 3503 omuiss·

1737 3538 1851 3599 bus
1874 3555 2024 3617 ergo
2043 3554 2256 3599 eorum
2277 3544 2790 3618 argumentorum
2812 3537 3034 3599 solutio
3061 3537 3300 3599 incum-

1737 3632 1851 3694 bit.

1734 3816 2150 3896 Eoeponuntur
2190 3814 2542 3895 Scriptum
2573 3817 2916 3881 testimonia
2945 3819 3014 3883 dc
3047 3817 3298 3899 permic-

2307 3909 2470 3974 sione
2497 3911 2728 3975 divina.

1814 4098 1873 4160 3.
1918 4098 2014 4161 Ad
2037 4100 2392 4161 testimonia
2410 4117 2557 4179 ergo
2575 4116 2763 4161 sacrae
2783 4100 2909 4162 Scri
2915 4104 3138 4180 pturse,
3169 4100 3298 4180 pri·

1734 4208 1839 4253 mo
1872 4192 1940 4253 in
1971 4212 2196 4272 genere
2237 4194 2464 4255 dicitur
2503 4194 2714 4256 omnia
2739 4194 2968 4255 similia
2995 4194 3128 4255 loca
3167 4211 3299 4255 esse

1731 4285 1809 4347 de
1842 4288 2244 4368 permissione
2272 4288 2484 4349 divina
2507 4287 2934 4367 intelligenda.
2972 4288 3300 4366 chysosto-

1733 4396 1895 4455 muS,
1929 4380 2100 4442 hom.
2135 4382 2214 4443 36
2243 4382 2310 4443 in
2337 4382 2594 4457 Mattb.,.
2611 4399 2738 4443 non
2763 4380 2949 4460 longe
2973 4380 3052 4441 ab
3079 4381 3293 4441 initio:

1736 4472 2090 4554 Quanquam
2137 4494 2256 4537 non
2282 4478 2434 4555 ipso,
2466 4476 2569 4538 scd
2589 4476 2898 4538 hominum
2937 4474 3297 4555 improbitas

1732 4565 1948 4628 horam
1977 4569 2242 4630 onmium
2295 4585 2478 4630 causa
2526 4571 2750 4646 sutura
2789 4573 2958 4638 essct,
3009 4585 3070 4629 sc
3101 4572 3300 4629 tamea

1732 4660 2044 4735 facturum
2073 4662 2276 4723 onmia
2301 4662 2474 4736 dicit,
2493 4662 2640 4723 talis
2657 4662 2872 4742 quippo
2893 4665 2981 4723 est
3011 4660 3298 4739 Scriptu-

1728 4769 1944 4813 rarum
1971 4755 2362 4827 consuctudm·
2393 4754 2797 4832 Augustinus,
2817 4754 2897 4814 do
2911 4754 3080 4815 Grat.
3103 4759 3166 4815 ct
3185 4753 3292 4813 lib.

1728 4844 1947 4906 arbitr.
1955 4890 1976 4921 ,
2007 4864 2144 4925 cap.
2176 4849 2290 4911 23:
2331 4848 2576 4922 Quando
2601 4848 2836 4911 auditis
2861 4849 3144 4911 dicentem
3165 4848 3295 4909 Do-

1726 4938 1996 4999 minum:
2041 4940 2182 5017 Eyo
2209 4940 2420 5002 seduxi
2437 4984 2458 5015 ,
2487 4946 2542 5003 ct
2569 4966 2592 5001 :
2639 4940 2822 5014 Quom
2851 4940 2980 5002 vult
3009 4940 3286 5015 indurat,

1727 5031 1795 5091 in
1837 5049 1897 5093 co
1923 5050 2096 5112 quom
2115 5033 2320 5095 seduci
2347 5034 2442 5096 vel
2469 5033 2756 5095 obdurari
2773 5033 3102 5113 permittit,
3128 5033 3296 5094 mala

1726 5125 1857 5202 ejus
1888 5128 2110 5189 merita
2133 5128 2386 5197 creditu
2431 5128 2861 5202 Damascenus,
2885 5125 2996 5187 lib.
3042 5128 3105 5202 4,
3155 5144 3290 5205 cap.

1726 5218 1839 5278 20:
1878 5218 2059 5283 Scire
2079 5218 2496 5297 illudattiact,
2531 5221 2604 5283 in
2633 5220 2981 5299 Scriptura·
3017 5236 3177 5281 moro
3189 5235 3295 5298 po-

1722 5310 1910 5373 situm
1949 5330 2094 5389 csso,
2118 5316 2187 5373 ut
2228 5312 2344 5374 Dci
2374 5314 2854 5391 permissionem,
2883 5312 3173 5377 actionem
3201 5311 3296 5388 ip·-

1723 5404 1857 5467 sius
1895 5405 2170 5483 appellet.
2219 5405 2389 5466 Idem
2421 5405 2552 5467 fere
2607 5407 2863 5484 Prosper
2899 5405 2980 5467 ad
3025 5402 3294 5484 capitula

1725 5496 2070 5574 Gallorum,
2107 5498 2294 5579 capit.
2327 5501 2394 5560 11
2433 5503 2496 5559 et
2523 5500 2620 5560 12.
2655 5497 2834 5561 Ratio
2863 5498 3014 5561 item
3045 5498 3164 5559 hoc
3185 5496 3294 5557 de-
