3850 6225
656 419 826 474 SECT.
864 421 905 473 1.
938 419 1119 473 snm:
1152 419 1211 472 ΙΝ
1244 420 1367 474 nm
1400 420 1567 474 VERA
1598 419 1891 482 Jus‘rtrla,
1926 418 2046 472 PER
2079 421 2252 484 Qum
2283 421 2402 475 PRO
2435 421 2701 486 nemus,
2737 423 2872 476 ETc.

234 527 335 587 19.
380 525 977 598 &futatim—Haec
1004 524 1331 604 responsio
1350 530 1412 586 et
1430 524 1713 586 doctrina

130 617 307 678 nihil
338 617 595 678 omnino
647 617 850 678 obstat
898 617 1189 679 secundm
1232 618 1557 680 assertioni
1612 636 1713 678 su-

132 711 365 789 perius
410 710 648 790 positae,
682 711 831 790 quia
871 711 1179 772 haetenus
1228 710 1309 772 de
1346 711 1611 793 justitia,
1649 717 1735 772 ut.

132 803 265 876 sie,
298 803 487 864 locuti
512 821 752 864 sumus.
784 803 1098 876 Quantum
1123 823 1275 866 vero
1302 805 1507 866 valeat
1532 804 1616 865 ad
1639 821 1715 865 ea

132 915 295 975 quae
322 895 405 957 de
438 896 744 975 specificis
782 897 1131 958 rationibus
1164 897 1467 971 dicemus,
1500 904 1719 976 postea

130 991 525 1051 videbimus·
568 989 825 1050 Interim
862 995 1075 1052 tamen
1102 1008 1231 1051 nou
1283 991 1566 1052 omittam
1607 989 1721 1052 ad-

130 1090 397 1144 vertere
416 1081 715 1143 nonnulla
728 1081 885 1144 falsa
901 1083 965 1142 in
994 1101 1069 1144 ea
1096 1084 1427 1157 contineri,
1452 1083 1573 1145 alia
1588 1102 1717 1147 non

136 1177 305 1237 satis
331 1175 729 1248 cohaerentia,
778 1177 925 1255 quia
972 1194 1191 1238 revera
1224 1176 1331 1237 illa
1374 1177 1713 1251 distinctio,

134 1287 291 1349 quae
320 1269 405 1330 ibi
442 1269 811 1350 proponitur
832 1269 912 1330 de
933 1270 1160 1332 virtute
1180 1270 1437 1349 speciali
1460 1277 1523 1332 et
1550 1287 1715 1332 com·

134 1364 355 1436 muni,
408 1361 663 1424 confuse
715 1361 998 1436 traditur,
1042 1367 1107 1424 et
1160 1362 1303 1424 ideo
1350 1363 1717 1426 distinctior-i

136 1457 393 1537 indiget
418 1454 877 1518 examinatione
898 1461 963 1517 et
980 1456 1393 1518 discussione.

140 1711 453 1783 Quomodo
476 1707 773 1774 attributa
792 1709 1135 1774 intellectus
1181 1729 1253 1775 ac
1276 1710 1608 1776 voluntatis
1630 1710 1718 1776 di-

166 1801 329 1866 vina
346 1822 385 1865 a
404 1804 571 1866 nobis
592 1801 975 1885 concipienda
992 1819 1063 1866 ao
1080 1804 1509 1886 distinquenda
1526 1810 1693 1868 sunt.

228 2022 337 2082 20.
385 2020 659 2082 Adverto
688 2021 881 2099 igitur
904 2019 1131 2098 primo,
1174 2019 1367 2098 quod,
1414 2021 1559 2082 licet
1598 2021 1719 2084 vir-

138 2118 323 2173 tutes
352 2131 593 2184 omneS,
613 2119 742 2173 tam
766 2112 1139 2182 intellectus,
1164 2130 1357 2192 quam
1377 2113 1715 2176 voluntatis

138 2206 213 2266 in
260 2205 417 2280 Deo,
442 2206 563 2266 sint
586 2224 711 2266 una
752 2205 1211 2284 simplicissima
1236 2205 1557 2284 perfectio,
1584 2225 1714 2268 non

138 2299 359 2360 solum
380 2298 803 2377 comparando
829 2299 992 2360 inter
1012 2316 1081 2359 se
1100 2317 1203 2359 om
1212 2316 1323 2358 nes
1337 2299 1595 2358 virtutes
1610 2317 1717 2360 vo-

138 2393 433 2466 luntatiS,
450 2393 550 2454 vel
566 2394 729 2454 inter
746 2410 813 2454 se
830 2411 1050 2454 omnes
1064 2393 1323 2454 virtutes
1336 2391 1712 2467 intellectae,

138 2486 270 2547 sed
300 2486 489 2546 etiam
518 2485 899 2547 conferendo
928 2485 1185 2546 virtutes
1207 2485 1559 2547 intellectus
1574 2505 1719 2548 eum

140 2579 485 2640 virtutibus
531 2578 891 2651 voluntatis,
940 2583 1003 2639 et
1038 2595 1073 2638 e
1103 2595 1444 2652 converso;
1488 2579 1719 2642 nihilo-

140 2673 365 2732 minus
420 2676 654 2744 tamen,
712 2671 861 2750 quia
902 2670 1105 2731 Deum
1146 2688 1325 2732 more
1378 2678 1593 2734 nostro
1640 2691 1717 2734 ex

140 2765 457 2828 creaturis
486 2765 894 2842 concipimus,
940 2764 1007 2823 in
1036 2781 1113 2824 eo
1142 2764 1491 2826 secundum
1528 2767 1727 2828 ratio-³

142 2877 305 2919 nem
347 2858 785 2938 distingoimus
810 2853 941 2917 non
979 2857 1183 2918 solum
1214 2857 1619 2932 intellectum,
1654 2865 1719 2921 et

140 2953 537 3013 voluntatem
558 2995 572 3022 ,
628 2957 691 3011 et
742 2951 997 3010 virtutes
1050 2951 1236 3011 unius
1286 2969 1323 3010 a
1384 2951 1715 3013 virtutibus

141 3046 429 3117 alterius,
472 3044 587 3105 sed
608 3043 799 3106 etiam
824 3043 887 3104 in
918 3049 1183 3123 utraque
1216 3061 1291 3105 ex
1324 3045 1421 3105 his
1448 3045 1715 3107 faculta-

140 3143 318 3204 tibus
341 3139 781 3221 distinguimus
804 3140 1045 3201 ratione
1070 3139 1283 3219 plures
1298 3140 1555 3203 virtutes
1574 3159 1715 3222 pro-

142 3235 285 3314 prie
308 3254 383 3295 ac
398 3232 745 3295 formaliter
768 3232 839 3292 iu
862 3234 987 3294 Deo
1023 3233 1332 3307 iuventas,
1364 3252 1523 3314 quas
1552 3236 1714 3297 inter

142 3328 273 3387 alia
294 3344 701 3387 numeramus
724 3326 791 3386 iu
816 3325 1039 3386 divinis
1056 3326 1367 3389 attributis
1388 3342 1409 3403 ;
1440 3330 1509 3388 ut
1533 3327 1599 3387 in
1618 3327 1717 3387 in-

141 3420 404 3482 tellectu
427 3436 837 3480 numeramus
860 3417 1285 3497 prudentiam,
1316 3420 1713 3499 sapientiam,

140 3520 376 3589 artem,
412 3518 572 3585 etc.;
608 3513 675 3573 iu
702 3512 1021 3573 voluntate
1060 3513 1573 3587 misericordiam,
1610 3532 1719 3575 ve·-

141 3608 421 3680 ritatem‚
452 3606 849 3677 charitatem,
876 3611 994 3666 etc.
1030 3606 1207 3669 Unde
1234 3606 1487 3685 quando
1509 3608 1716 3686 inqui-

140 3700 349 3760 rimus
370 3716 451 3759 an
482 3699 545 3758 in
574 3698 705 3759 Deo
730 3697 809 3759 sit
830 3698 1179 3759 formaliter
1212 3704 1275 3759 et
1318 3700 1569 3778 proprie
1598 3700 1713 3761 ali—-

138 3811 275 3871 qua
310 3790 563 3853 moralis
586 3792 807 3864 virtus,
832 3808 1053 3853 sensus
1094 3798 1211 3865 est,
1251 3810 1335 3853 an
1364 3792 1429 3853 in
1468 3794 1602 3854 Deo
1632 3794 1713 3855 sit

137 3885 404 3965 aliquod
428 3884 793 3947 attributum
828 3884 1151 3964 proprium
1194 3884 1277 3947 ab
1304 3886 1443 3947 aliis
1468 3887 1711 3949 ratione

134 3980 531 4052 distinctum,
562 3977 806 4039 ratione
836 3978 1019 4056 cujus
1048 3978 1109 4039 ei
1142 3978 1475 4041 conveniat
1498 3980 1711 4059 aliqua

138 4072 431 4151 operatio
456 4076 653 4143 reeta,
686 4077 757 4131 ut
806 4072 1055 4151 proprie
1094 4090 1221 4132 non
1248 4072 1583 4134 conveniat
1616 4092 1712 4135 ra-

138 4164 318 4225 tione
362 4164 619 4225 alterius
672 4162 949 4227 attributi
968 4164 1053 4225 ad
1090 4164 1476 4227 voluntatem
1526 4167 1712 4245 perti-

136 4256 377 4318 nentis.
418 4258 495 4318 Et
538 4256 791 4336 quando
818 4257 943 4318 tale
975 4256 1432 4318 attributum‘in
1457 4259 1589 4319 Deo
1618 4260 1713 4320 in-

136 4350 347 4410 veniri
414 4366 543 4411 non
606 4354 814 4427 potest
868 4354 1123 4429 propter
1174 4350 1709 4430 imperfectionem

138 4460 339 4523 quam
365 4442 559 4503 virtus
586 4442 819 4522 aliqua,
874 4442 943 4503 in
979 4442 1159 4503 nobis
1198 4443 1472 4519 inventa,
1502 4462 1617 4524 per
1640 4464 1707 4507 se

139 4543 207 4597 et
240 4554 317 4596 ex
343 4534 589 4596 formali
614 4536 859 4614 objecto
884 4554 1001 4595 suo
1030 4535 1243 4610 habet,
1268 4542 1415 4597 tunc
1440 4537 1709 4599 dicimus

136 4631 437 4690 virtutem
461 4628 631 4689 illam
646 4630 849 4689 solum
874 4629 1299 4709 metaphorice
1316 4648 1498 4709 posse
1524 4630 1707 4693 tribui

136 4728 301 4796 Deo,
324 4729 387 4786 et
424 4722 781 4803 hujusmodi
814 4730 909 4784 est
936 4724 1369 4803 temperantia,
1408 4725 1511 4786 vel
1532 4725 1709 4787 forti-

137 4816 321 4879 tudo.
358 4816 617 4889 Quando
656 4834 811 4877 vero
852 4816 1059 4897 aliqua
1106 4816 1321 4890 virtus,
1356 4818 1597 4880 elevata
1625 4819 1708 4881 ad

136 4914 371 4983 Deum,
421 4910 487 4969 in
510 4910 645 4989 ipso
694 4916 913 4971 manet
958 4910 1305 4973 secundum
1344 4911 1708 4973 attributum

136 5002 465 5083 proprium
492 5002 573 5061 ab
602 5002 741 5062 aliis
764 5002 1007 5063 ratione
1032 5002 1415 5076 distinctum,
1441 5009 1593 5065 tuuc
1616 5002 1707 5065 di·

140 5096 309 5156 citur
337 5110 477 5156 esse
494 5094 747 5173 proprie
786 5114 861 5157 ae
877 5094 1225 5157 formaliter
1252 5095 1317 5156 in
1346 5096 1501 5157 Deo.

230 5188 329 5247 21.
375 5185 501 5248 Sed
518 5194 613 5248 est
642 5186 903 5249 ulterius
931 5187 1385 5251 advertendum
1409 5187 1599 5267 quod,
1628 5188 1705 5249 si·

140 5286 251 5341 cut
268 5280 365 5339 hae
392 5279 653 5341 virtutes
681 5298 795 5341 seu
822 5281 1117 5343 attributa
1142 5282 1247 5342 Dei
1270 5282 1705 5361 concipiuntur

140 5392 181 5432 a
208 5371 389 5433 nobis
406 5378 475 5433 ut
492 5370 781 5434 distincta
798 5374 1147 5435 secundum
1168 5375 1503 5446 rationem,
1536 5373 1622 5435 ita
1636 5375 1705 5435 in

140 5465 237 5525 eis
256 5464 605 5544 concipitur
628 5484 665 5525 a
712 5466 895 5528 nobis
922 5466 1161 5549 aliquid
1193 5474 1263 5529 ut
1288 5467 1611 5549 proprium
1641 5472 1705 5529 et

145 5558 323 5639 quasi
381 5557 739 5639 specificam
786 5560 1161 5641 unicuique:
1204 5561 1351 5641 quia
1395 5560 1549 5621 alias
1576 5578 1703 5623 non

3241 421 3350 482 521

1794 541 2126 604 possemus
2161 544 2238 588 ea
2263 526 2672 606 distinguere,
2727 526 2876 607 quia
2913 543 3044 587 non
3093 527 3363 606 concipi·

1796 636 1938 680 mus
1985 637 2058 681 ea
2105 625 2173 682 ut
2197 619 2606 684 materialiter
2635 637 2748 680 seu
2793 636 3058 680 numero
3089 618 3358 692 diversa,

1794 713 1907 775 sed
1935 713 2176 774 ratione
2223 711 2494 774 formali.
2533 714 2762 774 Proeter
2805 713 2924 773 hoc
2957 729 3106 773 vero
3151 711 3362 773 adhue

1798 807 2186 886 concipimus
2233 805 2296 866 iu
2326 807 2448 868 illis
2491 806 2726 886 aliquid
2767 823 3100 867 commune
3139 804 3208 866 iu
3234 823 3360 884 quo

1800 900 2204 973 conveniunt,
2255 900 2552 980 quodque
2581 899 2661 961 de
2691 899 2782 960 eis
2811 897 3103 959 omnibus
3144 897 3366 978 praedi-

1798 994 1929 1054 cari
1957 998 2199 1073 potest3
2241 993 2341 1054 vel
2377 995 2568 1055 etiam
2597 992 2833 1071 aliquid
2873 991 3052 1071 quasi
3091 991 3365 1052 collecti-

1797 1104 1972 1160 vum,
2001 1085 2172 1165 quod
2196 1103 2274 1148 ex
2315 1085 2406 1148 eis
2459 1085 2752 1146 omnibus
2781 1085 3122 1164 consurgit.
3168 1081 3362 1144 Priori

1796 1179 2009 1252 modo,
2067 1179 2226 1241 ratio
2263 1163 2516 1240 virtutis'
2545 1178 2799 1240 moralis
2850 1195 2964 1240 seu
3014 1177 3364 1258 appetitivae

1796 1289 2132 1336 commune
2161 1271 2314 1351 quid
2351 1278 2448 1334 est
2485 1272 2776 1334 omnibus
2805 1270 3116 1334 attributis
3143 1270 3362 1332 volun·

1796 1366 1940 1428 tatis
1969 1366 2214 1438 divinae,
2251 1365 2560 1428 sumendo
2597 1365 2904 1427 rationem
2948 1364 3192 1424 virtutis
3223 1361 3360 1424 sine

1798 1456 2270 1538 imperfectione
2301 1459 2638 1536 qualitatis,
2667 1458 2767 1518 vel
2795 1457 3066 1530 habitus,
3109 1455 3222 1516 sed
3263 1473 3362 1516 so·

1797 1552 1930 1611 lum
1955 1557 2028 1612 ut
2045 1549 2192 1612 dicit
2215 1549 2512 1613 affectum
2533 1558 2802 1624 rectum;
2837 1555 2900 1611 et
2933 1550 3024 1610 sic
3055 1549 3213 1609 ratio
3239 1547 3364 1609 vir·

1798 1645 1947 1706 tutis
1965 1663 2092 1706 non
2122 1649 2216 1706 est
2243 1645 2514 1726 speciale
2531 1644 2894 1707 attributum
2913 1642 3050 1716 Dei,
3073 1640 3185 1702 sed
3209 1641 3363 1720 quid

1799 1757 2132 1800 commuue
2159 1741 2467 1802 inclusum
2493 1740 2558 1798 in
2587 1737 2746 1799 aliis.
2781 1735 3118 1798 Posteriori
3143 1733 3358 1810 modo,

1796 1831 1861 1893 in
1896 1833 2214 1894 voluntate
2257 1833 2490 1908 divina,
2537 1849 2676 1892 esse
2729 1829 2986 1891 omnino
3019 1835 3258 1890 rectam
3299 1831 3364 1890 et

1796 1927 2114 1988 moraliter
2133 1927 2384 2001 bonam,
2407 1944 2538 1987 non
2565 1931 2662 1987 est
2675 1923 2948 2004 speciale
2967 1923 3356 1995 attributum,

1797 2019 1911 2082 sed
1948 2021 2130 2098 quasi
2184 2020 2578 2082 collectivum
2623 2017 2946 2097 quoddam
2972 2033 3364 2095 consurgens

1796 2131 1875 2176 ex
1904 2114 2391 2193 congregatione
2425 2114 2518 2190 (ut
2545 2113 2632 2173 sic
2655 2110 2883 2189 dicam)
2909 2128 3024 2171 seu
3051 2113 3364 2172 concentu

1796 2206 2082 2266 omnium
2117 2206 2560 2268 attributorum
2591 2207 2654 2266 et
2687 2205 2988 2266 virtutum
3027 2201 3364 2263 voluntatis

1795 2299 1932 2360 Dei.
1954 2301 2030 2360 Et
2053 2299 2174 2360 hoc
2201 2299 2392 2360 modo
2420 2298 2670 2360 bonitas
2705 2296 2958 2358 moralis
2975 2296 3088 2356 Dei
3111 2314 3240 2356 non
3270 2301 3366 2356 est

1799 2392 2070 2472 speciale
2102 2391 2466 2454 attributum
2512 2391 2594 2451 ab
2634 2389 2770 2450 aliis
2813 2389 3196 2463 distinctum,
3250 2387 3366 2450 sed

1800 2490 1896 2547 est
1949 2485 2230 2546 collectio
2265 2484 2550 2546 omnium
2591 2483 3056 2553 attributorum,
3097 2499 3210 2544 seu
3237 2481 3365 2542 vir-

1796 2584 2001 2640 tutum
2035 2595 2174 2658 quoe
2225 2579 2288 2639 in
2342 2577 2550 2638 divina
2586 2576 2908 2638 voluntate
2955 2593 3094 2636 esse
3139 2573 3364 2636 intelli-

1798 2678 2052 2753 guntur.
2091 2671 2238 2742 Quae
2297 2672 2510 2732 omnia
2537 2688 2650 2749 per
2691 2688 2830 2730 sese
2872 2669 3038 2730 clara
3086 2673 3253 2743 suut,
3293 2670 3365 2728 ut

1797 2764 1970 2826 nulla
2027 2764 2151 2826 alia
2199 2764 2522 2843 indigeant
2581 2761 2950 2843 probatione
2979 2808 2996 2835 ,
3067 2761 3182 2822 sed
3227 2760 3362 2822 sola

1796 2859 2206 2939 intelligentia
2233 2863 2296 2920 et
2321 2857 2888 2919 animadversione.

1875 2956 1977 3016 22.
2021 2954 2112 3012 Ex
2139 2953 2238 3013 his
2265 2969 2416 3030 ergo
2455 2950 2636 3012 facile
2671 2950 2786 3012 erit
2813 2949 3188 3028 investigare
3217 2965 3348 3010 sen·

1794 3063 1938 3108 sum
1964 3045 2260 3106 doctrinae
2286 3044 2645 3125 propositae,
2675 3050 2735 3105 et
2765 3043 2828 3104 in
2859 3043 3120 3123 singulis
3151 3059 3364 3104 exem-

1792 3141 1911 3220 plis
1933 3140 2258 3201 veritatem
2289 3138 2626 3219 inquirere.
2675 3139 2751 3199 Et
2779 3136 3134 3217 incipiendo
3163 3154 3202 3197 a
3225 3137 3364 3215 jus-

1793 3234 1954 3309 titia,
1981 3234 2046 3293 in
2076 3250 2200 3312 qua
2227 3251 2396 3293 nune
2425 3232 2710 3312 proprius
2737 3247 3086 3301 versamur,
3115 3230 3362 3309 inquiro

1794 3326 1859 3387 in
1890 3345 2017 3405 quo
2049 3344 2240 3387 sensu
2276 3325 2522 3387 dicatur
2551 3324 2790 3404 justitia
2831 3342 2972 3386 esse
3011 3324 3262 3403 proprie
3295 3322 3360 3383 in

1796 3423 1925 3482 Deo
1945 3464 1962 3489 ,
2013 3418 2078 3480 id
2123 3426 2252 3493 est,
2305 3437 2434 3479 non
2483 3417 2944 3497 metaphorice,
3009 3416 3358 3479 secundum

1796 3530 2198 3577 communem
2235 3520 2446 3575 tamen
2479 3512 2812 3583 rationem,
2851 3516 2915 3574 et
2947 3508 3364 3590 nou-specifi-

1794 3612 1971 3669 cam?
2012 3610 2134 3668 Aut
2163 3606 2330 3667 enim
2365 3612 2458 3667 est
2485 3624 2708 3685 sensus
2731 3650 2747 3678 ,
2798 3605 2862 3667 in
2899 3606 3031 3667 Deo
3057 3603 3364 3684 justitiam

1793 3720 1921 3764 non
1963 3720 2100 3763 esse
2135 3702 2404 3782 speciale
2443 3701 2696 3781 aliquod
2735 3701 3101 3761 attributum
3141 3700 3366 3761 volun·-

1792 3796 1936 3857 tatis
1960 3841 1976 3867 ,
2021 3795 2132 3856 sed
2177 3812 2316 3857 esse
2357 3799 2598 3855 tantum
2651 3793 2910 3873 aliquod
2956 3792 3362 3873 praedicatum

1791 3905 2124 3949 commune
2161 3887 2454 3948 omnibus
2497 3887 2806 3948 attributis
2848 3885 3220 3957 voluntatis;
3263 3884 3364 3945 vel

1792 3986 1889 4043 est
1931 3997 2176 4055 sensus,
2221 3998 2362 4041 esse
2403 3980 2656 4058 quidem
2701 3978 3078 4058 particulare
3107 3978 3364 4039 attribu-

1790 4079 1950 4146 tum,
1995 4072 2148 4134 illud
2193 4079 2400 4133 tamen
2441 4090 2570 4133 nou
2609 4072 2844 4133 habere
2875 4070 3230 4151 specificam
3261 4090 3367 4130 ra-

1790 4168 2028 4230 tionem
2083 4166 2358 4244 aliquam
2389 4210 2404 4237 ‚
2460 4165 2573 4227 sed
2627 4169 2874 4226 tantum
2933 4182 3360 4225 communem.
3429 4186 3436 4192 ·

1792 4260 1972 4323 Prior
1997 4278 2220 4320 sensus
2247 4258 2597 4319 insinuatur
2627 4257 3005 4325 maximeab
3029 4258 3126 4319 his
3149 4262 3364 4319 aueto-

1788 4352 1965 4414 ribus
1993 4353 2058 4413 in
2087 4352 2374 4431 exemplo
2413 4352 2520 4411 illo
2542 4396 2556 4413 .
2597 4350 2769 4429 quod
2801 4368 2878 4411 ex
2908 4349 3240 4412 Aristotele
3270 4348 3364 4407 at·-

1792 4446 2023 4515 t'erunt,
2059 4445 2140 4506 de
2172 4444 2398 4506 virtute
2423 4443 2858 4505 universaliter
2879 4442 3066 4515 dicta,
3085 4459 3224 4521 quae
3245 4440 3364 4501 vir-

1791 4546 1956 4601 tutes
1987 4539 2261 4599 contiaet
2307 4557 2549 4599 omnoS.
2599 4540 2672 4599 Et
2701 4544 2797 4599 est
2828 4536 3084 4616 quidem
3119 4552 3359 4607 verum,

1784 4631 2088 4711 justitiam
2118 4632 2184 4692 in
2215 4632 2334 4693 hae
2359 4631 2812 4712 significatione
2841 4630 3092 4711 proprie
3121 4628 3200 4689 de
3229 4629 3360 4691 Deo

1788 4723 1948 4795 dici;
1999 4730 2093 4784 est
2135 4730 2346 4785 tamen
2386 4724 2640 4785 omnino
2677 4722 2907 4785 falsum
2939 4724 3060 4785 hoc
3093 4728 3364 4785 tantum·

1788 4816 1978 4877 modo
2007 4815 2086 4877 de
2113 4816 2248 4895 ipso
2277 4816 2398 4877 dici
2423 4862 2439 4890 ,
2489 4822 2552 4877 et
2579 4834 2706 4876 non
2737 4834 2875 4879 esse
2907 4817 2972 4877 in
3001 4816 3212 4877 divina
3249 4834 3362 4877 vo-

1788 4908 2026 4970 luntate
2059 4908 2332 4988 aliquam
2371 4909 2708 4989 specialem
2751 4910 3084 4985 virtutem,
3126 4928 3238 4971 seu
3269 4914 3361 4969 at·

1784 5002 2088 5063 tributum
2109 5048 2124 5072 ,
2186 5001 2358 5081 quod
2398 5002 2650 5082 proprie
2691 5002 2934 5083 justitia
2981 5002 3355 5063 nominetur.

1786 5094 1965 5166 Quod
1986 5100 2158 5174 patet
2179 5113 2256 5157 ex
2271 5094 2564 5155 omnibus
2583 5096 2736 5157 locis
2757 5096 3112 5176 Scripturae,
3137 5095 3200 5155 in
3223 5095 3360 5174 qui-

1784 5188 1903 5249 bus
1922 5188 2162 5267 justitia
2187 5188 2298 5249 Dei
2339 5194 2642 5267 tanquam
2675 5190 2946 5269 speciale
2969 5189 3360 5268 aliquiddis-

1785 5282 2048 5344 tinctum
2069 5301 2108 5343 a
2132 5281 2504 5343 liberalitate
2539 5287 2603 5342 et
2623 5282 3048 5343 misericordia
3077 5282 3360 5343 nomina-

1785 5380 1907 5447 tur,
1941 5376 2099 5437 utin
2127 5375 2251 5436 alia
2279 5375 2636 5437 Relectioue
2655 5375 2846 5437 latius
2877 5374 3140 5455 allegavi
3169 5381 3230 5437 et
3253 5394 3360 5437 ex·

1782 5468 1996 5547 pendi.
2029 5469 2208 5531 Ratio
2239 5468 2428 5529 etiam
2453 5484 2654 5545 quam·
2683 5486 2760 5529 ex
2789 5467 2970 5531 dictis
2999 5467 3356 5547 colligimus

1786 5562 1907 5623 hoc
1931 5560 2318 5623 demonstrat
2353 5580 2369 5627 3
2417 5578 2564 5620 uam
2593 5560 2882 5623 voluntas
2911 5560 3216 5623 reddendi
3245 5560 3358 5623 ali-
