3850 6225
523 379 644 440 5⁴2

525 484 846 564 supposita
874 482 1311 564 promissione,
1339 485 1502 546 Deus
1525 485 1837 564 obligatur
1867 503 1941 544 ex
1964 485 2093 563 jus-

523 579 656 640 titia
687 577 1152 650 commutativa,
1171 578 1362 640 etiam
1379 579 1514 640 sine
1543 578 1646 638 illa
1675 579 2087 658 obligabitur3

525 672 696 752 quod
725 677 940 751 aperte
967 677 1062 732 est
1091 671 1320 732 falsum
1345 690 1424 732 ex
1451 671 1730 732 omnium
1759 673 2089 746 sententia,

525 771 690 827 etex
715 765 812 826 his
841 783 983 844 qnae
1013 783 1129 826 nos
1155 765 1446 826 diximus·
1477 765 1744 843 Sequela
1773 783 1926 827 vero
1954 784 2095 846 pro-

523 859 732 930 batur,
765 875 916 918 nam
953 858 1062 937 qui
1099 859 1324 938 accipit
1361 877 1519 938 opus
1547 858 1804 938 aliquod
1831 859 2096 938 dignum

525 951 815 1012 mercede
841 995 858 1024 ,
911 969 990 1012 cx
1037 951 1098 1011 vi
1152 951 1318 1012 illins
1369 951 1684 1030 obligatur
1733 970 1812 1013 ex
1853 952 2095 1032 justitia

526 1043 970 1105 commutativa
1005 1044 1088 1104 ad
1115 1045 1616 1116 retribuendum,
1657 1044 1900 1106 etiamsi
1942 1046 2097 1106 nibil

523 1137 912 1218 promiserit3
937 1155 1088 1216 ergo
1111 1137 1212 1198 vel
1231 1155 1424 1217 opera
1443 1139 1784 1217 justorum,
1807 1156 1951 1216 quie
1978 1157 2095 1200 nos

525 1231 790 1292 dicimus
831 1229 966 1290 dari
1007 1229 1110 1290 vel
1151 1231 1357 1291 offerri
1397 1231 1586 1292 modo
1634 1231 1981 1294 sufficiente
2012 1232 2095 1293 ad

519 1322 826 1402 justitiam
864 1323 1398 1397 commutativam,
1427 1331 1574 1386 sunt
1599 1343 1678 1386 ex
1717 1343 1784 1386 se
1825 1325 2095 1404 aqualia

523 1417 626 1477 vel
651 1416 844 1494 digna
869 1417 976 1477 tali
1005 1417 1318 1491 mercede,
1349 1417 1450 1478 vel
1477 1436 1628 1480 non.
1655 1419 1718 1480 Si
1749 1426 1896 1480 sunt
1917 1419 2087 1492 talia,

525 1508 894 1588 obligabunt
945 1509 1148 1570 Deum
1201 1529 1278 1571 ex
1323 1511 1560 1591 justitia
1582 1557 1598 1584 ‚
1646 1511 1886 1574 etiamsi
1936 1511 2095 1572 nihil

523 1601 914 1680 promiserit;
971 1603 1022 1662 si
1071 1621 1222 1664 vero
1263 1621 1387 1664 non
1431 1610 1576 1664 sunt
1617 1604 1766 1665 talia
1790 1651 1806 1678 ,
1845 1605 2091 1666 etiamsi

525 1696 782 1758 accedat
821 1698 1172 1775 promissio,
1217 1715 1348 1760 non
1385 1699 1622 1760 orietur
1661 1700 1924 1779 justitia,
1976 1699 2091 1760 sed

523 1788 792 1850 fidelitas
813 1796 1078 1852 tantum.
1105 1791 1396 1854 Secundo
1427 1791 1717 1872 objicitur
1739 1794 2091 1873 specialiter

524 1881 589 1942 in
609 1881 1051 1956 satisfactione,
1075 1885 1224 1964 quia
1244 1885 1342 1947 vel
1363 1885 1700 1947 satisfactio
1719 1893 1816 1948 est
1832 1887 2090 1966 aequalis

523 1991 638 2054 pro
669 1975 894 2054 injuria
937 1976 1034 2037 vel
1071 1996 1186 2056 pro
1227 1984 1406 2038 reatu
1443 1995 1668 2058 poenae,
1695 1979 1794 2040 vel
1837 1998 1965 2040 non
1994 1999 2005 2042 :
2038 1979 2091 2041 si

527 2071 622 2128 est
671 2069 964 2148 aequalis,
1011 2070 1146 2148 ipsa
1193 2087 1308 2150 per
1352 2089 1420 2132 se
1462 2077 1524 2131 et
1565 2071 1896 2133 intrinsece
1944 2071 2093 2133 facit

527 2167 892 2242 operantem
913 2162 1048 2240 jam
1077 2181 1205 2223 non
1237 2181 1372 2224 esse
1399 2163 1659 2242 dignum
1687 2182 1906 2243 poena;
1940 2183 2090 2270 ergo

525 2254 766 2315 etiamsi
789 2255 963 2316 nulla
1003 2255 1314 2334 praecedat
1341 2257 1694 2336 promissio,
1733 2257 2091 2328 necessario

523 2345 758 2408 tollitur
809 2347 964 2408 illud
1006 2347 1288 2410 debitum
1334 2367 1450 2430 per
1494 2349 1682 2411 talem
1727 2349 2093 2410 satisfactio-

523 2457 694 2501 nem.
725 2439 904 2504 Unde
933 2443 1220 2520 quamvis
1245 2442 1440 2522 possit
1479 2443 1641 2502 Deus
1669 2443 1908 2504 malum
1938 2442 2091 2504 illud

521 2533 751 2596 inferre
781 2534 862 2606 ei,
895 2534 1002 2613 qui
1037 2553 1152 2614 pro
1193 2537 1466 2614 peccatis
1493 2535 1804 2616 condigne
1847 2535 2093 2597 satisfe-

521 2627 628 2699 cit,
669 2645 800 2688 non
837 2633 1048 2688 tamen
1095 2627 1161 2688 id
1193 2635 1398 2708 potest
1439 2628 1670 2690 inferre
1701 2629 1820 2690 sub
1847 2630 2089 2692 ratione

521 2737 750 2798 poenae,
801 2718 990 2781 etiam
1032 2721 1276 2782 seclusa
1323 2722 1494 2782 omni
1537 2721 1973 2801 promissione.
2022 2721 2087 2784 Si

521 2827 732 2874 autem
773 2813 1105 2874 satisfactio
1145 2815 1279 2893 ipsa
1317 2833 1433 2894 per
1463 2833 1532 2876 se
1573 2833 1702 2876 non
1740 2815 1967 2877 sufficit
2004 2815 2087 2876 ad

427 2972 437 2984 ‚
521 2923 776 2984 poenam
814 2907 916 2968 vel
953 2907 1246 2986 injuriam
1297 2925 1442 2968 cum
1483 2908 1840 2986 aequalitate
1881 2927 2087 2968 resar-

520 2997 808 3060 ciendam
833 3043 850 3072 ,
893 2999 1134 3060 etiamsi
1172 3000 1518 3062 intercedat
1557 3001 1666 3061 Dei
1715 3001 2079 3080 promissio,

519 3114 846 3175 nunquam
887 3094 1240 3157 invenietur
1273 3096 1340 3157 in
1381 3115 1457 3157 eo
1495 3114 1688 3176 opero
1728 3116 1878 3157 vera
1897 3096 2084 3176 justi-

517 3188 633 3261 tia;
665 3206 822 3269 ergo
846 3206 1174 3269 nunquam
1201 3190 1528 3269 promissio
1565 3196 1772 3269 potest
1797 3190 2083 3251 conterre

519 3280 601 3343 ad
626 3282 908 3343 debitum
925 3282 1182 3361 justitiae
1211 3300 1290 3343 ex
1323 3288 1500 3362 parte
1541 3284 1673 3343 Dei.

599 3376 700 3437 38.
735 3374 1024 3449 ffioedam
1051 3374 1276 3437 soluto
1306 3377 1689 3458 proponitur.
1713 3376 2081 3459 -Roplim

515 3468 697 3531 -Ad
719 3470 992 3549 primum
1015 3474 1460 3549 argumentum
1481 3470 1866 3548 respondere
1885 3470 2081 3543 soleo,

519 3569 590 3625 ιιι
609 3581 688 3624 ex
709 3563 1074 3642 operatione
1091 3564 1282 3625 unius
1305 3562 1616 3625 redundet
1639 3563 1937 3644 obligatio
1954 3564 2087 3644 jus-

519 3656 666 3719 titioe
695 3657 760 3717 in
789 3656 934 3732 alio,
973 3674 1104 3717 non
1129 3658 1279 3719 satis
1309 3674 1448 3719 esse
1481 3664 1550 3719 ut
1577 3676 1738 3737 opus
1773 3659 1977 3737 ipsum
2007 3658 2087 3719 sit

518 3750 626 3811 tali
657 3748 946 3811 mercede
973 3750 1074 3810 vel
1101 3749 1410 3829 stipendio
1445 3749 1706 3831 dignum
1739 3750 2087 3813 secandum

517 3842 823 3905 moralem
853 3842 1400 3916 existimationem,
1439 3844 1552 3905 sed
1581 3862 1844 3905 necesse
1883 3850 1979 3905 est
2018 3844 2089 3903 ut

521 3954 601 3999 ex
629 3934 888 3998 alterius
921 3936 1242 3999 voluntate
1263 3980 1282 4009 ,
1317 3943 1382 3997 et
1417 3936 1662 3998 formali
1703 3937 1804 3998 vel
1839 3936 2085 3999 virtuali

517 4036 700 4113 pacto
739 4048 888 4091 cum
910 4030 1016 4091 illo
1049 4030 1189 4101 flat3
1217 4031 1368 4109 quia
1401 4048 1590 4092 nemo
1618 4034 1822 4109 potest
1855 4048 1931 4091 ex
1954 4030 2085 4109 jus-

516 4122 652 4187 titis
689 4122 976 4202 obligari,
1009 4123 1352 4202 prasertim
1391 4124 1474 4184 ab
1513 4124 1638 4185 alio
1675 4124 1780 4203 qui
1821 4140 1951 4183 non
1990 4126 2087 4183 est

519 4218 825 4295 superior,
873 4216 992 4277 nisi
1037 4216 1464 4278 intercedente
1509 4234 1822 4279 consensu
1871 4222 1933 4276 et
1978 4234 2087 4277 vo

517 4310 757 4371 luntate
823 4310 982 4389 ejus.
1043 4308 1222 4380 Quod
1285 4310 1472 4371 etiam
1531 4310 1844 4389 explicare
1907 4308 2083 4370 soleo

519 4402 806 4480 exemplo
835 4403 996 4483 ejus,
1027 4402 1134 4480 qui
1163 4403 1228 4463 in
1269 4402 1474 4465 aliena
1517 4402 1698 4464 vinea
1739 4420 1866 4463 non
1895 4420 2087 4463 voca-

517 4502 641 4569 tus,
663 4514 872 4575 neque
896 4496 1288 4577 precedente
1311 4497 1520 4577 aliqua
1545 4497 1884 4571 voluntate,
1911 4496 2083 4557 labo-

515 4594 614 4649 rat
641 4606 764 4649 sua·
796 4588 1139 4662 voluntate,
1181 4588 1330 4669 quia
1367 4590 1662 4651 dominus
1687 4589 1887 4650 vineis
1927 4588 2083 4649 nibil

515 4686 770 4743 tenetur
797 4682 854 4742 ei
901 4682 1256 4761 persolvere
1291 4702 1370 4745 ex
1407 4682 1667 4764 justitia.
1702 4682 1826 4745 Sed
1861 4688 2081 4744 contra

517 4774 642 4835 hoc
691 4775 958 4835 instatur
979 4818 996 4842 ,
1053 4792 1201 4837 nam
1257 4776 1340 4837 ad
1387 4792 1704 4837 summum
1755 4777 2077 4856 procedit,

515 4868 772 4947 quando
803 4868 1058 4929 domino
1097 4870 1428 4949 ignorante
1471 4870 1754 4931 laborat:
1797 4874 1862 4931 at
1903 4888 2077 4946 vero,

515 4963 566 5023 si
593 4961 886 5031 dominus
918 4962 1072 5023 sciat
1098 4962 1291 5023 alium
1321 4962 1606 5025 laborare
1633 4964 1698 5023 in
1727 4963 1912 5025 vinea
1940 4982 2075 5037 sua,

515 5061 756 5135 etopus
773 5055 940 5115 illius
964 5072 1183 5116 revera
1209 5056 1392 5117 cedat
1417 5057 1482 5116 in
1507 5056 1834 5118 utilitatem
1853 5058 2075 5131 vinem,

515 5148 828 5221 domium,
859 5166 938 5209 ex
959 5148 1222 5253 J’ustitia,
1263 5154 1512 5209 tenetur
1539 5150 1882 5210 retribuere
1913 5168 2081 5211 mer-

515 5240 758 5314 cedem,
787 5240 933 5320 qnia
955 5242 1088 5319 jam
1113 5240 1298 5303 tacite
1331 5243 1640 5303 consentit
1675 5241 1740 5301 in
1771 5258 1931 5319 opus
1959 5242 2081 5303 sibi

513 5334 666 5396 utile
693 5340 756 5395 et
783 5334 1074 5396 mercede
1103 5335 1386 5415 dignum.
1409 5336 1566 5397 Cum
1591 5354 1740 5415 ergo
1763 5316 2079 5416 justorum

515 5444 708 5507 opera
735 5444 986 5505 semper
1011 5426 1166 5488 fiant
1193 5430 1322 5489 Deo
1353 5428 1610 5504 sciente,
1641 5428 1742 5491 vel
1771 5428 1959 5491 etiam
1982 5430 2081 5508 ju-

511 5520 728 5595 bente,
765 5518 832 5581 id
869 5521 1022 5581 satis
1057 5522 1176 5582 erit
1215 5520 1300 5583 ad
1333 5520 1780 5601 obligationem
1801 5522 2077 5603 justitiae,

1467 383 1680 437 OPUSC.
1717 385 1800 436 vt.
1837 383 2213 436 nlsrurnto
2246 387 2329 439 ot.
2360 387 2635 442 susum
2667 389 2789 442 nm.

2174 487 2227 546 si
2266 487 2330 546 in
2360 488 2508 567 ipsis
2538 488 2831 567 operibns
2870 486 2948 548 sit
2988 487 3305 548 sufficiens
3332 485 3481 547 ratio
3508 487 3611 549 dati
3634 499 3679 552 et

2174 582 2439 660 accepti,
2486 581 2658 661 quod
2700 581 2898 661 possit
2930 580 3233 660 justitiam
3276 578 3549 652 fundare,
3570 603 3679 648 nam

2175 679 2433 752 propter
2458 673 2943 752 promissionem
2968 689 3097 734 non
3126 671 3363 734 cedunt
3390 689 3563 749 opera
3584 677 3683 753 jus-

2174 773 2383 826 torum
2410 767 2477 826 in
2504 767 2815 845 majorem
2838 766 3099 843 gloriam
3122 765 3263 840 Dei,
3290 763 3391 824 vel
3414 765 3677 845 honorem,
3767 773 3768 810 ἒ

2175 877 2365 938 quam
2395 879 2508 940 per
2535 878 2605 921 se
2632 861 2905 922 valeant.

2180 1111 2343 1194 Opus
2372 1131 2487 1175 non
2504 1115 2835 1192 fundatum
2855 1112 3111 1194 inpacto
3122 1129 3319 1194 perse
3340 1112 3683 1182 mudum

2594 1207 2868 1288 justitio
2890 1205 3333 1290 obligationem.

2256 1429 2356 1490 30.
2395 1427 2679 1492 Solvitm·
2698 1429 2911 1508 prima
2948 1429 3215 1508 objectio.
3244 1456 3330 1473 -—
3378 1427 3494 1488 Sed
3520 1429 3683 1508 impri-

2171 1521 2291 1582 mis
2316 1537 2547 1582 censeo
2573 1521 2799 1582 falsum
2828 1521 2999 1598 qnod
3036 1522 3103 1581 in
3140 1521 3266 1582 bac
3296 1520 3515 1600 replica
3542 1525 3682 1584 sumi-

2169 1619 2294 1686 tur,
2340 1631 2457 1694 per
2502 1631 2571 1674 se
2620 1619 2685 1676 et
2730 1615 3077 1694 generatim
3128 1614 3543 1686 intellectum;
3572 1633 3682 1676 nam
3767 1643 3768 1696 3

2171 1705 2338 1767 aliud
2369 1711 2463 1766 est
2500 1705 2712 1768 videre
2760 1713 2821 1768 et
2869 1707 3227 1768 consentire
3276 1707 3344 1766 in
3390 1722 3535 1785 opas
3570 1709 3682 1768 mihi

2170 1799 2343 1871 utile,
2369 1799 2539 1860 alind
2560 1817 2713 1860 vero
2752 1800 3105 1862 consentire
3126 1799 3195 1859 in
3220 1799 3397 1860 illam
3416 1799 3683 1860 utilitatem
3767 1875 3768 1878 Ἴ

2168 1897 2471 1971 tanquam
2516 1899 2793 1972 emptam
2828 1897 2891 1954 et
2938 1893 3129 1971 digna
3174 1891 3469 1952 mercede
3496 1891 3687 1952 salven·
3767 1883 3768 1886 '

2170 1985 2356 2046 dam:
2388 1983 2545 2046 illud
2586 1987 2753 2046 enim
2796 1985 2969 2066 prius
3002 1985 3369 2064 generalius
3408 1991 3517 2054 est,
3558 1985 3687 2045 unde
3767 1977 3768 2010 ³

2174 2095 2250 2139 ex
2296 2079 2403 2141 illo
2450 2079 2711 2159 proecise
2756 2097 2883 2140 non
2932 2078 3204 2139 infertur
3250 2079 3563 2157 posterius.
3602 2077 3686 2148 Oui
3767 2105 3768 2152 j

2172 2190 2325 2251 ergo
2352 2172 2521 2233 videt
2550 2172 2745 2232 alium
2773 2171 3165 2233 laborantem
3206 2173 3275 2231 in
3304 2189 3477 2231 suam
3510 2171 3688 2230 utilita-
3767 2235 3768 2238 ,

2170 2267 2321 2334 tem,
2354 2271 2419 2326 et
2444 2271 2633 2336 tacet,
2667 2269 2953 2345 acceptat
2991 2265 3253 2342 quidem
3297 2264 3579 2334 laborem,
3604 2262 3686 2323 sed
3767 2293 3768 2336 3

2172 2363 2377 2436 potest
2424 2364 2751 2437 acceptare
2802 2364 2871 2419 ut
2916 2347 3339 2430 beneficium,
3380 2363 3439 2417 et
3484 2356 3684 2415 liberale

2170 2450 2409 2512 donum
2454 2450 2535 2512 ab
2578 2450 2701 2512 alio
2746 2451 3123 2530 praestitum3
3158 2449 3337 2530 qnod
3374 2455 3564 2510 tamen
3593 2447 3685 2507 for-

2170 2551 2337 2605 tasse
2366 2563 2493 2604 non
2540 2551 2918 2624 acceptaret,
2950 2543 3001 2604 si
3049 2545 3243 2605 sciret
3288 2561 3402 2622 pro
3448 2541 3540 2602 illo
3580 2559 3681 2600 esse

2169 2638 2561 2698 redditurum
2600 2639 2890 2716 pretium.
2924 2639 3001 2698 Et
3032 2638 3326 2717 quamvis
3358 2635 3561 2695 habeat
3584 2635 3681 2693 ani-

2168 2749 2341 2792 mum
2368 2749 2496 2792 non
2521 2731 2943 2810 persolvendi,
2976 2749 3105 2792 non
3136 2737 3467 2810 propterea
3490 2735 3679 2788 tenetur

2170 2843 2246 2886 ex
2266 2825 2506 2904 justitia
2536 2825 2725 2886 alium
2748 2823 3053 2903 impedire
3075 2870 3091 2897 ,
3120 2843 3241 2885 nec
3272 2823 3566 2884 declarare
3582 2820 3680 2880 ani-

2166 2935 2341 2978 mum
2372 2935 2497 2978 non
2520 2917 2905 2978 retribuendi
2920 2917 3308 2990 mercedem,
3326 2922 3550 2976 autnon
3562 2913 3679 2972 acci·
3700 2939 3707 2944 ·

2164 3010 2375 3091 piendi
2422 3010 2593 3069 illam
2622 3011 2975 3083 utilitatem,
3034 3011 3153 3070 nisi
3182 3009 3385 3088 gratis
3406 3007 3525 3067 fiat.
3546 3004 3679 3076 Quod

2164 3105 2301 3165 aliis
2324 3103 2647 3183 exemplis,
2684 3120 2827 3183 quae
2856 3105 3057 3185 magis
3098 3110 3253 3165 sunt
3294 3103 3358 3163 in
3386 3120 3516 3171 usu,
3542 3098 3677 3159 facile

2166 3197 2473 3259 declarari
2494 3202 2733 3277 potest:
2766 3216 2913 3259 nam
2936 3198 3247 3277 contingit
3274 3213 3435 3275 saepe
3452 3194 3511 3253 in
3536 3192 3677 3253 curiis
3767 3252 3768 3275 ff

2167 3290 2541 3371 principum,
2584 3297 2655 3351 ιιι
2682 3290 2930 3369 aliquis,
2970 3290 3148 3351 verbi
3188 3290 3415 3369 gratia,
3456 3284 3673 3365 quotidie
3767 3280 3768 3307 ³

2166 3384 2423 3445 honoris
2464 3400 2653 3445 causa
2696 3383 2889 3445 alium
2918 3384 3274 3456 comitetur,
3318 3382 3415 3443 vel
3456 3394 3675 3458 praesens

2166 3478 2379 3539 domui
2422 3478 2563 3557 ejus
2590 3476 2789 3550 adsit;
2834 3475 3005 3555 quod
3050 3476 3107 3537 si
3138 3494 3218 3537 ex
3250 3480 3431 3562 pacto
3466 3470 3672 3535 faceret
3767 3492 3768 3557 ἐ

2166 3570 2299 3631 sine
2330 3570 2521 3631 dubio
2564 3577 2913 3631 mereretur
2936 3569 3415 3631 retributionem
3438 3582 3509 3626 ex
3540 3562 3768 3643 justi-1

2169 3664 2297 3725 tia.
2330 3670 2393 3723 at
2410 3663 2665 3742 quando
2690 3661 2755 3723 id
2776 3662 2965 3724 faciat
2990 3662 3317 3723 voluntate
3336 3678 3464 3732 sua,
3484 3652 3673 3719 etiamsi
3767 3718 3768 3721 ,

2168 3758 2329 3819 alius
2369 3757 2579 3818 videat
2624 3764 2685 3817 et
2736 3763 2943 3818 taceat
2964 3802 2979 3825 ,
3014 3758 3144 3817 imo
3188 3756 3339 3817 licet
3364 3770 3430 3814 se
3454 3749 3672 3831 gaudere

2168 3850 2477 3921 ostendat,
2530 3868 2657 3911 non
2704 3856 3041 3929 propterea
3090 3854 3389 3910 censetur
3416 3842 3671 3905 moraliter

2168 3960 2246 4004 ex
2291 3944 2529 4023 justitia
2578 3942 2888 4023 obligari;
2946 3943 3094 4013 imo,
3148 3943 3201 4002 si
3252 3941 3395 4002 talis
3436 3933 3669 4013 obligatio

2167 4036 2455 4111 oriretur,
2486 4050 2653 4114 saepe
2694 4036 2861 4097 male
2906 4036 3145 4096 faceret
3186 4036 3313 4095 tale
3362 4027 3667 4107 obsequium

2165 4128 2576 4189 admittendo.
2616 4129 2851 4188 Rursus
2876 4128 3075 4187 multa
3102 4134 3251 4188 sunt
3278 4126 3444 4187 utilia
3474 4138 3609 4201 quae,
3632 4116 3668 4176 si

2162 4221 2361 4303 pretio
2408 4227 2555 4281 sunt
2604 4220 2896 4293 emenda,
2950 4220 3297 4300 prudentes
3334 4218 3585 4279 homiues
3612 4228 3667 4271 ea
3767 4216 3768 4219 ’

2164 4321 2497 4386 excusant;
2530 4316 2581 4375 si
2608 4318 2821 4375 autem
2859 4314 3201 4375 liberaliter
3252 4313 3556 4379 donentur,
3594 4302 3667 4363 vel

2163 4408 2365 4483 fiant,
2418 4408 2827 4469 libentissime
2874 4412 3323 4485 acceptantur.
3376 4410 3441 4464 ιιι
3484 4418 3579 4481 per
3615 4412 3665 4456 se

2164 4506 2439 4573 constat3
2472 4518 2647 4581 argu,
2692 4500 2745 4561 si
2778 4501 2927 4563 talia
2964 4500 3121 4559 fiant
3162 4518 3239 4559 ex
3278 4504 3450 4577 pacto
3478 4501 3531 4554 et
3558 4507 3665 4570 pro-

2164 4594 2481 4667 missione,
2524 4610 2775 4673 semper
2802 4593 3109 4653 inducunt
3134 4590 3551 4670 obligationem
3565 4584 3662 4661 jus-

2160 4686 2334 4758 titiae,
2365 4704 2492 4747 non
2534 4704 2682 4748 vero
2730 4687 2781 4747 si
2823 4687 2958 4746 sine
2986 4686 3093 4745 illa
3132 4684 3309 4757 liant,
3354 4682 3521 4743 etiam
3554 4690 3661 4736 cum

2162 4780 2419 4841 scientia
2474 4786 2535 4841 et
2602 4780 2789 4841 tacita
2850 4776 3281 4857 acceptatione
3342 4768 3655 4836 voluntatis;

2162 4890 2313 4952 ergo
2350 4878 2551 4933 stante
2584 4873 2650 4933 in
2690 4872 2797 4931 illo
2826 4888 3021 4950 opere
3060 4870 3287 4930 eadem
3322 4862 3657 4927 aestimatione

2164 4972 2225 5025 et
2252 4964 2539 5035 utilitate,
2592 4972 2661 5027 ιιι
2686 4963 2942 5025 inducat
2968 4962 3406 5041 obligationem
3438 4951 3654 5037 justitias,

2162 5074 2425 5119 necesse
2450 5064 2545 5119 est
2572 5064 2643 5118 ut
2676 5074 2755 5117 ex
2782 5063 2967 5135 pacto
2998 5055 3129 5117 fiat.

2254 5152 2355 5211 40.
2458 5150 2717 5216 Utilitas
2774 5156 2835 5213 et
2900 5148 3159 5212 seientia
3222 5144 3407 5229 opu-is
3454 5138 3653 5204 alter-m

2158 5244 2393 5325 quando
2464 5245 2727 5325 perient
2802 5242 3221 5325 obziyatiom
3283 5236 3539 5317 justitie.
3593 5258 3650 5273 -

2160 5336 2269 5397 Illa
2314 5352 2465 5416 ergo
2508 5336 2789 5397 doctrinm
2832 5334 3127 5407 moralis,
3172 5332 3338 5411 quod
3380 5328 3571 5389 utilitas
3606 5324 3649 5379 et

2162 5430 2421 5490 scientia
2468 5431 2681 5509 operis
2717 5428 2974 5489 alterius
3024 5427 3337 5489 sufficiunt
3366 5422 3439 5484 ad
3468 5418 3645 5493 obliga-

2158 5524 2399 5585 tionem
2420 5524 2701 5603 justitias,
2746 5522 3211 5601 ita-generatim
3248 5536 3319 5579 ac
3346 5515 3491 5577 nude
3522 5524 3645 5569 sum·
