3850 6225
454 343 574 406 593

1115 464 1360 505 mimul.

451 598 716 652 ludicium
751 599 1100 654 connexionis
1137 605 1493 662 extremorum
1536 597 1681 652 aliud
1713 609 2014 662 reprtesen-

515 682 608 736 tat,
631 687 791 740 quam
817 675 934 728 sola
951 675 1162 728 illorum
1185 674 1564 742 apprehensio,
1583 685 1671 739 op.
1693 677 1742 736 2,
1763 672 1800 724 l.
1826 675 1872 734 ¹,
1895 683 1942 723 c.
1964 673 2009 720 t.

1061 805 1400 843 sustinento·

451 903 557 956 Cur
604 904 910 968 justificatio
967 905 1252 958 creationis
1309 905 1526 957 nomine
1579 901 1908 970 significetur
1954 899 2009 953 in

513 981 800 1046 Scriptura,
823 993 910 1045 op.
951 986 996 1040 ¹,
1027 981 1057 1032 l.
1098 985 1146 1040 3,
1169 993 1221 1032 c.
1253 985 1331 1031 15.

451 1055 620 1108 Homo
657 1069 870 1120 semper
915 1057 1140 1120 resurgit
1181 1055 1248 1108 ad
1279 1057 1537 1120 majorem
1577 1053 2008 1121 gratiam.quam

513 1131 742 1183 habebat
765 1139 886 1184 ante
913 1141 1206 1196 peccatum,
1244 1144 1330 1197 op.
1371 1135 1416 1193 6,
1449 1129 1586 1196 disp.
1618 1134 1666 1192 Β,
1703 1135 1832 1182 sect.
1861 1133 1909 1180 3.

1108 1259 1315 1298 manvu
1325 1285 1335 1296 .

450 1352 824 1419 Compensatio
857 1354 1060 1420 iujuriae
1085 1361 1254 1419 potest
1281 1367 1402 1406 esse
1440 1353 1660 1419 aequalis
1689 1366 1751 1406 ex
1783 1352 2004 1418 justitia,

515 1431 792 1495 supposito
817 1439 992 1497 pacto,
1013 1431 1186 1496 qualis
1209 1441 1316 1482 non
1341 1437 1482 1482 esset
1502 1441 1566 1481 eo
1591 1429 1818 1491 sublato,
1845 1440 1932 1494 op.
1958 1432 2005 1489 6,

513 1513 642 1558 sect.
679 1513 725 1559 Β.

451 1581 672 1642 Quando
712 1595 772 1634 ex
814 1581 970 1634 tacita
991 1581 1349 1635 consensione
1388 1580 1612 1646 alicujus
1643 1580 1698 1633 in
1739 1591 1874 1645 opus
1905 1576 2007 1631 sibi

513 1657 642 1709 utile
669 1657 922 1724 obligatio
944 1658 1160 1722 iustitiae
1181 1657 1402 1718 oriatur,
1435 1656 1503 1707 ib.

451 1731 593 1798 Opus
623 1733 754 1784 alias
778 1733 1016 1798 dignum,
1049 1745 1158 1785 non
1191 1732 1464 1785 fundatum
1513 1731 1564 1783 in
1601 1737 1774 1797 pacto,
1817 1741 1912 1796 per
1950 1741 2010 1782 se

515 1809 714 1860 nullam
745 1809 1125 1876 obligationem
1151 1807 1366 1873 justitiae
1395 1807 1614 1870 inducit,
1653 1806 1722 1858 ib.

1112 1936 1350 1976 'usfull-

451 2037 552 2090 Per
579 2049 715 2103 opus
751 2034 974 2101 dignum
1026 2035 1359 2102 praecedente
1401 2040 1558 2100 pacto
1595 2033 1886 2100 acquiritur
1922 2033 2009 2098 jus

512 2111 728 2176 justitiae
745 2119 932 2165 contra
951 2111 1368 2176 promittentem,
1391 2123 1480 2176 op.
1509 2113 1556 2172 t,
1579 2109 1716 2175 disp.
1739 2113 1787 2169 ²,
1805 2115 1933 2161 sect.
1958 2113 2008 2160 Ξ.

451 2187 677 2240 lustitia.
713 2187 914 2239 nullam
967 2186 1095 2240 dicit
1129 2187 1587 2252 imperfectionem
1631 2185 1686 2237 in
1733 2195 1834 2236 suo
1877 2193 2013 2236 con-

515 2271 690 2329 ceptu,
715 2275 802 2328 op.
841 2267 892 2325 6,
919 2267 1046 2316 sect.
1077 2265 1124 2314 1.

455 2339 710 2392 Voluntas
753 2338 916 2390 dandi
953 2337 1330 2404 perfectionem
1374 2335 1565 2406 arguit,
1597 2333 1806 2388 etiamsi
1831 2335 1919 2400 jus
1956 2331 2013 2384 in

517 2416 622 2467 alio
650 2421 937 2480 supponat,
973 2413 1042 2466 ib.

460 2493 537 2546 Ad
565 2493 822 2544 rationem
851 2493 1070 2556 justitiae
1109 2503 1216 2546 non
1264 2492 1552 2556 requiritur
1589 2497 1646 2544 ut
1687 2489 1778 2556 qui
1818 2487 1927 2552 dat,
1952 2499 2013 2541 se

517 2569 688 2634 privet
718 2580 772 2619 re
801 2569 914 2632 ipsa
945 2581 1103 2632 quam
1137 2567 1245 2630 dat,
1281 2567 1352 2619 ib.

459 2643 610 2698 Ratio
669 2643 834 2696 debiti
890 2657 952 2696 ex
1007 2655 1066 2696 se
1121 2643 1322 2696 nullam
1379 2641 1601 2696 includit
1655 2639 2013 2708 imperfectio-

519 2734 660 2782 nem,
695 2721 764 2772 ib.

455 2795 736 2861 Propertio
765 2795 1086 2862 geometrica
1107 2795 1264 2848 simul
1295 2795 1491 2848 servari
1519 2799 1692 2862 potest
1725 2791 2013 2860 aliquando

521 2885 642 2924 cum
679 2871 1030 2931 arithmetica,
1059 2883 1148 2936 op.
1183 2877 1232 2928 6.
1269 2879 1394 2924 sect.
1433 2873 1480 2922 ⁸.

457 2946 679 3008 Quando
708 2945 916 2999 debitor
951 2959 1058 2998 non
1089 2953 1170 2999 est
1197 2945 1264 2998 ad
1293 2946 1608 3000 solvendum
1645 2945 1866 3012 integre,
1903 2957 2011 2998 non

519 3027 698 3074 servat
748 3021 1006 3087 justitiam
1058 3020 1480 3086 distributivam,
1529 3023 1626 3076 sed
1671 3021 2013 3076 commutati·

517 3111 658 3159 vam,
695 3097 766 3151 ili.

457 3174 679 3227 iustitiae
699 3172 1090 3227 commutativae
1119 3172 1343 3226 matoria
1369 3173 1630 3239 reperitur
1647 3172 1806 3227 etiam
1829 3174 1886 3226 in
1903 3176 2013 3225 An-

521 3248 655 3315 gelis
681 3250 820 3303 inter
839 3261 900 3301 se
927 3254 978 3301 et
1007 3248 1308 3313 nobiscum,
1345 3261 1434 3315 op.
1470 3253 1519 3314 6,
1552 3254 1680 3302 sect.
1717 3252 1764 3300 2.

459 3324 522 3376 Et
543 3325 594 3376 in
619 3323 776 3379 nobis
807 3336 934 3393 erga
961 3326 1146 3388 Deum,
1181 3324 1254 3377 ib.

925 3452 1136 3492 lmfl'u
1183 3452 1547 3493 munau.

467 3550 674 3604 Justitia
717 3550 1052 3603 distributiva
1079 3564 1146 3604 an
1183 3556 1236 3604 et
1276 3550 1492 3618 quando
1539 3564 1604 3604 ex
1639 3551 2020 3605 comminativa

525 3628 744 3689 oriatur,
780 3639 867 3693 op.
905 3631 952 3690 6,
983 3634 1112 3681 sect.
1150 3633 1197 3679 Ω.

469 3704 674 3757 Nullam
697 3703 1150 3769 imperfectionem
1169 3704 1392 3758 includit
1408 3704 1646 3758 formatis
1663 3703 1796 3757 ratio
1803 3702 2022 3771 justitiae

525 3782 933 3840 commutativae,
965 3779 1035 3833 ib.

461 3854 720 3909 formalis
767 3862 820 3909 et
865 3854 1154 3908 materialis
1189 3856 1325 3909 ratio
1371 3854 1590 3921 lustitia!
1625 3854 2021 3910 commutativae

525 3932 796 3997 quomodo
821 3932 930 3984 sint
953 3931 1359 3999 distinguendae,
1385 3932 1456 3984 ib.

467 4006 674 4059 lustitia
692 4006 1073 4059 commutativa
1097 4008 1167 4059 ab
1187 4007 1306 4059 aliis
1327 4004 1522 4069 differt,
1549 4006 1602 4059 in
1641 4018 1708 4061 eo
1729 4006 1874 4071 quod
1901 4006 2021 4059 aliis

527 4082 711 4135 tribuit
727 4082 815 4147 jus
845 4082 1120 4147 proprium
1151 4081 1382 4141 illorum,
1411 4082 1480 4133 ib.

465 4157 676 4211 uateria
699 4158 839 4209 circa
861 4170 1019 4223 quam
1043 4156 1257 4223 justitiae
1279 4158 1670 4210 commutativae
1691 4169 1810 4223 quae
1833 4152 1916 4210 sit.
1946 4156 2018 4208 ib.

465 4230 671 4285 lustitia
719 4232 1096 4285 commutativa
1149 4238 1202 4286 et
1246 4232 1586 4287 distributiva
1637 4232 1816 4297 specie
1863 4230 2021 4285 diffe-

529 4314 671 4369 runt,
708 4321 794 4372 op.
829 4312 876 4369 6,
915 4315 1041 4360 sect.
1079 4312 1126 4357 8.

467 4382 617 4437 Unde
638 4384 898 4437 sumenda
919 4385 986 4437 sit
1007 4384 1276 4437 distinctio
1299 4383 1436 4437 inter
1453 4384 1710 4451 justitiam
1731 4388 2025 4436 commuta-

531 4460 692 4511 tivam
722 4466 774 4511 et
801 4459 1209 4519 distributivam,
1243 4458 1314 4511 ib.

473 4534 552 4588 Ad
576 4537 833 4588 rationem
852 4534 1066 4601 justitiae
1083 4534 1475 4589 commutativoe
1497 4547 1604 4589 non
1627 4540 1708 4589 est
1723 4534 2026 4589 necessaria

533 4620 714 4665 mutua
745 4614 940 4665 utilitas
965 4612 1142 4665 dantis
1161 4619 1213 4665 et
1239 4612 1567 4678 accipientis,
1593 4624 1680 4679 op.
1707 4618 1754 4675 6,
1779 4620 1907 4666 sect.
1940 4616 1989 4665 2.

469 4689 692 4743 Justitiae
711 4688 936 4741 diversae
957 4696 1081 4742 sunt
1101 4690 1316 4755 quando
1343 4688 1634 4755 respiciunt
1653 4687 1866 4743 diversa
1882 4691 2021 4757 jura,

533 4778 623 4831 op.
657 4770 706 4827 6,
741 4773 870 4819 scot.
907 4771 955 4816 6.
1397 4826 1408 4837 ·

471 4842 742 4895 'ustorum
769 4842 857 4907 jus
889 4840 956 4893 ad
997 4841 1241 4910 gloriam,
1284 4840 1352 4894 ad
1391 4840 1824 4895 commutativam
1863 4840 2023 4895 etiam

530 4916 785 4981 iustitiam
817 4918 1062 4983 pertinet,
1087 4916 1156 4967 ib.

475 4992 586 5055 Qua
624 4992 830 5044 ratione
867 4992 1165 5057 requiratur
1207 4996 1612 5056 contrapassum
1659 4991 1728 5044 ad
1767 4990 2025 5057 justitiam

535 5068 986 5131 commutativam,
1017 5079 1106 5133 op.
1137 5072 1186 5130 6,
1212 5072 1340 5119 sect.
1372 5072 1419 5120 2.

955 5197 1168 5235 sustula
1198 5197 1350 5235 mam
1356 5197 1550 5235 burm.

473 5294 598 5359 Quae
643 5295 714 5348 sit
751 5294 991 5349 formalis
1031 5296 1164 5349 ratio
1201 5296 1416 5363 justitiae
1455 5295 1820 5359 distributivae,
1851 5308 1940 5363 op.
1978 5300 2024 5361 t,

535 5371 672 5438 disp.
709 5376 756 5433 2,
787 5378 916 5424 sect.
945 5376 996 5425 2.

473 5448 531 5500 ln
553 5449 754 5513 iustitia
777 5447 1114 5501 distributiva
1133 5447 1280 5503 nulla
1301 5446 1567 5503 invenitur
1583 5448 1912 5514 imperfectio
1932 5460 2029 5513 per

535 5540 610 5591 se,
647 5538 735 5591 op.
773 5528 820 5589 6,
855 5530 980 5577 sect.
1021 5528 1068 5577 8.

1837 348 2029 402 INDEX
2062 347 2290 402 mun.

2094 447 2351 500 For-malis
2376 447 2511 501 ratio
2544 447 2763 514 lustitiae
2798 445 3151 502 distributim
3188 447 3397 500 nullam
3442 446 3671 502 includit

2158 523 2631 590 imperfectionem,
2664 523 2761 576 sed
2786 523 3166 589 perfectionem
3190 524 3323 578 dicit
3346 524 3671 590 simpliciter

2152 598 2471 663 simplicem.
2512 597 2602 651 ib..
2626 611 2715 663 op.
2742 605 2791 658 6,
2817 607 2941 652 sect.
2968 603 3013 650 3.

2092 673 2350 727 Formalis
2384 672 2753 736 ratiojustitiae
2770 673 3121 727 distributivae
3144 688 3255 729 non
3290 673 3547 727 consistit
3572 675 3669 726 ad·-

2152 755 2357 815 aequate
2416 749 2467 801 in
2521 749 2895 802 constituenda
2944 750 3245 816 aequalitate
3292 751 3669 816 proportionis

2154 833 2509 891 geometricae.
2538 826 2608 877 ib.

2092 902 2278 954 Datum
2306 909 2357 954 et
2386 909 2661 967 acceptum
2698 916 2803 969 qua
2844 903 3049 957 ratione
3074 903 3147 956 sit
3186 903 3419 956 materia
3444 903 3671 968 justitiae

2154 977 2521 1036 distributivae.
2554 979 2608 1031 ib

2090 1053 2369 1118 Propertio
2398 1055 2536 1107 inter
2556 1054 2755 1107 multos
2776 1065 2885 1106 non
2912 1061 3087 1119 potest
3104 1067 3227 1108 osse
3244 1053 3470 1120 justitiae
3486 1053 3667 1105 distri-

2150 1129 2345 1182 butivae
2374 1131 2707 1195 adaequatum
2738 1129 3024 1195 objectum,
3062 1130 3133 1181 ib.

2088 1204 2295 1257 Iustitia
2340 1204 2675 1258 distributiva
2718 1206 2861 1259 cirea
2910 1219 3072 1260 unam
3106 1213 3317 1259 tantum
3366 1218 3665 1272 personam

2151 1281 2353 1334 versari
2389 1287 2579 1348 potest,
2608 1282 2678 1333 ib.

2088 1355 2253 1418 Quam
2278 1355 2588 1424 dignitatem
2608 1357 2852 1422 respiciat
2872 1356 3077 1424 justitia
3098 1355 3463 1420 distributiva,
3492 1357 3570 1408 ib.

2088 1430 2297 1484 lustitia
2316 1433 2475 1484 etiam
2492 1432 2828 1486 distributiva
2846 1433 3121 1486 constituit
3140 1433 3505 1500 aequalitatem
3524 1434 3666 1486 inter

2152 1520 2264 1560 rem
2288 1515 2337 1561 et
2362 1521 2667 1575 personam,
2702 1509 2769 1560 ib.

2091 1583 2167 1635 Ob
2188 1597 2347 1650 quam
2380 1597 2595 1637 causam
2626 1584 2987 1638 necessarium
3012 1585 3081 1638 sit
3102 1593 3320 1638 servare
3350 1585 3637 1651 proportio

2155 1673 2277 1712 nem
2302 1661 2677 1727 geometricam
2710 1660 2765 1712 in
2791 1659 2995 1727 justitia
3021 1661 3383 1724 distributiva,
3410 1661 3483 1712 ib.

2089 1736 2298 1789 Iustitia
2328 1736 2665 1792 distributiva
2708 1749 2923 1802 semper
2962 1743 3042 1789 est
3082 1737 3137 1790 in
3180 1736 3373 1790 ordine
3418 1736 3490 1789 ad
3532 1737 3665 1788 alte—

2155 1825 2293 1874 rum,
2322 1813 2393 1864 ib.

2087 1889 2356 1943 Iustorum
2386 1889 2475 1954 jus
2507 1887 2651 1954 quod
2681 1887 2883 1941 habent
2908 1887 2975 1940 ad
3005 1887 3261 1954 gloriam,
3303 1887 3373 1940 ad
3402 1887 3665 1953 iustitiam

2150 1963 2543 2017 distributivam
2574 1963 2735 2017 etiam
2766 1963 3010 2028 pertinet,
3044 1963 3115 2015 ib.

2088 2039 2351 2092 Iustitiam
2376 2051 2537 2106 quam
2560 2040 2697 2092 Deus
2720 2045 2899 2092 servat
2928 2040 2983 2090 in
3016 2039 3100 2091 liis
3134 2038 3377 2105 praemiis
3402 2037 3665 2090 distribu-

2152 2113 2261 2167 tiva
2290 2120 2371 2167 est
2398 2117 2713 2176 eminenter,
2738 2113 2811 2166 ib.

2090 2191 2235 2245 lens
2259 2191 2317 2244 1).
2342 2191 2560 2244 Thomae
2582 2191 2651 2244 de
2676 2189 2777 2243 bac
2800 2188 3005 2256 justitia
3028 2191 3139 2252 Dei,
3164 2189 3239 2242 ib.

2511 2319 2721 2358 ΙΰίῗΙῗΙΑ
2754 2318 2957 2358 1011818
2988 2319 3053 2356 ΑΒ
3082 2319 3235 2357 ΒΙΠΙ.

2091 2417 2393 2484 Aliquando
2416 2425 2626 2472 tenetur
2650 2417 2815 2471 homo
2840 2415 2909 2470 ad
2936 2417 3293 2484 reparandum
3317 2417 3579 2472 damnum
3604 2419 3659 2470 il-

2156 2495 2319 2546 latum
2348 2494 2506 2547 bonis
2530 2493 2761 2546 externis
2785 2493 2895 2554 Dei,
2930 2505 3019 2559 op.
3050 2498 3100 2554 6,
3136 2501 3264 2546 sect.
3298 2497 3349 2546 2.

2090 2567 2331 2622 Reddere
2360 2571 2467 2622 Deo
2500 2569 2700 2622 cultum
2736 2567 2977 2621 debitum
3020 2569 3249 2634 pertinet
3292 2568 3361 2621 ad
3398 2569 3657 2634 justitiam

2153 2645 2587 2698 commutativam
2618 2642 2873 2706 divinam,
2912 2643 2981 2694 ib.

2095 2719 2437 2786 sacrilegium
2488 2719 2681 2785 iniuria
2720 2725 2803 2773 est
2835 2727 3020 2772 contra
3046 2715 3313 2780 justitiam
3352 2721 3463 2772 Deo
3506 2719 3659 2772 debi-

2155 2801 2287 2858 tam,
2314 2795 2387 2848 ib.

2092 2869 2369 2933 Quomodo
2394 2869 2565 2924 virtus
2592 2869 2703 2924 baec
2726 2871 2793 2923 sit
2838 2883 2961 2936 pars
3000 2869 3223 2938 justitiae
3249 2871 3549 2937 subjectiva
3576 2877 3665 2922 aut

2158 2945 2478 3012 potentialis,
2512 2945 2581 2998 ib.

2093 3019 2165 3072 Ex
2188 3032 2351 3086 opere
2388 3021 2524 3074 facto
2564 3033 2628 3074 ex
2666 3020 3035 3074 misericordia
3052 3021 3183 3075 oriri
3210 3027 3387 3089 potest
3414 3020 3657 3075 debitum

2154 3094 2390 3161 justitia),
2422 3108 2509 3163 op.
2546 3101 2593 3157 6,
2630 3103 2758 3151 sect.
2794 3101 2842 3149 3.

2095 3170 2343 3225 creatura
2372 3186 2404 3225 a
2435 3174 2542 3227 Deo
2572 3172 2761 3240 recipit
2777 3174 2863 3239 jus
2884 3185 2991 3239 qno
3014 3174 3085 3227 ad
3110 3173 3261 3229 illum
3294 3174 3478 3237 habet,
3500 3186 3595 3239 op.
3616 3180 3665 3235 6.

2158 3255 2289 3301 sect.
2322 3253 2369 3301 ¹.

2096 3322 2377 3389 oriturque
2401 3336 2464 3377 ex
2486 3322 2843 3391 promissione
2872 3323 3031 3385 illiuS,
3054 3324 3127 3386 ib.

2096 3398 2373 3463 Quomodo
2406 3400 2591 3453 omnia
2610 3399 2754 3453 bona
2776 3412 2941 3465 opera
2970 3413 3092 3453 osse
3122 3401 3333 3467 possint
3366 3414 3434 3455 ex
3466 3400 3671 3468 justitia

2162 3474 2401 3528 bominis
2424 3473 2491 3528 ad
2514 3476 2695 3539 Deum,
2731 3487 2821 3542 op.
2851 3479 2902 3538 6,
2937 3482 3066 3529 sect.
3098 3480 3147 3527 Ω.

2624 3602 2831 3643 lumb
2856 3604 3143 3643 emnam.

2099 3702 2203 3756 Cur
2225 3700 2425 3768 justitia
2448 3702 2713 3770 generalis
2733 3702 2959 3765 dicatur,
2990 3716 3081 3771 op.
3116 3708 3167 3768 6,
3202 3709 3338 3757 sect.
3372 3709 3423 3755 ι.

2658 3831 2869 3871 mitid
2904 3832 3123 3873 awaus.

2101 3924 2161 3979 ln
2186 3926 2293 3979 Deo
2322 3938 2427 3980 non
2458 3932 2537 3979 est
2561 3924 2777 3993 proprie
2800 3926 3004 3993 justitia
3028 3926 3235 3993 legalis„
3266 3926 3367 3981 sed
3390 3924 3673 3993 providen-

2164 4000 2322 4064 uatis,
2360 4012 2447 4067 op.
2484 4006 2533 4063 6,
2568 4007 2699 4054 sect.
2734 4006 2779 4053 ⁴.

2101 4075 2205 4131 cur
2226 4077 2631 4143 providentialis
2658 4083 2893 4140 vocetur,
2920 4078 2991 4130 ib.

2099 4152 2308 4205 lustitia
2328 4152 2512 4221 legalis
2536 4152 2783 4206 distincta
2804 4160 2881 4206 est
2899 4154 2968 4206 ab
2989 4152 3110 4205 aliis
3132 4152 3443 4217 virtutibus,
3474 4152 3549 4205 ib.

2102 4228 2312 4293 Triplex
2334 4228 2574 4295 acceptio
2597 4228 2755 4293 liujus
2776 4229 3003 4291 virtutis,
3028 4228 3099 4280 ib.

2104 4304 2253 4367 Quod
2278 4305 2347 4359 sit
2371 4306 2457 4370 jus
2480 4303 2627 4371 quod
2650 4303 2881 4370 respicit,
2906 4304 2977 4358 ib.

2104 4378 2254 4442 Quod
2275 4380 2343 4432 sit
2366 4380 2662 4435 dominium
2697 4379 2883 4445 altum,
2906 4386 2960 4434 et
2988 4380 3043 4433 in
3072 4392 3185 4447 quo
3210 4378 3431 4434 differat
3454 4392 3485 4433 a
3511 4378 3669 4445 parti-

2167 4456 2354 4521 culari,
2381 4455 2451 4509 ib.

2600 4586 2812 4625 δΰβῖῐῗίλ
2842 4584 3179 4625 truncum.

2102 4678 2311 4732 lustitia
2336 4676 2659 4733 vindicativa
2690 4684 2771 4733 est
2798 4679 2985 4747 legalis
3012 4678 3241 4746 justitia.
3272 4690 3365 4746 op.
3392 4682 3443 4740 6,
3468 4685 3597 4730 sect.
3622 4682 3665 4726 ι.

2104 4754 2312 4883 suffiti?
2322 4754 2653 4883 i{indicativa
2672 4768 2783 4809 non
2806 4764 2888 4809 est
2910 4756 2965 4808 in
2988 4756 3095 4808 Deo
3118 4754 3435 4809 distinctum
3456 4752 3669 4806 attribu-

2860 4962 2915 5037 L

2768 5125 3011 5165 lefss.

2109 5219 2349 5273 Facultas
2374 5225 2456 5274 est
2476 5218 2763 5274 voluntatis
2788 5225 2841 5273 et
2870 5219 3115 5283 rationis,
3142 5232 3233 5287 op.
3259 5220 3350 5283 1,l
3402 5224 3451 5283 1,
3472 5232 3519 5273 c.
3543 5223 3587 5269 t.

2108 5296 2421 5383 Formaliter
2468 5302 2551 5349 est
2592 5296 2651 5349 in
2702 5296 2999 5358 voluntate,
3047 5294 3357 5349 radicaliter
3408 5295 3469 5347 in
3516 5292 3661 5345 intel-

2106 5371 2761 5503 Nolgcatgluffresttta’cultas
2782 5454 3077 5515 spontanee
3112 5448 3329 5515 agendi,
3352 5447 3449 5501 sed
3477 5444 3655 5513 agendi

2168 5530 2223 5577 et.
2250 5537 2358 5578 non
2386 5524 2597 5591 agendi,
2624 5523 2693 5575 ib.
