3850 6225
700 402 871 455 SECT.
906 402 947 456 1.
986 402 1205 456 UTRUM
1236 402 1473 457 nsum
1504 400 1865 455 vtvchTA
1896 403 2188 458 VALEANT
2221 407 2305 459 Ao
2339 406 2670 468 PROPRIUM,
2697 405 2832 459 me.

128 496 449 573 debetur,
494 519 621 563 non
660 521 799 565 esse
833 502 1263 565 laudationem
1291 522 1409 584 per
1436 522 1527 579 se,
1561 510 1625 564 et
1658 522 1736 564 ex

130 594 288 653 sola
314 600 545 655 natura
572 597 661 655 rei
690 597 1031 674 loquendo.
1066 600 1283 677 Neque
1317 598 1380 658 id
1412 598 1627 659 docuit
1654 597 1728 656 D.

126 685 455 755 Thomas,
490 689 635 749 dict.
670 696 895 768 quaest.
936 692 1039 764 22,
1083 696 1200 751 art.
1236 693 1299 762 3,-
1336 696 1407 751 ut
1448 690 1502 750 ei
1536 690 1735 769 impo-

132 780 357 852 nitur;
393 780 505 841 sed
529 782 729 843 solum
760 782 911 844 dixit
930 790 1135 844 actum
1164 783 1403 844 bonum
1424 788 1485 844 et
1510 783 1730 843 volun-

138 874 391 933 tarium
416 893 553 935 esse
578 875 981 950 laudabilem,
1010 877 1181 956 quod
1204 878 1391 957 longe
1412 877 1729 939 diversum

138 974 287 1037 esu
334 986 486 1029 nam
538 969 703 1029 idem
736 972 807 1030 D.
851 972 1124 1035 Thomas
1172 974 1229 1031 l.
1292 972 1355 1044 2,
1401 975 1618 1049 quaest.
1664 972 1727 1041 2,

132 1067 271 1121 art.
308 1066 363 1135 l,
380 1062 461 1123 ad
480 1066 538 1134 1,
564 1062 719 1124 dixit
742 1064 1049 1125 honorem
1073 1082 1202 1124 non
1232 1080 1371 1125 esse
1402 1064 1731 1143 praemium

132 1156 428 1217 virtutiS.
464 1158 537 1217 Et
560 1156 870 1217 rationem
896 1158 1171 1219 insinuat
1188 1158 1251 1217 in
1276 1175 1560 1236 corpore,
1584 1157 1730 1235 quia

136 1250 485 1327 praemium
518 1250 761 1312 virtutis
790 1250 981 1313 debet
1006 1269 1143 1313 esse
1173 1251 1381 1328 aliqua
1426 1250 1733 1312 excellen-

134 1343 239 1401 tia
288 1343 434 1421 ejus
484 1344 589 1419 qui
628 1344 918 1405 virtutem
960 1349 1295 1424 operatur;
1353 1345 1558 1405 honor
1619 1362 1733 1404 au-

134 1440 281 1495 tem
320 1453 449 1496 non
487 1442 581 1497 est
613 1437 981 1498 excellentia
1006 1438 1165 1516 ejuS,
1198 1437 1311 1499 sed
1336 1442 1431 1499 est
1480 1437 1727 1517 signum

138 1528 545 1590 excellentias
588 1547 779 1608 quam
816 1532 1131 1610 supponit.
1187 1530 1374 1592 Addit
1416 1548 1565 1591 vero
1602 1531 1727 1591 duo

138 1622 215 1680 in
244 1622 359 1682 illa
409 1623 719 1683 solutione
764 1640 901 1701 quae
929 1623 1012 1683 ad
1052 1641 1189 1684 rem
1217 1629 1577 1702 presentem
1600 1641 1729 1684 ma-

134 1715 326 1775 xime
356 1722 679 1795 spectant:
726 1734 923 1777 unum
962 1722 1090 1789 est,
1122 1718 1409 1777 homines
1446 1717 1727 1796 accipere

140 1808 229 1867 ab
260 1809 625 1871 hominibus
664 1810 971 1871 honorem
997 1809 1135 1871 loco
1166 1810 1440 1889 praemii,
1486 1812 1663 1891 quasi
1690 1828 1731 1873 a

134 1918 269 1961 non
321 1902 667 1967 habentibus
694 1904 777 1966 ad
809 1904 1075 1965 dandum
1108 1904 1331 1983 majus.
1366 1902 1501 1974 Quo
1540 1902 1727 1964 unico

136 1992 349 2053 verbo
388 1994 1053 2056 excluduntur'omnia
1099 1996 1387 2075 exempla
1424 1997 1725 2073 hamana,

138 2102 293 2162 quae
322 2086 408 2146 ad
442 2105 578 2149 rem
604 2094 978 2167 praesentem
1008 2087 1428 2149 adducuntur.
1461 2088 1723 2159 Quando

140 2179 327 2239 enim
374 2180 544 2240 inter
596 2181 885 2243 homines
946 2198 1049 2241 res
1103 2180 1363 2241 minima
1400 2225 1417 2254 ,
1474 2186 1728 2259 propter

140 2273 529 2333 excellentia
580 2291 771 2353 opera
825 2273 1048 2335 collata
1076 2318 1091 2343 ,
1144 2274 1359 2353 magni
1414 2274 1681 2335 habetur
1705 2317 1721 2344 ‚

141 2365 295 2425 ideo
340 2372 458 2441 est,
484 2368 631 2446 quia
674 2385 801 2429 non
841 2366 1187 2427 aestimatur
1222 2374 1293 2429 ut
1328 2386 1454 2441 ree,
1498 2366 1611 2429 sed
1660 2372 1727 2427 ut

142 2458 409 2537 signum
470 2460 533 2519 in
583 2461 1011 2521 testimonium
1066 2460 1449 2521 excellentiae
1479 2480 1494 2533 ;
1558 2460 1727 2539 quod

144 2553 411 2629 signum
450 2554 644 2615 habet
690 2554 1000 2616 rationem
1039 2555 1323 2628 honoriS,
1382 2574 1525 2635 quae
1566 2555 1729 2617 inter

146 2647 449 2707 homines
498 2648 767 2708 maxime
804 2650 1147 2709 aestimatur
1176 2694 1195 2723 ‚
1265 2649 1413 2727 quia
1460 2648 1727 2709 nimium

146 2748 371 2800 amant
410 2736 593 2800 suam
632 2740 1105 2813 excellentiam3
1138 2748 1199 2803 et
1239 2742 1404 2813 ideo,
1470 2741 1723 2819 quando

144 2833 287 2893 bae-c
312 2834 403 2893 ab
422 2834 781 2895 hominibus
802 2834 1071 2895 conferri
1086 2854 1215 2895 non
1242 2841 1467 2913 potest,
1500 2835 1725 2897 saltem

144 2927 409 3006 signum
436 2933 503 2988 et
522 2928 947 2989 testimonium
992 2930 1129 3008 ejus
1158 2930 1439 3007 cupiunt.
1474 2935 1536 2989 et
1572 2929 1725 2989 illud

142 3021 500 3098 praeferunt
526 3040 695 3101 saepe
724 3022 861 3083 aliis
886 3024 1335 3102 temporalibus
1356 3024 1720 3097 commodiS,

146 3135 295 3195 quae
339 3119 425 3179 ab
458 3118 811 3179 hominibus
844 3119 1113 3180 conferri
1146 3123 1431 3198 possunt.
1462 3119 1537 3179 Et
1579 3119 1727 3197 quia

144 3217 325 3272 tanto
354 3213 565 3290 majus
608 3218 703 3272 est
738 3212 1169 3274 testimonium
1202 3214 1345 3286 hoc,
1378 3219 1615 3292 quanto
1646 3212 1727 3274 ab

142 3304 579 3365 excellentiori
618 3323 888 3384 persona
929 3305 1113 3366 datur
1132 3352 1151 3382 ,
1186 3306 1329 3366 ideo
1366 3306 1725 3384 hujusmodi

142 3397 405 3474 signum
434 3415 473 3458 a
506 3399 765 3458 Summo
798 3398 1119 3472 Pontifice,
1150 3400 1249 3459 vel
1280 3399 1401 3459 alio
1445 3399 1727 3477 Principe

141 3490 479 3563 collatum,
510 3495 815 3570 tanquam
843 3492 1187 3552 maximum
1210 3491 1539 3570 praemium
1568 3490 1731 3552 aesti-

141 3589 385 3645 matur.
406 3585 791 3660 Secundum,
820 3586 989 3661 quod
1018 3585 1205 3646 Divus
1234 3586 1508 3646 Thomas
1532 3585 1725 3657 addit,

143 3681 285 3737 est:
334 3677 551 3742 Verum
581 3680 778 3740 autem
801 3679 1125 3756 praemium
1158 3677 1411 3741 virtutis
1433 3684 1525 3741 cst
1550 3679 1725 3740 boati·

141 3771 313 3842 tuda,
340 3775 594 3850 propter
612 3789 791 3851 quam
812 3771 1076 3834 virtuosi
1095 3775 1441 3851 operantur.
1476 3771 1729 3832 Dixerat

141 3869 367 3922 autem
406 3864 471 3922 in
508 3882 769 3942 corpore
810 3863 1055 3924 articuli
1104 3863 1561 3925 beatitudinem
1594 3881 1725 3926 non

140 3974 337 4033 posse
371 3975 507 4018 esse
554 3959 884 4031 honorem,
934 3958 1039 4035 qui
1093 3964 1186 4017 est
1216 3958 1469 4034 signum
1520 3957 1723 4018 excel·

140 4052 385 4122 lentina,
409 4052 521 4112 sed
562 4071 699 4112 esse
736 4052 1074 4131 ipsammet
1112 4051 1545 4112 excellentiam
1584 4069 1719 4112 ma-

138 4145 317 4204 xime
366 4145 795 4224 perficientom
848 4145 1191 4206 hominem.
1252 4146 1439 4224 Ergo,
1501 4161 1579 4204 ex
1642 4146 1711 4206 D.

136 4239 401 4298 Thomae
438 4237 745 4298 sententia
770 4281 789 4311 ,
826 4255 1053 4298 verum
1090 4238 1419 4316 praemium
1468 4237 1713 4299 virtutis

141 4339 241 4394 est
292 4333 637 4406 beatitudo,
686 4339 1001 4412 quatenus
1036 4337 1131 4394 est
1161 4333 1569 4394 intrinsecum
1608 4333 1719 4395 bo-

140 4443 303 4486 num
332 4427 603 4487 maxime
632 4425 971 4505 perficiens
1004 4427 1347 4492 hominem.

508 4677 729 4742 Prima
762 4675 1026 4742 collectio
1054 4696 1127 4742 ιω
1153 4677 1353 4742 dictis.

224 4891 326 4950 55.
353 4890 443 4948 Ex
462 4906 587 4967 quo
619 4889 875 4950 ulterius
912 4889 1137 4969 colligo
1160 4908 1288 4950 non
1309 4907 1493 4969 posse
1513 4889 1713 4952 beati-

139 4981 433 5042 tudinem
464 5001 601 5043 esse
648 4982 955 5060 aequalem
988 4983 1053 5044 in
1080 4983 1325 5044 ratione
1360 4983 1617 5044 visionis
1655 4989 1717 5046 et

142 5074 570 5149 beatitud-inis,
604 5080 669 5137 et
694 5095 831 5138 esse
850 5077 1155 5156 majorem
1192 5083 1301 5138 aut
1321 5077 1631 5138 minorem
1651 5077 1715 5138 in

140 5187 291 5230 vera
318 5171 570 5231 ratione
597 5171 835 5249 praemii
865 5171 1130 5232 virtutis.
1175 5172 1485 5232 Probatur
1525 5188 1603 5232 ex
1626 5171 1714 5234 dt—

142 5263 279 5332 ctiS,
318 5268 453 5322 tum
496 5263 643 5342 quia
674 5264 939 5343 ipsamet
965 5265 1123 5326 ratio
1174 5264 1575 5325 beatitudinis
1618 5269 1714 5325 est

142 5373 283 5434 quae
304 5356 371 5416 in
396 5357 721 5434 praemium
748 5357 1155 5436 promittitum
1186 5357 1269 5418 ita
1300 5363 1390 5430 ut,
1420 5350 1564 5418 licet
1588 5357 1711 5418 for-

142 5450 327 5512 malis
353 5467 469 5511 seu
506 5449 929 5512 denominatio
958 5453 1193 5529 praemii
1236 5451 1317 5512 sit
1352 5451 1639 5512 distincta
1670 5469 1709 5510 a

3262 402 3382 461 ⁴79

1816 502 2012 563 mium
2042 505 2443 583 promittitur,
2475 512 2568 567 est
2608 506 2744 585 ipsa
2765 506 2926 567 ratio
2949 505 3378 581 beatitudinis.

1816 615 1956 675 quae
1981 597 2068 657 ita
2093 598 2314 659 fundat
2331 598 2504 659 illam
2521 599 3093 661 denominationem
3111 602 3376 680 praemii,

1814 694 1883 750 ut
1935 708 2060 750 non
2107 692 2302 769 possit
2328 690 2575 764 eadem,
2615 692 2964 753 secundum
3007 692 3198 765 idem,
3239 710 3380 755 esse

1814 783 2022 862 majus
2050 783 2399 862 praemium,
2447 784 2598 863 quin
2649 784 2726 845 sit
2771 786 2975 864 major
3024 785 3378 859 beatitudo;

1814 884 1947 937 tum
1981 878 2167 937 etiam
2201 878 2345 954 quia
2378 896 2506 937 non
2533 876 2910 956 promittitur
2935 878 2999 938 in
3027 880 3376 958 praemium‚

1816 975 1881 1030 ut
1924 970 2174 1049 signum
2206 970 2614 1042 excellentiae,
2673 970 2882 1050 qualia
2926 976 3071 1031 sunt
3125 972 3379 1049 praemia

1812 1065 2114 1135 humana,
2151 1062 2264 1123 sed
2293 1068 2360 1123 ut
2409 1082 2512 1123 res
2565 1068 2628 1123 et
2672 1063 2946 1125 maxima
3005 1063 3380 1125 excellentia

1812 1158 2007 1235 ipsius
2056 1156 2162 1235 qui
2227 1155 2330 1217 tali
2392 1156 2648 1235 praemio
2700 1157 2996 1229 afficitur3
3051 1174 3204 1236 ergo
3259 1157 3380 1217 nisi

1812 1249 1989 1309 illum
2031 1248 2364 1309 constituat
2409 1248 2914 1309 excellentiorem
2958 1254 3022 1309 et
3054 1249 3376 1325 ditiorem,

1812 1359 1943 1401 non
1975 1347 2070 1401 est
2106 1341 2310 1419 majus
2354 1342 2686 1418 praemium
2730 1342 2899 1421 apud
2950 1342 3174 1403 Deum.
3213 1344 3378 1422 Ergo

1812 1435 1917 1495 illa
1959 1434 2118 1496 ratio
2163 1435 2512 1514 explicandi
2569 1436 2775 1513 majus
2828 1436 3154 1514 praemium
3193 1437 3381 1497 meri-

1809 1534 2042 1602 torum,
2067 1544 2182 1605 per
2207 1527 2406 1587 solam
2432 1527 2802 1589 relationem
2825 1528 2908 1588 ad
2931 1529 3110 1606 plura
3131 1529 3376 1606 merita,

1810 1622 2016 1683 aliena
2045 1626 2140 1681 est
2167 1640 2204 1679 a
2245 1620 2628 1699 perfectione
2667 1620 2890 1681 divinae
2930 1622 3374 1699 providentiae:
3460 1610 3465 1615 ’

1808 1732 1960 1776 nam
1983 1714 2144 1774 Deus
2165 1732 2294 1774 non
2311 1714 2596 1793 praemiat
2611 1714 2757 1775 solis
2784 1716 3000 1794 signiS,
3020 1716 3132 1777 sed
3149 1716 3377 1789 rebus;

1809 1828 1932 1870 nec
1973 1808 2258 1887 praemiat
2296 1808 2587 1869 virtutem
2634 1807 2768 1868 solo
2813 1808 3168 1869 testimonio
3213 1809 3374 1887 ejuS,

1810 1902 1924 1963 sed
1955 1918 2104 1961 vera
2131 1906 2192 1960 et
2217 1900 2552 1961 intrinseca
2577 1900 2944 1962 excellentia
2981 1907 3237 1980 propter
3259 1902 3380 1963 vir-

1810 2000 2012 2056 tutem
2033 1992 2281 2059 collata.

1893 2089 1994 2149 56.
2045 2085 2330 2150 Secunda
2351 2102 2486 2167 quoe
2511 2090 2602 2149 cst
2645 2086 2830 2149 etiam
2861 2086 3152 2168 Cajetaui.
3185 2121 3268 2135 —
3289 2092 3380 2151 Ex

1810 2200 1936 2261 quo
1983 2182 2174 2241 etiam
2215 2179 2450 2259 optime
2489 2180 2812 2242 adnotavit
2842 2183 3174 2260 Cajetanus
3207 2188 3263 2244 1.
3315 2187 3376 2257 2,

1808 2276 2159 2355 quaestione
2188 2276 2248 2346 2,
2267 2274 2528 2335 articulo
2545 2278 2606 2351 3,
2625 2275 2888 2355 gloriam
2916 2277 3186 2338 hominis
3209 2279 3380 2357 apud

1806 2370 2012 2431 Deum
2036 2387 2166 2429 non
2199 2386 2382 2446 posse
2411 2386 2548 2431 esse
2591 2368 3046 2431 beatitudinem
3083 2372 3377 2446 hominia,

1810 2464 1956 2542 quia
1989 2469 2084 2525 est
2111 2461 2350 2522 homini
2386 2462 2756 2535 extrinseca,
2799 2462 2910 2523 sed
2953 2482 3091 2525 esse
3121 2482 3378 2525 causam

1808 2560 2038 2617 nostrae
2069 2554 2492 2629 beatitudiniS,
2549 2572 2660 2615 seu
2707 2573 2742 2615 a
2771 2574 2896 2634 qua
2943 2562 3156 2617 nostra
3183 2557 3381 2617 beati-

1808 2650 1960 2710 tudo
2003 2649 2267 2727 pendet,
2313 2654 2380 2708 ut
2411 2648 2601 2707 Divus
2628 2648 2902 2709 Thomas
2947 2647 3120 2709 dixit.
3167 2650 3379 2711 Gloria

1807 2744 1978 2804 enim
2007 2741 2276 2803 hominis
2295 2740 2465 2819 apud
2483 2742 2683 2801 Deum
2706 2740 2860 2801 nihil
2879 2741 3049 2801 aliud
3072 2748 3166 2803 est
3186 2760 3376 2823 quam

1806 2834 2176 2897 existimatio
2199 2841 2260 2896 et
2291 2833 2562 2913 cognitio
2595 2850 2746 2895 vera
2771 2850 2962 2911 quam
2989 2835 3158 2895 Deus
3188 2835 3381 2896 habet

1808 2929 1887 2989 de
1914 2928 2169 2990 homine
2195 2926 2464 2989 ethonis
2497 2926 2813 3005 oporibus,
2842 2944 2981 3004 quae
3013 2946 3144 2989 non
3173 2934 3380 3007 potest

1810 3040 1948 3082 esse
1983 3020 2304 3081 beatitudo
2335 3019 2530 3099 ipsius
2561 3020 2852 3091 hominia,
2896 3019 3042 3099 quia
3079 3021 3210 3081 hoec
3247 3040 3376 3083 non

1809 3116 2092 3177 consistit
2122 3116 2185 3175 in
2215 3114 2534 3194 cognosci,
2575 3114 2688 3175 sed
2727 3115 2794 3175 in
2825 3134 3234 3195 cognoscere;
3281 3123 3378 3178 est

1807 3215 2024 3272 tamen
2071 3209 2447 3288 principium
2488 3207 2927 3280 beatitudinis,
2972 3226 3162 3286 quam
3209 3211 3374 3272 Deus

1808 3301 2052 3364 confert
2097 3300 2335 3361 homini
2377 3306 2446 3362 ut
2491 3300 2820 3378 praemium
2869 3300 3183 3361 bonorum
3229 3319 3380 3380 ope-

1808 3413 1952 3456 rum
1989 3411 2130 3473 quae
2175 3395 2308 3471 ipse
2339 3393 2650 3472 cognovit.
2687 3393 2844 3454 Hinc
2883 3410 3036 3472 ergo
3087 3395 3278 3456 etiam
3309 3393 3379 3455 fit

1808 3495 1879 3550 ut
1922 3489 2030 3548 illa
2059 3488 2254 3567 gloria
2285 3505 2410 3548 non
2471 3488 2550 3548 sit
2591 3489 2916 3566 praemium
2955 3488 3326 3548 meritorum
3355 3534 3372 3560 ,

1810 3585 1958 3662 quia
2003 3600 2222 3644 verum
2261 3582 2590 3661 praemium
2629 3586 2723 3642 est
2765 3582 2898 3660 ipsa
2931 3582 3272 3656 beatitudo,
3309 3589 3379 3644 ut

1810 3678 2002 3737 Divus
2024 3676 2300 3736 Thomas
2329 3675 2480 3736 dixit
2504 3693 2519 3747 3
2554 3693 2703 3752 ergo
2731 3675 2954 3736 eadem
2979 3673 3216 3736 ratione
3239 3675 3375 3735 laus

1809 3770 2042 3841 divina,
2091 3787 2205 3828 seu
2257 3785 2448 3846 quam
2504 3768 2694 3828 homo
2747 3768 2934 3828 hahet
2977 3787 3013 3827 a
3053 3769 3206 3840 Deo,
3246 3787 3374 3828 non

1808 3863 2002 3924 babet
2027 3861 2336 3922 rationem
2365 3859 2600 3938 praemii
2645 3860 2988 3921 formaliter
3013 3879 3088 3920 ac
3126 3861 3374 3939 proprie

1806 3963 2120 4036 quatenus
2169 3954 2306 4014 laus
2333 3959 2448 4014 est.
2486 3954 2659 4014 Patet
2705 3956 3179 4033 consequentia,
3227 3955 3374 4033 quia

1801 4052 1939 4111 laus
1985 4049 2082 4110 vel
2130 4065 2254 4109 non
2285 4053 2380 4108 est
2409 4047 2582 4108 aliud
2619 4065 2810 4125 quam
2861 4031 2997 4124 ipsa
3025 4046 3226 4127 gloria
3266 4067 3375 4110 ex-

1800 4147 2094 4216 trinseca,
2135 4142 2238 4204 vel
2277 4148 2372 4202 est
2399 4140 2719 4220 quoddam
2775 4142 3048 4219 signum,
3097 4147 3160 4202 et
3201 4143 3373 4203 testi-

1796 4237 2078 4298 monium
2093 4237 2254 4314 ejus,
2275 4235 2442 4313 quod
2457 4235 2664 4294 minus
2681 4241 2774 4296 est
2789 4252 2980 4313 quam
2995 4234 3129 4312 ipsa
3147 4234 3341 4313 gloria-
3352 4281 3366 4296 .

1798 4329 2004 4402 Unde,
2035 4329 2084 4388 si
2127 4328 2462 4408 praemium
2499 4327 2866 4393 meritorum
2907 4346 3034 4390 non
3088 4328 3372 4390 consistit

1795 4422 2139 4484 formaliter
2165 4422 2232 4482 in
2253 4420 2452 4501 gloria
2491 4439 2632 4499 quoe
2659 4428 2754 4484 est
2791 4422 2962 4502 apud
2983 4425 3208 4494 Deum,
3237 4440 3368 4482 non

1796 4517 1912 4578 erit
1947 4516 2138 4578 etiam
2165 4517 2228 4576 in
2255 4515 2436 4594 signo
2469 4515 2606 4593 ejus
2647 4519 2717 4576 ut
2741 4515 2853 4590 sic,
2891 4515 3006 4578 sed
3041 4517 3106 4578 in
3137 4516 3366 4579 effectu

1792 4608 2196 4672 beatitudinis
2221 4607 2304 4668 ab
2329 4607 2434 4667 illo
2477 4607 2877 4685 procedente.
2928 4610 3018 4670 Ac
3077 4609 3363 4688 proinde,

1792 4708 1863 4766 ut
1885 4703 2006 4764 hoc
2029 4701 2358 4781 praemium
2381 4700 2459 4760 sit
2485 4700 2712 4778 majm,
2742 4719 2870 4769 non
2899 4702 3050 4762 satis
3081 4701 3368 4780 estquod

1793 4795 2094 4876 procedat
2113 4811 2150 4854 a
2179 4793 2400 4872 majori
2429 4792 2628 4871 gloria
2653 4793 2824 4873 apud
2852 4795 3078 4870 Deum,
3111 4795 3174 4856 id
3203 4801 3298 4856 est
3327 4814 3366 4856 a

1797 4887 2056 4950 scientia
2079 4904 2270 4966 quam
2297 4887 2465 4946 Deus
2495 4885 2776 4948 habetde
2793 4886 3080 4966 pluribus
3097 4887 3360 4960 meritiS,

1798 4981 1915 5042 nisi
1973 4979 2164 5042 etiam
2207 4979 2268 5039 in
2321 4996 2388 5039 se
2438 4977 2644 5056 major
2691 4983 2754 5040 et
2796 4979 3196 5043 excellentior
3223 4997 3365 5058 pro-

1796 5075 2002 5136 cedat.

1877 5170 1977 5228 57.
2025 5164 2306 5247 objectio.
2340 5195 2422 5210 —
2449 5164 2623 5226 Dicet
2657 5163 2904 5242 aliquis,
2950 5165 3094 5226 licet
3137 5164 3356 5244 gloria,

1796 5277 1988 5341 quam
2039 5261 2228 5320 homo
2280 5258 2474 5320 habet
2500 5257 2668 5336 apud
2699 5258 2916 5330 Deum,
2967 5276 3095 5318 non
3137 5259 3212 5318 sit
3236 5259 3360 5320 for-

1792 5356 1975 5416 malis
2001 5354 2322 5416 beatitudo
2359 5353 2519 5431 ejus,
2554 5369 2691 5412 esse
2717 5354 2932 5414 tamen
2960 5350 3358 5428 objectivam‚

1792 5453 1856 5510 et
1870 5448 2016 5509 ideo
2039 5447 2230 5508 etiam
2254 5445 2556 5506 contineri
2589 5444 2652 5504 in
2681 5442 2936 5522 praemio
2966 5444 3355 5518 meritorum,

144 5543 386 5604 ratione
416 5543 841 5620 beatitudinis,
873 5549 1087 5610 tamen
1114 5545 1181 5606 id
1218 5545 1389 5624 quod
1436 5547 1498 5605 in
1548 5563 1709 5624 prae-
1782 5542 1964 5620 juxta
2014 5539 2182 5600 illud·
2198 5539 2394 5612 Pauli,
2449 5538 2530 5599 ad
2557 5527 2869 5598 Romanos
2917 5537 2992 5598 8:
3033 5535 3178 5602 Non
3211 5545 3360 5603 sunt
