3850 6225
721 428 930 488 OPUSC.
965 432 1048 487 ln.
1087 428 1307 487 nal-:vls
1337 428 1680 487 RESOLUTIO
1713 427 2201 488 comnovssnstae
2231 430 2311 489 DE
2344 430 2597 488 Auximo
2630 430 2822 488 arluc.

140 534 400 607 actum,
458 538 522 595 et
569 532 650 593 ad
688 533 1050 595 exercitium
1107 534 1274 595 illius
1303 552 1414 595 seu
1454 534 1534 596 ad
1583 552 1731 595 con-

141 644 448 700 sensum,
492 632 562 687 ut
613 626 998 706 impossibile
1029 627 1106 688 sit
1148 630 1531 690 voluntatem
1575 628 1732 688 reci-

143 738 312 797 pere
347 720 469 781 hoc
503 720 824 793 auxilium,
851 725 910 779 et
933 738 1060 781 non
1091 721 1336 800 operari
1366 740 1438 781 ac
1471 738 1732 782 consen·

143 814 272 873 tire
306 818 322 853 ¹
360 833 376 885 ;
428 832 504 875 ex
532 830 656 892 quo
692 813 1018 874 manifeste
1048 814 1122 875 fit
1145 814 1319 875 illum
1354 832 1729 877 consensum

147 924 286 966 non
341 926 482 968 esse
547 906 838 967 liberum.
897 908 1027 968 Hoc
1070 913 1285 968 autem
1339 907 1730 969 declaramus

145 1000 368 1078 primo
420 1019 498 1062 ex
547 999 829 1062 doctrina
879 1000 1157 1062 Anselmi
1195 1003 1223 1040 ²
1259 1007 1532 1081 recepta.
1564 1020 1602 1062 a
1651 1002 1724 1062 D.

149 1093 404 1153 Thomu
430 1092 478 1167 ⁸,
514 1098 578 1155 et
615 1093 749 1155 fere
804 1094 1094 1155 omnibus
1153 1095 1424 1173 antiquis
1464 1095 1731 1157 Theolo-

151 1186 252 1264 gis
276 1185 330 1259 ⁴,
371 1186 540 1266 quia,
578 1186 722 1247 licet
748 1188 1088 1249 necessitas
1127 1188 1318 1248 solius
1345 1206 1726 1267 consequen-

151 1278 278 1351 tiae,
341 1297 482 1359 quae
525 1285 622 1341 est
668 1296 746 1341 ex
799 1280 1228 1359 suppositione
1277 1288 1724 1360 consequente,

154 1388 270 1431 seu
301 1371 666 1433 includente
694 1391 878 1433 usum
917 1372 1242 1447 libertatiS,
1282 1393 1407 1434 non
1443 1374 1619 1436 tollat
1655 1376 1732 1436 li-

151 1462 494 1537 bertatem,
524 1466 670 1545 quia
701 1467 835 1545 jam
863 1466 1028 1527 illius
1053 1484 1240 1527 usum
1269 1468 1585 1547 supponit,
1633 1462 1730 1529 ta·-

155 1576 306 1617 men
347 1560 690 1621 necessitas
731 1578 808 1620 ex
837 1560 1264 1640 suppositione
1314 1561 1728 1623 antecedente

154 1650 368 1729 ipsum
389 1652 688 1714 libertatis
717 1672 926 1730 usum,
960 1659 1022 1715 et
1050 1654 1408 1715 necessario
1421 1654 1728 1717 inserente

149 1744 360 1817 illum,
392 1745 554 1806 tollit
582 1747 834 1807 omnino
853 1747 1207 1808 libertatem
1237 1767 1252 1821 3
1289 1748 1434 1827 quia
1465 1754 1614 1811 tunc
1639 1747 1730 1809 ef-

151 1836 359 1898 fectus
399 1856 614 1918 neque
641 1840 706 1899 in
743 1858 832 1913 se,
888 1858 1094 1919 neque
1133 1841 1197 1901 in
1246 1858 1360 1901 sua
1399 1860 1588 1903 causa
1636 1847 1729 1903 est

149 1929 340 1991 liber.
375 1932 514 1993 Non
545 1933 608 1994 in
637 1952 728 2008 se,
755 1933 902 2011 quia
936 1934 1216 2013 procedit
1244 1954 1280 1996 a
1311 1952 1501 1996 causa
1527 1936 1730 1998 deter-

151 2024 394 2085 minata
431 2026 514 2087 ad
541 2046 736 2088 unum
761 2047 777 2100 ;
805 2046 936 2089 non
961 2028 1026 2089 in
1058 2048 1170 2089 sua
1203 2046 1414 2103 causa,
1447 2030 1594 2109 quia
1621 2029 1725 2091 illa

151 2118 359 2195 posita
411 2126 546 2193 est,
591 2121 672 2181 ad
721 2140 919 2182 unum
965 2122 1380 2183 determinata
1423 2123 1721 2203 indepen-

151 2209 380 2273 denter
415 2213 498 2273 ab
533 2232 654 2273 usn
679 2215 876 2275 libero
907 2214 1191 2294 ejusdem
1235 2233 1459 2277 causae.
1488 2218 1722 2278 Secun-

152 2303 258 2375 do,
275 2305 453 2367 idem
481 2305 876 2368 declaramus
893 2326 968 2369 ex
997 2307 1267 2369 Concilio
1291 2310 1314 2348 ⁵
1335 2309 1715 2384 Tridentino,

152 2398 330 2474 quod
359 2400 441 2460 ad
473 2419 658 2461 usum
708 2400 1013 2463 libertatis
1064 2403 1325 2481 requirit
1368 2408 1724 2484 potestatem

155 2492 558 2556 dissentiendi
575 2501 632 2557 et
649 2496 1028 2576 repuynandi
1051 2496 1272 2558 divinae
1283 2497 1556 2560 motioni.
1579 2495 1726 2568 Quae

152 2583 346 2645 verba
405 2586 596 2664 plane
649 2588 1096 2666 evidenterque
1142 2587 1417 2649 reddunt
1467 2607 1724 2650 sensum

154 2680 602 2757 compositum,
632 2680 779 2759 quia
820 2700 950 2741 non
978 2687 1290 2761 repugnat
1327 2700 1534 2761 neque
1568 2682 1725 2762 abji-

155 2771 234 2831 cit
281 2773 652 2847 motionem,
688 2774 804 2835 nisi
836 2774 967 2854 qui,
1009 2781 1342 2855 postquam
1384 2776 1556 2837 illam
1607 2778 1722 2836 ha-

153 2863 282 2937 bet,
333 2865 396 2925 ei
441 2882 574 2927 non
599 2869 838 2947 praebet
865 2886 1228 2941 assensum3
1263 2870 1314 2929 si
1350 2888 1498 2949 ergo
1527 2870 1720 2932 motio

151 2958 250 3017 vel
291 2959 526 3021 infusio
553 2962 738 3041 hujus
767 2963 978 3023 auxilii
1011 2963 1154 3024 talis
1181 2964 1280 3035 sit,
1316 2969 1382 3024 ut
1409 2964 1466 3023 ei
1503 2962 1721 3024 volun-

153 3056 248 3111 tas
275 3052 574 3116 resistere
606 3073 730 3117 non
761 3056 978 3136 possit,
1018 3074 1146 3117 non
1173 3060 1388 3118 manet
1415 3056 1610 3118 libera
1639 3056 1722 3118 ad

156 3145 331 3206 illum
365 3155 608 3223 actum,
641 3150 722 3212 ad
750 3169 940 3230 quem
970 3169 1080 3230 per
1103 3152 1227 3212 tale
1261 3151 1556 3212 auxilium
1584 3169 1722 3211 mo-

156 3245 357 3300 vetur.
407 3244 640 3316 Tertio,
675 3245 913 3306 ratione
949 3244 1114 3306 idem
1142 3245 1551 3326 ostendimuS,
1575 3245 1720 3324 quia

153 3333 448 3395 voluntas
475 3353 604 3396 non
637 3342 727 3398 est
767 3337 964 3398 libera
1001 3338 1084 3399 ad
1131 3338 1557 3416 recipiendum
1601 3338 1720 3398 hoc

155 3427 483 3502 auxilinm,
513 3447 656 3490 cum
677 3430 743 3490 in
771 3449 928 3510 pura
953 3448 1027 3491 ac
1067 3431 1198 3492 sola
1225 3431 1580 3511 receptione
1609 3449 1723 3493 seu

153 3521 449 3598 passione
479 3540 608 3583 non
653 3523 732 3584 sit
758 3524 1036 3598 libertas,
1083 3524 1142 3585 id
1174 3525 1342 3602 quod
1369 3525 1535 3585 idem
1565 3525 1721 3586 Con·-

155 3614 368 3675 cilinm
397 3615 828 3678 Tridentinum
872 3617 1244 3698 significavit
1276 3619 1341 3692 ο;
1377 3619 1542 3680 Deus
1571 3619 1721 3679 item

159 3726 272 3768 suo
315 3709 576 3770 arbitrio
607 3711 761 3772 illud
783 3712 892 3774 dat
919 3712 1017 3773 vel
1045 3712 1313 3773 infundit
1342 3713 1440 3773 cui
1469 3712 1622 3786 vult,
1658 3716 1720 3773 et

159 3802 416 3879 quando
441 3803 574 3864 vult
597 3823 612 3876 ;
659 3823 732 3866 ac
765 3811 912 3866 tunc
939 3805 1110 3866 nulla
1133 3806 1422 3866 voluntas
1452 3805 1509 3866 ei
1537 3805 1723 3866 resis-

161 3902 294 3956 tere
323 3903 552 3975 potest,
593 3899 951 3977 quominus,
979 3899 1114 3977 ipso
1155 3897 1367 3973 dante,
1395 3898 1532 3977 ipsa
1565 3897 1724 3959 reci-

159 3989 310 4068 piat.
345 3991 564 4069 Neque
593 3991 780 4052 etiam
809 3997 906 4053 est
943 3991 1139 4052 libera
1173 3992 1254 4052 ad
1297 4010 1428 4052 non
1457 4009 1724 4070 operan-

163 4085 310 4145 dum
357 4093 502 4167 post
526 4093 850 4167 receptum
875 4087 998 4148 tale
1029 4087 1324 4148 auxilium
1351 4108 1370 4164 3
1413 4087 1558 4165 quia
1603 4089 1722 4148 hoc

161 4179 304 4240 talis
331 4185 574 4242 naturae
598 4199 735 4243 esse
763 4181 1009 4254 dicitur,
1039 4187 1107 4243 ut
1135 4181 1412 4261 separari
1440 4199 1567 4242 non
1584 4199 1722 4261 pos-

163 4275 241 4336 sit
270 4293 305 4334 a
333 4293 448 4336 sua
482 4275 707 4336 actuali
756 4275 1118 4356 operatione
1145 4293 1161 4347 ;
1191 4275 1362 4336 unde
1411 4275 1467 4336 ei
1523 4275 1726 4336 resisti

247 4457 264 4489 ²
315 4450 466 4510 Haec
501 4450 658 4510 ratio
699 4448 835 4509 fuse
874 4453 1138 4510 tractata
1167 4453 1264 4508 est
1303 4447 1410 4508 lib.
1463 4451 1524 4522 1,
1556 4465 1611 4508 c.
1649 4451 1721 4512 10

167 4548 230 4603 et
261 4543 362 4614 13,
395 4548 458 4602 et
497 4542 606 4602 lib.
642 4545 701 4613 3,
739 4544 866 4604 ο.·9
895 4547 960 4604 et
989 4543 1086 4603 13.

243 4637 270 4674 ²
313 4634 670 4707 maselinus,
703 4635 811 4696 lib.
846 4635 925 4697 de
953 4633 1255 4696 Concord.
1291 4633 1485 4713 praed.
1521 4638 1586 4694 et
1611 4633 1719 4695 lib.

169 4729 380 4800 arbit„
413 4746 554 4808 cap.
587 4733 648 4804 1,
683 4735 746 4790 et
767 4747 938 4809 saepe
965 4729 1141 4790 alias.

247 4823 272 4861 ³
313 4823 387 4883 D.
421 4823 675 4899 Thom.,
708 4825 737 4883 1
771 4841 862 4902 p.,
894 4841 955 4902 q.
981 4824 1042 4897 8,
1070 4829 1186 4886 art.
1212 4826 1268 4896 1,
1299 4822 1379 4883 ad
1403 4825 1464 4896 5,
1496 4819 1724 4882 clarius

167 4917 208 4976 l.
253 4919 292 4977 2
337 4916 558 4996 Phys„
599 4915 869 4977 lect.15.

245 5011 268 5048 ⁴
316 5009 584 5084 Albert„
608 5012 666 5083 1,
695 5009 758 5070 d.
791 5011 892 5084 30,
912 5017 1028 5072 art.
1067 5012 1175 5084 ¹33
1207 5011 1446 5085 Alens.,
1475 5014 1504 5071 1
1539 5029 1632 5090 p.,
1661 5029 1724 5091 q.

173 5107 271 5178 24,
317 5103 554 5165 memb.
599 5105 687 5176 ὃς
739 5103 1002 5178 Marsil„
1043 5103 1106 5164 in
1149 5105 1208 5178 1,
1251 5121 1313 5184 q.
1367 5106 1427 5177 4,
1475 5110 1594 5166 art.
1642 5105 1682 5166 Ξ
1707 5120 1728 5182 ;

169 5198 358 5273 Wa³.,
385 5203 542 5258 tom.
576 5199 605 5257 1
657 5196 832 5256 Doct.
863 5195 1002 5270 fid„
1026 5213 1080 5256 c.
1114 5197 1218 5257 23.
1260 5195 1450 5258 Favet
1492 5198 1733 5276 Augus·

171 5292 356 5363 tinuS,
406 5289 518 5350 lib.
561 5291 600 5350 5
627 5289 706 5350 de
735 5289 938 5363 Civit„
971 5307 1110 5369 cap.
1143 5292 1240 5352 10.

247 5386 270 5422 ⁵
292 5384 479 5443 Cone.
511 5381 819 5456 Trident.,
851 5399 1006 5444 sess.
1038 5382 1100 5458 6,
1129 5401 1270 5444 can.
1303 5384 1366 5457 4,
1398 5388 1460 5443 et
1486 5401 1540 5443 c.
1570 5382 1733 5444 deci·

169 5497 265 5540 mo
300 5479 541 5558 quinto.

189 5615 198 5626 ·
247 5575 270 5613 ‘
309 5573 426 5636 Ubi
456 5588 670 5654 supra.

3251 426 3363 494 381

1812 552 1939 594 non
1970 540 2195 615 potest.
2232 535 2499 597 Maxime
2526 536 2671 614 quia
2702 534 2961 597 includit
2990 536 3365 611 absolutam,

1813 629 2155 705 efficacem,
2189 648 2262 689 ac
2295 628 2778 710 praevenientem
2807 629 2918 691 Dei
2938 630 3317 692 voluntatem
3347 677 3363 704 ,

1812 721 1912 781 cui
1944 722 2111 782 nulla
2143 727 2427 783 creatura
2442 723 2732 783 resistere
2753 727 2977 801 potest.
2998 724 3371 801 thuamvis

1812 812 1892 872 ad
1927 814 2235 875 rationem
2290 814 2451 875 hanc
2490 814 2673 875 varice
2708 815 3070 895 excogitatae
3100 822 3242 877 sunt
3272 834 3372 877 re-

1812 908 2205 985 spons10neS,
2236 926 2459 969 omnes
2494 914 2705 969 tamen
2726 908 2825 971 vel
2839 914 3193 989 repugnant
3213 910 3370 970 Con-
3422 920 3433 933 '

1812 1000 1956 1061 cilio
1990 1000 2377 1073 Tridentino,
2405 1001 2505 1062 vel
2538 1002 2674 1081 ejus
2700 1002 3045 1063 doctrinam
3071 1008 3371 1064 enervant

1813 1100 1873 1155 et
1927 1093 2230 1167 eludunt;
2272 1094 2373 1155 vel
2420 1100 2587 1156 certe
2628 1101 2984 1175 repugnant
3038 1096 3368 1175 Scripturae

1812 1186 2067 1261 dicenti,
2098 1186 2397 1249 voluntati
2442 1188 2551 1249 Dei
2583 1188 2817 1249 efficaci
2846 1189 3163 1249 neminem
3192 1188 3371 1249 resis-
3425 1256 3431 1263 ,

1811 1286 1943 1342 tere
1986 1298 2209 1359 posse3
2264 1280 2362 1341 vel
2392 1280 2453 1341 in
2480 1298 2547 1340 se
2574 1281 2893 1343 involvunt
2936 1281 3371 1343 contradictio-

1809 1392 1980 1447 nem,
2014 1375 2165 1435 dum
2202 1374 2376 1435 aiunt
2424 1374 2549 1435 tale
2604 1392 2741 1435 esse
2794 1373 3094 1435 auxilium
3144 1376 3263 1435 hoc
3301 1380 3371 1435 ut

1808 1468 2065 1548 physice
2096 1466 2602 1547 praedeteminet
2648 1466 3055 1541 voluntatem,
3090 1472 3152 1529 et
3187 1486 3369 1547 repu-

1809 1567 1959 1641 gnet
2001 1560 2056 1622 ei
2089 1579 2126 1621 a
2154 1579 2267 1621 sua
2311 1562 2672 1640 operatione
2716 1561 3024 1639 separari,
3082 1566 3144 1621 et
3185 1561 3369 1622 simul

1810 1654 2027 1715 dicunt
2080 1653 2465 1714 voluntatem
2500 1670 2684 1733 posse
2733 1652 2819 1714 illi
2860 1653 3173 1727 resistere,
3223 1652 3370 1717 licet

1809 1764 2138 1827 nunquam
2170 1746 2459 1807 resistat:
2496 1746 2785 1826 quocirca
2815 1764 2943 1806 non
2994 1746 3176 1807 video
3210 1766 3368 1827 quo-

1811 1840 2001 1902 modo
2052 1859 2194 1901 cum
2240 1841 2358 1900 bac
2405 1840 2665 1920 physica
2721 1839 3368 1918 praedeterminatione

1809 1932 2115 1994 libertatis
2166 1951 2317 1993 usus
2364 1937 2426 1993 et
2475 1932 2835 1993 exercitium
2884 1932 3078 2010 possit
3140 1934 3370 1994 consis-

1807 2033 1963 2089 tere.

1881 2126 1983 2186 27.
2004 2120 2201 2193 Quam
2234 2118 2659 2181 difficultatem
2686 2126 3020 2181 senserunt
3035 2120 3223 2181 etiam
3237 2121 3367 2183 fere

1804 2234 2025 2279 omnes
2053 2220 2339 2276 auctores
2368 2230 2609 2293 graves,
2636 2212 2740 2291 qui
2766 2213 2886 2274 hoc
2914 2218 3193 2293 tempore
3221 2234 3370 2275 con-

1803 2318 1898 2375 tra
1926 2308 2250 2371 haereticos
2280 2306 2695 2385 scripserunt;
2732 2313 2793 2367 et
2818 2304 2962 2367 ideo
2993 2305 3078 2366 illi
3117 2326 3369 2387 semper

1807 2402 2193 2484 respondent
2229 2398 2519 2479 negando
2554 2400 2675 2460 hoc
2710 2418 2909 2480 genus
2940 2400 3365 2480 proemotionis

1806 2498 1927 2558 hoc
1972 2494 2160 2556 modo
2188 2492 2506 2564 -efflcacis3
2562 2492 2731 2571 quod
2761 2511 2888 2553 non
2918 2493 3121 2553 solum
3174 2494 3236 2554 in
3280 2496 3368 2574 ip-

1807 2590 1912 2661 sis,
1949 2589 2062 2651 sed
2092 2588 2277 2649 etiam
2304 2584 2369 2645 in
2396 2585 2667 2663 antiquis
2711 2585 2993 2646 Patribus
3032 2586 3365 2649 observare

1803 2683 1971 2760 licet,
2000 2683 2317 2752 Damasc.,
2342 2678 2589 2757 Chrys,
2609 2678 2833 2740 sustin.
2858 2682 2903 2751 ⁸,
2937 2682 3054 2740 etc.
3076 2680 3202 2739 Nec
3218 2698 3367 2741 vero

1803 2794 1881 2836 ex
1897 2774 2016 2836 hoc
2046 2774 2329 2835 discursu
2356 2768 2567 2832 inferri
2610 2771 2855 2850 potest(
2875 2777 2946 2832 ut
2974 2771 3229 2852 quidam
3256 2792 3368 2853 pu·

1800 2876 1938 2931 tant
1965 2870 1985 2948 >
2026 2869 2222 2929 Deum
2256 2882 2382 2925 non
2422 2881 2606 2943 posse
2636 2862 3025 2941 praedefinire
3057 2870 3234 2925 actus
3263 2886 3367 2927 su-

1802 2959 2240 3043 pernaturales
2284 2958 2418 3019 sine
2466 2956 2827 3037 praejudicio
2877 2956 3201 3020 libertatis.
3258 2960 3367 3023 Est

1804 3058 1972 3118 enim
2003 3055 2189 3134 longe
2222 3052 2467 3115 diversa
2510 3050 2666 3111 ratio
2705 3048 2783 3111 de
2830 3050 3087 3131 physica
3127 3051 3366 3133 praede-

1802 3149 2264 3221 terminatione,
2296 3165 2434 3226 quaa
2484 3145 2867 3206 voluntatem
2908 3149 3187 3206 nostram
3230 3147 3367 3208 affi-

1803 3246 1885 3306 cit
1911 3245 2014 3305 vel
2042 3245 2350 3316 immutat,
2382 3243 2443 3302 et
2469 3240 2549 3301 de
2577 3239 2823 3300 interna
2864 3239 2973 3299 Dei
3008 3240 3361 3318 praedefini-

1802 3337 1997 3411 tione,
2039 3353 2203 3415 quae,
2248 3353 2363 3414 per
2410 3332 2614 3393 medie
2652 3329 3146 3405 accommodata,
3186 3335 3359 3395 suavi

1805 3436 1866 3492 et
1904 3428 2126 3490 morali
2162 3427 2351 3488 modo
2392 3425 2779 3486 voluntatem
2821 3421 3079 3496 inducit,
3114 3429 3185 3484 ut
3236 3425 3361 3488 late

1803 3522 1950 3584 alibi
1979 3521 2410 3601 explicuimuS,
2446 3523 2507 3578 et
2535 3516 2793 3577 inferius
2820 3515 2887 3574 in
2919 3515 3040 3576 hac
3067 3533 3311 3579 summa
3342 3565 3358 3595 ,

1804 3634 1977 3676 num.
2010 3615 2090 3675 48
2116 3619 2177 3674 et
2206 3629 2336 3691 seq.
2364 3611 2763 3690 attingemus.

1881 3709 1982 3769 28.
2029 3707 2240 3771 ,Tertia
2266 3704 2539 3788 probatio
2582 3721 2656 3766 ea·
2696 3703 3055 3768 auctoritate
3099 3705 3361 3768 Patrum

1799 3801 2100 3885 neyativa,
2144 3817 2277 3882 μω
2310 3798 2499 3862 latius
2546 3797 2796 3860 habetur
2832 3795 2938 3860 zib.
2981 3799 3039 3873 3,
3086 3816 3217 3881 cap.
3259 3801 3358 3861 12.

1802 3928 1884 3944 -
1924 3894 2156 3968 Tertio,
2204 3891 2543 3953 asserimus
2585 3889 2762 3950 illum
2818 3891 3029 3952 auxilii
3075 3891 3358 3966 modum,

1805 3989 2051 4050 nullum
2080 3987 2143 4047 in
2174 3983 2415 4047 Sanctis
2450 3982 2735 4043 Patribus
2787 3989 2895 4044 aut
2927 3983 3209 4044 Conciliis
3250 3984 3366 4044 ha-

1803 4083 1955 4144 here
1986 4079 2489 4149 fundamentum,
2522 4075 2789 4154 ideoque
2818 4093 2945 4136 non
2979 4093 3117 4138 esse
3146 4077 3366 4138 admit-

1803 4175 2069 4238 tendum
2097 4173 2158 4233 in
2207 4189 2276 4233 re
2329 4176 2459 4231 tam
2516 4167 2715 4229 ardua
2766 4175 2829 4231 et
2881 4170 3359 4248 supernaturali.

1807 4271 1938 4331 Hoc
1994 4273 2207 4328 autem
2252 4262 2663 4338 ostendimnS‚
2717 4279 2943 4341 prlmo,
2970 4262 3115 4340 quia
3154 4281 3365 4324 omma

1805 4361 2033 4422 auxilia
2082 4355 2567 4438 praevenientia,
2613 4353 2839 4433 quibus
2865 4355 3033 4416 Deus
3079 4355 3366 4418 homines

1803 4471 2058 4515 movere
2091 4451 2249 4512 solet
2274 4449 2356 4510 ad
2382 4447 2598 4522 fidem,
2627 4447 3082 4527 poeniteutiam,
3115 4455 3177 4510 et
3202 4449 3367 4508 simi-

1802 4548 1896 4609 les
1934 4553 2131 4622 actuS,
2163 4544 2485 4606 declarant
2513 4541 2783 4603 Consilia
2826 4547 2889 4602 et
2920 4542 3130 4604 Patres
3165 4541 3301 4604 fieri
3328 4561 3364 4603 a

1803 4642 1935 4702 Deo
1964 4640 2027 4700 in
2070 4637 2255 4698 nobis
2282 4654 2397 4715 per
2422 4635 2770 4696 doctrinam
2802 4638 3125 4696 externam
3165 4639 3228 4696 et
3272 4635 3369 4694 in-

1803 4740 2071 4808 ternam,
2101 4729 2573 4810 persuasioneS‚
2606 4727 3137 4804 illuminationeS‚
3190 4745 3370 4790 men-

1803 4827 2009 4906 tisque
2043 4823 2469 4894 excitationes,
2504 4821 2777 4901 denique
2793 4838 2909 4900 per
2930 4821 3369 4902 inspirationes

1805 4927 1866 4983 et
1893 4918 2311 4980 immissiones
2358 4914 2749 4976 diversorum
2792 4913 3134 4976 affectuum
3174 4913 3369 4975 bono-

1810 5032 1973 5087 rum,
2005 5009 2262 5082 amoriS,
2294 5013 2403 5070 aut
2431 5007 2579 5069 odii.
2613 5009 2741 5069 Hoc
2776 5013 3019 5069 constat
3048 5007 3370 5069 ex-Conci-

1901 5193 1916 5226 ¹
1968 5189 2253 5247 Damasc.
2278 5182 2323 5242 1.
2355 5180 2489 5242 2de
2512 5181 2687 5255 Fide,
2719 5199 2775 5242 c.
2804 5183 2962 5244 suet
2988 5182 3087 5254 303
3121 5180 3365 5260 Chrys,

1813 5283 2045 5344 hom.l
2096 5279 2161 5339 in
2216 5275 2299 5337 ad
2361 5275 2543 5348 Eeb„
2595 5281 2659 5335 et
2705 5275 2877 5337 hom.
2913 5279 2987 5337 17
3043 5277 3109 5336 in
3137 5277 3366 5348 Joan.;

1810 5375 2065 5446 lustin„
2094 5390 2157 5450 q.
2176 5371 2217 5432 8
2242 5368 2322 5429 ad
2348 5368 2521 5429 Orth.
2541 5367 2734 5429 Favet
2750 5370 3015 5430 multum
3045 5372 3204 5449 Aug.
3212 5413 3231 5444 ‚
3260 5367 3366 5428 lib.

1815 5471 1850 5530 3
1907 5468 1988 5530 de
2039 5465 2168 5526 Lib.
2204 5463 2366 5534 arb„
2408 5479 2545 5540 cap.
2588 5462 2685 5535 18,
2720 5467 2781 5522 et
2825 5461 2931 5522 lib.
2966 5465 3002 5524 7
3060 5463 3139 5525 de
3168 5462 3367 5540 Civit„

1816 5580 1870 5624 c.
1906 5563 2004 5622 30.
