3850 6225
737 393 870 448 CAP.
909 394 986 448 vl.
1024 397 1108 448 Ex
1143 395 1422 449 DEan‘ro
1455 398 1719 450 AETEnNo
1752 397 1985 450 thNAE
2018 397 2405 452 VOLUNTATIS
2442 401 2562 452 NON
2596 401 2759 464 sum,
2798 401 2934 454 ETC.

207 493 461 571 proebet
485 515 858 559 concursum
887 515 1070 559 suum
1098 499 1215 558 nisi
1248 499 1534 572 volend0‚
1561 517 1677 560 nec
1701 501 1791 558 in-

207 589 372 666 cipit
403 591 520 652 hoc
545 593 708 653 velle
732 592 798 652 in
824 598 1132 671 tempore,
1163 591 1275 653 sed
1305 611 1382 654 ex
1416 593 1786 663 aeternitate,

209 687 282 741 et
303 701 565 747 necesse
591 692 684 747 est
703 691 772 747 ut
795 687 966 765 prius
991 687 1232 747 ratione
1257 687 1377 746 hoc
1399 686 1566 759 velit,
1601 705 1791 765 quam

207 777 512 851 pra-sciat
540 779 822 840 absolute
845 779 1134 840 effectum
1156 797 1292 840 esse
1317 779 1620 846 futurum,
1645 798 1790 840 cum

205 886 352 927 nou
383 871 578 948 possit
603 891 742 933 esse
771 872 1018 934 futurus
1041 872 1265 932 nisiex
1289 891 1596 933 concursu
1625 872 1681 950 ej
1691 890 1784 932 uS.

209 963 314 1022 Ac
343 963 616 1044 denique
641 983 902 1027 necesse
935 971 1026 1026 est
1054 970 1122 1026 ut
1148 965 1296 1026 velit
1322 967 1381 1025 in
1431 965 1786 1044 particulari

207 1075 598 1120 concurrere
637 1059 718 1119 ad
744 1060 910 1120 hunc
939 1060 1038 1120 vel
1073 1060 1248 1120 illum
1293 1063 1522 1129 actum,
1577 1061 1674 1120 hic
1726 1066 1789 1122 et

206 1169 415 1223 nunc,
447 1157 510 1212 et
535 1170 666 1212 uon
695 1159 936 1214 tantum
965 1153 1220 1214 confuse
1249 1153 1332 1214 ad
1373 1160 1547 1214 actus
1575 1153 1792 1213 volun-

207 1244 390 1317 tatis,
422 1245 570 1324 quia
601 1246 756 1306 alias
801 1247 969 1308 Deus
1019 1247 1276 1308 confuse
1321 1251 1384 1308 et
1429 1247 1789 1326 imperfecte

205 1342 614 1414 operaretur,
644 1357 762 1399 nec
791 1339 1052 1400 haberet
1085 1339 1434 1400 distinctam
1459 1339 1791 1418 providen-

207 1431 380 1490 tiam
409 1431 798 1510 singulorum
833 1433 1204 1506 effectuum;
1234 1433 1404 1512 quod
1453 1451 1788 1494 erroneum

209 1531 338 1585 est.
379 1525 554 1587 Unde
581 1526 645 1585 in
673 1527 792 1586 hoc
827 1545 956 1588 non
981 1533 1184 1606 potest
1215 1545 1352 1588 esse
1383 1528 1544 1588 inter
1570 1527 1789 1588 Catho-

204 1617 376 1677 licos
416 1619 840 1678 controversia
862 1665 882 1694 ,
938 1638 1054 1680 nec
1109 1621 1366 1682 memini
1411 1638 1512 1680 me
1560 1620 1786 1699 legisse

208 1712 319 1770 vel
351 1711 600 1772 audisse
627 1714 900 1792 aliquem
919 1714 986 1774 in
1014 1715 1134 1776 hoc
1159 1714 1654 1786 dissentientem,
1678 1719 1787 1775 aut

208 1803 284 1863 in
313 1821 390 1864 eo
420 1805 896 1867 constituentem
927 1807 1115 1886 hujus
1149 1807 1584 1886 disputationis
1627 1807 1788 1868 diffi-

207 1897 556 1968 cultatem;
605 1899 716 1959 sed
756 1901 821 1959 in
865 1901 982 1961 hoc
1021 1901 1246 1972 solum,
1279 1919 1362 1960 an
1399 1900 1534 1961 haec
1565 1900 1787 1961 volun-

207 1995 318 2050 tas
365 1993 809 2066 concurrendi,
863 1994 1260 2072 quantumvis
1289 1993 1576 2054 distincta
1619 1998 1682 2054 et
1720 1994 1787 2054 in

202 2083 600 2160 particulari,
631 2085 710 2146 sit
733 2086 1052 2147 sufficiens
1069 2086 1228 2146 ratio
1259 2087 1786 2166 cognoscendfet'-

203 2175 452 2237 fectum
485 2195 624 2238 esse
653 2177 954 2239 futurum.

208 2375 266 2438 A
281 2381 418 2438 otus
456 2377 824 2458 proedefiniti
851 2383 1009 2441 certo
1055 2383 1491 2461 coquom-untur
1527 2375 1595 2439 in.
1622 2397 1786 2459 proe-

824 2470 1178 2551 definitione.

297 2649 364 2706 4.
408 2645 689 2708 Assertio
705 2643 1128 2723 primae-His
1147 2646 1384 2724 positiS,
1405 2647 1544 2708 dico
1555 2647 1778 2726 primo:

209 2746 398 2799 actus
422 2738 602 2842 lfferi
635 2739 783 2798 honi
812 2737 1176 2817 praedefiniti
1202 2757 1239 2799 a
1278 2741 1432 2812 De0,
1465 2739 1788 2818 supposita

211 2832 324 2892 tali
369 2830 854 2910 przrdefinitione
886 2879 902 2904 ,
953 2833 1274 2894 evidenter
1323 2839 1788 2913 cognoscuntur

209 2925 414 2984 futuri
439 2925 502 2984 in
532 2925 658 2998 illa,
691 2929 752 2985 et
783 2943 860 2986 ex
885 2927 946 2984 vi
982 2926 1148 2986 illius
1177 2945 1192 2997 ;
1239 2925 1344 2987 illa
1385 2933 1596 2988 tamen
1627 2944 1788 3005 prae-

213 3017 500 3078 definitio
541 3036 668 3079 non
697 3025 902 3096 potest
929 3037 1066 3080 esse
1097 3020 1298 3098 prima
1337 3021 1496 3081 ratio
1522 3038 1788 3099 cognos-

213 3111 404 3173 cendi
431 3113 640 3173 futura
666 3114 886 3187 libera,
909 3114 1020 3175 sed
1047 3116 1400 3175 necessario
1430 3115 1616 3175 aliurn
1645 3132 1787 3192 sup·

211 3206 397 3285 ponit
448 3224 560 3266 seu
605 3206 880 3267 includit.
929 3207 1131 3267 Prima
1175 3226 1322 3286 pars
1367 3207 1786 3269 conclusionis

215 3298 566 3360 certissima
613 3306 729 3373 est,
755 3301 902 3379 quia
946 3320 1072 3361 non
1103 3307 1224 3361 stat
1260 3301 1494 3380 aliquid
1523 3318 1662 3361 esse
1697 3300 1785 3361 sic

215 3391 679 3470 praedefinitum
709 3412 746 3453 a
777 3395 928 3466 Dee,
975 3400 1039 3455 et
1066 3413 1194 3455 non
1221 3394 1380 3465 fieri,
1413 3394 1644 3473 alioqui
1683 3412 1786 3454 vo-

215 3486 430 3546 luntas
465 3486 577 3547 Dei
612 3505 739 3547 non
773 3492 938 3548 esset
975 3488 1218 3561 efficax,
1263 3506 1472 3567 neque
1502 3487 1786 3565 omnipo-

217 3588 383 3641 tens,
439 3581 514 3640 Et
568 3580 687 3641 hoc
717 3600 908 3643 sensu
946 3581 1098 3642 dixit
1144 3582 1435 3655 Hilarius,
1469 3582 1578 3643 lib.
1610 3584 1650 3643 9
1705 3581 1783 3641 de

214 3672 518 3733 Trinitate
547 3692 560 3733 :
618 3674 764 3748 Quoe
802 3677 966 3738 Deus
999 3678 1200 3753 facere
1251 3676 1531 3750 decrevit,
1561 3677 1631 3737 in
1670 3692 1785 3737 sua

217 3766 529 3828 voluntate
573 3770 868 3849 coynovit.

303 3860 366 3918 5.
419 3858 696 3939 objectio.
726 3892 807 3907 -
831 3862 1140 3941 Objiciunt
1161 3882 1310 3925 vero
1339 3862 1614 3943 quidam,
1638 3862 1786 3941 quia

223 3955 532 4011 aetcrnum
565 3952 884 4015 decretum
924 3956 1148 4017 divinae
1196 3956 1532 4018 voluntatis
1583 3956 1786 4017 solum

219 4044 396 4103 addit
423 4053 776 4124 respectum
807 4048 1064 4109 rationis
1095 4050 1210 4129 ipsi
1241 4049 1462 4111 divinae
1497 4050 1787 4110 volunta-

215 4138 286 4209 ti,
320 4138 426 4215 qui
463 4146 787 4219 respectus
813 4141 1072 4202 rationis
1093 4143 1452 4223 intelligitur
1479 4141 1784 4203 resultare

217 4230 286 4288 in
319 4231 472 4304 Deo,
506 4250 582 4292 eo
616 4232 784 4312 quod
821 4252 922 4295 res
953 4236 1030 4295 sit
1070 4235 1300 4312 futura,
1335 4236 1492 4297 sicut
1518 4236 1783 4296 resultat

216 4322 442 4384 relatio
494 4343 570 4384 ex
598 4326 908 4403 positione
955 4328 1245 4400 termini3
1301 4346 1452 4407 ergo
1501 4347 1628 4389 non
1675 4347 1784 4407 po-

214 4421 338 4477 test
373 4417 441 4476 in
490 4418 740 4479 decreto
797 4420 930 4498 ipso
975 4422 1269 4499 cognosci
1334 4421 1502 4500 quod
1550 4439 1650 4481 res
1707 4421 1783 4481 sit

213 4511 452 4583 futura,
481 4511 592 4571 sed
625 4512 832 4590 potius
866 4514 1303 4592 cognoscendo
1359 4534 1492 4575 rem
1521 4533 1659 4577 esse
1685 4514 1784 4574 fu-

215 4610 445 4673 turam,
503 4609 564 4663 et
596 4606 1036 4683 cognoscendo
1085 4606 1470 4669 voluntatem
1500 4608 1634 4681 Dei,
1677 4626 1783 4668 co-

213 4700 558 4775 gnoscetur
601 4696 666 4756 in
713 4714 788 4757 ea
817 4716 954 4758 esse
995 4699 1122 4759 tale
1176 4700 1498 4761 decretum
1523 4745 1538 4774 ,
1597 4702 1777 4777 sicut,

213 4789 466 4868 cognito
493 4788 902 4851 fundamento
945 4798 1006 4852 et
1049 4791 1338 4865 termino,
1388 4795 1784 4874 cognoscitur

211 4882 456 4942 relati0.
506 4884 582 4943 Et
619 4883 1047 4956 confirmatur,
1090 4886 1237 4963 quia
1273 4888 1442 4947 Deus
1503 4906 1630 4949 non
1673 4907 1782 4968 po-

211 4978 334 5035 test
386 4974 611 5035 intueri
655 4976 720 5035 in
763 4994 832 5037 se
871 4977 1048 5037 illum
1089 4984 1442 5057 respectum
1479 4981 1735 5041 rationis
1755 4997 1776 5057 3

211 5066 385 5127 solus
425 5067 594 5127 enim
643 5067 996 5130 intellectus
1033 5078 1280 5131 creatus
1321 5072 1498 5132 illum
1545 5074 1783 5133 confin-

211 5162 336 5239 git,
399 5161 550 5221 dum
593 5160 955 5241 imperfecte
993 5182 1144 5225 rem·
1180 5165 1482 5244 concipit;
1536 5172 1598 5226 et
1636 5167 1777 5227 idco

209 5254 420 5313 solum
463 5258 557 5313 est
589 5254 892 5332 objective
945 5256 1010 5315 in
1039 5257 1358 5319 intellectu
1399 5266 1608 5318 creato
1635 5258 1780 5319 abs-

3318 396 3435 458 313

1873 501 2156 578 seuquid
2182 501 2373 564 addat
2416 502 2535 562 hoc
2569 500 2888 562 decretum
2929 501 2990 562 in
3018 504 3187 576 Deo;
3220 507 3435 568 tamen

1871 594 1935 654 in
1970 596 2263 672 praesenti
2314 597 2550 656 nullam
2598 615 2826 656 novam
2856 596 3281 656 difficultatem
3336 597 3437 658 in-

1871 695 2120 767 gerunt.
2174 690 2330 750 Nam
2382 691 2688 769 posterior
2727 689 2908 763 rati0,
2945 696 3013 749 ut
3043 689 3123 748 ab
3151 690 3253 750 illa
3286 691 3433 751 inci-

1869 782 2154 862 piamuS,
2195 783 2295 843 vel
2340 783 2565 860 prohat
2628 785 2828 843 Deum
2880 800 3005 843 non
3054 800 3435 862 cognoscere

1873 893 2054 935 suum
2101 875 2425 937 decretum
2463 876 2727 937 liberum
2766 876 2831 935 in
2874 877 3103 955 seipse,
3138 879 3199 936 et
3250 883 3437 954 prout

1871 967 1933 1026 in
1980 986 2048 1029 se
2100 975 2215 1042 est,
2248 970 2416 1048 quod
2459 970 2592 1030 sine
2636 987 2845 1030 errore
2884 969 3003 1030 dici
3030 986 3157 1028 non
3188 975 3429 1048 potest;

1869 1061 1969 1122 vel
2010 1063 2163 1123 nihil
2222 1065 2465 1142 probat.
2501 1063 2827 1135 Probatur,
2858 1062 3026 1140 quia,
3084 1063 3137 1122 si
3186 1079 3439 1140 respec-

1872 1161 1975 1215 tus
2032 1155 2135 1216 ille
2174 1156 2431 1216 rationis
2462 1157 2547 1217 ita
2586 1156 2810 1217 dicitur
2838 1155 2987 1216 addi
3018 1174 3131 1235 per
3166 1157 3285 1216 hoc
3324 1156 3439 1217 de-

1873 1253 2135 1322 cretum,
2186 1255 2253 1310 ut
2304 1251 2381 1310 sit
2410 1251 2487 1311 de
2525 1250 2861 1311 intrinseca
2890 1250 3131 1310 ratione
3176 1250 3331 1327 ejuS,
3374 1254 3437 1310 et

1872 1341 2006 1400 sine
2042 1342 2145 1403 illo
2184 1345 2473 1424 cognosci
2509 1362 2638 1403 non
2674 1342 2888 1423 possit,
2938 1347 3001 1403 et
3047 1342 3275 1421 alioqui
3324 1360 3438 1403 ne-

1869 1447 2054 1519 gatur
2094 1439 2293 1498 Deum
2322 1437 2547 1498 intueri
2571 1443 2926 1516 respectum
2954 1435 3153 1511 illum,
3185 1441 3295 1495 aut
3321 1435 3437 1494 ha-

1866 1535 2019 1595 bere
2052 1533 2229 1593 illum
2274 1531 2577 1611 objective
2608 1531 2671 1590 in
2708 1547 2821 1592 suo
2872 1529 3211 1602 intellectu,
3244 1528 3433 1608 plane

1868 1627 2150 1707 sequitur
2185 1627 2387 1686 Deum
2442 1641 2569 1684 non
2626 1624 2852 1684 intueri
2901 1623 3001 1684 vel
3051 1639 3434 1702 cognoscere

1867 1739 2055 1782 suum
2098 1720 2445 1790 decretum,
2482 1718 2629 1796 quia
2664 1734 2793 1778 non
2836 1715 3159 1795 cognoscit
3184 1731 3435 1793 respec-

1867 1819 2023 1886 tum,
2077 1813 2181 1890 qui
2226 1814 2319 1872 est
2346 1811 2427 1872 de
2470 1811 2710 1871 ratione
2752 1809 2910 1888 ejuS.
2946 1809 3009 1870 Si
3068 1812 3278 1869 autem
3330 1807 3435 1868 ille

1865 1910 2191 1985 respectus
2228 1923 2373 1966 vere
2404 1922 2530 1964 non
2562 1909 2657 1964 est
2698 1903 2777 1964 de
2814 1903 3147 1963 intrinseca
3188 1901 3430 1962 ratione

1865 1999 2007 2061 talis
2046 1999 2299 2072 decreti,
2350 2003 2421 2058 ut
2458 2015 2679 2058 revera
2709 2015 2836 2056 non
2872 2002 2989 2070 est,
3025 1995 3296 2074 ideoque
3327 2011 3435 2055 co-

1868 2093 2087 2174 gnosci·
2114 2095 2318 2171 potest
2342 2091 2495 2152 illud
2520 2090 2843 2152 decretum
2872 2095 3059 2168 prout
3084 2089 3149 2148 in
3196 2105 3264 2148 se
3311 2093 3428 2160 est,

1866 2205 1995 2247 non
2024 2185 2353 2247 formando
2385 2201 2591 2264 neque
2620 2183 2918 2264 fingendo
2956 2183 3147 2244 talem
3186 2199 3433 2260 respec-

1865 2285 2024 2352 tum,
2054 2284 2124 2340 ut
2149 2296 2369 2339 revera
2404 2282 2635 2356 potest,
2670 2281 2731 2337 et
2760 2277 2923 2337 Deus
2970 2276 3103 2354 ipse
3134 2272 3288 2335 illud
3328 2291 3435 2335 co-

1867 2371 2131 2453 gnoscit,
2165 2377 2227 2433 et
2246 2371 2511 2432 fortasse
2542 2370 2731 2432 etiam
2762 2369 2961 2446 Beati,
3000 2368 3185 2449 plane
3226 2367 3435 2446 sequi-

1865 2473 1991 2540 tur,
2022 2466 2105 2526 ad
2152 2464 2660 2545 cognoscendum
2703 2463 3049 2538 decretum,
3088 2461 3435 2522 formaliter

1867 2559 2206 2640 loquend0‚
2250 2577 2377 2620 non
2422 2575 2559 2618 esse
2595 2557 3021 2618 necessarium
3050 2572 3432 2635 cognoscere

1865 2653 2203 2714 terminum
2240 2651 2403 2711 illius
2458 2655 2779 2728 respectus
2821 2655 2888 2709 ut
2919 2648 3007 2710 sic
3031 2693 3047 2722 ‚
3102 2655 3164 2709 et
3214 2665 3434 2709 conse-

1867 2751 2133 2826 quenter
2184 2745 2355 2824 prius
2382 2745 2622 2804 ratione
2669 2760 2854 2822 posse
2884 2742 3175 2822 cognosci
3220 2740 3433 2802 decre-

1868 2845 1997 2900 tum
2028 2838 2206 2910 illud,
2242 2845 2306 2899 et
2333 2836 2525 2898 inille
2556 2836 2706 2897 utin
2737 2855 2927 2898 causa
2955 2853 3139 2915 posse
3169 2851 3434 2912 cognos-

1867 2933 1922 2993 ci
1962 2951 2099 2993 rem
2146 2949 2285 2994 esse
2320 2931 2639 3004 futuram;
2674 2948 2789 3009 per
2820 2928 2992 3008 quod
3020 2929 3208 2989 etiam
3246 2924 3429 2988 facile

1866 3025 2282 3104 respondetur
2321 3024 2403 3084 ad
2454 3024 2726 3103 priorem
2781 3023 3131 3094 rationem,
3181 3037 3322 3099 quae
3376 3020 3431 3080 si

1867 3120 2101 3199 aliquid
2122 3120 2384 3193 valeret,
2414 3119 2603 3179 etiam
2640 3118 2937 3201 probaret
2966 3134 3093 3177 non
3120 3134 3257 3177 esse
3294 3132 3432 3175 rem

1863 3215 2139 3275 futuram
2174 3231 2251 3273 cx
2280 3212 2551 3285 decreto,
2586 3211 2695 3272 sed
2747 3210 2974 3290 potiuS,
3018 3227 3093 3270 ex
3144 3227 3220 3270 eo
3263 3206 3433 3286 quod

1864 3326 1969 3369 res
1999 3307 2210 3366 futura
2254 3312 2371 3377 est,
2417 3323 2555 3365 esse
2582 3304 2646 3364 in
2695 3305 2821 3364 Deo
2866 3302 3216 3376 decretum3
3264 3299 3434 3381 quod

1868 3400 2123 3461 omnino
2159 3399 2381 3459 falsum
2424 3402 2540 3459 est.
2589 3399 2665 3458 Et
2707 3397 2963 3474 sequela
3004 3401 3205 3475 patet,
3260 3394 3428 3473 quia,

1867 3512 1944 3555 ex
1974 3512 2049 3555 eo
2080 3493 2250 3573 quod
2276 3509 2380 3553 res
2410 3498 2505 3552 est
2548 3491 2779 3560 futura,
2816 3490 3041 3551 dicitur
3068 3489 3135 3549 in
3180 3490 3311 3549 Deo
3338 3506 3433 3548 rc-

1867 3588 2097 3648 sultare
2115 3593 2437 3665 respectus
2459 3603 2571 3663 per
2598 3602 2787 3664 quem
2814 3583 3155 3645 formaliter
3176 3588 3239 3643 et
3268 3598 3435 3641 com·-

1863 3681 2091 3760 pletive
2147 3680 2539 3741 constituitur
2592 3678 2935 3740 decretum.
2979 3678 3229 3739 Falsum
3280 3694 3433 3755 crgo

1868 3778 1963 3835 est
2014 3775 2133 3833 hoc
2162 3818 2181 3848 ,
2230 3772 2401 3852 quod
2442 3772 2813 3850 supponitur
2862 3779 3165 3849 tanquam
3208 3770 3435 3831 funda-

1865 3874 2147 3929 mentum
2194 3867 2357 3927 illius
2404 3866 2683 3926 rationis.
2717 3868 2905 3937 Nam,
2937 3884 3083 3926 cum
3109 3870 3433 3944 respectus

1866 3962 1970 4022 ille
2008 3978 2227 4023 revera
2250 3978 2377 4021 non
2410 3960 2487 4020 sit
2516 3959 2579 4019 in
2606 3958 2761 4032 Deo,
2798 3960 2911 4019 sed
2939 3960 3215 4039 fingatur
3238 3959 3318 4019 ab
3342 3959 3433 4017 in-

1865 4054 2139 4127 tellectu,
2172 4052 2341 4131 quod
2373 4052 2789 4112 extrinsecum
2830 4059 2925 4113 est
2968 4058 3030 4111 et
3077 4051 3433 4112 accidenta-

1862 4148 2050 4221 rium,
2088 4150 2151 4207 et
2180 4146 2501 4206 decretum
2547 4162 2695 4205 vere
2740 4150 2802 4205 et
2844 4145 3179 4205 intrinsece
3238 4144 3315 4204 sit
3366 4144 3431 4203 in

1864 4242 2011 4314 De0,
2046 4258 2174 4301 non
2205 4244 2411 4319 potest
2432 4238 2533 4298 ille
2560 4244 2883 4317 respectus
2918 4236 3253 4297 intrinsece
3284 4255 3435 4299 con-

1863 4334 2119 4394 stituere
2167 4333 2373 4410 ipsum
2414 4332 2777 4403 decretum;
2820 4336 2881 4390 et
2926 4330 3091 4402 idc0‚
3141 4329 3305 4405 licet,
3350 4328 3433 4389 ad

1862 4426 2231 4506 fingendum
2269 4428 2645 4503 respectum,
2700 4423 3126 4485 necessarium
3166 4423 3246 4483 sit
3272 4440 3435 4501 praa-

1864 4538 2243 4600 cognoscere
2260 4518 2620 4593 terminum,
2641 4536 2765 4579 non
2780 4537 2929 4579 vero
2950 4518 3031 4577 ad
3052 4534 3435 4597 cognoscen-

1864 4613 2013 4673 dum
2032 4614 2236 4691 ipsum
2258 4611 2959 4682 decretum.Unde‚cum
2978 4611 3203 4671 dicitur
3218 4610 3433 4673 decre-

1863 4712 1995 4768 tum
2036 4706 2299 4766 liberum
2338 4722 2465 4765 non
2496 4704 2729 4765 addere
2760 4706 2891 4765 Deo
2920 4705 3036 4765 nisi
3071 4710 3431 4784 respectum

1861 4798 2141 4873 rationis,
2188 4816 2315 4858 non
2374 4798 2515 4859 ideo
2543 4798 2767 4859 dicitur
2796 4804 2863 4858 ut
2903 4800 3247 4858 affirmetur
3292 4797 3432 4858 talis

1860 4897 2183 4969 respectus
2222 4908 2359 4951 esse
2392 4890 2469 4954 de
2512 4891 2849 4952 intrinseca
2886 4890 3128 4951 ratione
3172 4888 3427 4961 decreti,

1862 4984 1975 5044 sed
2018 4984 2219 5045 solum
2258 4989 2327 5043 ut
2366 4972 2635 5063 negetur
2676 4984 2795 5044 hoc
2833 4983 3153 5044 decretum
3196 4982 3430 5044 addere

1859 5076 1993 5137 Deo
2036 5094 2196 5150 rem,
2252 5083 2361 5137 aut
2388 5077 2647 5138 modum
2688 5076 2923 5137 realem
2956 5094 3079 5155 quo
3122 5077 3288 5137 Deus
3331 5092 3433 5134 ca-

1859 5188 2000 5230 rere
2030 5170 2371 5246 potuisset;
2411 5169 2679 5248 ideoque
2734 5170 2784 5229 si
2824 5168 2973 5248 quid
3010 5168 3357 5247 concipitur
3390 5186 3430 5228 a

1859 5262 2041 5323 nobis
2082 5269 2383 5341 tanquam
2428 5262 2733 5335 additum,
2778 5262 2981 5323 solum
3014 5280 3153 5322 esse
3186 5278 3431 5339 respec-

211 5346 470 5407 tractive
517 5355 956 5425 cognoscente.
1007 5351 1132 5413 Sed
1170 5352 1266 5411 hae
1317 5352 1590 5412 rationes
1633 5370 1782 5430 sup-
1856 5361 1991 5416 tum
2055 5356 2339 5417 rationis,
2388 5356 2551 5417 Nihil
2590 5374 2739 5435 ergo
2803 5356 3008 5415 obstat
3068 5354 3171 5414 illa
3224 5353 3383 5414 ratio
3408 5398 3425 5426 ,

205 5446 455 5517 ponunt
494 5440 748 5517 quidem
778 5440 948 5503 illam
976 5442 1400 5505 difficultatem
1451 5462 1778 5525 nunquam

1858 5448 2197 5527 quominus
2220 5457 2395 5510 actus
2414 5448 2835 5529 praedefinitus
2854 5452 3269 5528 cognoscatur
3288 5464 3426 5507 esse

205 5532 358 5594 satis
407 5533 800 5611 explicatam,
833 5535 1004 5614 quid,
1037 5536 1291 5613 scilicet,
1335 5539 1414 5599 sit
1442 5539 1774 5619 complete,
1856 5540 2105 5603 futurus
2132 5542 2198 5602 in
2219 5543 2493 5616 decretu,
2513 5560 2637 5621 quo
2660 5541 3105 5621 praedefinitur,
3124 5546 3425 5619 tanquam
