3850 6225
790 380 924 436 CAP.
961 380 1044 435 vl.
1077 379 1325 435 CAUSAM
1357 376 1596 433 mmm
1625 374 1796 430 mnu.
1823 372 2205 429 nscesssmo
2238 370 2565 435 innuens,
2594 370 2733 425 mc.

163 485 318 549 tione
344 482 638 557 mentali,
663 487 775 544 ant
799 482 1070 559 interna,
1102 481 1154 543 si
1184 480 1261 542 sit
1287 476 1725 541 intellectualis

163 580 252 641 vel
271 576 724 639 intentionalis.
749 577 830 637 At
845 594 1022 651 vero,
1047 575 1220 657 quod
1245 579 1387 655 post
1403 576 1724 651 receptam

166 677 220 734 et
253 677 696 733 conservatam
739 670 1054 743 virtutem,
1098 675 1160 731 et
1187 667 1422 729 factam
1453 664 1725 747 applica-

163 766 386 827 tionem
415 764 591 843 passi
613 762 714 825 vel
735 762 1014 824 materiae
1041 762 1474 839 sufficientem,
1511 759 1588 821 sit
1617 775 1722 819 ne-

164 858 424 921 ccssaria
461 876 632 919 nova
677 855 872 917 motio
916 855 1140 935 inipso
1182 860 1414 933 agente
1451 855 1722 931 ningat,

165 970 358 1031 neque
383 954 484 1013 est
513 969 762 1024 verum,
794 967 1002 1029 neque
1027 948 1108 1011 ab
1137 947 1464 1011 Aristotele
1499 944 1725 1007 alicubi

167 1046 226 1107 in
245 1048 363 1107 hoc
386 1063 586 1107 sensu
613 1044 933 1107 traditum.
966 1044 1094 1104 Nec
1121 1041 1256 1103 fieri
1284 1043 1492 1121 potest
1517 1040 1726 1117 aliqua

165 1140 392 1200 ratione
423 1137 794 1214 verisimile,
825 1135 972 1217 quia
1008 1135 1218 1197 nullus
1241 1133 1550 1197 terminus
1584 1132 1726 1194 talis

165 1230 448 1293 motionis
473 1276 491 1306 ,
537 1230 795 1291 nullave
849 1228 1190 1291 necessitas
1235 1226 1400 1289 illius
1463 1224 1726 1287 inveniri

165 1330 380 1407 potest.

243 1421 335 1480 12.
397 1418 682 1493 Qualiter
731 1418 816 1483 ad
845 1414 1139 1481 immobile
1187 1431 1428 1477 movens
1471 1411 1728 1496 physico

171 1514 442 1575 damu
487 1513 908 1593 perveniatur.
926 1542 1008 1555 —
1037 1508 1315 1584 Qualiter
1361 1506 1730 1589 metaphysi-

175 1625 232 1669 σο
267 1623 722 1687 propre-tam—
742 1604 869 1679 Quo
905 1606 1048 1667 item
1086 1606 1288 1683 pacto,
1334 1598 1560 1663 morali
1589 1616 1730 1679 yra-

176 1703 416 1765 dalion
441 1733 530 1747 —
561 1700 896 1761 DIscursus
951 1704 1163 1759 autem
1205 1696 1307 1757 ille
1368 1694 1447 1757 de
1504 1694 1730 1755 reduc-

175 1796 328 1857 tione
370 1796 568 1855 totius
597 1798 840 1855 naturae
871 1792 954 1853 ad
993 1789 1264 1871 primum
1308 1806 1569 1850 movens
1615 1788 1731 1849 im-

177 1888 414 1961 mobile,
455 1907 589 1949 non
625 1886 928 1949 fundatur
970 1885 1038 1945 in
1081 1890 1210 1945 tam
1251 1882 1495 1945 occulta
1544 1888 1606 1943 et
1643 1880 1732 1961 ig·

179 1987 311 2042 neta
342 1980 660 2053 motione;
709 1978 1071 2041 Aristoteles
1103 1977 1274 2038 enim
1305 1994 1385 2037 ex
1425 1973 1734 2035 sensibili-

177 2075 284 2136 bus
310 2074 640 2154 processit,
671 2092 806 2135 non
835 2092 912 2134 ex
935 2073 1034 2133 his
1053 2090 1191 2151 quae
1209 2090 1328 2133 nec
1353 2075 1564 2131 mente
1593 2086 1732 2147 per-

184 2169 504 2249 cipiuntur,
535 2167 776 2229 nedum
819 2184 1030 2229 sensu.
1085 2164 1304 2245 Igitur,
1355 2164 1406 2225 si
1446 2163 1558 2223 fiat
1594 2178 1732 2241 pro-

183 2280 418 2343 gressus
444 2261 550 2322 ille
597 2258 880 2341 physice,
913 2257 1212 2319 fundatur
1254 2256 1320 2317 in
1369 2254 1733 2317 reductione

181 2356 356 2417 totius
376 2354 694 2416 inferioris
712 2360 953 2415 naturae
975 2352 1058 2413 ad
1084 2356 1325 2413 motum
1353 2349 1515 2422 coeli,
1551 2368 1588 2409 a
1607 2365 1732 2427 quo

185 2468 288 2509 suo
311 2448 500 2509 modo
526 2447 790 2527 pendet,
819 2452 892 2507 ut
938 2444 1324 2524 experientia
1355 2449 1418 2505 et
1461 2442 1736 2523 pbiloso-

181 2542 320 2623 phia
347 2540 614 2613 docent;
645 2540 878 2603 coelum
906 2544 1120 2601 autem
1147 2538 1352 2618 ipsum
1379 2555 1507 2598 non
1541 2532 1738 2597 credi-

183 2643 276 2697 tur
303 2636 539 2697 moveri
559 2654 600 2695 a
627 2653 734 2706 se;
765 2651 915 2695 nam
945 2634 1038 2713 (ut
1075 2632 1485 2712 philosophus
1525 2630 1734 2709 sumit)

191 2748 378 2803 omne,
397 2728 578 2809 quod
605 2733 918 2801 movetur,
945 2726 1026 2788 ab
1056 2725 1178 2786 alio
1201 2730 1523 2798 movetur3
1558 2729 1620 2786 et
1649 2723 1734 2783 ita

192 2821 608 2902 investigando
635 2824 946 2883 meterem
987 2819 1146 2899 ejuS,
1191 2818 1478 2899 pervenit
1503 2816 1738 2878 Aristo-

194 2916 329 2977 teles
355 2916 436 2976 ad
461 2934 670 2975 unum
695 2914 968 2993 primum
993 2918 1300 2973 meterem
1324 2910 1733 2971 immobilem.

203 3011 254 3071 Si
273 3015 472 3069 autem
501 3008 614 3068 illa
635 3006 920 3069 reductio
959 3005 1068 3067 fiat
1113 3003 1564 3085 metaphysice,
1597 3000 1738 3063 fun-

203 3104 354 3164 datur
381 3104 453 3164 in
493 3101 920 3183 dependentia
963 3119 1154 3180 quam
1196 3099 1398 3160 omnis
1425 3117 1530 3160 res
1565 3115 1740 3160 crea-

195 3204 246 3260 ta
268 3199 446 3258 habet
475 3196 558 3258 ab
577 3196 728 3268 alio,
748 3195 966 3256 tamin
989 3212 1127 3255 esse
1149 3211 1340 3272 quam
1364 3193 1426 3252 in
1451 3190 1698 3272 agendo
1717 3209 1734 3264 ς

197 3292 270 3352 sic
297 3291 464 3352 enim
508 3289 704 3366 longe
737 3287 978 3349 certius·
1012 3293 1107 3348 est
1151 3305 1361 3358 omne,
1413 3284 1583 3365 quod
1612 3302 1738 3344 non

197 3391 274 3445 est
297 3403 334 3444 a
361 3401 457 3457 se,
503 3381 942 3443 reducendum
989 3398 1126 3442 esse
1171 3379 1253 3442 ad
1298 3378 1534 3458 aliquid
1571 3376 1742 3458 quod

193 3497 302 3538 non
327 3478 405 3538 sit
434 3475 517 3536 ab
547 3475 674 3536 alio
699 3492 718 3547 ;
747 3477 833 3551 et,
859 3473 1028 3554 quod
1059 3493 1096 3534 a
1117 3492 1186 3535 se
1214 3492 1344 3535 non
1374 3473 1526 3552 agit,
1559 3471 1743 3534 redu-

191 3573 442 3634 cendum
475 3588 618 3632 esse
648 3567 732 3631 ad
759 3569 929 3630 aliud
953 3569 1016 3630 in
1045 3587 1170 3648 quo
1191 3569 1423 3630 nitatur
1455 3566 1520 3628 in
1549 3585 1744 3648 agen-

189 3665 280 3738 da,
331 3672 394 3728 et
432 3665 524 3726 ita
563 3663 924 3726 necessario
975 3667 1069 3724 est
1113 3660 1608 3743 perveniendum
1661 3659 1744 3720 ad

188 3757 426 3838 aliquod
457 3776 575 3836 per
614 3773 682 3817 se
719 3773 832 3817 ens
878 3761 942 3816 et
984 3773 1098 3835 per
1137 3771 1206 3816 se
1239 3771 1474 3833 agens;
1523 3759 1586 3814 et
1623 3752 1746 3814 hoc

187 3853 359 3913 modo
388 3851 721 3912 discursus
758 3849 859 3910 hic
882 3848 1068 3927 longe
1095 3848 1324 3910 certius
1353 3845 1602 3906 fundari
1634 3862 1748 3925 po-

187 3951 294 4007 test
316 3945 382 4004 in
407 3961 728 4005 concursu
753 3941 1034 4024 generali
1057 3941 1272 4022 primae
1301 3957 1530 4014 causoe,
1556 3955 1746 4019 quem

189 4036 630 4116 explicuimus,
677 4053 870 4115 quam
898 4035 962 4094 in
993 4033 1095 4094 illa
1143 4033 1386 4096 occulta
1419 4032 1736 4104 motione;

191 4151 320 4192 nam
356 4132 464 4192 ille
492 4147 866 4203 concursuS,
899 4128 1046 4190 licet
1076 4145 1266 4188 sensu
1285 4144 1412 4187 non
1444 4124 1743 4206 percipia-

191 4233 296 4300 tur,
321 4232 544 4288 tamen
581 4222 826 4284 ratione
879 4228 1164 4283 constare
1207 4226 1413 4300 potest
1448 4239 1460 4281 :
1497 4219 1602 4280 illa
1653 4223 1746 4278 ta-

193 4337 322 4380 men
362 4318 564 4380 metio
593 4335 714 4378 nec
742 4333 930 4377 sensu
947 4333 1068 4377 nec
1095 4315 1336 4376 ratione
1373 4313 1741 4376 ostenditur.

197 4413 252 4474 Si
271 4413 544 4492 denique
567 4411 834 4472 velimus
861 4409 1296 4471 reductionem
1335 4407 1506 4469 illam
1537 4407 1747 4468 facere

196 4504 650 4584 quodammodo
667 4503 1008 4576 moraliter,
1036 4501 1285 4562 fundari
1311 4506 1518 4580 potest
1536 4501 1600 4562 in
1621 4500 1751 4562 illa-

196 4604 312 4660 met
328 4597 612 4660 sensibili
631 4596 1046 4677 applicatione
1073 4595 1396 4678 agentium
1418 4599 1480 4656 et
1507 4593 1753 4675 patien-

201 4693 359 4766 tiam,
389 4710 588 4772 quam
615 4695 858 4752 constat
882 4708 1018 4751 esse
1044 4687 1127 4750 ad
1153 4687 1432 4750 actiones
1459 4687 1752 4768 physicas

203 4786 644 4858 necessariam;
677 4785 816 4846 haee
857 4783 1024 4845 enim
1060 4782 1170 4845 tali
1213 4781 1432 4844 ordine
1461 4800 1534 4842 ac
1561 4779 1752 4842 modo

205 4878 264 4939 fit
286 4880 346 4940 in
369 4878 668 4944 universo
715 4877 780 4938 in
827 4877 1046 4940 ordine
1091 4874 1177 4938 ad
1211 4874 1750 4938 conservationem

213 4972 352 5049 ejus,
375 4989 490 5051 per
511 4970 843 5032 continuas
863 4968 1304 5050 generationes
1325 4975 1388 5030 et
1405 4966 1753 5048 corruptio-

215 5082 332 5138 nes,
373 5072 440 5126 ut
477 5070 726 5127 eertum
766 5064 1014 5144 signum
1045 5062 1124 5124 sit
1160 5061 1348 5124 unius
1389 5059 1573 5141 primi
1621 5078 1754 5122 mo-

219 5159 392 5219 ventis
415 5204 432 5232 ‚
485 5177 600 5220 seu
647 5155 1064 5240 gubernantis
1111 5161 1174 5218 et
1224 5154 1570 5217 ordinantis
1615 5153 1754 5216 haec

229 5251 404 5312 omnia
435 5252 514 5314 ad
561 5253 734 5313 hunc
785 5249 1013 5323 finem3
1045 5249 1152 5311 illa
1186 5267 1338 5330 ergo
1379 5248 1502 5310 alia
1559 5247 1752 5312 motio

231 5344 430 5408 occulta
469 5351 561 5408 est
591 5362 860 5426 prorsus
891 5342 1124 5405 inutilis
1151 5349 1215 5404 et
1245 5341 1532 5404 conficta.

3284 359 3365 423 29

1808 584 2093 651 Secunda
2120 600 2330 657 cauea,
2360 582 2430 645 in
2468 598 2577 645 suo
2612 598 2823 663 amre
2847 580 3091 663 integra
3118 580 3372 663 eomple-

1887 683 2088 760 taque,
2134 676 2303 739 nullo
2338 674 2563 759 proevio
2592 674 3011 759 complemento
3060 676 3145 737 ad
3185 674 3373 738 actio-

1885 790 2021 835 mn
2045 768 2297 855 indiqu.

1893 957 1991 1018 13.
2038 952 2317 1015 Tertium
2358 970 2615 1027 nomen,
2662 952 2810 1014 huic
2841 950 3087 1033 praevioe
3140 950 3369 1013 actioni

1808 1050 2198 1122 attributum,
2232 1052 2389 1121 erat,
2417 1046 2587 1126 quod
2634 1050 2801 1107 esset
2842 1044 3371 1125 complementum

1805 1142 2049 1207 virtutis
2092 1158 2299 1203 causae
2346 1138 2636 1201 secundm
2664 1138 2746 1201 ad
2776 1139 3115 1221 agendum.
3146 1139 3217 1201 In
3246 1156 3371 1221 que

1808 1242 2051 1301 certum
2092 1239 2227 1309 est,
2262 1230 2789 1313 quandocumque
2832 1232 3134 1313 contingit
3188 1232 3375 1293 virtu-

1807 1337 1939 1394 tem
1973 1345 2177 1391 causae
2222 1326 2517 1389 secundae
2546 1344 2685 1389 esse
2714 1326 3155 1406 incompletam
3184 1344 3259 1388 ac
3286 1325 3376 1386 di-

1809 1424 2139 1495 minutam,
2194 1420 2244 1480 si
2296 1419 2631 1481 intrinsece
2678 1426 2739 1480 et
2779 1420 2845 1479 in
2885 1438 3119 1499 genere
3166 1436 3371 1481 causae

1809 1517 2107 1599 proximae
2147 1512 2507 1595 principalis
2556 1510 2923 1593 complenda
2970 1514 3071 1590 sit,
3100 1514 3375 1591 aliquem

1811 1612 1999 1673 situm
2027 1608 2127 1670 vel
2154 1606 2521 1687 qualitatem
2562 1606 2619 1667 ei
2676 1604 3013 1685 superaddi
3058 1612 3371 1685 oportere,

1811 1724 1954 1785 quae
2012 1720 2127 1782 per
2171 1700 2481 1761 actionem
2532 1698 2827 1779 praeviam
2880 1698 3237 1760 necessario
3280 1696 3377 1759 fa-

1812 1796 2034 1859 cienda
2062 1799 2178 1867 est,
2208 1794 2471 1873 ejusque
2498 1790 2761 1853 actionis
2790 1797 3007 1853 auctor
3036 1792 3153 1854 erit
3182 1793 3373 1865 Deus,

1810 1890 1912 1954 vel
1942 1889 2135 1961 solus,
2180 1886 2230 1947 si
2262 1904 2377 1947 sna
2416 1890 2659 1947 tantum
2692 1884 2917 1947 virtute
2964 1884 3275 1965 compleat
3315 1888 3379 1946 et

1809 1985 2093 2067 perficiat
2116 1982 2238 2043 vim
2270 1980 2645 2043 effectricem
2678 1985 2999 2055 creaturae,
3030 1982 3101 2041 ut
3124 1980 3375 2059 quando

1813 2078 2053 2141 homini
2092 2073 2599 2156 supernaturales
2642 2071 2891 2134 habitus
2925 2071 3232 2147 infundit3
3278 2070 3379 2135 vel

1815 2168 2215 2251 cooperando
2256 2185 2401 2229 cum
2432 2166 2553 2227 alia
2588 2184 2778 2229 causa
2812 2165 3111 2241 secunda,
3142 2184 3283 2245 quae
3314 2166 3378 2226 in
3476 2196 3495 2213 κ

1815 2264 2003 2327 aliam
2052 2264 2405 2323 creaturam
2445 2262 2614 2340 agat,
2659 2264 2728 2320 ut
2773 2258 2901 2320 vim
2938 2258 3077 2341 ejus
3118 2258 3381 2321 effectri-

1817 2376 1957 2420 cem
2007 2354 2293 2437 perficiat
2312 2370 2335 2433 3
2392 2358 2459 2415 ut
2512 2349 2769 2432 quando
2818 2350 3135 2432 objectum
3194 2351 3383 2414 efficit

1817 2451 2094 2530 speciem
2154 2448 2219 2509 in
2276 2446 2449 2520 visu,
2489 2462 2681 2525 quam
2731 2444 2915 2507 etiam
2976 2445 3145 2507 Deus
3194 2442 3382 2506 efficit

1817 2542 2097 2623 generali
2130 2560 2439 2603 concursu
2464 2559 2501 2600 a
2521 2538 2703 2601 nobis
2732 2538 3020 2619 superius
3046 2538 3375 2619 explicato.

1817 2638 1997 2701 Nunc
2034 2654 2181 2699 vero
2206 2654 2337 2695 non
2368 2634 2487 2695 hec
2526 2632 2794 2713 agimus,
2824 2632 2937 2693 sed
2959 2632 3275 2713 loquimur
3300 2630 3381 2693 de

1818 2747 2011 2792 causa
2044 2726 2320 2790 secunda
2347 2726 2619 2787 habente
2638 2726 2773 2805 jam
2800 2725 3093 2792 virtutem
3125 2724 3377 2806 agendi,

1818 2824 1884 2885 in
1918 2839 2035 2883 suo
2076 2838 2309 2901 genere
2350 2819 2727 2898 completam
2760 2823 2821 2880 et
2843 2818 3177 2899 integram,
3226 2836 3379 2899 qua·

1817 2918 1945 2979 lem
1974 2915 2165 2977 habet
2190 2914 2283 2975 sol
2327 2913 2407 2974 ad
2437 2912 2936 2986 illuminandum,
2968 2912 3131 2993 ignis
3157 2911 3238 2975 ad
3280 2929 3385 2973 ca-

1817 3010 2262 3083 lefaciendum,
2316 3008 2485 3069 visus
2538 3007 2747 3086 specie
2798 3014 2861 3068 et
2900 3007 3137 3069 lumine
3196 3006 3385 3069 infor-

1819 3110 2027 3167 matus
2086 3102 2170 3164 ad
2208 3100 2591 3178 videndum;
2624 3106 2687 3163 et
2727 3100 3039 3177 voluntas,
3072 3106 3381 3182 praesente

1823 3198 2065 3278 objecto
2098 3201 2161 3258 et
2179 3195 2413 3276 judicio
2452 3194 2823 3268 intellectae,
2881 3194 2962 3256 ad
3006 3195 3383 3256 eliciendum

1822 3297 2032 3353 actum
2072 3289 2307 3351 ordinis
2348 3288 2673 3350 naturalis.
2724 3289 2793 3348 In
2823 3287 2921 3348 his
2970 3306 3121 3368 erge
3178 3288 3385 3350 causis

1821 3383 2067 3446 nullum
2094 3383 2301 3462 majus
2336 3381 2869 3462 complementum
2904 3381 3147 3442 virtutis
3170 3399 3385 3444 neces-

1823 3477 2055 3540 sarium
2085 3481 2215 3550 est;
2252 3493 2401 3555 ergo
2453 3493 2530 3537 ex
2562 3475 2623 3536 vi
2668 3473 3197 3536 subordinationis
3238 3493 3385 3536 can-

1823 3589 1908 3632 sae
1938 3570 2229 3632 secundm
2260 3569 2341 3630 ad
2373 3569 2663 3649 primam,
2692 3567 2797 3628 illa
2828 3568 3059 3648 praevia
3082 3569 3268 3642 aetio,
3304 3567 3387 3630 ad

1823 3665 1993 3726 hunc
2038 3663 2231 3726 finem
2282 3662 2635 3742 complendi
2684 3663 2977 3724 virtutem
3026 3680 3231 3724 causae
3288 3679 3390 3723 se-

1825 3756 2071 3829 cundae,
2108 3775 2236 3819 non
2271 3763 2367 3818 est
2397 3755 2775 3818 necessaria.
2818 3755 3127 3816 Probatur
3168 3773 3388 3818 conse-

1827 3851 2082 3932 quentia
2102 3897 2118 3925 ,
2160 3849 2309 3930 quia
2364 3868 2493 3912 non
2548 3849 2753 3911 solum
2794 3851 3181 3929 superfluum
3208 3895 3225 3924 ,
3276 3849 3389 3912 sed

1829 3945 2019 4006 etiam
2046 3941 2427 4022 impossibile
2468 3941 2736 4016 videtur,
2764 3941 3001 4022 aliquid
3036 3941 3155 4004 sub
3184 3961 3259 4003 ea
3286 3961 3391 4004 ra-

1823 4037 1994 4100 tione
2036 4033 2358 4116 compleri,
2388 4033 2505 4096 snb
2532 4053 2659 4114 qua
2684 4035 2821 4115 jam
2846 4036 3225 4116 completum
3254 4041 3383 4109 est;

1825 4130 1940 4194 sed
1992 4147 2183 4192 causa
2226 4127 2503 4191 secunda
2540 4147 2867 4208 nunquam
2925 4128 3271 4190 extrahitur
3308 4127 3391 4190 ab

1826 4222 2047 4287 ordine
2076 4239 2283 4284 causae
2322 4221 2637 4294 secundae,
2674 4227 2736 4283 et
2776 4221 2842 4284 in
2882 4221 2989 4282 illo
3020 4221 3393 4302 supponitur

1829 4316 2209 4396 completam
2243 4316 2537 4376 virtutem
2571 4313 2843 4389 babere;
2893 4332 3024 4376 non
3050 4333 3227 4395 ,ergo
3276 4333 3393 4376 ne-

1785 4439 1796 4448 ⁴
1829 4427 2005 4474 cesse
2043 4414 2136 4472 est
2184 4407 2451 4488 amplius
2500 4405 2831 4487 compleri,
2862 4406 2989 4468 imo
3048 4413 3215 4470 certe
3260 4426 3391 4469 non

1830 4507 2054 4585 potest.
2096 4503 2313 4566 Posset
2352 4501 2607 4583 quidem
2647 4501 2841 4574 Deus,
2886 4501 2937 4564 si
2979 4499 3188 4575 vellet,
3221 4501 3391 4562 illam

1836 4599 2125 4660 virtutem
2151 4595 2565 4675 multiplicare
2604 4601 2665 4656 et
2693 4611 2929 4674 augere
2958 4640 2975 4669 ,
3020 4600 3090 4657 ut
3132 4593 3395 4657 effectus

1834 4698 1945 4754 ant
1984 4691 2165 4754 citius
2204 4689 2407 4764 fieret,
2452 4693 2561 4750 aut
2602 4687 2906 4750 intensior
2927 4733 2944 4761 ,
2998 4692 3109 4750 aut
3154 4687 3391 4752 fortiori

1831 4786 2057 4848 virtute
2080 4803 2096 4858 ς
2129 4782 2242 4846 sed
2267 4784 2388 4846 hoc
2421 4801 2541 4846 nec
2560 4781 2685 4844 diei
2710 4785 2917 4864 potest
2940 4782 3389 4858 necessarium,

1833 4899 1951 4942 nec
1990 4876 2394 4942 connaturale
2428 4895 2632 4940 causa».
2666 4875 2983 4949 secundae,
3026 4875 3077 4938 si
3105 4877 3243 4956 ipsa
3264 4894 3395 4938 non

1831 4972 2103 5055 postulet
2152 4977 2389 5034 tantam
2435 4971 2762 5045 virtutem;
2811 4969 3135 5050 multoque
3184 4972 3395 5034 minus

1833 5066 1953 5130 dici
1979 5070 2184 5145 potest
2212 5065 2333 5126 hoc
2358 5063 2672 5145 pertinere
2696 5063 2778 5125 ad
2820 5062 3395 5126 subordinationem

1834 5178 2041 5223 causae
2069 5157 2358 5221 secundae
2392 5156 2473 5220 ad
2504 5157 2809 5236 primam3
2840 5157 2992 5217 satis
3016 5157 3185 5219 enim
3216 5160 3399 5218 estut

1835 5260 1984 5336 agat
2008 5252 2232 5316 minori
2256 5252 2632 5327 intensione,
2658 5251 3009 5326 velocitate,
3056 5269 3129 5312 ac
3156 5250 3397 5312 fortitu·

1836 5349 2007 5421 dine,
2041 5352 2104 5408 et
2132 5347 2217 5408 ita
2258 5365 2387 5408 non
2426 5343 2731 5426 indigebit
2758 5345 2881 5406 hoc
2908 5344 3392 5425 complementO,

1839 5440 2050 5522 egebit
2097 5446 2310 5501 tamen
2378 5437 2887 5500 subordinatione
2954 5441 3017 5499 et
3088 5453 3397 5499 concursu

1840 5551 2047 5598 causoe
2073 5533 2325 5614 primae3
2358 5550 2509 5613 ergo
2540 5548 2880 5594 concursus
2904 5547 3021 5610 per
3057 5547 3123 5593 se
3164 5534 3225 5592 et
3254 5529 3399 5590 sim-
