3850 6225
511 347 632 407 256

511 451 757 514 ticulari
789 449 1065 526 definiti3
1105 470 1312 534 neque
1353 454 1472 516 hoc
1521 457 1722 536 magis
1765 459 2079 535 repugnat

513 544 806 618 libertati,
827 561 1016 621 quam
1039 544 1259 608 electio
1287 546 1368 608 ad
1395 548 1682 628 gloriam,
1710 555 1779 610 ut
1801 567 1878 609 ex
1897 549 2077 609 dictis

513 645 706 718 patet.

511 835 704 901 Actus
729 837 1219 919 supernaturales
1248 837 1552 902 hominum
1577 840 1981 920 reproborum,
1998 857 2079 902 au

988 929 1360 1012 proedefiuiti
1413 937 1580 995 sunt.

604 1106 694 1166 15.
751 1103 835 1164 De
864 1103 1047 1164 tertio
1095 1103 1312 1165 ordine
1357 1108 1609 1162 actuum
1641 1108 2083 1182 supernatura-

513 1197 688 1269 lium,
737 1197 842 1276 qui
884 1197 1040 1256 fiunt
1085 1215 1120 1255 a
1151 1195 1456 1273 reprobiS,
1485 1215 1587 1256 res
1631 1201 1726 1256 est
1751 1196 1954 1275 magis
1986 1199 2083 1256 in-

517 1297 689 1352 certa
719 1335 734 1364 ,
797 1308 947 1350 nam
1010 1288 1396 1368 Augustinus
1463 1289 1777 1350 interdum
1839 1289 2083 1350 videtur

515 1385 788 1446 tribuere
843 1383 962 1444 hoc
1011 1382 1387 1443 beneficium
1434 1383 1720 1462 specialis
1762 1382 2081 1443 electionis

517 1485 578 1539 et
625 1477 966 1539 vocationis
995 1476 1141 1537 solis
1169 1475 1645 1554 praedestinatis
1703 1475 1878 1538 Unde
1925 1475 2083 1537 libro

514 1572 594 1632 de
623 1572 914 1632 Praedest.
951 1571 1185 1643 Sanct.,
1207 1589 1260 1630 c.
1297 1571 1394 1642 16,
1419 1571 1504 1628 sic
1542 1569 1774 1648 inquit:
1802 1565 1905 1630 Aa
1932 1571 2085 1633 Itane

513 1667 880 1728 vocationem
921 1667 1024 1746 qui
1060 1663 1389 1744 pertinent,
1429 1681 1628 1726 omues
1677 1669 1824 1724 sunt
1872 1662 2085 1726 docibi-

515 1759 604 1820 les
617 1757 731 1820 Dei
751 1784 775 1830 ‚·
801 1762 864 1818 et
892 1757 1090 1818 infra:
1143 1754 1356 1817 Omnes
1388 1751 1666 1819 docibiles
1694 1755 1810 1818 Dei
1837 1749 2087 1818 veniunt

515 1855 598 1917 ad
629 1849 899 1924 Filium;
933 1856 993 1911 et
1039 1849 1325 1909 inferius:
1368 1850 1642 1910 Istorum
1685 1853 1881 1912 autem
1921 1866 2088 1910 nemo

505 1949 696 2028 perit,
733 1947 880 2028 quia
909 1962 1074 2007 omne
1111 1943 1268 2022 quod
1310 1941 1469 2004 dedit
1498 1941 1550 2004 ei
1577 1941 1771 2005 Pater
1806 1961 1926 2004 uon
1950 1961 2090 2022 per-

516 2042 612 2103 det
637 2057 710 2101 eo>
735 2056 797 2102 eo
824 2038 1146 2120 quidquam
1161 2060 1188 2108 ;
1203 2035 1478 2116 quisquis
1497 2053 1634 2117 erqo
1663 2033 1933 2109 tndem,
1966 2053 2089 2095 om-

515 2135 658 2196 nino
688 2151 805 2194 uou
819 2131 1001 2212 perit,
1029 2147 1131 2190 uec
1153 2129 1272 2191 erit
1290 2127 1426 2191 inde
1451 2128 1552 2208 qui
1566 2135 1797 2209 pereat.
1821 2128 2090 2211 Propter

515 2227 676 2308 quod
691 2226 988 2307 scriptum
1017 2228 1143 2284 est:
1173 2223 1282 2282 Eu
1325 2221 1491 2282 nobis
1519 2219 1814 2294 exierunt,
1839 2223 1947 2284 sed
1970 2239 2088 2283 nou

515 2326 694 2383 erant
724 2339 796 2382 ecc
823 2319 990 2380 uobis
1005 2343 1030 2390 ;
1057 2333 1222 2392 uam,
1249 2315 1306 2376 si
1322 2313 1584 2383 fuissent
1612 2334 1684 2377 ex
1704 2315 1887 2390 uobis,
1919 2334 2089 2378 maa-

515 2415 742 2477 sisseut
769 2413 974 2493 utique
997 2409 1320 2472 uobiscum.
1343 2410 1416 2468 Et
1442 2409 1484 2468 l.
1511 2409 1589 2468 de
1619 2409 1788 2470 Corr.
1813 2414 1872 2469 et
1899 2415 2087 2488 grat„

517 2526 571 2567 c.
607 2510 668 2581 7,
701 2507 789 2567 sic
832 2503 1064 2584 inquit:
1105 2501 1223 2576 Qui
1261 2501 1706 2582 perseveraturi
1760 2519 1878 2562 uon
1919 2505 2090 2577 sunt,

510 2599 900 2680 proculdubio
928 2615 1109 2676 neque
1151 2615 1212 2659 eo
1253 2600 1526 2675 tempore,
1576 2611 1688 2676 quo
1716 2596 1852 2656 bene
1878 2595 2093 2676 pieque

515 2692 751 2768 vivunt,
787 2693 856 2754 in
909 2689 1027 2752 isto
1056 2706 1300 2750 numero
1332 2687 1714 2768 computandi
1758 2694 1925 2760 suut,
1977 2705 2096 2748 nou

517 2786 675 2848 enim
699 2791 905 2849 sunta
939 2801 1146 2846 massa
1157 2781 1524 2865 perditionis
1545 2778 1942 2862 proescieutia
1982 2780 2098 2842 Dei

517 2883 575 2941 et
593 2878 1132 2960 praedestinatione
1157 2877 1428 2938 discreti.
1467 2874 1559 2937 Et
1598 2874 1727 2936 ideo
1756 2890 1859 2936 nec
1887 2891 2097 2936 secuu-

517 2974 658 3034 dum
681 2972 1060 3054 propositum
1087 2969 1307 3042 vocati,
1359 2987 1428 3032 ac
1463 2987 1576 3048 per
1621 2968 1726 3029 hoc
1765 2982 1871 3028 uec
1898 2965 2091 3039 electi,

516 3066 623 3129 sed
641 3065 709 3127 iu
723 3065 812 3128 eis
831 3063 1026 3127 vocati
1052 3064 1120 3127 de
1133 3063 1346 3145 quibus
1367 3063 1592 3125 dictum
1615 3067 1727 3123 est:
1744 3061 1822 3123 M
1823 3058 2097 3122 ultisuut

518 3160 720 3223 vocati
735 3185 762 3231 ;
795 3164 850 3222 et
879 3175 999 3219 nou
1040 3159 1108 3219 iu
1136 3157 1219 3219 eis
1248 3158 1316 3219 de
1343 3155 1554 3237 quibus
1601 3154 1865 3217 dictum:
1893 3152 2096 3215 Pauci

517 3272 656 3317 vero
699 3252 888 3316 electi.
945 3251 1199 3314 Accedit
1231 3248 1401 3329 quod
1430 3248 1608 3309 divus
1634 3249 1926 3321 ThomaS,
1971 3246 2093 3327 pri-

518 3366 624 3409 ma
653 3354 853 3427 parte,
885 3352 1103 3425 quaest.
1143 3346 1244 3417 23,
1278 3344 1520 3404 articul.
1559 3343 1849 3423 septimo,
1881 3342 2087 3417 docet,

519 3460 854 3503 numerum
895 3440 1308 3520 reproborum
1336 3456 1473 3499 esse
1515 3444 1756 3499 certum
1783 3437 1848 3497 in
1879 3436 2089 3497 divina

520 3534 934 3615 praescientia,
971 3551 1100 3594 non
1134 3537 1344 3593 tamen
1375 3550 1451 3592 ex
1497 3530 1704 3591 divina
1733 3527 2091 3609 praefinitio-

520 3647 626 3703 ne,
676 3628 833 3689 sicut
883 3630 976 3687 est
1013 3644 1314 3686 numerus
1359 3624 1967 3705 praedestinatorum.
1999 3624 2089 3685 Ex

523 3741 649 3801 quo
676 3720 981 3801 colligitur
1001 3720 1204 3799 ipsum
1233 3736 1392 3793 esse,
1414 3736 1527 3779 seu
1547 3718 1715 3797 ipsas
1738 3717 2088 3797 generatio·

520 3833 634 3875 nes
661 3814 1096 3895 reproborum,
1113 3829 1240 3873 non
1259 3830 1394 3873 esse
1427 3829 1506 3873 ex
1534 3811 1788 3891 speciali
1817 3809 2091 3889 praefini-

521 3909 692 3970 tione
721 3908 856 3979 Dei,
889 3907 1001 3968 sed
1031 3926 1108 3968 ex
1140 3906 1418 3987 generali
1448 3904 1838 3985 providentia
1869 3910 1932 3965 et
1957 3923 2091 3965 cur-

521 4022 598 4065 su
629 4019 984 4075 causarum,
1029 4000 1255 4079 quibus
1302 4001 1467 4061 Deus
1520 3998 1842 4078 cooperari
1891 4002 2097 4077 potest

521 4090 759 4174 absque
812 4093 1306 4174 praedefinitione
1359 4091 1634 4173 speciali,
1676 4109 1816 4171 quae
1869 4108 2095 4152 secun-

522 4190 674 4250 dum
735 4189 1045 4249 rationem
1095 4187 1460 4260 antecedat3
1511 4186 1670 4247 sicut
1722 4185 1956 4246 ibidem
2016 4184 2090 4245 D.

519 4284 793 4343 Thomas
838 4282 944 4353 ait,
993 4299 1328 4342 numerum
1365 4279 1582 4353 boum,
1636 4278 1736 4340 vel
1796 4278 2087 4351 culicum,

521 4382 584 4437 et
613 4376 877 4437 aliorum
907 4374 1290 4455 hujusmodi,
1327 4392 1454 4433 non
1485 4390 1621 4434 esse
1665 4390 1779 4452 per
1820 4390 1886 4432 se
1932 4390 2094 4451 prae-

522 4470 878 4531 ordinatum
910 4489 945 4529 a
975 4472 1140 4542 Deo;
1173 4487 1323 4549 ergo
1355 4466 1550 4529 multo
1574 4467 1783 4528 minus
1809 4470 1994 4527 erunt
2016 4482 2093 4526 ex

521 4562 1014 4644 pra-,definitione
1046 4563 1156 4624 Dei
1199 4570 1373 4625 actus
1403 4562 1764 4642 hujusmodi
1791 4560 2094 4641 reprobo-

519 4675 698 4729 rum;
731 4674 882 4717 nam
913 4656 1100 4717 etiam
1133 4656 1196 4716 hi
1222 4662 1486 4735 possunt
1519 4655 1699 4735 sequi
1729 4674 1805 4715 ex
1829 4672 2091 4735 genera-

522 4750 562 4810 li
588 4748 976 4829 providentia
998 4748 1232 4829 gratiae,
1267 4748 1508 4809 etiamsi
1531 4751 1698 4809 Deus
1723 4746 1979 4828 speciali
2002 4748 2091 4807 in-

519 4842 798 4904 tentione
829 4842 968 4903 illos
1010 4861 1137 4902 non
1175 4842 1494 4922 praefiniat.
1541 4844 1616 4903 Et
1662 4840 2085 4915 confirmatur,

519 4954 670 4995 nam
717 4934 835 4995 hac
867 4934 1109 4995 ratione
1151 4934 1386 4996 dictum
1425 4941 1520 4996 est
1549 4952 1760 5013 supra,
1794 4934 1951 4993 libro
1994 4951 2089 4993 se-

521 5027 907 5101 cundo,·non
937 5046 1157 5088 omnes
1183 5033 1356 5088 actus
1378 5027 1580 5087 bonos
1603 5027 1920 5088 moraliter
1951 5042 2087 5087 esse

521 5140 596 5182 ex
645 5120 899 5201 speciali
961 5120 1373 5200 praefinitione
1431 5120 1638 5181 divina
1681 5138 1696 5192 ;
1765 5118 1910 5197 quia
1960 5136 2091 5179 non

520 5234 741 5277 omnes
790 5214 1160 5277 ordinantur
1206 5233 1244 5274 a
1289 5214 1417 5274 Deo
1458 5215 1539 5275 ad
1585 5214 1856 5292 aliquem
1897 5212 2091 5274 finem

521 5308 872 5389 specialiter
901 5310 981 5369 ab
1013 5308 1149 5387 ipso
1196 5308 1528 5381 intentum,
1577 5311 1638 5368 et
1669 5305 1924 5367 aliunde
1956 5304 2091 5367 fieri

520 5408 786 5482 possunt
825 5420 968 5464 cum
999 5401 1278 5481 generali
1318 5419 1627 5462 concursu
1665 5406 1937 5473 naturae;
1980 5399 2092 5460 sed

523 5498 712 5559 etiam
743 5502 914 5557 actus
946 5495 1454 5575 supernaturales
1495 5494 1908 5575 reproborum
1954 5492 2091 5553 fieri

1359 353 1569 408 OPUSC.
1607 355 1645 416 1,
1683 355 1796 407 Lm.
1835 355 1918 406 111.
1958 355 2037 406 DE
2070 355 2343 409 Auxtuls
2374 358 2607 411 Divum
2637 358 2901 411 cunm.

2159 465 2417 536 possunt
2449 477 2591 520 cum
2621 458 2896 536 generali
2926 475 3233 518 concursu
3256 455 3491 535 gratiae,
3516 463 3573 516 et
3594 477 3695 520 non

2160 550 2529 612 ordinantur
2558 571 2595 611 a
2628 552 2758 611 Deo
2806 551 2887 611 ad
2930 549 3121 610 tinem
3153 548 3505 628 specialiter
3531 549 3695 610 inten-

2160 651 2315 720 tum,
2348 644 2507 706 sicut
2548 650 2639 706 est
2679 645 2740 704 in
2778 643 3011 704 electis,
3046 645 3183 704 Non
3214 660 3367 722 crgo
3399 647 3491 702 est
3516 661 3694 704 neccs-

2162 737 2325 798 saria
2376 738 2624 798 illorum
2688 737 3118 816 praedefinitio,
3181 735 3294 795 sed
3352 735 3569 796 sufficit
3614 737 3691 796 illa

2161 829 2541 892 antecedens
2593 829 2905 902 voluntaS,
2964 847 3085 908 qua
3132 828 3299 888 Deus
3338 827 3470 886 vult
3516 846 3695 888 omnes

2158 923 2446 984 homines
2486 923 2692 984 salvos
2719 922 2876 982 fieri.

2242 1019 2335 1078 16.
2364 1019 2433 1078 ln
2459 1018 2837 1079 contrarium
2867 1021 3077 1076 autem
3100 1020 3215 1089 est,
3243 1013 3393 1093 quia
3406 1014 3479 1072 D.
3498 1015 3696 1092 Augus-

2162 1111 2329 1171 tinus
2378 1129 2541 1189 saepe
2599 1109 2780 1170 docet
2830 1109 3151 1169 nemiuem
3202 1125 3395 1186 posse
3446 1107 3695 1173 credere,

2163 1203 2491 1283 poenitere,
2548 1208 2693 1276 etc„
2726 1203 2857 1262 sine
2885 1201 3206 1261 vocatione
3234 1217 3519 1278 congrua
3546 1205 3599 1258 et
3634 1201 3701 1258 of-

2162 1297 2363 1357 ficaci.
2402 1297 2477 1357 Et
2508 1297 2591 1357 ita
2621 1295 2875 1374 exponit
2899 1293 3088 1354 illud:
3123 1293 3317 1356 Nemo
3341 1297 3543 1374 potest
3576 1296 3699 1354 teni-

2164 1408 2231 1452 re
2258 1391 2339 1453 ad
2360 1409 2473 1462 me,
2511 1387 2635 1451 uisi
2675 1389 2867 1450 Pater
2904 1405 3072 1448 uicus
3101 1388 3370 1449 traxerit
3389 1404 3561 1458 eum;
3599 1404 3703 1444 om-

2165 1501 2313 1543 nem
2340 1489 2551 1543 autem
2582 1481 2975 1542 vocationem
3016 1479 3335 1540 efficacem
3368 1479 3455 1538 ait
3496 1497 3621 1538 esse
3647 1499 3703 1538 ex

2167 1575 2418 1656 speciali
2436 1575 2755 1654 proposito
2772 1581 2834 1634 et
2854 1572 3289 1634 benovolentia
3310 1572 3447 1646 Dei,
3467 1575 3703 1649 utsupra

2167 1670 2366 1730 visum
2388 1674 2513 1740 est;
2538 1675 2599 1728 et.
2621 1665 3097 1746 intelligendum
3114 1665 3359 1726 videtur
3388 1666 3703 1726 secundum

2168 1762 2667 1823 distributionem
2688 1757 3183 1830 accommodam,
3216 1759 3475 1826 scilicet,
3502 1777 3575 1818 ex
3597 1777 3705 1836 pro-

2170 1857 2371 1936 posito
2414 1862 2475 1916 ct
2514 1853 2857 1914 intentione
2897 1852 3085 1913 dandi
3132 1851 3285 1912 illud
3335 1851 3593 1924 donum,
3628 1853 3705 1911 vel

2172 1949 2347 2008 illum
2378 1953 2609 2021 actum,
2643 1946 2721 2007 ad
2750 1964 2939 2025 quem
2966 1945 3205 2006 vocatio
3238 1950 3333 2006 est
3369 1963 3631 2023 congrua
3658 1949 3703 2004 et

2172 2040 2678 2112 accommodata;
2708 2039 2769 2100 id
2801 2043 2917 2110 est,
2950 2037 2999 2098 si
3032 2039 3275 2098 vocatio
3322 2043 3417 2098 est
3462 2056 3703 2116 congrua

2168 2140 2412 2196 tantum
2442 2135 2523 2195 ad
2544 2131 2952 2204 credendum,
2977 2130 3259 2210 procedit
3290 2148 3367 2190 ex
3396 2129 3701 2194 intentione

2170 2229 2358 2290 dandi
2387 2228 2607 2300 fidem;
2643 2226 2691 2286 si
2730 2225 2813 2286 ad
2841 2242 2985 2285 vere
3032 2223 3495 2303 poenitendum,
3528 2243 3598 2282 ex
3634 2225 3704 2282 in-

2170 2323 2448 2384 tentione
2476 2321 2667 2381 dandi
2692 2318 3023 2399 justitiam,
3060 2323 3121 2377 et
3149 2317 3231 2377 ita
3256 2317 3337 2376 de
3354 2317 3612 2386 caeteris;
3638 2335 3708 2376 er·

2174 2433 2276 2494 gc,
2312 2415 2469 2475 sicut
2510 2432 2731 2474 omnes
2773 2419 2963 2480 actuS,
2991 2409 3503 2490 supernaturales
3530 2427 3709 2486 repro-

2172 2508 2395 2567 borum
2424 2506 2775 2586 procedunt
2803 2524 2879 2566 ex
2901 2505 3098 2584 gratia
3128 2504 3365 2564 efficaci
3386 2509 3447 2562 et
3476 2503 3711 2561 vocatio-

2176 2619 2255 2662 ne
2286 2619 2586 2679 congrua,
2620 2599 2705 2659 ita
2752 2599 2939 2660 etiam
2982 2617 3058 2658 ex
3112 2596 3371 2676 speciali
3404 2595 3711 2674 praedefini-

2174 2695 2345 2755 tione
2388 2693 2617 2754 divina.
2654 2694 2729 2752 Et
2759 2691 3186 2764 confirmatur,
3222 2691 3371 2770 quia
3402 2689 3555 2750 alias
3594 2687 3712 2747 fide·

2174 2789 2271 2860 lis,
2322 2787 2370 2847 si
2402 2785 2737 2846 salvandus
2780 2803 2908 2846 non
2952 2791 3068 2858 est,
3114 2802 3242 2843 non
3289 2783 3713 2843 discerneretur

2174 2882 2257 2944 ab
2285 2877 2517 2941 infideli
2542 2897 2619 2940 ex
2640 2879 2698 2939 vi
2726 2877 2949 2939 divinae
2972 2877 3398 2963 dispositionis
3421 2881 3483 2935 et
3500 2875 3711 2935 ordina·

2175 2973 2381 3046 tioniS,
2407 2979 2591 3052 prout
2618 2978 2711 3032 est
2740 2991 2777 3031 a
2800 2969 3382 3048 voluntatessdivina,
3406 2968 3519 3028 sed
3542 2967 3711 3028 solnm

2176 3087 2253 3130 ex
2280 3065 2689 3147 praescientia.
2722 3065 3124 3144 Consequens
3155 3069 3369 3124 autem
3400 3068 3491 3123 est
3521 3079 3711 3140 parum

2174 3166 2669 3223 consentaneum
2698 3158 2993 3219 doctrinae
3020 3158 3352 3238 Augustini
3374 3163 3439 3219 et
3465 3157 3551 3216 illi
3574 3155 3713 3216 testi-

2172 3256 2383 3316 monio
2429 3254 2642 3315 Pauli:
2692 3251 2841 3327 Quis
2886 3252 3042 3315 enim
3088 3258 3145 3317 te
3194 3252 3529 3315 disceruit?
3561 3251 3711 3330 juxta

2172 3348 2625 3428 expositionem
2646 3346 2933 3425 superius
2949 3345 3184 3415 datam,
3214 3351 3276 3405 et
3298 3345 3477 3424 juxta
3504 3364 3573 3405 ea
3594 3360 3709 3421 quae

2171 3442 2449 3503 dicemus
2477 3440 2679 3519 capite
2707 3438 3032 3517 sequenti3
3082 3456 3231 3519 ergo
3276 3438 3359 3498 ad
3404 3437 3711 3517 specialem

2170 3536 2279 3596 Dei
2306 3532 2781 3613 praefinitionem
2821 3549 2895 3591 ac
2924 3531 3401 3611 dispositionem
3448 3529 3709 3609 pertinet,

2170 3627 2362 3707 quod,
2396 3645 2473 3689 ex
2516 3626 2761 3687 duobus
2793 3624 3189 3686 audientibus
3227 3624 3375 3687 fidei
3420 3620 3709 3703 mysteria,

2170 3739 2437 3802 quorum
2466 3738 2631 3781 unus
2660 3738 2789 3780 non
2819 3718 3037 3791 credit,
3070 3718 3228 3779 alter
3254 3720 3339 3779 ita
3384 3723 3629 3778 vocatur
3656 3720 3711 3773 ut

2170 3815 2406 3887 credat,
2461 3813 2746 3893 quamvis
2794 3811 3132 3873 salvandus
3173 3830 3305 3873 non
3368 3808 3479 3883 sit;
3536 3816 3595 3869 ut
3640 3808 3711 3867 sic

2177 3908 2364 3967 etiam
2393 3906 2458 3966 in
2490 3907 2592 3967 illo
2622 3924 2841 3968 verum
2870 3906 2947 3966 sit
2974 3925 2989 3965 :
3034 3906 3179 3969 Nou
3208 3912 3297 3969 est
3337 3902 3601 3975 volentis,
3632 3918 3711 3961 ne-

2176 4018 2285 4080 que
2346 4001 2671 4077 currentis,
2728 4002 2835 4062 sed
2879 3997 2994 4061 Dei
3032 4001 3400 4062 miserentis.
3460 3996 3709 4073 Denique

2176 4092 2603 4167 confirmatur,
2656 4112 2827 4166 nam,
2878 4093 3023 4153 licet
3070 4092 3210 4153 talis
3264 4093 3454 4152 homo
3498 4109 3611 4151 non
3646 4088 3709 4147 sit

2174 4186 2649 4267 praedestinatus
2702 4185 3083 4265 simpliciter,
3144 4190 3239 4247 est
3266 4184 3709 4263 praedestinatus

2174 4280 2257 4341 ad
2294 4280 2595 4359 justitiam
2643 4280 3078 4359 temporalem,
3109 4278 3211 4340 vel
3227 4277 3309 4339 ad
3328 4278 3553 4348 fidem;
3582 4292 3707 4353 ergo

2174 4374 2361 4435 etiam
2396 4373 2477 4434 ad
2506 4374 2639 4435 haec
2666 4372 2974 4434 beneficia
3018 4378 3113 4433 est
3160 4371 3553 4451 praeelectum
3584 4385 3709 4447 ergo

2174 4466 2231 4527 ei
2260 4466 2637 4545 proveniunt
2664 4484 2742 4527 ex
2794 4465 3046 4546 speciali
3078 4464 3567 4545 praedefinitione
3592 4462 3705 4530 Dei;

2174 4560 2405 4641 alioqui
2434 4561 2569 4639 pari
2598 4562 2837 4623 ratione
2880 4561 3000 4623 dici
3042 4568 3276 4639 posset,
3304 4564 3495 4639 prout
3520 4558 3709 4621 Cathe-

2172 4655 2347 4715 rinus
2377 4660 2437 4715 et
2468 4654 2572 4715 alii
2601 4654 2911 4730 dixerunt,
2942 4654 3173 4715 multos
3218 4654 3447 4713 salvari
3490 4670 3561 4711 ex
3599 4648 3705 4709 sola

2172 4748 2275 4808 illa
2304 4747 2622 4809 voluntate
2656 4747 2957 4827 generali,
3009 4766 3131 4825 qua
3171 4748 3338 4809 Deus
3363 4746 3494 4805 vult
3519 4760 3709 4804 omnes

2171 4840 2459 4902 homines
2491 4840 2696 4902 salvos
2720 4839 2880 4914 fieri,
2915 4859 3060 4902 cum
3091 4840 3371 4917 generali
3415 4837 3707 4918 providen-

2168 4936 2253 4996 tia
2282 4934 2520 5014 gratiae,
2550 4935 2788 5013 absque
2828 4934 2949 4995 alia
2991 4934 3241 5015 speciali
3278 4930 3701 5013 praeelectione.

2170 5028 2345 5090 Adde
2375 5027 2441 5089 in
2468 5028 2620 5109 ipsis
2663 5028 2947 5107 reprobis
3006 5028 3271 5089 inveniri
3308 5042 3597 5105 magnam
3622 5040 3705 5079 va·

2170 5122 2459 5182 rietatem
2536 5121 3107 5201 supernaturalium
3166 5120 3515 5189 donorum;
3583 5130 3703 5175 nam

2175 5214 2427 5295 quidam
2473 5216 2779 5293 rccipiunt
2828 5215 3131 5294 majorem
3186 5214 3605 5279 vocationem,
3652 5212 3703 5264 ct

2172 5308 2353 5387 plura
2384 5308 2594 5387 gratiae
2614 5307 2943 5381 beneficia,
2968 5313 3029 5368 et
3053 5325 3219 5386 saepe
3249 5324 3425 5366 mere
3446 5301 3696 5384 gratuita,

2172 5401 2411 5481 absque
2456 5402 2581 5461 ullo
2624 5402 2845 5463 merito
2886 5400 3155 5463 illorum.
3200 5402 3347 5461 Haec
3380 5405 3582 5461 autem
3612 5412 3701 5453 va-

2171 5494 2360 5555 rietas
2396 5512 2525 5555 non
2554 5500 2757 5574 potest
2786 5513 2862 5556 ex
2887 5495 3018 5557 sola
3046 5494 3321 5575 generali
3348 5488 3697 5573 providentia
