3850 6225
534 366 654 426 53⁴

621 473 718 532 17.
759 469 978 531 Dicere
1021 469 1188 530 enim
1229 470 1350 530 boc
1391 469 1638 543 deesse,
1669 467 1841 547 quod
1869 467 2103 528 scilicet

1481 367 1691 420 owse.
1727 369 1810 420 vt.
1849 364 2219 420 mst‘unno
2256 365 2335 416 DE
2366 365 2641 426 JUSTthA
2674 363 2798 415 nm.

2182 485 2255 528 ro
2312 465 2685 526 interveniat
2734 465 2817 524 ibi
2870 463 3277 524 commutatio
3322 465 3589 542 quaedam
3632 472 3691 530 ad
3765 439 3766 494 ἶ

538 565 604 626 id
645 562 816 642 quod
861 565 1148 624 creatura
1195 563 1378 625 offert
1419 569 1528 624 aut
1567 562 1874 641 promittit
1917 562 2051 622 Deo
2080 604 2097 632 ‚
2176 560 2481 639 justitiam
2520 559 2863 638 pertinens,
2908 557 3119 618 docuit
3148 575 3451 634 expresse
3476 557 3543 618 D.
3570 563 3690 624 Tho-

537 675 670 718 non
695 655 860 718 cedit
907 655 970 716 in
1014 653 1344 716 utilitatem
1385 661 1446 716 et
1497 654 1896 716 commodum
1938 654 2099 732 ejus,

2182 673 2320 714 mas
2352 655 2419 714 in
2444 655 2629 716 citato
2659 652 2821 724 locu,
2850 655 2889 713 3
2916 659 3106 731 part„
3138 656 3371 730 quaest.
3404 652 3502 724 85,
3532 660 3623 712 art.
3646 661 3687 728 3,

539 751 724 812 valde
770 749 1060 810 frivolum
1101 756 1216 822 est,
1263 755 1332 810 ut
1367 767 1557 827 supra
1605 756 1700 812 est
1749 753 2003 820 tactum,
2040 751 2104 808 ct
2182 746 2421 820 dicens,
2468 753 2593 808 tam
2632 746 2697 807 in
2740 745 3145 807 retributione
3182 763 3385 824 quam
3416 745 3477 804 in
3504 765 3691 810 recom-

543 861 708 924 saepe
733 847 1018 922 repetere
1059 841 1486 904 necessarium
1505 840 1624 902 erit
1653 860 1672 913 ;
1713 842 1862 921 quia
1889 841 1955 903 in
1982 841 2102 902 hoe
2182 841 2553 921 pensatione
2582 838 2847 900 inveniri
2882 839 3213 899 materiam
3258 838 3545 916 justit-iae:
3580 841 3695 913 Quia
3765 909 3766 912 ,

543 936 814 998 maxime
854 934 1144 996 videntur
1167 933 1432 1007 liaerere,
1472 935 1582 1011 qui
1606 935 1911 1015 justitiam
1943 934 2105 996 inter
2183 940 2503 1014 atr-nonque
2552 939 2643 998 eet
2698 932 3081 996 commutatio
3138 932 3439 1012 qaam.
3491 931 3693 1003 Quando
3765 929 3766 968 f

542 1030 746 1092 Deum
783 1035 844 1090 et
891 1027 1212 1088 hominem
1261 1029 1674 1108 impugnant,
1731 1028 1910 1106 quasi
1954 1045 2103 1088 vero

543 1141 672 1184 non
721 1123 800 1184 sit
855 1121 1110 1200 majoris
1173 1121 1476 1184 momenti
1521 1129 1584 1186 et
1625 1121 2055 1184 aestimationis
2090 1167 2107 1194 ,

545 1213 717 1296 quod
745 1213 981 1294 aliquid
1033 1214 1340 1293 pertineat
1375 1213 1456 1276 ad
1497 1215 1804 1276 honorem
1853 1221 1915 1276 et
1954 1214 2111 1276 testi-

547 1306 892 1370 mationem
937 1305 1222 1376 alterius,
1277 1325 1468 1386 quam
1519 1307 1600 1368 ad
1633 1307 1963 1370 utilitatem
2012 1305 2111 1368 vel

549 1399 973 1462 commodum.
1007 1398 1184 1471 Quod
1211 1399 1264 1460 si
1295 1401 1354 1460 in
1389 1401 1572 1462 nobis
1611 1400 1814 1462 honor
1843 1406 1906 1462 et
1943 1400 2111 1460 fama

547 1497 835 1572 respectu
885 1491 1149 1554 aliorum
1193 1493 1522 1556 hominum
1581 1501 1836 1574 propter
1887 1491 2115 1554 utilita-

549 1591 680 1647 tem
709 1587 1118 1656 aestimantur,
1151 1585 1292 1646 ideo
1326 1591 1420 1650 est
1455 1588 1602 1666 quia
1631 1593 1776 1648 sunt
1803 1585 2113 1648 inferioris

553 1677 833 1751 ordinis;
881 1677 1132 1738 divinus
1169 1684 1381 1740 autem
1422 1680 1624 1742 honor
1673 1685 1736 1740 et
1775 1679 1973 1758 gloria
2002 1697 2115 1758 per

555 1785 694 1832 sese
739 1771 1124 1832 aeslimahitia
1153 1778 1322 1844 sunt,
1363 1772 1595 1850 alioqui
1646 1774 1814 1834 Deus
1859 1790 1973 1852 per
2002 1789 2117 1834 sua

555 1881 746 1944 opera
799 1863 933 1924 haec
981 1881 1108 1924 non
1149 1864 1524 1939 intenderet,
1557 1883 1766 1944 neque
1803 1865 1866 1926 in
1905 1864 2117 1926 divina

559 1955 874 2035 Scriptura
899 1959 1072 2018 tanto
1118 1957 1452 2020 verborum
1479 1958 1760 2038 pondere
1797 1975 2119 2020 commen-

557 2049 897 2122 dat-cutum
953 2067 1104 2130 ergo
1131 2057 1394 2130 possunt
1441 2069 1580 2112 esse
1629 2052 1947 2112 sufficiens
1988 2068 2120 2112 ma·

555 2142 716 2204 teria
757 2142 1046 2220 jastium,
1091 2143 1206 2202 etsi
1254 2162 1384 2204 non
1429 2144 1510 2204 sit
1553 2143 1678 2204 alia
1746 2144 1983 2206 utilitas
2025 2143 2121 2204 vel

559 2233 958 2296 commodum
998 2234 1134 2296 Dei.
1170 2236 1418 2315 Alioqui
1449 2254 1568 2298 nec
1591 2237 1854 2298 materia
1883 2236 2123 2316 specia-

559 2327 638 2388 lis
659 2325 973 2388 fidelitatis
991 2333 1196 2402 erunt,
1225 2347 1342 2390 nec
1372 2328 1636 2409 alicujus
1655 2329 1943 2408 specialis
1972 2329 2123 2390 obli·

562 2420 830 2500 gationis
873 2420 958 2480 ad
997 2421 1220 2496 neum,
1253 2439 1392 2500 quoe
1433 2441 1512 2482 ex
1559 2421 1664 2483 tali
1709 2426 1852 2482 voto
1901 2439 2124 2482 nasca-

567 2519 704 2585 tur;
755 2513 806 2574 si
851 2513 1020 2574 enim
1061 2513 1172 2574 Dei
1201 2515 1354 2574 nihil
1383 2513 1639 2576 interest
1685 2533 1844 2594 opus
1873 2513 1961 2574 illi
1986 2531 2126 2593 pro-

563 2606 824 2668 missum
854 2652 870 2679 ‚
920 2607 1076 2668 nihil
1131 2608 1320 2669 etiam
1373 2609 1701 2670 oestimabit
1741 2608 1910 2688 quod
1968 2607 2076 2668 fiat
2102 2651 2120 2679 ,

565 2717 806 2774 necne;
843 2700 954 2762 sed
983 2700 1066 2762 ad
1087 2719 1404 2762 summum
1444 2701 1792 2764 intercedet
1839 2701 1923 2762 ibi
1952 2717 2128 2780 quae-

566 2791 714 2854 dam
739 2794 924 2866 ratio,
965 2812 1075 2856 seu
1107 2794 1403 2876 obligatio
1453 2795 1754 2868 veritatis,
1788 2812 1929 2872 quae
1970 2811 2128 2873 quo-

567 2886 904 2950 dammodo
943 2888 1141 2948 levior
1189 2888 1327 2960 erit,
1357 2906 1548 2968 quam
1599 2889 1664 2950 in
1715 2887 2128 2966 promissione

567 2977 730 3041 facta
757 2980 1016 3054 homini,
1049 2980 1148 3042 cui
1179 2987 1274 3042 est
1309 2980 1476 3042 utilis
1523 2999 1624 3042 res
1653 2981 1959 3060 promissa
1988 2999 2003 3051 ;
2066 2985 2132 3040 at

567 3079 809 3135 constat
849 3074 968 3135 hoc
996 3091 1133 3135 esse
1161 3073 1388 3135 falsum
1419 3091 1498 3135 ex
1543 3079 1714 3135 certa
1755 3079 1818 3135 et
1855 3089 2131 3135 commu-

569 3166 634 3227 ni
665 3168 946 3232 omnium
979 3167 1328 3241 sententia;
1365 3185 1518 3247 ergo
1545 3165 1796 3247 signum
1826 3172 1921 3227 cst
1956 3182 2135 3243 spec-

571 3258 834 3319 tandum
885 3278 1022 3321 esse
1059 3260 1128 3321 in
1172 3260 1272 3323 his
1327 3259 1810 3339 obligationibus
1855 3258 2135 3319 divinum

571 3352 810 3415 cultum
847 3356 910 3415 et
936 3353 1264 3427 honorem,
1297 3359 1600 3433 tanquam
1627 3369 1764 3413 rem
1793 3350 2137 3431 quamdam

575 3445 928 3525 specialiter
967 3446 1052 3505 illi
1099 3446 1402 3519 debitam,
1437 3446 1520 3505 ad
1545 3462 1738 3523 quam
1779 3449 1988 3522 potest
2030 3461 2136 3505 ac-

573 3538 822 3619 quirere
873 3556 1108 3601 novum
1161 3546 1224 3601 et
1265 3538 1536 3619 speciale
1583 3539 1692 3617 jus
1740 3554 1817 3597 ex
1873 3535 2136 3615 promis-

573 3630 750 3693 sione
779 3630 880 3693 vel
910 3636 1090 3710 pacto
1117 3630 1390 3701 bominis
1416 3648 1560 3691 cum
1591 3630 1750 3710 ipso,
1781 3628 2023 3689 etiamsi
2053 3645 2133 3689 ex

573 3724 680 3787 illa
707 3742 776 3785 re
820 3724 1058 3785 nullam
1111 3724 1438 3787 utilitatem
1467 3725 1565 3785 vel
1595 3722 1999 3786 commodum
2033 3740 2135 3781 re-

574 3822 816 3899 portet:
865 3835 1017 3897 ergo
1071 3819 1190 3882 hoc
1233 3819 1422 3879 etiam
1479 3835 1606 3879 non
1644 3817 1852 3879 obstat
1894 3813 2137 3895 quomi-

571 3928 696 3973 nus
717 3911 981 3973 redditio
1013 3911 1151 3973 talis
1171 3912 1332 3992 juris
1356 3911 1700 3973 formaliter
1727 3909 1808 3971 ad
1829 3910 2135 3990 justitiam

571 4005 882 4087 pertineat
907 4050 926 4079 ,
979 4004 1308 4067 fundatam
1339 4006 1408 4067 in
1439 4004 1548 4065 illa
1591 4002 2080 4065 commutatione
2116 4044 2133 4075 ,

571 4116 684 4161 seu
721 4097 1176 4171 convention03
1211 4114 1352 4178 quae
1379 4096 1646 4177 proinde
1679 4094 2011 4157 formalem
2036 4112 2139 4155 ra-

571 4191 810 4253 tionem
847 4190 1103 4273 justitiae
1135 4190 1598 4254 commutativoe
1641 4186 1920 4251 habebit.

575 4448 855 4512 Iustitia·
898 4450 1337 4512 commutarim?
1377 4448 1696 4513 materiam
1744 4446 2003 4529 reperiri
2043 4446 2138 4505 in·-

649 4544 742 4604 ter
770 4544 960 4604 Deum
982 4546 1044 4606 et
1070 4543 1384 4617 hominem,
1415 4543 1596 4605 etiam
1626 4560 1700 4603 ex
1729 4546 1908 4623 parte
1930 4540 2063 4602 Dei.

659 4758 756 4817 18.
801 4757 1038 4819 Eodem
1077 4758 1212 4821 fere
1263 4758 1452 4821 modo
1505 4776 1838 4839 possumus
1875 4758 1997 4819 hoc
2032 4755 2141 4816 de·

574 4850 812 4913 clarare
849 4870 926 4913 ex
955 4858 1134 4931 parte
1187 4852 1384 4933 ipsius
1423 4854 1560 4927 Dei,
1603 4872 1716 4915 seu
1759 4853 1826 4913 in
1871 4869 2142 4913 conven-

575 4943 744 5005 tione
773 4951 836 5004 et
868 4950 1074 5023 pacto,
1107 4945 1278 5023 quod
1303 4947 1368 5007 in
1413 4946 1732 5008 voluntate
1781 4951 1850 5006 et
1874 4944 2143 5023 promis-

577 5037 752 5097 sione
797 5036 962 5099 illius
1002 5037 1354 5101 inchoatur.
1391 5040 1567 5109 Nam,
1603 5038 1772 5117 quod
1817 5040 1987 5101 Deus
2028 5036 2143 5097 hu-

571 5128 848 5209 jusmodi
879 5134 1132 5209 pactum
1167 5150 1314 5207 cum
1341 5132 1699 5193 hominibus
1729 5148 1898 5208 saepe
1927 5130 2139 5201 faciat,

577 5220 646 5285 in
671 5220 988 5301 Scriptura
1015 5240 1194 5285 sacra
1221 5222 1798 5303 frequentissimum
1825 5228 1956 5284 est:
1990 5228 2055 5281 et
2080 5220 2145 5281 in

577 5314 770 5395 priori
811 5316 1172 5380 Retectione
1205 5316 1268 5377 id
1307 5318 1456 5379 satis
1503 5316 1750 5379 ostendi
1780 5362 1796 5389 ,
1839 5321 1900 5377 et
1934 5314 2145 5379 decla-

579 5408 712 5471 ravi
749 5410 1064 5487 quomodo
1117 5410 1478 5490 hujusmodi
1515 5410 1963 5491 promissiones
1998 5426 2143 5468 cum

583 5500 754 5563 omni
793 5502 1172 5582 proprietate
1202 5503 1624 5584 intelligendae
1659 5503 1801 5565 sint.
1837 5500 2018 5575 Quod
2042 5518 2143 5561 ve-

2187 1045 2339 1106 ergo
2382 1027 2547 1086 Deus
2588 1025 2926 1106 paciscitur
2968 1042 3112 1084 cum
3166 1024 3427 1083 homine
3468 1024 3539 1084 de
3568 1029 3697 1086 retri-
3765 1025 3766 1098 J

2192 1119 2446 1181 buendo
2474 1118 2560 1178 illi
2587 1117 2697 1178 tali
2738 1115 3020 1196 praemiO,
3044 1117 3095 1175 si
3124 1116 3265 1194 ipse
3296 1115 3421 1177 tale
3452 1133 3591 1196 opas
3614 1138 3693 1180 seu
3765 1175 3766 1188 ἦ

2190 1212 2489 1274 meritum
2542 1210 2859 1282 exhibeat,
2908 1209 2995 1270 ibi
3042 1208 3387 1270 intervenit
3420 1220 3697 1272 commuta-
3765 1203 3766 1276 3

2190 1305 2279 1366 tio
2320 1303 2648 1384 quaedam3
2682 1321 2825 1364 cum
2884 1320 3035 1380 ergo
3078 1307 3331 1363 constet
3386 1307 3567 1363 totum
3612 1307 3695 1366 hoc
3765 1291 3766 1342 3

2192 1398 2328 1460 fieri
2380 1399 2517 1460 sine
2562 1396 3035 1476 imperfectione
3066 1414 3145 1456 ex
3184 1401 3373 1474 parte
3410 1395 3516 1456 Dei
3539 1442 3553 1467 ,
3590 1416 3697 1457 con-
3765 1419 3766 1476 ss

2194 1497 2315 1554 stat
2340 1491 2529 1552 etiam
2564 1489 2977 1552 voluntariam
3006 1488 3571 1563 commutationem,
3594 1509 3695 1570 que
3765 1491 3766 1524 ³

2193 1587 2390 1666 possit
2420 1603 2559 1646 esse
2580 1585 2847 1645 materia
2870 1583 3127 1662 justitiae
3148 1581 3497 1643 formaliter
3524 1590 3575 1644 et
3596 1587 3697 1645 abs-
3765 1575 3766 1654 3

2196 1683 2389 1740 tracte
2442 1683 2705 1758 sumptae
2724 1721 2739 1751 ,
2786 1696 2917 1738 non
2966 1675 3299 1738 includere
3352 1676 3699 1755 imperfectio-

2196 1791 2367 1834 nem.
2402 1772 2580 1844 Quod
2610 1778 2819 1833 autem
2852 1771 2959 1832 illa
3008 1771 3347 1832 conventio
3374 1815 3389 1840 ,
3444 1775 3699 1850 supposito
3765 1755 3766 1788 ³

2198 1884 2391 1945 opere
2438 1866 2739 1944 requisito
2770 1883 2849 1925 ex
2900 1870 3079 1944 parte
3128 1863 3439 1937 hominis,
3480 1865 3701 1928 conterat

2198 1959 2287 2020 illi
2332 1959 2603 2038 speciale
2661 1959 2769 2037 jus
2836 1958 3158 2037 proprium
3214 1962 3283 2017 et
3330 1957 3697 2036 condignum,

2202 2052 2511 2115 constabit
2538 2051 2723 2114 latius
2754 2069 2832 2112 ex
2862 2058 3168 2130 sequente
3190 2050 3547 2110 assertione.
3574 2053 3701 2112 Nunc
3765 2055 3766 2070 ³

2202 2145 2585 2206 sufficienter
2620 2145 2973 2206 declaratur
3008 2161 3083 2205 ex
3110 2143 3420 2222 principio
3442 2162 3603 2220 supra
3626 2163 3701 2222 po

2204 2238 2345 2312 site,
2378 2255 2455 2299 ex
2484 2237 2625 2298 divo
2660 2239 2853 2298 Paulo
2894 2241 3169 2316 sumpto,
3208 2236 3385 2314 quod
3408 2227 3617 2296 ratione
3638 2245 3701 2296 ta·

2202 2331 2281 2394 lis
2314 2331 2496 2410 juris,
2538 2330 2887 2404 retributi0‚
2932 2349 3071 2408 quae
3108 2329 3181 2390 fit
3222 2328 3459 2390 homini
3506 2337 3697 2407 propter
3765 2337 3766 2340 ’

2206 2425 2333 2486 tale
2380 2443 2561 2502 opus,
2594 2441 2720 2484 non
2761 2429 2857 2484 est
2886 2423 3154 2503 gratuita
3188 2421 3470 2492 donatio,
3510 2421 3603 2480 sed
3630 2440 3699 2480 so·
3765 2437 3766 2502 J

2204 2519 2395 2590 lutio;
2440 2523 2537 2580 est
2564 2536 2713 2596 ergo
2760 2519 2996 2598 proprii
3028 2517 3189 2596 juris
3246 2515 3569 2584 retributio,
3598 2535 3694 2593 qua
3765 2591 3766 2596 ἵ

2206 2619 2339 2674 erat
2358 2611 2636 2672 formalis
2662 2613 2819 2672 ratio
2830 2611 3299 2673 commutativae
3320 2609 3573 2686 justitiam
3590 2627 3695 2684 ergo
3765 2647 3766 2654 ξ

2208 2705 2271 2766 in
2308 2705 2795 2766 commutatione
2838 2704 2923 2764 ad
2954 2705 3119 2764 hanc
3140 2702 3445 2782 justitiam
3488 2701 3693 2762 formali-

2206 2801 2306 2858 ter
2344 2797 2699 2858 necessaria
2724 2843 2741 2870 ,
2771 2797 2943 2858 nulla
2986 2796 3377 2876 imperfectio
3414 2794 3691 2854 involvitur.
3765 2847 3766 2856 ,

2212 2891 2389 2962 Quod
2431 2909 2681 2969 possem
2734 2891 2833 2950 hic
2884 2891 3067 2951 latius
3124 2889 3437 2968 explicare
3476 2885 3692 2966 exemplo

2212 2983 2649 3046 satisfactionis
2686 2984 2930 3054 Christi,
2966 2989 3029 3044 et
3062 2983 3233 3062 pacti
3264 2980 3430 3062 quod
3468 2981 3599 3041 inter
3634 2983 3695 3057 ip·
3765 3005 3766 3066 3

2214 3095 2355 3139 sum
2384 3083 2449 3139 et
2482 3081 2783 3139 aeternum
2832 3077 3078 3139 Patrem
3124 3075 3487 3149 intercessit,
3514 3075 3689 3135 ratione
3765 3069 3766 3149 3

2212 3172 2397 3251 cujus
2450 3172 2743 3249 utrinque
2798 3170 3131 3231 intervenit
3178 3169 3454 3249 perfecta
3492 3175 3545 3229 et
3580 3171 3695 3245 rigo·

2214 3282 2359 3326 rosa
2410 3265 2686 3344 justitia;
2720 3265 2868 3343 quia
2918 3282 3067 3324 vero
3118 3263 3183 3323 in
3228 3262 3617 3343 propriolum
3652 3260 3693 3319 id

2214 3358 2401 3421 latius
2428 3358 2549 3439 egi,
2591 3358 3005 3438 repetendum
3040 3357 3157 3417 hoc
3184 3356 3329 3417 loco
3360 3374 3479 3417 non
3506 3372 3693 3416 censeo.

3765 3356 3766 3391 3

2218 3605 2511 3681 Quomodo
2536 3606 2743 3670 datum
2770 3608 2829 3668 et
2860 3611 3166 3687 woeptm
3192 3604 3286 3669 rit
3310 3601 3544 3667 macena
3564 3602 3693 3681 huju

2840 3700 3134 3780 Justitioe.
3765 3748 3766 3785 ᾗ

2300 3916 2397 3977 19.
2442 3896 2700 3975 Ratio‘a
2718 3907 2943 3991 priora.
2986 3938 3067 3953 -
3106 3908 3199 3967 Ex
3226 3906 3449 3986 quihus
3476 3902 3689 3965 omnibus
3765 3894 3766 3945 ³

2218 4006 2543 4087 colligitur,
2570 4003 2797 4083 prino,
2818 4018 2943 4081 quo
2968 4018 3157 4061 sensu
3180 4000 3263 4061 sit
3281 3994 3685 4077 intelligendum,
3765 4026 3766 4091 3

2218 4106 2281 4161 et
2318 4117 2443 4179 qua
2486 4096 2729 4159 ratione
2774 4094 2853 4155 sit
2890 4110 3133 4166 verum,
3176 4092 3489 4155 materiam
3505 4088 3688 4169 justitie
3765 4120 3766 4133 κ

2218 4191 2674 4255 commutativae.
2720 4206 2861 4251 esse
2888 4186 3310 4267 :equalitatem
3340 4184 3459 4247 dati
3494 4190 3545 4245 et
3566 4197 3688 4241 acce-
3765 4203 3766 4261 3

2216 4288 2327 4367 pti.
2361 4288 2541 4356 Nam,
2572 4282 2621 4345 si
2652 4282 2769 4342 hoc
2792 4280 3177 4359 intelligatur
3198 4279 3281 4340 de
3308 4277 3533 4340 datione
3554 4280 3603 4334 et
3622 4290 3685 4331 ac·
3765 4270 3766 4299 l

2218 4378 2503 4457 ceptione
2532 4394 2677 4437 cum
2704 4380 2923 4435 mutua
2955 4372 3239 4445 utilitate,
3270 4378 3334 4435 et
3356 4368 3683 4433 dominiorum
3765 4388 3766 4451 ἐ

2216 4472 2643 4541 translatione,
2672 4466 3027 4529 invenietur
3051 4466 3117 4527 id
3140 4466 3391 4545 quidem
3406 4465 3463 4523 in
3482 4464 3682 4521 humana

2212 4564 2473 4646 justitia,
2506 4568 2569 4625 et
2594 4561 2856 4623 fortasse
2888 4578 3017 4621 non
3042 4577 3313 4637 semper,
3350 4556 3455 4617 sed
3470 4555 3682 4631 frequen·
3765 4576 3766 4647 ἒ

2216 4666 2335 4731 ter,
2388 4664 2459 4719 ut
2498 4664 2717 4737 postea
2770 4655 3143 4726 declarabo;
3202 4672 3313 4733 per
3346 4669 3409 4712 se
3444 4654 3609 4710 tamen
3632 4664 3677 4701 ac
3765 4690 3766 4701 ,

2218 4749 2563 4814 formaliter
2586 4748 2652 4809 id
2680 4766 2808 4809 non
2834 4752 3073 4827 spectat
3100 4746 3185 4807 ad
3210 4746 3489 4807 rationem
3500 4736 3681 4819 justitie
3765 4814 3766 4827 ἵ

2222 4828 2699 4907 commutativae.
2748 4842 2968 4919 Neque·
3010 4858 3091 4901 ex
3132 4840 3237 4899 illa
3276 4838 3421 4899 adeo
3456 4827 3677 4927 materiai}
3765 4836 3766 4907 3

2220 4934 2629 5015 intelligentia
2660 4938 2865 5012 potest
2896 4932 3213 4993 sufficiens
3250 4931 3399 4991 ratio
3420 4933 3525 4989 eta
3546 4924 3679 5002 priori
3765 4958 3766 5011 ᾗ

2222 5030 2433 5105 reddi,
2480 5028 2563 5089 ob
2589 5044 2777 5107 quam
2806 5026 3130 5105 proprium
3156 5024 3341 5103 hujus
3356 5019 3563 5101 justitiae
3584 5032 3674 5073 mu·
3765 5028 3766 5075 3

2224 5142 2345 5183 nus
2374 5118 2729 5201 hujusmodi
2760 5118 3315 5179 commutationem
3336 5110 3581 5175 includat,
3612 5101 3673 5163 vel
3725 5114 3737 5123 '
3765 5172 3766 5185 χ

2226 5222 2557 5297 supponat.
2609 5215 2807 5274 Verus
2836 5230 2985 5291 ergo
3018 5230 3093 5273 ac
3122 5208 3387 5273 formalis
3418 5218 3591 5267 sensus
3610 5198 3669 5296 est
3765 5204 3766 5289 ξ

2223 5309 2457 5389 requiri
2480 5306 3033 5369 commutationem
3056 5304 3346 5381 aliquam,
3370 5298 3425 5359 id
3446 5301 3539 5365 est,
3559 5276 3669 5350 exh-

2224 5402 2524 5463 bitionem
2572 5398 2835 5476 alicujus
2876 5396 3155 5471 actioniS,
3196 5394 3293 5456 vel
3324 5385 3587 5472 passionis,
3616 5396 3665 5439 0¹
3765 5386 3766 5471 3

2224 5500 2401 5576 parte
2432 5494 2754 5571 utriusque
2788 5488 3071 5565 extremi,
3102 5506 3217 5551 seu
3242 5500 3509 5567 personae,
3532 5482 3665 5536 utve-
3765 5534 3766 5573 Τ
