3850 6225
495 388 613 451 316

495 495 682 558 debet
712 512 849 556 esse
888 494 1109 556 efficax
1146 502 1209 557 et
1248 495 1605 567 infallibilis,
1645 501 1713 555 ut
1755 495 1819 555 in
1868 512 2060 555 sensu

494 588 837 668 composito
866 588 1249 668 impossibile
1280 590 1358 650 sit
1396 589 1567 649 illam
1596 608 1735 649 esse
1763 588 2054 668 positam,

494 688 557 743 et
586 682 875 742 effectum
902 700 1029 741 non
1056 683 1231 761 poni;
1268 700 1417 761 ergo
1442 682 1631 743 debet
1657 683 1891 743 habere
1924 701 2060 743 cer-

494 780 623 835 tam
658 781 722 835 et
744 774 1133 835 infallibilem
1160 776 1615 837 connexionem
1645 795 1786 838 cum
1816 777 2056 837 influxu

496 885 703 928 causae
762 868 1053 929 secundae
1106 870 1461 929 necessario
1525 870 1603 931 ad
1648 870 1817 930 illum
1876 870 2059 930 effec-

496 968 664 1033 tum;
700 980 849 1041 ergo
891 963 1026 1023 haec
1066 961 1405 1023 infallibilis
1453 963 1781 1034 connexio
1808 963 2057 1023 fundari

496 1056 683 1117 debet
707 1055 805 1116 vel
831 1056 899 1115 in
944 1056 1329 1133 causalitate,
1378 1076 1503 1136 qua
1541 1060 1707 1119 Deus
1741 1076 1855 1137 per
1888 1058 2060 1118 illam

496 1148 879 1210 voluntatem
906 1149 1051 1210 facit
1082 1154 1151 1209 ut
1172 1168 1363 1211 causa
1384 1151 1661 1211 secunda
1690 1152 1927 1223 intluat,
1956 1151 2058 1211 vel

498 1242 561 1301 in
606 1242 1026 1321 praescientia,
1060 1262 1184 1322 qua
1212 1245 1345 1322 jam
1385 1246 1550 1305 Deus
1598 1244 1881 1324 proevidit
1912 1264 2057 1306 cau-

498 1352 633 1394 sam
661 1334 1003 1396 secundam
1028 1336 1145 1397 hoc
1174 1354 1311 1397 esse
1342 1337 1668 1411 facturam,
1702 1344 1763 1399 et
1802 1356 1915 1399 sua
1945 1358 2056 1400 vo·-

498 1428 735 1489 luntate
784 1430 1124 1508 approbat,
1174 1438 1236 1491 et
1282 1432 1415 1491 vult
1468 1430 1619 1491 illud
1676 1432 1842 1504 fieri;
1895 1437 1959 1492 et
2003 1432 2054 1491 si

496 1522 608 1583 fiat
647 1522 851 1601 primo
892 1523 1079 1583 modo
1104 1568 1120 1595 ‚
1164 1530 1257 1584 est
1302 1525 1595 1585 voluntas
1634 1524 2058 1603 praedetermi-

496 1632 657 1675 nans
691 1633 803 1674 seu
832 1615 1304 1694 praedefiniens3
1350 1619 1400 1679 si
1438 1624 1651 1679 autem
1692 1617 1802 1679 fiat
1848 1622 2059 1697 poste-

496 1708 641 1769 riori
695 1709 905 1781 modo,
951 1713 1047 1770 est
1094 1711 1509 1789 subsequens,
1562 1730 1713 1771 nam
1766 1712 2061 1791 supponit

496 1802 785 1863 effectum
810 1802 875 1862 in
908 1805 1275 1888 aeternitate,
1308 1812 1369 1866 et
1396 1806 1851 1885 praescientiam
1878 1804 2053 1884 'ejus;

497 1894 669 1955 nullo
722 1913 871 1973 ergo
928 1895 1115 1958 modo
1160 1902 1365 1976 potest
1410 1916 1548 1959 esse
1602 1898 2054 1971 concomitanS,

498 1988 645 2068 quia
674 1994 901 2067 pra-ter
933 1988 1069 2049 illos
1097 1989 1257 2051 duos
1284 1992 1493 2052 nullus
1530 1992 1687 2052 alius
1718 1991 2058 2069 excogitari

494 2086 723 2160 potest.
780 2081 911 2141 Hoc
964 2082 1047 2142 ita
1104 2084 1509 2145 confirmatur
1558 2090 1620 2145 et
1670 2084 2052 2156 declaratum

498 2192 668 2245 nam,
700 2180 771 2235 ut
804 2181 983 2235 actus
1020 2176 1355 2238 voluntatis
1385 2184 1610 2239 creatae
1650 2178 1916 2250 eveniat,
1950 2196 2062 2239 ne-

500 2286 671 2330 cesse
704 2274 819 2341 est,
842 2270 1019 2346 juxta
1050 2269 1211 2330 hanc
1244 2272 1625 2350 opinionem,
1662 2278 1731 2331 ut
1778 2271 1917 2331 duat
1960 2290 2066 2331 vo-

498 2363 792 2437 luntateS,
830 2361 1039 2423 divina
1070 2364 1303 2425 scilicet
1332 2370 1391 2424 et
1420 2364 1723 2438 hnmana,
1754 2364 1817 2423 in
1844 2364 1950 2425 illo
1979 2362 2064 2424 ef-

498 2456 765 2518 ficiendo
824 2464 887 2519 et
930 2476 1043 2519 suo
1094 2457 1283 2517 modo
1326 2458 1595 2519 volendo
1640 2458 2058 2528 conveniant;

502 2568 653 2628 ergo
688 2569 949 2613 necesse
980 2558 1073 2612 est
1112 2554 1177 2611 ut
1214 2551 1313 2611 vel
1334 2570 1461 2611 una
1486 2550 1705 2612 ordine
1732 2558 1974 2611 naturae
2003 2556 2065 2611 et

501 2644 878 2705 causalitatis
914 2644 1246 2705 antecedat
1286 2645 1571 2717 alteram,
1616 2644 1715 2705 vel
1738 2644 1909 2723 quod
1938 2662 2064 2704 una

502 2755 578 2798 ex
608 2738 993 2816 praescientia
1024 2738 1280 2798 alterius
1307 2737 1393 2798 illi
1424 2737 1873 2817 conjungatur;
1916 2737 2065 2796 alio-

500 2832 605 2909 qui
636 2832 889 2893 omnino
922 2850 958 2892 a
986 2850 1141 2893 casu
1192 2837 1256 2892 et
1302 2829 1553 2892 fortuito
1594 2831 1657 2889 in
1703 2830 1806 2891 illo
1837 2830 2064 2891 effectu

497 2924 765 2986 volendo
818 2926 1314 3006 conjungentur;
1360 2930 1431 2985 ut
1460 2926 1509 2985 si
1540 2923 1679 2984 duze
1710 2924 2062 2984 voluntates

500 3018 793 3079 humanae
822 3018 1093 3080 debeant
1142 3018 1437 3097 conjungi
1472 3017 1655 3077 simul
1688 3017 1753 3075 in
1792 3016 2062 3077 volendo

502 3113 725 3174 eodem
753 3130 966 3193 opere,
1012 3132 1269 3175 necesse
1312 3120 1404 3174 est
1432 3119 1501 3174 ut
1524 3113 1627 3173 vel
1648 3131 1775 3172 una
1814 3115 2064 3171 moveat

504 3209 785 3279 alteram,
830 3209 930 3269 vel
956 3209 1337 3288 adjungatur
1362 3208 1447 3268 illi
1478 3225 1554 3268 ex
1580 3205 1966 3286 praescientia
1993 3205 2065 3266 il·-

498 3303 641 3374 lius,
680 3301 909 3381 alioqui
937 3321 1087 3364 casu
1118 3309 1181 3363 ct
1205 3302 1459 3364 fortuito
1492 3302 2054 3381 conjungerentur3

502 3395 617 3457 sed
660 3395 949 3455 voluntas
990 3394 1197 3456 divina
1246 3401 1307 3457 et
1348 3395 1625 3455 humana
1662 3411 1790 3453 non
1836 3409 2066 3452 conve-

502 3489 681 3549 niunt
706 3507 856 3549 casu
882 3495 945 3548 et
978 3489 1231 3550 fortuito
1258 3489 1323 3550 in
1352 3487 1621 3550 volendo
1648 3487 1759 3548 tali
1792 3487 2058 3557 effectu;

504 3601 677 3663 ergn,
708 3583 759 3643 si
787 3583 1077 3643 voluntas
1102 3584 1213 3644 Dei
1242 3583 1324 3642 ab
1348 3589 1581 3644 oeterno
1610 3581 1743 3641 vult
1766 3581 1944 3640 illum
1967 3597 2064 3639 ac-

502 3681 659 3748 tum,
692 3681 761 3736 ut
788 3675 843 3735 ei
874 3693 988 3754 per
1014 3693 1079 3736 se
1116 3682 1176 3737 et
1216 3675 1621 3736 infallibiliter
1644 3675 2066 3753 conjungatur

499 3769 789 3830 voluntas
820 3769 1121 3841 humana,
1172 3787 1429 3830 necesse
1467 3775 1561 3830 est
1608 3773 1675 3828 ut
1714 3767 1779 3827 id
1826 3766 1936 3827 fiat
1963 3766 2064 3826 vel

502 3883 581 3926 ex
608 3863 665 3924 vi
696 3864 957 3943 alicujus
984 3862 1607 3924 causalitatistdivinae
1633 3860 1970 3922 voluntatis
1998 3861 2062 3920 in

500 3958 867 4028 humanam,
903 3956 1002 4016 vel
1030 3956 1269 4016 ratione
1290 3955 1720 4035 praescientiae,
1752 3954 1897 4033 quia
1923 3953 2064 4015 talis

503 4050 935 4112 determinatio
980 4050 1315 4110 voluntatis
1354 4051 1645 4109 humanae
1692 4048 2066 4127 supponitur

502 4143 744 4217 futura3
795 4163 945 4224 ergo
987 4161 1117 4204 non
1164 4142 1355 4204 habet
1400 4143 1499 4203 hic
1528 4143 1735 4202 locum
1774 4141 2064 4202 voluntas

504 4255 677 4298 mere
707 4238 1156 4298 concomitans

587 4334 685 4392 ss.
732 4330 827 4392 Ad
866 4331 1004 4391 haec
1048 4349 1198 4392 vero
1236 4329 1602 4409 responderi
1634 4333 1840 4408 potest
1890 4327 2065 4388 illam

502 4425 887 4485 voluntatem
934 4425 1046 4484 Dei
1086 4423 1207 4484 dici
1250 4428 1311 4484 et
1360 4441 1496 4484 esse
1538 4421 2064 4483 concomitantem

504 4533 649 4577 cum
702 4534 1009 4577 concursu
1047 4516 1339 4576 humanm
1384 4515 1717 4576 voluntatis
1766 4513 1847 4574 ad
1888 4529 2066 4573 eum-

505 4608 651 4670 dem
682 4613 889 4669 actum
930 4609 1169 4668 ratione
1196 4608 1596 4680 causalitatis,
1622 4607 1769 4687 quia
1806 4607 2062 4666 omnino

505 4701 689 4761 simul
714 4702 777 4760 in
806 4701 982 4761 illum
1010 4701 1313 4772 influunt;
1349 4705 1415 4759 ut
1440 4707 1650 4761 autem
1680 4701 1847 4760 Deus
1872 4698 2068 4778 possit

505 4795 742 4855 habere
792 4794 981 4854 talem
1020 4793 1428 4866 voluntatem,
1470 4795 1619 4854 satis
1671 4811 1809 4853 esse
1870 4793 2066 4854 scien-

506 4889 657 4948 tiam
688 4886 1197 4959 conditionatam,
1216 4905 1341 4965 qna
1362 4887 1659 4965 praenovit
1679 4887 2066 4948 voluntatem

506 4986 779 5042 creatam
820 4979 885 5040 in
913 4979 1019 5040 tali
1061 4981 1163 5040 vel
1192 4979 1297 5040 tali
1340 4981 1667 5042 occasione
1698 4979 1829 5040 fore
1860 4978 2070 5040 deter-

504 5073 869 5134 minandam
914 5073 994 5133 ad
1022 5075 1141 5133 hoc
1167 5074 1266 5133 vel
1291 5072 1463 5146 illud,
1492 5074 1541 5134 si
1570 5073 1701 5151 ipse
1732 5073 1899 5132 Deus
1922 5089 2068 5132 con-

506 5183 761 5228 cursum
788 5167 846 5226 ei
865 5165 1160 5245 praebeat.
1187 5165 1309 5227 Sed
1332 5166 1633 5244 imprimis
1658 5166 1795 5225 haec
1813 5181 2071 5242 respou-

504 5261 599 5322 sio
654 5259 921 5320 admittit
962 5259 1065 5320 vel
1106 5258 1399 5338 supponit
1448 5259 1617 5338 quod
1661 5257 2064 5330 intendimus-i,

506 5353 761 5424 scilicet,
803 5353 1005 5414 Deum
1052 5352 1171 5412 alia
1224 5352 1324 5412 via
1366 5369 1745 5431 cognoscere
1791 5350 2068 5412 futuram

506 5445 1091 5508 determinationem
1138 5445 1401 5507 liberam
1438 5448 1666 5504 nostrae
1708 5443 2066 5516 voluntatis,

507 5539 643 5600 sine
666 5556 790 5618 qua
810 5555 941 5599 non
968 5543 1175 5618 potest
1202 5539 1489 5618 cognosci
1518 5537 1773 5598 effectus
1799 5537 2066 5605 futurus,

993 394 1201 447 OPUSC.
1240 394 1302 455 11,
1333 393 1449 447 ΗΒ.
1491 396 1529 446 1.
1567 394 1649 446 ΒΕ
1688 391 2010 445 ΑΒὸΟιῦΤΑ
2043 392 2327 447 scu-:mu
2359 396 2664 449 FUTURon.
2701 398 3214 453 COerNGEN'ntm.

2143 502 2206 557 et
2233 503 2690 576 consequenter
2715 498 2916 558 solum
2957 499 3278 560 decretum
3311 498 3396 559 ad
3433 498 3546 561 hoc
3573 522 3680 564 non

2141 590 2290 651 satis
2319 608 2480 651 esse.
2515 590 2754 652 Deinde
2779 592 3022 670 inquiro
3048 610 3152 663 an,
3175 592 3388 671 posita
3425 592 3524 651 illa
3547 613 3680 672 prae-

2139 683 2396 744 scientia
2441 683 2882 757 conditionata,
2929 686 3096 745 Deus
3128 686 3418 745 absolute
3447 686 3582 748 velit
3605 695 3682 748 ta-

2137 776 2264 836 lem
2297 782 2528 849 actum,
2577 784 2638 837 et
2667 776 2754 837 sic
2783 796 3042 839 necesse
3074 784 3168 839 est
3211 784 3280 839 ut
3328 778 3481 839 velit
3521 780 3680 843 ctiam

2139 868 2476 929 efficaciter
2503 869 2810 948 quidquid
2835 871 3260 931 necessarium
3285 877 3386 932 est
3415 871 3493 930 ad
3521 874 3680 935 talem

2141 969 2371 1033 actum,
2393 968 2454 1023 et
2483 970 2944 1041 consequenter
2961 970 3028 1024 ut
3055 965 3203 1024 velit
3227 964 3542 1023 influxum
3563 986 3682 1029 nos·

2139 1056 2216 1115 tri
2237 1054 2412 1115 liberi
2444 1056 2681 1116 arbitrii
2703 1057 2770 1117 in
2793 1056 2982 1116 talem
3005 1062 3235 1128 actum,
3257 1058 3416 1135 quia
3447 1058 3682 1121 siueillo

2139 1166 2278 1209 esse
2311 1164 2438 1207 non
2475 1154 2712 1226 potest;
2769 1148 2893 1209 imo
2923 1149 3346 1209 essentialiter
3385 1148 3524 1209 talis
3547 1153 3682 1213 actio

2137 1241 2336 1301 libera
2391 1241 2649 1302 includit
2706 1248 3060 1321 respectum
3107 1243 3190 1303 ad
3223 1242 3498 1303 liberum
3551 1246 3686 1305 arbi-

2136 1336 2347 1405 trium,
2383 1334 2552 1411 quod
2579 1340 2674 1395 est
2693 1335 2977 1413 proxima
3001 1354 3192 1395 causa
3224 1334 3398 1394 illius
3427 1354 3442 1405 ;
3487 1354 3622 1415 ergo
3643 1340 3684 1399 si

2135 1426 2304 1490 Deus
2333 1428 2506 1489 illum
2537 1428 2868 1489 efficaciter
2905 1434 2966 1488 et
3009 1427 3296 1489 absolute
3339 1428 3494 1501 vult,
3525 1431 3682 1491 etiam

2135 1523 2268 1582 vult
2295 1520 2629 1583 efficaciter
2665 1524 2729 1581 ut
2757 1521 3042 1581 voluntas
3067 1521 3352 1582 humana
3385 1533 3684 1585 concurrat

2137 1615 2219 1677 ad
2245 1617 2453 1689 illum;
2489 1634 2639 1695 ergo
2667 1615 2790 1676 tale
2828 1614 3150 1676 decretum
3184 1615 3298 1675 Dei
3329 1620 3430 1676 est
3465 1623 3682 1678 antece-

2140 1708 2297 1769 dens
2353 1714 2634 1770 nostrum
2683 1708 2951 1769 liberum
2997 1708 3352 1781 arbitrium,
3413 1712 3474 1769 et
3509 1710 3684 1787 praefi-

2141 1803 2322 1863 niens
2335 1802 2436 1863 vel
2451 1801 3006 1880 praedeterminans
3021 1800 3198 1873 illud,
3215 1800 3394 1879 quod
3408 1812 3686 1881 repugnat

2138 1895 2431 1967 libertati,
2473 1899 2542 1954 ut
2571 1912 2736 1973 saepe
2780 1894 2945 1965 dixi:
2987 1894 3036 1953 si
3081 1911 3234 1954 vero
3283 1912 3420 1954 non
3459 1896 3544 1955 sic
3581 1898 3690 1957 vult

2137 1990 2306 2049 Deus
2334 1988 2510 2048 illum
2535 1992 2768 2059 actum,
2799 1987 2910 2047 sed
2935 1993 3180 2047 tantum
3219 1987 3498 2048 volendo
3531 2007 3686 2050 suum

2145 2098 2518 2142 concursum
2577 2080 2652 2140 ad
2711 2081 2909 2151 illum,
2949 2081 3086 2159 jam
3133 2080 3506 2142 conceditur
3545 2082 3686 2143 aliud

2143 2174 2496 2235 membrum
2545 2174 2957 2253 propositum,
3001 2172 3082 2235 de
3124 2192 3252 2252 quo
3287 2180 3512 2252 postea
3545 2174 3685 2237 dice-

2145 2275 2270 2329 tur.

2229 2364 2325 2423 12.
2367 2352 2638 2423 Friuoloe
2675 2359 3053 2443 responsioni
3093 2361 3466 2424 occurritur.
3491 2393 3566 2407 —
3591 2363 3682 2423 Re-

2146 2453 2454 2534 spondent
2488 2453 2810 2514 decretum
2846 2453 2999 2514 illud
3049 2470 3188 2514 esse
3241 2453 3593 2514 absolutum
3635 2462 3683 2517 et

2146 2550 2387 2621 efficax,
2417 2554 2480 2608 et
2507 2548 2912 2609 nihilominus
2940 2566 3059 2609 nec
3074 2568 3442 2628 repugnare
3465 2550 3678 2611 liberta-

2147 2642 2213 2713 ti,
2245 2660 2363 2702 nec
2391 2658 2530 2701 esse
2566 2641 2928 2719 simpliciter
2953 2641 3364 2714 antecedenS,
3407 2661 3483 2702 ex
3511 2661 3576 2703 eo
3601 2662 3680 2703 so-

2145 2735 2274 2795 lum
2305 2734 2476 2813 quod
2503 2734 2798 2812 supponit
2825 2734 3054 2794 dictam
3083 2734 3536 2813 praescientiam
3565 2754 3680 2795 con-

2144 2827 2510 2889 ditionatum
2542 2826 2730 2887 futuri
2773 2834 3034 2888 eventus
3069 2834 3132 2887 et
3160 2845 3508 2888 consensus
3533 2828 3677 2888 liberi

2143 2922 2336 3001 ipsius
2356 2921 2710 2981 voluntatis·
2739 2920 2861 2981 Sed
2887 2920 3020 2981 haec
3049 2921 3380 2999 responsio
3408 2921 3679 2981 sufficien-

2145 3020 2260 3087 tcr,
2297 3019 2366 3073 ut
2395 3013 2703 3086 existim0‚
2741 3012 2938 3073 refelli
2967 3018 3193 3092 potest,
3237 3020 3304 3074 et
3335 3032 3412 3075 ex
3441 3014 3566 3091 ejus
3591 3014 3675 3072 im-

2143 3108 2510 3188 probatione
2535 3113 2752 3186 aperte
2781 3106 3064 3168 convinci
3099 3106 3273 3186 quod
3295 3106 3672 3178 intendimus;

2145 3220 2292 3262 nam
2337 3201 2642 3280 imprimis
2691 3201 2824 3260 fieri
2859 3219 2986 3260 non
3017 3205 3222 3280 potest
3255 3208 3326 3262 ut
3359 3201 3524 3261 Deus
3560 3201 3676 3259 velit

2145 3295 2247 3355 illo
2279 3295 2467 3354 modo
2495 3293 2774 3373 praebere
2815 3311 3207 3365 concursum,
3240 3311 3320 3354 ex
3354 3293 3458 3353 illa
3501 3292 3676 3352 condi-

2143 3389 2376 3449 tionata
2425 3387 2835 3466 praescientia,
2867 3386 2986 3446 nisi
3031 3387 3198 3446 idem
3243 3386 3558 3447 decretum
3583 3385 3674 3444 sub

2147 3481 2370 3543 eadem
2409 3481 2764 3542 conditione
2807 3481 2872 3540 in
2902 3480 3146 3559 objecto
3190 3479 3358 3540 illius
3389 3478 3676 3557 praescien·

2144 3576 2244 3636 tiae
2269 3573 2643 3634 includatur.
2679 3573 2832 3644 Quia
2860 3591 3118 3634 necesse
3149 3578 3244 3634 est
3273 3579 3346 3632 ut
3373 3573 3435 3631 in
3467 3572 3672 3649 objecto

2147 3669 2310 3728 illius
2347 3667 2754 3746 praescientiae
2783 3666 3138 3727 includatur
3173 3665 3427 3726 divinus
3457 3681 3674 3725 concur·

2145 3779 2274 3833 suS,
2303 3761 2422 3820 sub
2449 3759 2674 3820 eadem
2695 3759 3071 3832 conditione,
3098 3759 3246 3836 quia
3279 3759 3416 3818 sine
3437 3757 3534 3817 illo
3551 3753 3672 3816 nihil

2143 3859 2352 3933 potest
2391 3852 2548 3913 velle
2581 3859 2792 3912 creata
2819 3853 3141 3924 voluntas;
3177 3869 3332 3931 ergo
3360 3869 3483 3910 non
3507 3853 3673 3928 potest

2144 3949 2224 4008 de
2245 3948 2347 4007 illa
2375 3946 2650 4026 praesciri
2675 3945 2844 4025 quod
2870 3946 2934 4005 in
2955 3947 3074 4006 hac
3099 3943 3550 4025 opportunitate
3575 3943 3668 4000 hoc

2145 4043 2368 4115 vellet,
2419 4041 2538 4102 nisi
2593 4039 2970 4102 includendo
3011 4039 3077 4100 in
3134 4039 3240 4100 illo
3303 4036 3669 4099 antecedente

2145 4135 2307 4194 hanc
2326 4133 2748 4195 conditionem
2769 4153 2782 4192 :
2811 4133 2872 4196 Si
2895 4134 2957 4193 in
2985 4133 3088 4193 illa
3113 4131 3562 4212 opportunitate
3582 4129 3668 4187 ha·

2144 4228 2322 4288 beret
2363 4227 2900 4306 proportionatum
2955 4243 3334 4286 concursum
3371 4223 3506 4295 Dei;
3549 4237 3668 4298 ergo

2145 4339 2274 4380 non
2295 4320 2482 4380 refert
2507 4320 2610 4379 illa
2631 4319 3016 4404 praescientia
3039 4319 3120 4379 ad
3141 4316 3504 4378 salvandam
3523 4315 3668 4375 liber-

2147 4420 2361 4486 tatem,
2395 4413 2444 4474 si
2485 4431 2827 4474 concursus
2868 4413 3124 4473 definite
3167 4411 3358 4473 datur
3383 4411 3462 4472 ad
3505 4409 3668 4468 solum

2143 4509 2312 4567 hunc
2345 4512 2553 4567 actum
2573 4525 2690 4585 per
2715 4505 3066 4567 absolutum
3095 4506 3443 4567 decretum.
3481 4501 3666 4563 Proba-

2147 4609 2246 4664 tur
2288 4602 2757 4680 consequentia,
2793 4601 2938 4680 quia
2971 4618 3150 4660 sumo
3179 4601 3386 4679 ipsam
3413 4595 3666 4659 conditio·

2145 4701 2358 4756 natam
2386 4695 2866 4774 praescientiam,
2891 4698 2954 4754 et
2979 4693 3226 4772 inquiro
3257 4712 3340 4753 an
3373 4703 3663 4752 conculsus

2147 4788 2273 4862 ille,
2307 4789 2413 4868 qui
2445 4788 2508 4847 in
2533 4788 2670 4866 ejus
2699 4786 2944 4866 objecto
2975 4787 3092 4847 sub
3126 4785 3474 4846 conditione
3505 4780 3664 4841 inclu-
3753 4847 3758 4852 ⁸

2147 4882 2333 4952 ditur,
2359 4881 2604 4941 dandus
2625 4880 3008 4959 intelligatur
3032 4897 3148 4958 per
3175 4880 3338 4938 hanc
3363 4875 3661 4938 absolutam

2151 4982 2214 5036 et
2237 4975 2556 5036 definitam
2575 4975 2962 5034 voluntatem
2981 4973 3114 5044 Dei,
3143 4971 3244 5032 vel
3271 4989 3387 5051 per
3409 4969 3600 5029 aliam:
3621 4963 3659 5022 si

2149 5069 2391 5129 dicatur
2404 5069 2699 5148 primum,
2719 5066 2878 5128 redit
2891 5066 3061 5126 idem
3085 5069 3531 5144 argumentum,
3547 5058 3658 5137 quia

2143 5163 2278 5242 jam
2318 5167 2466 5223 tunc
2511 5181 2636 5223 non
2681 5167 2886 5240 potest
2937 5159 3234 5237 cognosci
3275 5165 3444 5218 actus
3487 5153 3584 5214 nisi
3611 5157 3660 5208 ut

2151 5255 2510 5316 necessario
2535 5255 2782 5314 futurus
2811 5272 2886 5314 ex
2913 5252 3017 5312 illa
3044 5251 3496 5332 suppositione;
3523 5245 3654 5324 quia,

2151 5349 2352 5427 posito
2393 5347 2648 5408 decreto
2689 5346 2800 5407 Dei
2831 5345 3143 5417 absolut0,
3177 5361 3307 5404 non
3348 5344 3532 5423 potest
3557 5353 3656 5397 non

2151 5441 2330 5519 sequi
2361 5441 2622 5502 effectus
2638 5457 2657 5517 3
2689 5439 2902 5519 etjam
2929 5444 3080 5500 tunc
3115 5437 3237 5498 dici
3261 5455 3385 5498 non
3405 5437 3578 5516 potest
3599 5427 3654 5488 il-

2153 5533 2262 5594 iud
2293 5534 2614 5595 decretum
2653 5551 2792 5594 esse
2823 5551 2900 5593 ex
2925 5531 3045 5592 alia
3087 5529 3463 5610 praescientia
3485 5522 3655 5587 condi·
