3850 6225
481 405 562 467 26
1241 412 1452 466 OPUSC.
1491 414 1533 475 1,
1567 412 1684 465 Lm.
1721 414 1758 467 1.
1797 412 1877 464 m:
1911 408 2232 465 CONCURSU
2264 410 2365 463 DEI
2400 410 2524 464 cmi
2554 410 2946 464 VOLUNTATE.

480 516 739 592 spectet,
770 531 900 573 non
931 514 1198 576 multum
1225 516 1417 576 refert
1442 533 1458 588 ;
1491 514 1757 577 fortasse
1781 515 1846 575 id
1875 514 2045 587 fecit,

482 610 552 665 ut
579 606 917 685 explicaret
948 608 1172 681 Deum,
1203 608 1413 671 dando
1441 609 1616 670 illum
1647 626 2043 681 concursum,

482 700 568 760 ita
594 716 661 760 se
689 699 925 762 habere
951 701 1176 763 virtute
1208 709 1270 764 et
1301 702 1670 777 eminenter,
1701 722 1773 765 ac
1802 704 1856 764 si
1899 722 2049 763 eau-

484 812 586 854 sas
612 794 920 855 secundas
943 796 1204 876 physice
1234 795 1316 858 ad
1353 816 1500 859 suas
1541 798 1819 859 actiones
1849 796 2046 876 appli-

483 892 680 959 caret3
703 888 872 967 quia,
896 894 965 950 ut
993 890 1223 951 ibidem
1241 891 1347 966 ait,
1372 909 1430 952 a.
1458 895 1485 951 t
1517 892 1696 955 :Non
1723 892 2047 954 secandum

480 982 893 1045 necessitatem
919 986 1182 1057 natm-ce,
1213 986 1320 1048 sed
1344 984 1664 1048 secundum
1693 980 1822 1048 saar
1840 980 2045 1064 provi-

479 1074 695 1138 dentice
725 1076 1044 1149 rationem,
1081 1077 1233 1139 illud
1275 1078 1576 1139 auxilium
1625 1077 2045 1139 communicat

482 1186 555 1227 ac
609 1168 940 1229 distribuit.
989 1170 1169 1232 Unde
1223 1172 1310 1232 ita
1363 1170 1641 1252 singulas
1699 1176 2043 1244 creaturas,

480 1280 626 1322 suas
647 1262 924 1323 actiones
953 1263 1160 1325 facere
1187 1264 1352 1338 sinit,
1385 1270 1455 1326 ut
1481 1266 1635 1326 alias
1660 1264 2046 1345 Augustinus

481 1354 625 1432 (lib.
665 1358 700 1417 “1
741 1355 821 1417 de
847 1356 1097 1431 Trinit.,
1127 1375 1268 1437 cap.
1289 1358 1375 1437 7),
1406 1358 1578 1432 dixit,
1611 1362 1682 1421 ut
1711 1358 1800 1419 eis
1824 1357 2045 1417 nihilo·

477 1449 686 1508 minus
730 1450 810 1510 ad
863 1468 990 1510 sure
1019 1451 1424 1531 providentiae
1451 1451 1611 1512 fines
1653 1457 1882 1524 utatur,
1915 1468 2045 1512 non

477 1542 685 1602 minus
713 1542 988 1621 perfecte
1020 1562 1210 1622 quam
1241 1544 1293 1605 si
1341 1545 1620 1622 singulas
1663 1544 1893 1624 praevia
1941 1561 2044 1604 ac-

474 1634 644 1696 tione
665 1636 746 1695 ad
769 1636 1159 1716 operandum
1180 1638 1540 1718 applicaret.
1569 1640 1834 1700 Possunt
1853 1637 2043 1699 etiam

475 1728 613 1788 aliae
641 1728 916 1790 rationes
958 1729 1122 1789 illius
1165 1731 1597 1811 appellationis
1635 1730 1836 1803 reddi,
1885 1747 2043 1811 quas

474 1820 636 1882 infra
687 1822 1089 1903 attingemus,
1140 1842 1278 1904 cap.
1338 1828 1434 1898 11,
1484 1824 1589 1886 ubi
1641 1830 1918 1885 mentem
1964 1824 2035 1883 D.

473 1916 726 1975 Thomoe
759 1933 836 1977 ex
884 1916 1020 1977 aliis
1068 1916 1224 1978 locis
1266 1918 1403 1999 ejus
1451 1917 1718 1999 amplius
1763 1916 2040 1979 declara-

472 2007 702 2070 himuS.

629 2192 890 2263 Ratione
933 2196 1131 2260 eadem
1166 2196 1392 2260 veritas
1435 2196 1877 2261 corroboratur.

549 2386 610 2444 3.
643 2384 956 2466 Duplicem
995 2384 1268 2467 cujusvis
1295 2392 1592 2450 creaturoe
1623 2386 1870 2467 effectus
1897 2404 2039 2467 pro-

469 2478 825 2551 ductionem,
853 2477 1099 2559 quidam
1143 2480 1267 2542 Deo
1313 2480 1573 2544 tribuere
1619 2485 1933 2555 astruant,
1981 2486 2039 2545 et

466 2570 748 2650 qualiter.
778 2606 855 2615 —
884 2572 1026 2631 Jam
1051 2572 1293 2632 ratione
1319 2572 1636 2651 agendum
1666 2577 1781 2647 est,
1811 2580 1872 2634 et
1901 2575 2035 2653 qui-

464 2663 632 2736 dem,
663 2663 710 2723 si
741 2663 886 2735 illae,
916 2682 1073 2743 quas
1103 2682 1157 2726 c.
1187 2667 1226 2726 4
1254 2666 1627 2727 adduximus
1655 2666 1735 2728 ad
1763 2668 2033 2746 proban-

461 2754 612 2815 dum
642 2774 1014 2816 concursum
1033 2756 1144 2817 Dei
1177 2776 1314 2819 esse
1345 2760 1795 2825 necessarium.
1829 2766 2031 2821 atten-

458 2853 521 2910 te
544 2849 1038 2923 considerentur,
1069 2851 1189 2912 illae
1213 2852 1520 2913 sufficient
1541 2852 1623 2912 ad
1643 2852 2032 2932 persuaden-

459 2940 610 3001 dum
630 2960 760 3002 non
782 2942 1041 3021 requiri,
1072 2962 1148 3005 ex
1172 2944 1231 3005 vi
1259 2944 1788 3006 subordinationis
1813 2964 2029 3007 causa·

459 3053 621 3107 rum,
639 3035 832 3095 alium
852 3036 1180 3111 influxum,
1193 3041 1418 3116 praeter
1439 3056 1815 3099 concursum
1836 3039 2027 3121 expli-

459 3134 698 3202 catum;
752 3129 899 3208 quia
939 3129 1044 3192 ille
1075 3149 1415 3192 concursus
1454 3132 1678 3192 sufficit
1725 3137 1795 3193 ut
1823 3133 2026 3194 omnis

459 3222 718 3283 effectus
747 3229 1049 3284 ereaturae
1086 3225 1414 3302 omnisque
1451 3225 1611 3286 actio
1639 3225 1774 3304 ejus
1798 3244 1834 3286 a
1863 3226 2021 3302 Dee,

458 3321 530 3376 ut
561 3333 598 3374 a
643 3317 846 3396 prima
879 3335 1093 3389 causa,
1132 3319 1543 3380 essentialiter
1567 3319 1875 3398 pendeat3
1915 3320 2022 3383 ille

461 3409 648 3471 etiam
677 3411 826 3470 satis
862 3417 956 3472 est
987 3416 1056 3471 ut
1085 3430 1272 3473 causa
1322 3412 1596 3474 secunda
1627 3413 1702 3474 sit
1739 3413 2021 3474 subordi-

457 3509 607 3564 nata
632 3504 870 3583 primae,
917 3522 1044 3564 non
1085 3522 1200 3583 per
1228 3505 1540 3579 accidenS,
1572 3505 1683 3566 sed
1721 3524 1834 3585 per
1865 3525 1932 3566 se
1963 3512 2026 3568 ct

458 3597 900 3671 essentialiter,
933 3615 1006 3658 ex
1039 3599 1097 3657 vi
1134 3599 1401 3678 propriae
1437 3603 1672 3660 naturae
1705 3599 2028 3680 imperfec-

454 3695 534 3752 tae
564 3696 626 3751 et
655 3691 1062 3770 partIcipatae,
1091 3699 1160 3752 ut
1187 3692 1573 3754 declaratum
1605 3699 1733 3766 est;
1765 3712 1904 3773 quae
1936 3699 2031 3756 est

455 3803 606 3864 ergo
633 3785 973 3846 necessitas
1018 3784 1272 3846 alterius
1315 3785 1706 3860 adminiculi,
1753 3787 1854 3848 vel
1899 3805 2031 3849 mo-

455 3877 644 3940 tionis
681 3878 925 3957 praevioe
967 3878 1032 3940 in
1077 3897 1268 3940 causa
1315 3879 1592 3941 secunda
1620 3884 1930 3959 receptae?
1955 3881 2031 3941 Et

457 3972 812 4034 declaratur
833 3991 905 4034 ac
927 3979 1187 4054 urgetur
1211 3974 1501 4054 ampliuS,
1528 3992 1698 4047 nam,
1720 3975 1770 4035 si
1797 3977 2027 4054 praeter

456 4065 621 4126 hanc
655 4065 776 4126 alia
818 4065 1028 4132 divina
1071 4067 1232 4128 actio
1277 4067 1634 4128 necessaria
1679 4072 1796 4140 est,
1840 4067 2029 4129 inter-

455 4177 610 4238 rogo
637 4175 718 4219 an
749 4159 1112 4222 immediate
1137 4165 1200 4222 et
1221 4179 1335 4240 per
1357 4179 1424 4221 se
1452 4160 1716 4240 attingat
1737 4159 2028 4221 effectum

456 4255 778 4327 creaturae,
800 4253 901 4313 vel
943 4253 1148 4314 solum
1175 4253 1448 4314 mediate
1480 4257 1542 4314 et
1567 4271 1681 4333 per
1710 4252 2023 4326 accidens,

457 4363 570 4406 seu
605 4351 675 4406 ut
701 4345 973 4406 conditio
1013 4346 1262 4425 praevia.
1301 4348 1380 4408 At
1417 4351 1713 4407 neutrum
1753 4345 1870 4406 dici
1919 4364 2027 4425 po-

453 4443 594 4500 test.
641 4439 728 4498 De
755 4438 956 4517 primo
983 4444 1178 4518 patet,
1223 4438 1372 4518 quia
1410 4457 1526 4518 per
1573 4439 1847 4518 priorem
1883 4456 2028 4499 con-

455 4549 708 4592 cursum
739 4549 774 4590 a
797 4531 977 4592 nobis
1008 4531 1380 4610 explicatum
1405 4531 1606 4593 influit
1627 4533 1792 4593 Deus
1818 4550 1934 4611 per
1958 4551 2025 4593 se

457 4629 521 4685 et
549 4623 908 4684 immediate
947 4625 1012 4684 in
1045 4625 1339 4685 effectum
1371 4631 1710 4698 creaturae3
1741 4643 1891 4703 ergo
1921 4643 2029 4685 su-

456 4718 695 4798 perflue
735 4722 800 4778 et
833 4717 966 4777 sine
1009 4717 1418 4778 fundamento
1467 4717 1814 4798 fingeretur
1868 4718 2027 4780 alius

455 4811 728 4871 influxus
773 4807 1123 4884 distinctus,
1155 4827 1423 4871 manans
1461 4811 1542 4870 ab
1575 4811 1798 4872 eadem
1825 4811 2027 4892 prima

457 4921 648 4965 causa
676 4908 747 4963 ut
784 4902 928 4963 talis
978 4908 1096 4980 est,
1147 4905 1210 4963 et
1245 4903 1538 4964 eumdem
1578 4905 1869 4965 effectum
1908 4903 2027 4963 im-

455 4995 728 5056 mediate
755 5013 829 5056 ac
855 5013 972 5074 per
999 5013 1068 5058 se
1117 4996 1469 5075 attingens;
1517 4996 1644 5057 imo
1673 4997 1777 5057 vix
1814 5002 2029 5076 posset

460 5088 701 5168 concipi
759 5088 1072 5150 distinctio
1129 5089 1295 5150 inter
1348 5107 1547 5149 unum
1602 5089 1909 5151 influxum
1968 5101 2029 5151 et

457 5183 671 5242 alium.
707 5181 910 5254 Quare
939 5181 1002 5242 in
1027 5181 1149 5242 hoc
1201 5183 1388 5242 etiam
1431 5181 1603 5242 nulla
1647 5189 1742 5244 est
1791 5183 2029 5262 opinio-

457 5293 610 5335 num
639 5273 986 5346 diversita8‚
1033 5291 1244 5354 neque
1283 5273 1448 5335 ullus
1491 5275 1797 5336 hactenus
1823 5277 2027 5337 Theo-

457 5368 750 5446 logorum
786 5373 896 5428 aut
920 5366 1442 5445 Philosophorum
1483 5369 1603 5428 hoc
1631 5368 1820 5430 modo
1849 5367 2027 5430 finxit

457 5460 774 5540 duplicem
800 5477 1175 5521 concursum
1201 5461 1418 5540 primae
1441 5479 1646 5522 causae
1677 5463 1740 5522 in
1767 5462 2027 5522 effectus

459 5561 916 5630 creaturarum,
961 5559 1024 5615 et
1061 5571 1206 5615 cum
1245 5554 1528 5640 ipsismet
1565 5555 1770 5620 causis
1811 5573 2030 5618 secun-

2131 512 2247 574 dis.
2280 514 2461 589 Nam,
2488 514 2631 576 licet
2658 514 2849 594 aliqui
2880 514 3167 577 tinxerint
3195 532 3413 577 omnes
3436 516 3707 579 effectus

2132 624 2465 669 causarum
2506 608 2925 669 secundarum
2954 606 3090 668 fieri
3119 608 3446 687 dupliciter
3482 628 3519 669 a
3564 610 3707 670 Deo

2128 718 2244 781 per
2270 718 2337 762 se
2369 707 2432 764 et
2471 702 2834 763 immediate
2864 747 2885 776 ,
2921 700 3177 778 scilicet,
3214 708 3277 763 et
3317 720 3459 764 cum
3490 702 3707 763 causis

2131 793 2444 868 secundiS,
2480 800 2541 856 et
2564 794 2695 855 sola
2723 794 2949 856 virtute
2976 796 3119 868 Dei,
3144 813 3218 856 ac
3243 795 3488 856 duabus
3510 796 3707 856 actio-

2127 887 2313 947 nibus
2342 905 2420 948 ex
2444 894 2673 949 natura
2702 888 2794 949 rei
2831 887 3157 961 distinctis,
3190 892 3457 966 utraque
3482 908 3604 969 per
3634 906 3705 948 se

2127 980 2473 1042 sufficiente
2500 986 2563 1043 et
2596 980 2807 1055 totali,
2845 980 3040 1041 altera
3068 1000 3105 1041 a
3136 982 3267 1042 solo
3307 982 3462 1056 De0,
3496 981 3705 1041 altera

2126 1092 2165 1134 a
2191 1074 2323 1135 Deo
2353 1092 2497 1135 cum
2525 1094 2715 1135 causa
2745 1072 3044 1148 secunda,
3072 1080 3287 1137 tamen
3313 1075 3451 1137 haec
3480 1074 3703 1154 opinio

2126 1186 2245 1230 nec
2283 1174 2377 1229 est
2416 1188 2634 1231 eorum
2686 1168 3013 1231 doctorum
3060 1187 3205 1230 cum
3248 1169 3474 1249 quibus
3522 1186 3707 1228 nune

2126 1262 2541 1342 disputamus,
2569 1282 2688 1325 nec
2715 1270 2808 1324 est
2830 1262 3195 1343 probabilis,
3228 1281 3371 1323 cum
3396 1262 3575 1323 nulla
3598 1279 3707 1321 ra-

2126 1356 2294 1418 tione
2324 1356 2423 1418 vel
2450 1356 2816 1417 auctoritate
2846 1356 3100 1430 nitatur,
3138 1358 3201 1417 et
3222 1373 3335 1436 per
3370 1374 3509 1417 sese
3544 1355 3706 1415 affe-

2125 1456 2224 1512 rat
2264 1450 2758 1530 superfluitatem
2808 1454 2870 1511 et
2911 1447 3361 1509 absurditatem
3392 1467 3406 1507 :
3434 1467 3557 1509 nec
3586 1448 3706 1509 de-

2126 1544 2316 1623 nique
2338 1543 2419 1604 ad
2433 1550 2809 1623 praesentem
2829 1560 3085 1602 causam
3109 1541 3453 1621 quidquam
3472 1540 3699 1611 refert;

2128 1644 2191 1699 et
2214 1637 2357 1698 ideo
2385 1636 2445 1697 in
2478 1656 2553 1698 ea
2576 1634 2989 1719 improbanda
3019 1652 3186 1695 nunc
3212 1634 3538 1697 immorari
3569 1652 3703 1693 non

2126 1736 2224 1792 est
2249 1747 2532 1792 necesse.

2200 1826 2261 1884 4.
2304 1824 2392 1885 De
2423 1820 2699 1883 secundo
2724 1820 3034 1896 membro,
3065 1820 3130 1882 in
3156 1838 3280 1902 quo
3306 1824 3400 1881 est
3427 1818 3701 1879 difficul-

2120 1924 2237 1990 taS,
2292 1915 2626 1977 (licendum
2678 1921 3002 1995 superest;
3062 1914 3168 1994 qui
3224 1914 3395 1975 enim
3445 1919 3702 1993 ponunt

2118 2010 2309 2073 alium
2331 2010 2639 2071 actualem
2664 2009 2970 2069 influxum
2990 2012 3051 2069 et
3072 2007 3439 2088 generalem
3469 2006 3698 2085 primae

2122 2121 2326 2165 causae
2373 2104 2439 2163 in
2488 2103 2690 2182 ipsam
2738 2119 2993 2163 causam
3036 2099 3416 2173 secundam,
3458 2104 3699 2178 praeter

2119 2198 2293 2259 illum
2328 2196 2437 2275 qui
2463 2199 2558 2257 est
2585 2196 2648 2255 in
2678 2194 2970 2256 effectum
3006 2194 3202 2274 ipsius
3231 2211 3435 2254 causae
3463 2210 3699 2253 secun·-

2120 2291 2238 2364 dae,
2271 2294 2731 2369 consequenter
2758 2288 2974 2350 dicunt
3009 2305 3124 2367 per
3165 2286 3339 2348 illum
3379 2286 3695 2346 influxum

2118 2402 2247 2445 non
2281 2384 2543 2444 influere
2564 2382 2765 2443 Deum
2790 2380 3150 2442 immediate
3178 2398 3253 2441 ac
3278 2395 3392 2457 per
3420 2396 3485 2440 se
3514 2379 3588 2439 in
3606 2376 3698 2439 ef-

2117 2478 2349 2539 fectum
2372 2494 2573 2537 causae
2608 2473 2920 2547 secundae,
2950 2473 3062 2535 sed
3088 2473 3153 2533 in
3180 2472 3319 2552 ipsa
3346 2490 3537 2533 causa
3562 2472 3695 2533 effi-

2118 2589 2261 2633 cere
2284 2570 2521 2649 aliquid
2546 2568 2851 2649 praevium
2894 2574 2956 2629 et
2998 2567 3423 2629 necessarium
3451 2573 3519 2626 ut
3548 2566 3695 2645 ipsa

2118 2670 2289 2743 agat.
2338 2665 2467 2724 Hoc
2519 2669 2731 2723 autem
2778 2661 3101 2742 praevium,
3161 2659 3416 2739 quidam
3462 2676 3693 2719 eorum

2114 2758 2577 2840 applicationem
2610 2772 2815 2816 causae
2864 2753 3156 2815 secundae
3202 2750 3284 2813 ad
3322 2750 3651 2831 agendum
3675 2798 3689 2824 ‚

2113 2853 2216 2913 alii
2245 2852 2583 2925 motionem,
2620 2850 2721 2910 alii
2748 2848 3237 2930 complementum
3258 2844 3531 2919 virtutis,
3558 2863 3692 2924 quo

2109 2943 2173 3003 in
2200 2950 2344 3005 actu
2395 2944 2598 3024 primo
2654 2943 3129 3003 consummatur
3149 2985 3165 3013 ,
3216 2929 3319 3000 alii
3366 2940 3691 3003 excitatio-

2107 3056 2240 3101 nem
2281 3038 2533 3101 virtutis
2562 3036 2816 3108 activoe,
2851 3034 2953 3094 alii
2998 3032 3275 3111 denique
3314 3032 3691 3095 determina-

2106 3132 2325 3194 tionem
2372 3129 2659 3210 ejusdem
2720 3145 2927 3190 causae
2986 3125 3067 3187 ad
3114 3143 3295 3186 suam
3344 3125 3687 3198 actionem,

2104 3231 2351 3286 vocant.
2404 3226 2465 3288 Si
2510 3242 2686 3304 erg0,
2738 3241 2851 3302 per
2892 3222 3120 3282 horum
3148 3220 3395 3299 singula
3440 3219 3691 3280 discur-

2107 3321 2327 3394 rend0,
2388 3318 2857 3380 ostenderimus
2908 3315 3063 3377 nihil
3116 3315 3208 3376 rei
3258 3315 3375 3376 illis
3418 3315 3688 3376 vocibus

2109 3413 2368 3475 subesse
2396 3431 2602 3492 posse,
2638 3411 2998 3474 distinctum
3030 3429 3065 3470 a
3094 3427 3286 3470 causa
3311 3409 3591 3470 secunda
3625 3413 3690 3469 et

2111 3507 2355 3568 actione
2388 3506 2545 3585 cjuS‚
2576 3505 2747 3584 quod
2773 3503 2874 3564 vel
2902 3501 3195 3582 explicari
3218 3501 3435 3581 possit,
3457 3502 3555 3563 vel
3590 3521 3688 3563 ra-

2110 3599 2279 3660 tione
2312 3599 2520 3678 aliqua
2546 3597 2850 3660 declarari
2886 3614 3026 3658 esse
3059 3593 3507 3668 necessarium,
3531 3614 3687 3656 con-

2110 3691 2433 3752 vincemus
2478 3709 2629 3751 sane
2674 3709 2803 3751 non
2843 3707 2981 3750 esse
3023 3688 3215 3768 gratis
3256 3688 3681 3761 credendum;

2112 3804 2225 3846 cur
2249 3787 2414 3846 enim
2446 3784 2900 3845 admittendum
2932 3788 3026 3844 est
3047 3781 3283 3861 aliquid
3310 3801 3445 3843 esse
3470 3783 3532 3842 in
3563 3803 3687 3844 na-

2110 3885 2250 3940 tura
2278 3878 2728 3951 necessarium,
2764 3877 2933 3956 quod
2972 3894 3088 3937 nec
3124 3875 3283 3936 fides
3324 3875 3526 3952 docet,
3558 3895 3683 3938 nec

2108 3973 2269 4034 ratio
2295 3971 2538 4045 suadet,
2574 3989 2688 4031 nec
2724 3987 2905 4031 mens
2934 3968 3063 4028 fere
3098 3987 3321 4048 capere
3348 3973 3599 4049 potest?

2190 4069 2249 4127 5.
2289 4063 2489 4129 Causa
2517 4070 2722 4127 creata
2764 4061 3228 4146 applicationem
3274 4061 3538 4144 aliquam
3580 4081 3683 4126 re-

2108 4159 2301 4242 quirit
2333 4159 2413 4222 ad
2440 4154 3058 4238 operandum—Sed,
3090 4153 3173 4215 ad
3197 4173 3355 4228 rem,
3384 4155 3552 4234 quod
3582 4163 3683 4217 at-

2106 4253 2267 4312 tinet
2294 4248 2375 4311 ad
2400 4249 2902 4329 applicationem,
2940 4264 3228 4327 suppono
3252 4247 3443 4326 (quod
3482 4249 3683 4309 veris-

2110 4345 2337 4405 simum
2389 4345 2503 4422 est)
2554 4359 2774 4403 omnes
2826 4359 3047 4401 causas
3102 4346 3345 4401 creatas
3398 4340 3680 4420 aliquam

2107 4437 2589 4518 applicationem
2615 4435 2915 4515 praeviam
2940 4435 3259 4514 requirere
3292 4434 3373 4495 ad
3398 4435 3681 4496 actiones

2110 4550 2280 4604 suae,
2306 4531 2434 4591 sive
2458 4529 2569 4590 fiat
2598 4547 2676 4589 cx
2700 4535 2875 4606 parte
2898 4527 3200 4606 ipsarum,
3234 4527 3361 4588 sive
3392 4545 3467 4588 ex
3496 4535 3680 4607 parte

2110 4623 2397 4703 subjecti,
2426 4623 2525 4683 vel
2544 4620 2794 4702 objecti,
2827 4619 2955 4682 sive
2991 4619 3267 4680 materiae
3292 4621 3453 4680 circa
3484 4639 3679 4698 quam

2110 4723 2456 4796 operatur-ae
2496 4721 2661 4776 sunt.
2696 4713 2843 4786 Quae
2873 4711 3204 4792 applicatio
3244 4712 3310 4771 in
3341 4712 3681 4791 corporali-

2106 4810 2227 4871 bus
2267 4808 2623 4888 agentibuS,
2662 4823 2776 4867 seu
2816 4805 3112 4877 motibuS,
3154 4822 3404 4883 semper
3448 4803 3518 4866 fit
3560 4823 3681 4884 per

2107 4909 2350 4965 motum
2398 4902 2686 4973 localem,
2738 4907 2847 4961 aut
2902 4899 3092 4959 aliam
3140 4899 3450 4960 actionem
3474 4944 3490 4972 ,
3548 4917 3678 4978 qua

2109 5015 2304 5076 agens
2342 5002 2402 5056 et
2431 5013 2688 5076 passum
2714 4994 2853 5054 loco
2879 4991 3359 5073 conjungantur,
3396 5011 3511 5053 seu
3534 5011 3679 5072 pro-

2106 5091 2343 5170 pinqua
2370 5089 2561 5161 fiant3
2596 5087 2661 5148 in
2693 5086 2983 5167 potentiis
3031 5091 3241 5146 autem
3287 5103 3398 5146 seu
3442 5084 3677 5146 viribus

2109 5183 2355 5255 animle,
2405 5181 2719 5261 praecipue
2766 5179 2832 5240 in
2878 5179 3195 5240 intellectu
3239 5183 3301 5240 et
3328 5171 3671 5251 voluntate,

2106 5277 2179 5338 fit
2204 5295 2319 5356 per
2340 5275 2750 5336 sufficientem
2774 5272 3265 5353 propositionem
3292 5273 3541 5352 objecti,
3566 5279 3677 5334 aut

2107 5387 2221 5450 per
2259 5369 2590 5448 imperium
2638 5366 2827 5427 unius
2872 5367 3168 5446 potentiae
3212 5366 3273 5427 in
3318 5366 3529 5441 aliam,
3572 5366 3672 5428 vel

2110 5462 2295 5523 aliam
2346 5462 2716 5534 motionem,
2763 5459 2863 5521 vel
2915 5459 3200 5539 ejusdem
3252 5461 3546 5539 potentiae
3610 5461 3673 5521 in

2110 5555 2383 5635 seipsam
2432 5553 2779 5617 secundum
2830 5558 3009 5614 actus
3052 5551 3365 5626 diverSOS,
3420 5551 3671 5634 quando
