3850 6225
549 441 674 501 230

545 547 616 608 In
658 543 884 624 quibus
921 541 1128 604 verbis
1177 541 1380 602 obiter
1433 539 1621 600 eliam
1659 539 2113 612 animadverto,

548 635 864 715 quomodo
895 633 1278 712 Augustinus
1327 633 1668 694 efficaciam
1701 633 1940 712 gratim,
1988 649 2117 693 non

548 734 614 792 in
644 727 1294 810 praedeterminatione
1338 727 1619 805 physica,
1653 725 1765 786 sed
1818 725 1883 786 in
1927 725 2117 785 modo

550 824 891 886 vocationis
922 819 1276 892 constituit;
1309 838 1484 894 nam,
1507 818 1556 879 si
1583 819 1646 878 in
1666 818 1925 898 physica
1952 837 2115 898 prae-

549 915 1070 979 determinatione
1096 913 1518 984 constitueret,
1548 929 1690 972 cum
1718 929 2117 990 quacumque

549 1011 874 1073 vocatione
939 1005 1260 1086 quodlibet
1315 1005 1680 1065 induratum
1738 1017 1845 1065 cor
1899 1007 2114 1084 posset

549 1108 717 1167 Deus
743 1099 1074 1163 efficaciter
1103 1097 1521 1160 determinare
1547 1116 1670 1176 quo
1693 1098 1902 1159 vellet.
1930 1098 2119 1160 Dein-

550 1199 630 1259 de
654 1197 842 1260 etiam
891 1191 1319 1255 animadverto
1361 1210 1548 1270 posse
1584 1191 1906 1252 hominem
1936 1192 2124 1252 inter·

552 1290 702 1350 dum
752 1290 835 1349 ita
866 1305 1003 1346 esse
1051 1285 1444 1364 dispositum,
1495 1283 1766 1345 utnulla
1809 1283 2123 1344 ordinaria

551 1383 876 1444 vocatione
912 1378 1372 1441 convertendus
1400 1378 1498 1439 sit.
1530 1377 1709 1441 Unde
1752 1396 1881 1438 non
1907 1382 2003 1439 est
2030 1377 2124 1436 in·-

552 1475 954 1545 convenienS,
1009 1471 1180 1551 quod
1208 1471 1480 1551 potuerit
1514 1471 1708 1546 DeuS,
1760 1471 1866 1530 illa
1914 1469 2124 1531 condi·

551 1568 786 1630 tionata
813 1565 1094 1638 scientia,
1127 1564 1205 1626 de
1228 1564 1437 1644 aliquo
1466 1564 1807 1644 praevidere
1827 1582 1961 1625 non
1985 1581 2123 1624 esse

553 1659 1044 1720 convertendum
1053 1657 1348 1738 ‚omnibus
1365 1657 1608 1721 auxiliis
1629 1657 1957 1719 ordinariis
1988 1675 2125 1737 gra-

553 1755 687 1826 tiae3
735 1757 972 1826 tamen,
1027 1751 1172 1832 quia
1219 1757 1444 1831 praeter
1469 1751 1606 1812 haec
1655 1751 1886 1812 auxilia
1919 1754 2125 1830 potest

554 1851 723 1910 Deus
751 1847 1006 1910 infinitis
1029 1847 1233 1908 modis
1251 1845 1572 1908 hominem
1597 1847 1897 1927 adjuvare
1930 1849 1993 1908 et
2017 1864 2123 1907 vo·

557 1961 724 2016 care,
776 1937 1327 2020 ideo'simpliciter
1375 1939 1508 2002 fieri
1555 1959 1683 2002 non
1735 1944 1941 2020 potest
1972 1937 2123 2018 quin

556 2046 1026 2118 praecognoscat
1043 2035 1210 2096 Deus
1233 2034 1446 2113 plures
1473 2037 1728 2112 gratiam,
1757 2051 1870 2094 seu
1893 2031 2124 2092 auxilia

557 2128 784 2209 quibus
813 2128 891 2189 de
920 2127 1083 2188 facto
1123 2130 1512 2190 converteret
1541 2125 1886 2200 hominem,
1917 2125 1967 2186 si
1994 2123 2127 2184 vel-

555 2221 641 2282 let
687 2221 790 2281 illa
818 2225 1139 2300 praestare.
1176 2219 1354 2291 Quod
1387 2237 1421 2280 a
1453 2218 1692 2280 fortiori
1725 2223 1918 2298 patet,
1953 2215 2122 2298 quia,

557 2316 608 2376 si
637 2316 804 2377 Deus
833 2315 993 2374 sinat
1016 2313 1338 2373 hominem
1360 2312 1586 2373 tentari
1611 2330 1648 2370 a
1676 2310 1965 2371 daemone
1993 2327 2128 2370 om-

555 2410 741 2470 nibus
787 2407 990 2468 modis
1034 2407 1260 2486 quibus
1305 2405 1410 2466 ille
1453 2405 1624 2467 novit
1663 2411 1726 2466 et
1777 2409 1985 2484 potest
2029 2404 2125 2483 ip-

561 2521 699 2563 sum
736 2507 1002 2574 tentare,
1034 2499 1416 2580 impossibile
1446 2505 1539 2560 est
1569 2503 1634 2558 ut
1681 2497 1813 2558 sola
1839 2497 2125 2558 libertate

556 2595 745 2656 homo
778 2595 832 2655 ei
858 2594 1135 2666 resistat,
1169 2593 1282 2654 sed
1308 2591 1627 2652 infallibile
1671 2592 1786 2652 erit
1822 2597 1888 2651 ut
1915 2589 2123 2667 aliquo

555 2689 742 2750 modo
771 2689 1130 2749 tentationis
1161 2688 1379 2760 cadat3
1413 2686 1524 2747 sed
1558 2685 1751 2745 multo
1781 2689 1876 2745 est
1903 2689 2126 2762 poten-

555 2782 676 2844 tior
703 2780 915 2843 divina
939 2780 1159 2861 gratia,
1187 2787 1250 2842 et
1273 2781 1484 2860 plures
1511 2778 1734 2839 modos
1761 2777 1933 2838 novit
1957 2777 2126 2837 Deus

559 2874 898 2936 inclinandi
951 2880 1013 2935 et
1040 2873 1326 2936 trahendi
1375 2873 1778 2946 voluntatem,
1831 2875 1902 2930 ut
1942 2868 2127 2930 bonis

555 2968 941 3039 consentiat3
979 2985 1129 3045 ergo
1159 2985 1290 3028 non
1318 2969 1413 3027 est
1431 2966 1798 3044 contingens
1827 2969 1896 3024 ut
1926 2981 1999 3023 ex
2035 2965 2127 3024 tot

553 3062 769 3141 gratiae
799 3061 1042 3123 auxiliis
1063 3067 1124 3123 et
1149 3059 1580 3122 vocationibus
1611 3076 1738 3119 non
1763 3075 2126 3137 praecogno-

556 3162 766 3217 scatur
795 3155 1026 3235 aliqua,
1061 3154 1159 3215 cui
1191 3155 1380 3214 homo
1413 3169 1834 3213 consensurus
1861 3150 1960 3210 sit.

638 3248 817 3321 Quod
869 3248 920 3308 si
977 3246 1114 3326 quis
1161 3246 1476 3308 mordicus
1543 3243 1882 3305 contendat
1930 3248 2125 3304 totam

553 3344 720 3405 hanc
763 3340 1324 3423 impossibilitatem
1367 3340 1570 3401 solum
1615 3356 1752 3398 esse
1792 3337 2119 3409 moralem,

547 3444 736 3518 atque
786 3435 944 3497 adeo
997 3452 1124 3495 non
1183 3433 1506 3513 implicare
1561 3430 2125 3493 contradictionem

554 3528 726 3611 quod
759 3528 1110 3610 oppositum
1142 3506 1387 3589 accidat
1411 3573 1426 3600 ,
1472 3544 1615 3585 cum
1645 3522 2009 3603 simpliciter
2032 3523 2125 3584 lo·

553 3625 804 3705 quendo
853 3642 930 3685 ex
975 3622 1276 3685 libertatis
1316 3640 1437 3683 usu
1481 3620 1757 3700 pendeat
1792 3666 1808 3693 ,
1850 3618 2123 3698 ideoque

558 3716 920 3797 simpliciter
949 3714 1404 3777 admittendum
1430 3731 1592 3787 esse,
1629 3730 1816 3793 posse
1845 3712 1931 3773 ita
1962 3712 2125 3773 acci-

552 3812 726 3883 dere,
761 3810 1184 3889 metaphysice
1219 3828 1332 3871 seu
1359 3809 1558 3887 logice
1597 3806 1915 3887 loquendo
1938 3852 1953 3879 ,
1998 3824 2128 3867 res-

553 3903 868 3985 pondetur
907 3908 1109 3964 totum
1145 3902 1264 3964 hoc
1306 3920 1527 3963 verum
1557 3920 1718 3974 esse,
1757 3898 2127 3978 nullumque

535 3996 702 4060 inde
733 3996 910 4076 sequi
941 3995 1410 4057 inconveniens.
1461 3996 1618 4056 Nam
1650 3994 1725 4069 si,
1759 4011 1874 4073 per
1898 3992 2128 4073 impos·

557 4088 760 4163 sibile,
802 4087 1276 4150 admitteremus
1312 4088 1592 4167 aliquam
1617 4087 2005 4147 voluntatem
2032 4084 2130 4145 fu-

558 4191 766 4246 turam
803 4182 994 4245 fuisse
1034 4189 1162 4244 tam
1208 4200 1502 4263 pravam,
1549 4186 1618 4242 ut
1652 4179 1944 4242 omnibus
1972 4184 2129 4240 tem-

555 4278 811 4361 poribus
841 4285 902 4339 et
941 4278 1276 4345 momentis
1316 4272 1601 4337 restituta
1641 4280 1808 4335 esset
1849 4274 2129 4336 cuicum-

557 4391 682 4452 que
703 4371 1036 4444 vocationi,
1059 4370 1460 4450 quantumvis
1481 4367 1947 4449 potentissimas,
1980 4366 2125 4428 inde

558 4464 712 4526 nihil
736 4465 1018 4543 sequitur
1041 4469 1258 4524 contra
1283 4462 1557 4523 divinam
1584 4460 2122 4540 omnipotentiam,

561 4558 674 4620 sed
750 4556 953 4618 solum
1028 4556 1312 4636 sequitur
1377 4554 1764 4616 voluntatem
1829 4570 1975 4615 vere
2052 4570 2127 4614 ac

559 4651 809 4731 proprie
851 4668 1110 4711 manere
1156 4649 1445 4722 liberam,
1486 4646 1690 4726 posita
1726 4664 2125 4726 quacumque

559 4744 670 4808 Dei
702 4744 1053 4817 vocatione,
1085 4742 1256 4823 quod
1281 4740 1677 4803 verissimum
1707 4746 1820 4802 est.
1873 4742 1949 4801 Et
1976 4758 2127 4801 con-

561 4843 900 4916 sequenter
919 4837 1221 4914 sequitur,
1247 4835 1392 4896 data
1416 4834 1521 4894 illa
1543 4833 1898 4914 hypothesi,
1924 4836 2126 4894 Deum

559 4948 688 4991 non
725 4947 907 5010 posse
936 4930 1126 4991 talem
1161 4928 1545 4998 voluntatem
1593 4926 1923 4995 efficaciter
1964 4934 2027 4987 et
2058 4926 2129 4987 li-

559 5022 712 5084 bere
744 5029 1130 5094 convertere,
1159 5040 1347 5101 quam
1376 5020 1875 5100 proesupponitur
1903 5038 2130 5100 cogno-

562 5115 727 5177 visse
759 5116 1115 5177 restiturum
1146 5132 1417 5194 semper,
1451 5112 1503 5173 si
1533 5112 1690 5173 liber
1719 5130 1867 5173 usus
1897 5112 1955 5173 ei
1985 5132 2129 5174 con-

563 5208 844 5282 cedatur,
889 5214 1100 5289 posset
1135 5208 1350 5269 tumen
1392 5206 1560 5266 illam
1604 5212 1969 5267 convertere
2003 5225 2127 5285 quo

561 5302 772 5376 vellet,
805 5302 1205 5381 impediendo
1235 5298 1536 5360 libertatis
1567 5316 1770 5359 usum.
1815 5290 1892 5360 Et
1913 5298 1981 5359 in
2008 5300 2127 5360 hoc

561 5392 769 5456 divina
801 5392 1435 5474 omnipotmtia·sat‘rs
1479 5390 1844 5455 ostenditur.
1887 5394 2125 5453 Tamen

561 5484 666 5548 illa
694 5486 1086 5567 hypothesiS,
1112 5491 1182 5549 ut
1209 5486 1357 5559 dixi,
1391 5484 1754 5565 simpliciter
1779 5485 2125 5567 impossibi-

563 5578 640 5641 lis
667 5586 780 5642 est.

1392 438 1603 490 OPUSC.
1639 439 1680 496 1,
1715 437 1834 497 Lm,
1868 436 1950 488 tn.
1990 437 2069 487 DE
2102 435 2375 488 At’xtuls
2412 397 2640 490 Divum
2670 437 2935 492 cunm.

2285 543 2380 602 17.
2424 539 2529 604 Aa
2570 543 2834 605 tertiam.
2888 573 2971 588 --
3012 541 3108 602 Ad
3153 542 3416 618 tertiam,
3450 551 3583 624 quod
3612 557 3665 616 ad

2199 637 2655 714 praescientiam
2702 636 2945 709 attinet,
2998 654 3219 696 verum
3264 642 3354 697 est
3394 655 3543 718 aeque
3574 665 3665 710 esse
3757 624 3759 683 ἶ

2198 729 2519 791 infallibile
2558 730 2727 810 apud
2755 730 2987 802 Deum,
3028 729 3344 790 homiuem
3372 749 3491 793 esse
3518 754 3667 814 opera-
3757 725 3759 781 ῗ

2200 828 2413 884 turum
2466 823 2629 884 bene
2676 823 2997 884 moraliter
3037 841 3182 884 cum
3236 823 3348 883 hac
3390 829 3664 905 occasione,
3757 839 3762 898 ἑ,

2200 917 2299 977 vel
2338 917 2606 977 naturali
2644 917 3194 996 repr-assentatione
3222 917 3359 978 talis
3388 919 3589 998 objecti,
3612 929 3665 986 si·
3757 915 3759 986 s

2200 1015 2305 1070 cut
2336 1016 2431 1071 est
2458 1009 2777 1070 infallibile
2805 1028 3282 1084 consensurum,
3314 1010 3363 1071 si
3388 1023 3667 1091 supernatu-
3757 1010 3763 1074 Ι

2198 1103 2412 1165 raliter
2435 1103 2546 1165 tali
2569 1102 2757 1164 modo
2782 1109 3062 1164 vocetur.
3104 1106 3238 1165 Imo
3267 1103 3331 1163 in
3362 1107 3564 1168 actibus
3584 1130 3671 1170 ma·
3757 1145 3759 1148 >

2204 1197 2279 1258 lis
2307 1201 2401 1258 est
2436 1196 2659 1257 eadem
2689 1195 3093 1257 infallibilitas
3123 1214 3199 1257 ex
3230 1202 3403 1276 parte
3428 1203 3673 1277 praescien-
3757 1203 3759 1232 ⁵

2202 1291 2327 1363 tiae,
2360 1295 2430 1351 ut
2459 1294 2701 1351 constat
2724 1308 2801 1350 ex
2828 1290 3093 1369 paritate
3121 1291 3399 1362 rationis,
3432 1297 3485 1351 et
3504 1293 3675 1356 dicetur

2202 1383 2387 1445 latius
2420 1383 2599 1458 infra,
2636 1383 2681 1444 1.
2709 1384 2769 1443 4.
2816 1385 2905 1444 Ex
2930 1389 3107 1462 parte
3132 1400 3280 1444 vero
3304 1382 3506 1446 divinae
3526 1387 3675 1448 volun-

2204 1477 2373 1548 tatis,
2404 1494 2530 1537 non
2562 1482 2653 1537 est
2690 1475 2915 1538 eadem
2948 1477 3132 1549 ratic,
3176 1476 3395 1536 saltem
3420 1480 3592 1555 quoad
3612 1501 3677 1541 ac-

2204 1576 2304 1632 tus
2333 1570 2533 1630 malos
2557 1588 2572 1642 ς
2616 1569 2785 1650 quia,
2823 1587 2967 1630 cum
2996 1569 3158 1630 Deus
3184 1569 3420 1648 praescit
3442 1570 3677 1634 hominem
3757 1577 3762 1605 ³¹

2204 1669 2610 1744 peccaturum
2640 1663 2691 1722 si
2724 1663 2789 1724 in
2818 1661 2931 1724 tali
2958 1662 3290 1723 occasione
3320 1664 3675 1738 constituatur,
3760 1661 3763 1700 ³

2205 1775 2332 1817 non
2360 1757 2493 1817 vult
2518 1757 2725 1836 ipsum
2758 1756 2824 1818 in
2854 1774 2930 1817 ea
2958 1755 3248 1818 constitui
3280 1758 3349 1816 ut
3374 1763 3577 1834 peccet,
3610 1760 3680 1818 sed
3760 1753 3762 1792 ²

2203 1848 2335 1910 vult
2362 1855 2470 1910 aut
2500 1849 2641 1910 sinit
2671 1849 2736 1910 in
2766 1867 2840 1910 ea
2872 1849 3163 1911 constitui
3197 1853 3449 1928 propter
3483 1849 3679 1928 aliquem
3760 1867 3762 1886 ³

2204 1943 2441 2004 bonum
2468 1941 2684 2015 finem,
2725 1942 3143 2022 permittendo
3182 1946 3253 2002 ut
3285 1949 3506 2021 peccet.
3536 1945 3595 2004 At
3615 1963 3681 2004 ve-

2204 2055 2275 2096 ro
2303 2040 2594 2113 respectu
2614 2041 2867 2095 actuum
2890 2033 3226 2108 bonorum,
3258 2035 3512 2096 maxime
3533 2055 3681 2113 super-

2205 2130 2616 2204 naturalium,
2662 2130 2793 2190 vult
2832 2128 3153 2190 hominem
3192 2128 3547 2190 constituere
3568 2130 3615 2188 in
3636 2147 3681 2189 ea

2207 2223 2690 2302 opportunitate,
2723 2222 2786 2283 in
2816 2241 2939 2303 qua
2964 2229 3059 2284 est
3078 2223 3617 2302 bene-operaturus,
3637 2242 3683 2282 ex
3761 2251 3762 2254 ¹

2208 2317 2433 2376 affectu
2462 2321 2522 2376 et
2548 2315 2895 2378 intentione
2924 2317 3117 2396 ipsius
3142 2316 3331 2377 bonae
3364 2316 3681 2394 operationis,
3760 2341 3763 2348 ¹

2208 2411 2281 2471 Et
2302 2410 2467 2485 iden,
2501 2409 2754 2491 quando
2786 2409 2888 2470 illa
2910 2410 3189 2490 operatio
3216 2414 3315 2471 est
3334 2415 3687 2488 supernatura-

2206 2503 2303 2576 lis,
2335 2505 2480 2583 quia
2500 2505 2743 2565 vocatio
2767 2504 2849 2564 ad
2872 2503 3067 2576 illam,
3091 2511 3154 2566 et
3175 2504 3579 2582 opportunitas
3595 2522 3687 2563 eam

2206 2597 2565 2677 perficiendi
2588 2643 2604 2668 ,
2639 2597 2921 2676 provenit
2966 2615 3045 2658 ex
3090 2595 3355 2676 speciali
3382 2595 3687 2676 providentia

2206 2691 2419 2772 gratias
2438 2737 2453 2763 ,
2501 2697 2561 2752 et
2588 2709 2664 2752 ex
2694 2691 2995 2769 peculiari
3032 2691 3383 2751 intentione
3411 2689 3618 2754 diviua,
3646 2697 3688 2748 ut

2208 2803 2261 2844 c.
2299 2787 2375 2845 16
2412 2785 2821 2864 explicabitur
2842 2829 2857 2856 ,
2906 2783 3149 2845 dicetur
3176 2801 3320 2844 esse
3351 2801 3423 2843 ex
3442 2783 3688 2842 vocatione

2208 2877 2476 2952 efficaci;
2512 2878 2764 2957 quando
2794 2895 2941 2938 vero
2968 2875 3205 2936 morale
3230 2893 3393 2956 opus
3416 2875 3611 2934 bonum
3630 2883 3689 2932 est
3761 2901 3762 2906 ¹

2206 2975 2449 3030 tantum
2497 2970 2734 3032 ordinis
2781 2975 3021 3031 naturae
3040 3015 3055 3041 ,
3106 2969 3438 3048 provenire
3483 2974 3641 3046 potest
3668 2987 3691 3026 a
3760 2985 3762 3004 ⁴

2208 3062 2340 3125 sola
2370 3063 2646 3144 generali
2676 3062 3067 3143 providentia
3091 3063 3205 3124 Dei
3234 3062 3471 3143 absque
3494 3061 3577 3121 illa
3600 3078 3693 3136 spe·
3760 3059 3763 3100 ³

2206 3156 2440 3219 cialiori
2469 3158 2878 3238 praemotione
2902 3204 2917 3227 ,
2956 3161 3065 3217 aut
3094 3154 3569 3237 praedefinitione
3592 3153 3693 3213 divi-

2204 3268 2312 3324 na,
2354 3258 2423 3312 ut
2465 3255 2707 3312 constat
2744 3268 2823 3312 ex
2858 3250 3035 3311 dictis
3073 3250 3137 3310 in
3168 3250 3313 3310 libr.
3346 3252 3425 3321 2;
3466 3248 3586 3307 ideo
3609 3264 3691 3305 non

2204 3342 2497 3405 tribuitur
2526 3344 2629 3404 illa
2664 3346 2944 3423 operatio
2976 3342 3234 3421 speciali
3274 3341 3547 3404 efficacias
3568 3356 3695 3399 voca-

2205 3436 2391 3497 tionis
2426 3442 2534 3497 aut
2572 3436 2959 3497 excitationis
2986 3436 3210 3497 divinas
3244 3434 3329 3495 ad
3356 3434 3472 3495 tale
3500 3451 3641 3511 opus.

2286 3530 2574 3593 Concedo
2603 3536 2815 3590 tamen
2844 3530 3035 3591 fuisse
3063 3529 3381 3609 peculiare
3402 3525 3695 3589 beneficium

2205 3622 2338 3695 Dei,
2372 3622 2543 3703 quod
2572 3640 2648 3683 ex
2678 3628 2845 3684 certa
2877 3622 3135 3685 scientia
3165 3628 3225 3683 et
3258 3620 3600 3702 praevisione
3627 3618 3696 3675 ali·

2208 3734 2399 3797 quem
2420 3716 2741 3777 hominem
2763 3718 3067 3778 creaverit
3090 3715 3209 3777 sub
3238 3733 3316 3775 ea
3338 3732 3533 3775 rerum
3552 3712 3695 3788 dispo-

2208 3811 2429 3872 sitione
2462 3818 2525 3871 et
2550 3810 3112 3885 administratione,
3144 3812 3208 3872 in
3239 3828 3371 3889 qua
3396 3808 3551 3869 novit
3573 3804 3697 3864 habi-

2205 3908 2419 3964 turum
2446 3902 2807 3965 occasiones
2836 3902 2999 3964 bene
3028 3902 3333 3983 operandi
3356 3902 3545 3981 pot-ius
3565 3914 3696 3976 quam

2208 3997 2395 4058 male.
2430 3996 2577 4070 Sed,
2606 3996 2656 4056 si
2682 4002 2812 4057 tota
2830 3997 2968 4057 haec
2993 3996 3241 4058 bonitas
3270 3996 3447 4057 sistat
3464 3996 3521 4054 in
3541 3992 3699 4052 ordine

2208 4088 2479 4151 naturali
2507 4135 2524 4162 ,
2574 4088 2729 4150 illud
2781 4107 2910 4150 non
2966 4095 3173 4169 potest
3220 4090 3347 4150 dici
3393 4084 3698 4150 beneficium

2210 4182 2421 4263 gratioe
2449 4182 2707 4262 praecise
2738 4180 3224 4255 consideratum,
3258 4180 3372 4243 sed
3400 4180 3627 4261 pertinet
3644 4174 3698 4234 ad

2206 4276 2583 4337 heneficium
2611 4279 2867 4335 naturae.
2912 4276 3102 4349 Sicut,
3144 4275 3317 4355 quod
3344 4276 3499 4337 Deus
3524 4273 3591 4332 ita
3612 4269 3699 4329 dis-

2206 4370 2486 4449 posuerit
2511 4386 2733 4430 causas
2761 4370 3103 4442 naturaleS,
3134 4375 3203 4430 ut
3227 4389 3307 4430 ex
3336 4369 3425 4429 eis
3452 4368 3541 4427 hic
3564 4366 3699 4423 homo

2205 4462 2589 4543 producatur
2614 4462 2823 4543 potius
2846 4480 3035 4541 quam
3064 4464 3226 4525 alius
3250 4510 3266 4535 ,
3305 4463 3413 4542 qui
3440 4471 3699 4537 nunquam

2209 4554 2345 4628 erit,
2389 4555 2489 4616 vel
2531 4556 2695 4635 quod
2736 4558 3115 4637 producatur
3142 4574 3360 4629 sanus.
3399 4561 3458 4615 et
3490 4556 3697 4629 integer.

2206 4648 2306 4709 vel
2333 4648 2651 4723 robustus,
2683 4668 2829 4711 cum
2858 4650 3015 4711 alter
3043 4648 3433 4729 concipiatur
3458 4662 3621 4724 aeger,
3644 4638 3703 4698 «ύ-

2206 4748 2301 4803 ter
2332 4742 2610 4816 mutiluS,
2642 4743 2800 4804 alter
2828 4742 3073 4819 debilis,
3104 4742 3421 4823 peculiare
3446 4739 3539 4799 Dei
3564 4736 3704 4795 hene-

2206 4836 2416 4897 ficium
2443 4842 2567 4909 est;
2608 4854 2734 4897 non
2764 4844 2972 4899 tamen
3006 4836 3243 4918 gratiae,
3280 4836 3393 4898 sed
3416 4838 3645 4897 nature,
3669 4824 3703 4882 ἕ

2210 4947 2321 5009 per
2348 4946 2415 4989 sc
2460 4948 2533 5017 ac
2564 4930 2817 5009 praecise
2866 4931 3293 4991 consideretur
3316 4975 3331 5001 ,
3378 4930 3549 5008 prout
3582 4936 3703 4981 nunc

2211 5022 2545 5100 loquimur.
2590 5023 2691 5083 Sic
2732 5024 2922 5101 igitur
2963 5024 3113 5085 illud
3162 5024 3348 5085 etiam
3392 5027 3482 5083 est
3520 5012 3705 5079 benefi-

2212 5113 2376 5177 cium
2400 5122 2663 5189 naturae,
2696 5118 2978 5195 quamvis
3006 5117 3067 5177 in
3096 5135 3171 5178 eo
3198 5117 3413 5177 ordIne
3439 5119 3590 5176 tanto
3609 5126 3705 5167 ma-

2208 5209 2309 5289 jus
2340 5209 2441 5282 sit,
2480 5214 2711 5288 quanto
2742 5210 2908 5271 bona
2938 5212 3201 5272 honesta
3232 5216 3520 5291 superant
3554 5203 3701 5266 utilia.

2209 5302 2532 5376 Quocirca,
2578 5304 2861 5381 quamvis
2907 5304 3127 5366 demus
3172 5304 3489 5383 quodlibet
3523 5304 3705 5361 bonum

2209 5413 2367 5474 opus
2398 5414 2533 5455 esse
2564 5396 2877 5475 peculiare
2902 5396 3277 5459 beneficium
3304 5399 3435 5469 Dei,
3466 5412 3579 5457 uon
3601 5390 3705 5452 ideo

2208 5486 2491 5568 sequitur
2519 5506 2655 5550 esse
2683 5508 2757 5549 ex
2787 5490 3037 5567 speciali
3070 5492 3298 5552 auxilio
3325 5490 3529 5571 gratim
3559 5507 3571 5559 ;
3596 5499 3707 5545 nam

2210 5580 2312 5641 illa
2342 5580 2610 5653 occasiO,
2640 5583 2738 5643 vel
2761 5584 3233 5662 repraesentatio
3264 5582 3482 5665 objecti
3508 5596 3703 5662 moveri·
