3850 6225
620 362 754 417 CAP.
792 364 876 417 nt.
912 362 1111 416 ACTUS
1144 362 1229 415 Ex
1262 358 1809 417 SGHOLASTmoRUM
1844 358 2300 419 TREOLOGORUM
2334 361 2664 425 noemma,
2699 364 2832 417 E‘rc.

133 466 297 527 bitrio
328 464 605 524 scribunt
626 470 841 525 contra
866 465 1190 527 haereticos
1218 466 1405 544 hujus
1434 471 1679 543 tempo-

133 562 237 629 τῖε,
282 558 399 617 hae
442 557 693 617 scientia
732 558 1001 617 maxime
1051 564 1311 619 utuntur
1352 559 1434 619 ad
1470 557 1678 618 decla-

131 651 379 724 randam
420 649 812 709 concordiam
854 651 1071 729 gratim
1116 652 1383 711 efficacis
1425 669 1567 711 cum
1608 651 1678 711 li-

134 745 269 803 bero
302 741 577 813 arbitrie,
609 742 796 801 modo
823 760 1010 821 supra
1042 744 1367 822 explicato,
1406 743 1678 822 Scripto-

135 858 222 897 res
260 838 445 897 etiam
482 836 544 895 in
592 840 616 895 1
673 844 835 914 part.
873 839 944 899 D.
995 838 1250 899 Thomae
1286 838 1677 916 frequentius

136 935 467 1008 sequuntur
496 930 656 989 hanc
687 931 1057 991 sententiam
1085 976 1099 1002 ‚
1147 937 1209 991 et
1238 931 1494 1009 qnidam
1530 948 1679 990 con-

136 1022 399 1095 trariam,
437 1041 659 1099 parurn
688 1027 923 1099 tutam,
977 1023 1081 1083 alii
1109 1042 1387 1085 errorem
1416 1024 1545 1084 fere
1573 1042 1677 1101 ap·

138 1116 369 1195 pellant.
417 1115 701 1192 Denique
738 1116 1026 1177 doctores
1063 1117 1195 1178 fere
1234 1136 1454 1177 omnes
1483 1118 1682 1177 Theo-

140 1209 251 1287 lagi
289 1208 477 1285 hujus
522 1208 821 1286 temporis
850 1252 867 1279 ,
922 1227 1080 1287 quos
1123 1228 1241 1288 ego
1289 1210 1352 1269 in
1400 1210 1575 1269 Italia
1622 1215 1684 1270 et

142 1300 412 1378 Hispania
443 1302 763 1371 consului,
810 1302 953 1362 huic
984 1304 1305 1363 sententiae
1333 1302 1675 1363 adliaerent.

206 1397 260 1455 4.
308 1393 449 1467 ρων
498 1395 583 1457 sit
628 1395 921 1457 dissensio
952 1396 1116 1459 inter
1146 1400 1437 1458 auctores.
1460 1428 1542 1443 --
1568 1397 1684 1457 So-

142 1488 277 1555 lum,
316 1492 573 1564 propter
612 1487 1035 1548 difficultatem
1094 1489 1156 1549 in
1198 1488 1503 1567 principio
1553 1495 1683 1550 tac-

144 1588 273 1649 tam,
304 1586 433 1644 orta
483 1586 581 1641 est
605 1581 769 1641 inter
810 1581 1147 1643 modernos
1190 1582 1523 1661 scriptores
1562 1581 1681 1641 dis·

145 1673 324 1733 sensio
352 1672 429 1733 de
458 1674 651 1734 modo
680 1674 1003 1752 loquendi,
1028 1676 1234 1754 potius
1260 1692 1452 1753 quam
1475 1673 1553 1735 de
1582 1692 1674 1735 re.

147 1767 379 1839 Quidam
411 1766 605 1839 enim,
640 1768 816 1846 quasi
848 1768 1144 1847 praedicta
1176 1768 1535 1845 difficultate
1582 1786 1681 1828 su-

145 1860 357 1939 perati,
406 1859 575 1920 hanc
632 1861 956 1921 scientiam
1009 1860 1225 1922 dicunt
1268 1880 1385 1922 nec
1429 1846 1683 1921 visionis

148 1972 286 2025 esse,
318 1970 435 2012 nec
461 1953 761 2032 simplicis
790 1954 1240 2033 intelligentiae,
1264 1954 1379 2015 sed
1410 1954 1683 2015 mediam

148 2046 289 2105 illam
334 2045 676 2123 appellant.
734 2047 930 2118 Quem
974 2047 1220 2109 dicendi
1270 2047 1529 2107 modum
1582 2047 1685 2107 alii

148 2140 522 2199 xel1ementer
574 2140 967 2219 impugnant,
1010 2141 1305 2218 quoniam
1350 2142 1515 2201 Deus
1544 2140 1564 2217 (
1593 2142 1688 2200 in-

148 2233 385 2311 quiunt)
434 2250 568 2291 non
596 2250 709 2310 per
742 2232 1066 2295 scientiam
1103 2233 1401 2306 mediam,
1434 2233 1545 2293 sed
1574 2252 1689 2311 per

149 2325 469 2385 naturalem
507 2326 860 2399 scientiam,
896 2345 1020 2405 qua
1046 2346 1112 2388 se
1152 2333 1213 2388 et
1252 2329 1462 2388 omnia
1517 2344 1688 2387 com-

150 2420 469 2497 prehendit,
500 2419 640 2481 haec
667 2420 875 2482 futura
906 2422 1244 2500 cognoscit.
1280 2422 1404 2483 Sed
1439 2440 1565 2481 non
1594 2440 1687 2481 sa·-

152 2515 214 2574 tis
265 2513 535 2591 percipio
604 2532 792 2592 quam
830 2514 954 2575 vim
1010 2516 1241 2575 habeat
1300 2515 1687 2595 impugnatio

154 2609 297 2678 haec;
338 2624 485 2665 nam
536 2606 589 2667 si
652 2608 911 2667 scientia
961 2608 1261 2671 naturalis
1310 2615 1568 2669 vocetur
1613 2625 1688 2667 ea

157 2718 321 2777 qnam
358 2702 525 2761 Deus
556 2717 636 2759 ex
671 2718 761 2773 se,
792 2720 1030 2779 suaque
1064 2701 1335 2762 naturali
1364 2701 1686 2779 perfectio-

154 2813 219 2853 ne
259 2794 469 2867 habet,
522 2813 657 2855 non
698 2802 792 2856 est
846 2796 1105 2857 dubium
1138 2798 1287 2876 quin
1340 2797 1503 2857 Dens
1556 2796 1687 2857 hoec

156 2886 333 2947 omnia
357 2887 509 2946 sciat
540 2906 663 2965 per
692 2890 1163 2951 connaturalem
1190 2890 1305 2950 sibi
1338 2889 1683 2961 scientiam,

154 2998 258 3057 quo
284 2979 527 3040 nomine
558 2986 691 3041 tam
724 2982 979 3042 scientia
1010 2982 1261 3043 visionis
1281 3001 1469 3061 quam
1488 2982 1689 3041 scicn-

153 3074 223 3134 tia
250 3074 533 3152 simplicis
578 3073 1035 3152 intelligentiae,
1069 3081 1131 3138 et
1183 3076 1438 3137 scientia
1482 3074 1689 3135 media

156 3168 235 3242 (si
272 3169 395 3244 est)
424 3168 882 3246 comprehendi
910 3173 1149 3248 potest;
1184 3189 1333 3230 nam
1368 3171 1689 3230 Deusnon

154 3259 317 3320 babet
357 3260 685 3320 scientiam
734 3261 1137 3322 adventitiam
1186 3269 1247 3324 et
1298 3268 1685 3334 extraneam,

156 3353 247 3412 sed
279 3353 571 3431 quidquid
625 3352 761 3428 scit,
818 3372 891 3414 ex
941 3355 1275 3416 intrinseca
1318 3361 1379 3416 et
1418 3354 1690 3416 naturali

154 3445 493 3522 perfectione
526 3452 591 3506 et
622 3447 1181 3525 comprehensione
1210 3448 1341 3509 scit.
1377 3449 1441 3510 Si
1474 3454 1689 3508 autem

158 3538 379 3598 scientia
399 3537 706 3599 naturalis
730 3545 1002 3613 vocetur,
1022 3559 1161 3618 quae
1188 3543 1444 3602 omnino
1471 3559 1693 3602 ncces-

157 3630 293 3688 saria
318 3636 426 3704 est,
450 3636 513 3691 et
542 3631 719 3692 nullo
741 3631 929 3692 modo
952 3632 1171 3706 libera,
1195 3635 1383 3694 etiam
1414 3652 1491 3694 ex
1512 3639 1687 3712 parte

158 3722 349 3799 objecti
400 3723 479 3783 ad
528 3722 705 3802 quod
744 3725 1136 3796 terminatur,
1188 3726 1275 3786 sic
1313 3745 1440 3786 non
1486 3731 1691 3804 potest

155 3813 261 3873 haec
302 3817 551 3877 scientia
592 3817 899 3878 naturalis
943 3819 1184 3896 vocari3
1218 3820 1362 3896 quia
1414 3839 1541 3880 non
1594 3824 1689 3880 est

158 3908 476 3986 simpliciter
522 3912 884 3972 necessaria
942 3913 1289 3974 secundum
1333 3916 1687 3992 respectum

160 3999 223 4058 ad
252 4001 361 4061 tale
395 4003 494 4062 vel
521 4004 651 4063 tale
684 4004 1021 4083 objectum,
1054 4006 1166 4067 sed
1204 4005 1407 4067 solum
1438 4025 1513 4066 cx
1544 4025 1687 4084 sup-

160 4093 425 4169 positione
468 4096 643 4174 quod
673 4095 827 4157 illud
876 4099 954 4159 sit
1002 4098 1281 4158 futurum
1335 4099 1535 4177 posita
1580 4100 1685 4160 tali

158 4186 489 4249 conditione.
516 4189 589 4249 In
624 4208 749 4267 qno
780 4192 1068 4252 convenit
1097 4193 1225 4252 haec
1256 4191 1511 4252 scientia
1542 4211 1683 4253 cum

159 4279 376 4340 scientia
422 4282 705 4354 visionis·‚
734 4283 941 4345 differt
981 4291 1195 4345 tamen
1242 4285 1323 4344 ab
1364 4285 1489 4357 illa,
1539 4286 1685 4362 quia

159 4373 465 4434 secundnm
489 4394 555 4436 se
576 4393 704 4435 non
722 4377 1092 4437 terminatur
1118 4377 1199 4437 ad
1230 4377 1505 4456 aliquam
1521 4378 1683 4437 exis-

158 4465 377 4526 tentiam
404 4466 683 4528 futuram
710 4470 775 4528 in
810 4469 1021 4548 aliqua
1051 4457 1398 4550 differentia
1443 4476 1686 4548 tempo-

162 4555 246 4626 τίς,
283 4558 341 4617 in
385 4579 505 4638 quo
558 4563 853 4622 convenit
902 4581 1045 4624 cum
1089 4563 1344 4622 scientia
1388 4563 1683 4641 simplicis

161 4647 586 4730 intelligentiae3
640 4659 699 4714 ct
743 4655 862 4714 hac
902 4654 980 4714 de
1020 4673 1209 4714 causa
1246 4653 1503 4714 scientia
1548 4655 1680 4727 Dei,

161 4749 317 4816 prout
342 4744 417 4804 ad
449 4746 582 4806 haec
619 4746 862 4824 objecta
897 4747 1286 4820 terminatur,
1320 4765 1447 4806 non
1476 4747 1684 4825 inepte

158 4841 343 4895 vorata
388 4844 479 4898 est
523 4838 785 4899 scientia
824 4839 1069 4911 media,
1124 4857 1268 4900 cum
1318 4839 1550 4917 aliquid
1608 4839 1685 4900 de

163 4933 391 5006 utroque
427 4936 707 4992 extremo
756 4933 1103 5011 participet.
1138 4934 1351 4996 Solum
1394 4951 1544 5010 ergo
1597 4933 1688 4994 vi-

163 5018 317 5081 detur
353 5042 511 5084 nova
544 5026 682 5086 haec
714 5025 967 5086 scientia
1002 5026 1211 5104 quoad
1258 5045 1511 5098 nomen,
1537 5046 1685 5087 nam

164 5129 247 5172 res
274 5115 392 5192 ipsa
431 5119 578 5178 satis
616 5118 873 5197 antiqua
922 5125 1014 5180 est
1055 5138 1070 5193 3
1133 5120 1249 5180 hoc
1298 5127 1508 5188 autem
1560 5139 1686 5180 non

164 5213 241 5266 est
282 5225 567 5289 magnum
622 5213 1111 5288 inconveniens,
1151 5233 1315 5292 saepe
1363 5215 1529 5274 euim
1586 5215 1684 5273 in-

164 5302 464 5369 veniuntur
502 5324 663 5365 nova
690 5306 944 5368 nomina
984 5307 1068 5368 ad
1102 5327 1201 5368 res
1236 5307 1461 5367 melius
1492 5307 1687 5385 expli-

166 5393 387 5456 caudas.

234 5487 283 5546 5.
328 5487 451 5552 Sub
478 5492 711 5556 nomino
734 5493 1002 5558 soientioe
1030 5493 1282 5556 tisiooais
1312 5492 1687 5574 comprehen-

406 5610 488 5658 XI·

3198 352 3316 421 333

1763 465 1936 527 ditur
1963 465 2222 529 scientia
2245 467 2368 529 lmc
2395 466 2466 528 ab
2493 464 3206 543 auctoribus—Semper
3229 472 3319 527 ta-

1760 576 1903 619 men
1922 564 2140 619 manet
2158 558 2400 637 integra
2425 558 2754 618 difficultas
2778 564 2964 630 tacta,
2985 558 3152 636 quia,
3175 576 3318 617 cnm

1758 652 2060 731 Theologi
2103 652 2220 712 hoc
2263 652 2618 712 membrum
2661 651 2932 711 scientiae
2977 650 3200 711 mediae
3254 651 3318 710 in

1759 744 1864 805 illa
1909 744 2210 805 divisione
2253 744 2792 823 praetermiserint,
2822 762 2961 803 eam
2997 742 3319 821 ignorasse

1759 838 1871 897 visi
1912 843 2077 898 sunt.
2127 837 2516 917 Quapropter
2569 856 2686 915 ego
2735 837 3018 900 existimo
3055 837 3322 897 Theolo-

1759 949 1871 1008 gos
1904 931 2064 991 lianc
2091 931 2412 991 scientiam
2442 931 2558 991 sub
2594 930 2852 991 scientia
2872 930 3124 989 visionis
3153 949 3323 990 com-

1760 1024 2192 1103 prehendisse,
2228 1025 2374 1103 quia
2417 1030 2478 1085 et
2504 1031 2599 1085 est
2633 1024 2992 1103 simpliciter
3023 1024 3218 1083 libera
3247 1042 3324 1084 ex

1763 1122 1940 1196 parte
1978 1118 2228 1197 obJecti,
2263 1120 2424 1179 sicut
2455 1118 2578 1190 illa,
2614 1122 2676 1177 et
2705 1118 2927 1177 eodem
2963 1117 3150 1177 modo
3179 1136 3324 1177 con-

1764 1212 1988 1290 cipitur
2027 1212 2088 1271 in
2115 1214 2246 1273 Deo
2283 1232 2394 1291 per
2431 1213 2688 1273 modum
2735 1212 3028 1289 simplicis
3056 1212 3324 1273 intuitio-

1762 1307 1859 1365 nis
1912 1306 2190 1368 veritatis
2241 1306 2680 1385 contingentiS‚
2726 1312 2793 1367 ut
2835 1305 3092 1366 inferius
3124 1307 3327 1368 decla-

1762 1400 2062 1460 rabimuS.
2141 1399 2471 1477 Participat
2531 1399 2933 1460 nihilominus
2985 1398 3100 1476 (ut
3156 1398 3323 1479 dixi)

1764 1492 2021 1552 scientia
2061 1494 2194 1553 haec
2240 1493 2478 1571 aliquas
2506 1492 2920 1570 proprietates
2961 1511 3072 1553 seu
3110 1492 3327 1553 eondi-

1760 1586 1964 1645 tiones
2022 1585 2316 1664 simplicis
2363 1585 2828 1665 intelligentiae,
2889 1585 2952 1645 in
3013 1586 3242 1664 quibus
3285 1604 3322 1645 a

1763 1679 2024 1738 scientia
2061 1679 2314 1739 visionis
2343 1679 2550 1739 stricte
2587 1684 2858 1756 sumpta,
2888 1695 3026 1756 quae
3057 1678 3139 1739 ad
3169 1677 3327 1738 exis-

1762 1772 1990 1831 tentias
2023 1790 2233 1831 rerum
2277 1772 2667 1845 terminatur,
2701 1770 3120 1849 distinguitur.

1844 1866 1903 1925 6.
1951 1863 2187 1926 Divisio
2231 1863 2496 1926 sciencioe
2537 1866 2604 1925 in
2646 1863 2954 1927 scientiam
2983 1864 3234 1926 visionis
3271 1870 3329 1929 et

1764 1957 2060 2039 simplicis
2089 1958 2288 2021 intelli
2291 1958 2510 2038 yentioe
2537 1958 2856 2037 adsequata
2894 1960 3090 2019 est.—
3109 1957 3324 2037 Igitur,

1768 2058 1836 2111 nt
1882 2050 2266 2129 intelligatur
2309 2048 2647 2127 quomod0‚
2703 2068 2828 2107 non
2880 2050 3162 2110 obstante
3211 2051 3331 2110 hac

1770 2144 2026 2203 scientia
2062 2142 2504 2211 conditionata,
2541 2142 2786 2220 partitio
2822 2142 2922 2202 illa
2968 2143 3236 2202 scientiae
3267 2144 3330 2203 in

1767 2237 2072 2297 visionem
2133 2242 2196 2298 et
2251 2236 2597 2314 simplicem
2643 2236 3117 2315 intelligentiam
3165 2237 3332 2297 adae-

1770 2337 1958 2409 quata
2030 2349 2166 2391 esse
2241 2328 2435 2407 possit
2465 2374 2480 2399 ,
2543 2328 3170 2389 animadvertendum
3239 2337 3334 2390 est

1768 2424 2091 2483 scientiam
2130 2423 2240 2483 Dei
2269 2441 2451 2501 posse
2483 2422 2886 2495 considerari,
2921 2422 3023 2481 vel
3061 2428 3128 2483 ut
3155 2428 3332 2483 ante-

1770 2515 1927 2575 cedit
1981 2532 2230 2575 omnem
2277 2514 2862 2574 determinationem
2916 2515 3179 2575 liberam
3224 2534 3332 2575 vo-

1768 2607 2022 2668 luntatis
2049 2606 2300 2679 divinae,
2347 2614 2407 2668 et
2449 2613 2516 2667 ut
2564 2607 2650 2667 sic
2687 2607 2894 2665 vocari
2941 2612 3146 2684 potest
3189 2608 3335 2667 sim-

1768 2700 1943 2780 plicis
1974 2700 2403 2777 intelligentia,
2436 2699 2582 2778 quia
2613 2698 2880 2759 habetur
2911 2701 2966 2759 vi
3013 2698 3204 2759 solius
3239 2700 3350 2759 in-‘

1773 2796 2053 2855 tellectus
2105 2794 2604 2872 independenter
2651 2812 2689 2853 a
2737 2794 3090 2864 voluntate3¹
3122 2794 3223 2855 vel
3264 2801 3334 2855 ut

1768 2888 2008 2948 ratione
2041 2894 2132 2947 cst
2163 2887 2489 2966 posterior,
2515 2892 2576 2945 et
2601 2886 2992 2963 subsequens
3022 2887 3332 2947 dermina-

1768 2980 2004 3041 tioncm
2047 2980 2308 3039 liberam
2365 2978 2698 3039 voluntatis
2748 2979 3006 3052 divinae,
3040 2986 3101 3040 et
3129 2986 3196 3040 ut
3245 2982 3334 3041 sic

1770 3072 1996 3137 dicitur
2023 3072 2278 3134 scientia
2309 3071 2598 3145 visionis;
2631 3072 2777 3152 quia
2811 3091 2924 3151 per
2951 3074 3206 3135 modum
3237 3075 3330 3134 in-

1772 3167 2048 3228 tuitionis
2095 3167 2466 3227 terminatur
2525 3166 2604 3225 ad
2668 3167 3028 3227 existentias
3085 3186 3329 3241 rerum,

1772 3279 1913 3339 quae
1948 3259 2222 3338 pendent
2252 3278 2329 3318 ex
2367 3259 2576 3319 divina
2600 3259 2940 3332 voluntate,
2975 3266 3036 3320 et
3059 3260 3176 3320 lioc
3201 3279 3333 3321 mo·

1770 3372 1876 3414 mo
1939 3353 2156 3414 divisio
2211 3359 2304 3413 est
2355 3352 2722 3431 adaequata;
2787 3371 2935 3412 nam
2989 3353 3172 3414 datur
3221 3373 3335 3432 per

1771 3445 2052 3506 membra
2086 3445 2272 3505 veluti
2319 3444 2793 3506 contradictorie
2829 3445 3133 3524 opposita.
3170 3445 3335 3517 Quo-

1771 3541 1944 3600 niam
1979 3558 2152 3614 ver0,
2183 3546 2252 3600 ut
2293 3539 2454 3599 infra
2495 3539 2772 3610 dicetur,
2807 3540 3076 3617 ipsamet
3125 3541 3335 3602 (leter-

1771 3633 2032 3693 minatio
2077 3633 2406 3692 voluntatis
2445 3631 2666 3694 divinae
2693 3632 2864 3710 prius
2905 3633 3144 3694 ratione
3184 3653 3336 3693 con-

1771 3725 2032 3786 siderari
2061 3731 2266 3804 potest
2296 3731 2361 3786 nt
2385 3725 2616 3798 futura,
2647 3745 2836 3804 quam
2868 3732 2937 3787 ut
2959 3733 3100 3786 actu
3133 3727 3332 3804 posita

1768 3819 1835 3878 in
1870 3837 1962 3893 rc,
1998 3818 2137 3877 ideo
2180 3818 2368 3878 etiam
2411 3818 2668 3878 seientia
2717 3817 3100 3878 considerari
3130 3823 3335 3897 potest

1772 3918 1837 3972 ut
1888 3911 2268 3971 antecedens
2316 3912 2700 3971 voluntatem
2750 3911 3014 3971 liberam
3061 3917 3331 3989 utroque

1768 4003 1956 4063 modo
2001 4003 2486 4076 consideratam;
2524 4009 2584 4064 et
2625 4009 2694 4063 ut
2746 4003 2832 4064 sic
2881 4003 3334 4064 determinatur

1767 4101 2008 4156 tantum
2039 4095 2121 4155 ad
2152 4096 2394 4174 objecta
2421 4095 2674 4156 omnino
2713 4094 3091 4167 necessaria,
3123 4095 3332 4173 qualia

1768 4195 1913 4250 sunt
1955 4190 2142 4260 DenS‚
2184 4187 2526 4249 secundum
2557 4188 2866 4248 actualem
2913 4187 3328 4252 existentiam.

1769 4291 1829 4342 et
1870 4286 2170 4341 creaturae
2198 4281 2454 4358 praecise
2484 4285 2552 4338 ut
2580 4280 2904 4358 possibiles
2932 4299 2947 4352 ς
2981 4286 3042 4340 et
3065 4281 3196 4340 haec
3224 4299 3334 4339 vo-

1769 4382 1945 4436 catur
1984 4373 2238 4434 scientia
2271 4372 2564 4451 simplicis
2604 4373 3024 4449 intelligentiae
3055 4373 3118 4432 in
3159 4372 3330 4432 omni

1767 4468 1973 4548 rigore
2005 4474 2066 4528 et
2093 4467 2507 4546 proprietate;
2539 4473 2600 4526 ct
2628 4474 3086 4544 consequenter
3128 4466 3332 4526 omnis

1768 4560 2024 4621 scientia
2057 4579 2194 4638 quae
2227 4559 2626 4638 subsequitur
2655 4559 3234 4620 determinationem
3263 4559 3332 4618 li-

1766 4656 2013 4728 beram,
2067 4654 2167 4714 vel
2224 4654 2392 4714 illam
2443 4654 2693 4733 respicit
2744 4657 2813 4713 ut
2856 4653 3191 4731 objectum,
3245 4651 3333 4712 di-

1770 4752 1946 4809 cetur
1984 4747 2240 4807 scientia
2269 4747 2543 4808 visionis.
2590 4747 2712 4808 Sed
2741 4747 2806 4806 in
2849 4747 2964 4806 hac
3003 4745 3330 4806 latitudine

1770 4846 1974 4920 potest
2013 4838 2426 4918 subdistingui
2468 4840 2697 4918 duplex
2741 4839 2967 4898 modus
3015 4858 3026 4896 :
3062 4857 3208 4898 nam
3241 4839 3335 4898 di-

1768 4934 1909 4992 vina
1966 4932 2222 4991 scientia
2279 4951 2493 4992 rursus
2549 4930 2928 4992 considerari
2996 4937 3200 5009 potest
3261 4935 3333 4992 ut

1766 5025 2126 5105 praeccdeus
2152 5024 2736 5086 determinationem
2770 5025 3050 5094 liberam,
3079 5031 3146 5084 ut
3177 5024 3241 5085 in
3264 5042 3330 5084 rc

1768 5119 2057 5198 positam,
2091 5117 2482 5195 subsequens
2510 5135 2657 5176 vero
2687 5116 2880 5186 illam,
2917 5121 2982 5176 ut
3007 5115 3282 5176 futuram
3310 5135 3326 5188 ;

1770 5218 1831 5271 et
1870 5217 1937 5270 ut
1968 5210 2054 5270 sic
2096 5229 2224 5270 non
2276 5211 2478 5271 solum
2515 5210 2594 5270 ad
2639 5209 2992 5269 necessaria
3033 5210 3330 5269 teimina-

1768 5309 1887 5378 tur,
1922 5303 2034 5362 sed
2065 5303 2252 5363 etiam
2277 5304 2358 5363 ad
2387 5303 2604 5376 libera,
2632 5305 2693 5362 et
2723 5302 2926 5360 futura
2959 5301 3328 5379 contingen-

1766 5397 1884 5468 tia,
1933 5397 2030 5456 vel
2060 5397 2482 5457 conditionata
2506 5443 2520 5470 ,
2550 5397 2648 5456 vel
2683 5399 2867 5474 prout
2915 5395 3122 5454 futura
3165 5413 3240 5454 ex
3267 5393 3324 5454 v*

1768 5489 1909 5550 talis
1934 5489 2271 5550 voluntatis
2301 5489 2545 5564 divinoe,
2575 5495 2634 5550 et
2673 5488 2790 5548 sub
2836 5487 2952 5548 hac
2977 5487 3214 5548 ratione
3239 5492 3338 5548 ta-

2925 5596 3005 5660 23
