<?xml version="1.0" encoding="UTF-8"?>
<!DOCTYPE html PUBLIC "-//W3C//DTD XHTML 1.0 Transitional//EN"
    "http://www.w3.org/TR/xhtml1/DTD/xhtml1-transitional.dtd">
<html xmlns="http://www.w3.org/1999/xhtml" xml:lang="en" lang="en">
 <head>
  <title>
</title>
<meta http-equiv="Content-Type" content="text/html;charset=utf-8" />
  <meta name='ocr-system' content='tesseract 3.04.00' />
  <meta name='ocr-capabilities' content='ocr_page ocr_carea ocr_par ocr_line ocrx_word'/>
</head>
<body>
  <div class='ocr_page' id='page_1' title='image "./rpfranciscisuar01duvagoog_0594.png"; bbox 0 0 3850 6225; ppageno 0'>
   <div class='ocr_carea' id='block_1_1' title="bbox 507 463 2147 5603">
    <p class='ocr_par' dir='ltr' id='par_1_1' title="bbox 1332 463 1362 490">
     <span class='ocr_line' id='line_1_1' title="bbox 1332 463 1362 490; baseline 0 0"><span class='ocrx_word' id='word_1_1' title='bbox 1332 463 1362 490; x_wconf 69' lang='grc' dir='ltr'>Ι</span> 
     </span>
    </p>

    <p class='ocr_par' dir='ltr' id='par_1_2' title="bbox 538 503 2117 1890">
     <span class='ocr_line' id='line_1_2' title="bbox 539 503 2111 587; baseline 0.001 -22"><span class='ocrx_word' id='word_1_2' title='bbox 539 504 784 566; x_wconf 87' lang='lat' dir='ltr'>ratione</span> <span class='ocrx_word' id='word_1_3' title='bbox 813 503 968 565; x_wconf 89' lang='lat' dir='ltr'>illud</span> <span class='ocrx_word' id='word_1_4' title='bbox 993 522 1351 586; x_wconf 84' lang='lat' dir='ltr'>operemur,</span> <span class='ocrx_word' id='word_1_5' title='bbox 1383 524 1510 568; x_wconf 90' lang='lat' dir='ltr'>non</span> <span class='ocrx_word' id='word_1_6' title='bbox 1534 512 1867 587; x_wconf 89' lang='lat' dir='ltr'>propterea</span> <span class='ocrx_word' id='word_1_7' title='bbox 1895 505 2111 568; x_wconf 86' lang='lat' dir='ltr'>exclu-</span> 
     </span>
     <span class='ocr_line' id='line_1_3' title="bbox 540 597 2107 680; baseline 0.001 -21"><span class='ocrx_word' id='word_1_8' title='bbox 540 597 726 660; x_wconf 89' lang='lat' dir='ltr'>detur</span> <span class='ocrx_word' id='word_1_9' title='bbox 765 598 1006 678; x_wconf 86' lang='lat' dir='ltr'>justitia</span> <span class='ocrx_word' id='word_1_10' title='bbox 1048 599 1112 660; x_wconf 90' lang='lat' dir='ltr'>in</span> <span class='ocrx_word' id='word_1_11' title='bbox 1155 599 1375 661; x_wconf 81' lang='lat' dir='ltr'><strong>ordine</strong></span> <span class='ocrx_word' id='word_1_12' title='bbox 1426 600 1505 661; x_wconf 87' lang='lat' dir='ltr'>ad</span> <span class='ocrx_word' id='word_1_13' title='bbox 1542 599 1907 680; x_wconf 77' lang='lat' dir='ltr'>praemium3</span> <span class='ocrx_word' id='word_1_14' title='bbox 1958 600 2107 673; x_wconf 83' lang='lat' dir='ltr'>ime,</span> 
     </span>
     <span class='ocr_line' id='line_1_4' title="bbox 539 691 2107 774; baseline 0.002 -23"><span class='ocrx_word' id='word_1_15' title='bbox 539 691 781 752; x_wconf 77' lang='lat' dir='ltr'>coeteris</span> <span class='ocrx_word' id='word_1_16' title='bbox 810 691 1089 771; x_wconf 81' lang='lat' dir='ltr'>paribuS,</span> <span class='ocrx_word' id='word_1_17' title='bbox 1118 711 1194 753; x_wconf 86' lang='lat' dir='ltr'>ex</span> <span class='ocrx_word' id='word_1_18' title='bbox 1223 711 1298 754; x_wconf 94' lang='lat' dir='ltr'>eo</span> <span class='ocrx_word' id='word_1_19' title='bbox 1331 693 1533 772; x_wconf 87' lang='lat' dir='ltr'>capite</span> <span class='ocrx_word' id='word_1_20' title='bbox 1569 693 1900 774; x_wconf 84' lang='lat' dir='ltr'><strong>augebitur</strong></span> <span class='ocrx_word' id='word_1_21' title='bbox 1927 693 2107 754; x_wconf 87' lang='lat' dir='ltr'>meri-</span> 
     </span>
     <span class='ocr_line' id='line_1_5' title="bbox 538 785 2113 866; baseline 0.001 -19"><span class='ocrx_word' id='word_1_22' title='bbox 538 790 708 857; x_wconf 88' lang='lat' dir='ltr'>tum;</span> <span class='ocrx_word' id='word_1_23' title='bbox 747 785 890 865; x_wconf 85' lang='lat' dir='ltr'>quia</span> <span class='ocrx_word' id='word_1_24' title='bbox 949 789 1150 847; x_wconf 88' lang='lat' dir='ltr'>totum</span> <span class='ocrx_word' id='word_1_25' title='bbox 1205 787 1358 847; x_wconf 89' lang='lat' dir='ltr'>illud</span> <span class='ocrx_word' id='word_1_26' title='bbox 1405 805 1564 866; x_wconf 89' lang='lat' dir='ltr'>opus</span> <span class='ocrx_word' id='word_1_27' title='bbox 1609 806 1752 848; x_wconf 90' lang='lat' dir='ltr'>cum</span> <span class='ocrx_word' id='word_1_28' title='bbox 1803 787 1972 848; x_wconf 90' lang='lat' dir='ltr'>omni</span> <span class='ocrx_word' id='word_1_29' title='bbox 2016 805 2113 848; x_wconf 92' lang='lat' dir='ltr'>re·</span> 
     </span>
     <span class='ocr_line' id='line_1_6' title="bbox 545 878 2117 960; baseline 0.001 -20"><span class='ocrx_word' id='word_1_30' title='bbox 545 884 766 958; x_wconf 88' lang='lat' dir='ltr'>spectu</span> <span class='ocrx_word' id='word_1_31' title='bbox 791 885 854 940; x_wconf 92' lang='lat' dir='ltr'>et</span> <span class='ocrx_word' id='word_1_32' title='bbox 883 878 1346 940; x_wconf 79' lang='lat' dir='ltr'>circumstantia</span> <span class='ocrx_word' id='word_1_33' title='bbox 1367 885 1639 960; x_wconf 83' lang='lat' dir='ltr'>augente</span> <span class='ocrx_word' id='word_1_34' title='bbox 1659 880 2023 954; x_wconf 85' lang='lat' dir='ltr'>bonitatem,</span> <span class='ocrx_word' id='word_1_35' title='bbox 2053 884 2117 941; x_wconf 88' lang='lat' dir='ltr'>et</span> 
     </span>
     <span class='ocr_line' id='line_1_7' title="bbox 543 971 2114 1052; baseline 0.001 -20"><span class='ocrx_word' id='word_1_36' title='bbox 543 971 852 1032; x_wconf 82' lang='lat' dir='ltr'>moralem</span> <span class='ocrx_word' id='word_1_37' title='bbox 882 971 1161 1032; x_wconf 87' lang='lat' dir='ltr'>valorem</span> <span class='ocrx_word' id='word_1_38' title='bbox 1205 974 1364 1052; x_wconf 80' lang='lat' dir='ltr'>ejuS,</span> <span class='ocrx_word' id='word_1_39' title='bbox 1395 975 1750 1034; x_wconf 87' lang='lat' dir='ltr'>continetur</span> <span class='ocrx_word' id='word_1_40' title='bbox 1778 972 1896 1034; x_wconf 89' lang='lat' dir='ltr'>sub</span> <span class='ocrx_word' id='word_1_41' title='bbox 1930 977 2114 1052; x_wconf 84' lang='lat' dir='ltr'>pacto</span> 
     </span>
     <span class='ocr_line' id='line_1_8' title="bbox 545 1065 2115 1145; baseline 0.001 -21"><span class='ocrx_word' id='word_1_42' title='bbox 545 1069 608 1124; x_wconf 89' lang='lat' dir='ltr'>et</span> <span class='ocrx_word' id='word_1_43' title='bbox 635 1065 1048 1144; x_wconf 84' lang='lat' dir='ltr'>promissione</span> <span class='ocrx_word' id='word_1_44' title='bbox 1076 1065 1209 1125; x_wconf 90' lang='lat' dir='ltr'>Dei.</span> <span class='ocrx_word' id='word_1_45' title='bbox 1245 1066 1334 1126; x_wconf 87' lang='lat' dir='ltr'>Ac</span> <span class='ocrx_word' id='word_1_46' title='bbox 1379 1079 1712 1145; x_wconf 87' lang='lat' dir='ltr'>propterea</span> <span class='ocrx_word' id='word_1_47' title='bbox 1747 1067 1937 1130; x_wconf 89' lang='lat' dir='ltr'>etiam</span> <span class='ocrx_word' id='word_1_48' title='bbox 1986 1083 2115 1126; x_wconf 87' lang='lat' dir='ltr'>non</span> 
     </span>
     <span class='ocr_line' id='line_1_9' title="bbox 539 1158 2115 1238; baseline 0.002 -21"><span class='ocrx_word' id='word_1_49' title='bbox 539 1165 850 1238; x_wconf 81' lang='lat' dir='ltr'><strong>repugnat</strong></span> <span class='ocrx_word' id='word_1_50' title='bbox 870 1163 938 1218; x_wconf 90' lang='lat' dir='ltr'>ut</span> <span class='ocrx_word' id='word_1_51' title='bbox 959 1158 1124 1218; x_wconf 89' lang='lat' dir='ltr'>idem</span> <span class='ocrx_word' id='word_1_52' title='bbox 1147 1177 1304 1238; x_wconf 88' lang='lat' dir='ltr'>opus</span> <span class='ocrx_word' id='word_1_53' title='bbox 1327 1161 1444 1222; x_wconf 89' lang='lat' dir='ltr'>sub</span> <span class='ocrx_word' id='word_1_54' title='bbox 1468 1179 1592 1221; x_wconf 92' lang='lat' dir='ltr'>una</span> <span class='ocrx_word' id='word_1_55' title='bbox 1611 1161 1852 1220; x_wconf 87' lang='lat' dir='ltr'>ratione</span> <span class='ocrx_word' id='word_1_56' title='bbox 1875 1159 1957 1220; x_wconf 89' lang='lat' dir='ltr'>ad</span> <span class='ocrx_word' id='word_1_57' title='bbox 1978 1177 2115 1238; x_wconf 87' lang='lat' dir='ltr'>gra-</span> 
     </span>
     <span class='ocr_line' id='line_1_10' title="bbox 541 1251 2109 1330; baseline 0.001 -20"><span class='ocrx_word' id='word_1_58' title='bbox 541 1251 660 1310; x_wconf 86' lang='lat' dir='ltr'>tias</span> <span class='ocrx_word' id='word_1_59' title='bbox 701 1251 980 1329; x_wconf 86' lang='lat' dir='ltr'>agendas</span> <span class='ocrx_word' id='word_1_60' title='bbox 1009 1270 1122 1330; x_wconf 91' lang='lat' dir='ltr'>pro</span> <span class='ocrx_word' id='word_1_61' title='bbox 1152 1259 1408 1330; x_wconf 86' lang='lat' dir='ltr'>accepto</span> <span class='ocrx_word' id='word_1_62' title='bbox 1441 1253 1748 1314; x_wconf 88' lang='lat' dir='ltr'>beneficio</span> <span class='ocrx_word' id='word_1_63' title='bbox 1791 1252 2109 1329; x_wconf 83' lang='lat' dir='ltr'>inserviat,</span> 
     </span>
     <span class='ocr_line' id='line_1_11' title="bbox 539 1345 2114 1426; baseline 0.001 -22"><span class='ocrx_word' id='word_1_64' title='bbox 539 1350 602 1404; x_wconf 92' lang='lat' dir='ltr'>et</span> <span class='ocrx_word' id='word_1_65' title='bbox 622 1345 740 1404; x_wconf 86' lang='lat' dir='ltr'>sub</span> <span class='ocrx_word' id='word_1_66' title='bbox 761 1346 882 1405; x_wconf 88' lang='lat' dir='ltr'>alia</span> <span class='ocrx_word' id='word_1_67' title='bbox 906 1345 984 1405; x_wconf 92' lang='lat' dir='ltr'>ad</span> <span class='ocrx_word' id='word_1_68' title='bbox 1010 1363 1244 1406; x_wconf 88' lang='lat' dir='ltr'>novum</span> <span class='ocrx_word' id='word_1_69' title='bbox 1270 1347 1600 1425; x_wconf 80' lang='lat' dir='ltr'>proemium</span> <span class='ocrx_word' id='word_1_70' title='bbox 1622 1345 2114 1426; x_wconf 87' lang='lat' dir='ltr'>promerendum</span> 
     </span>
     <span class='ocr_line' id='line_1_12' title="bbox 543 1437 2113 1518; baseline 0 -21"><span class='ocrx_word' id='word_1_71' title='bbox 543 1437 768 1498; x_wconf 81' lang='lat' dir='ltr'>valeat.</span> <span class='ocrx_word' id='word_1_72' title='bbox 803 1439 956 1498; x_wconf 87' lang='lat' dir='ltr'>Item</span> <span class='ocrx_word' id='word_1_73' title='bbox 986 1439 1156 1516; x_wconf 87' lang='lat' dir='ltr'>quod</span> <span class='ocrx_word' id='word_1_74' title='bbox 1194 1441 1311 1499; x_wconf 91' lang='lat' dir='ltr'>sub</span> <span class='ocrx_word' id='word_1_75' title='bbox 1359 1441 1551 1518; x_wconf 89' lang='lat' dir='ltr'>priori</span> <span class='ocrx_word' id='word_1_76' title='bbox 1589 1441 1828 1500; x_wconf 88' lang='lat' dir='ltr'>ratione</span> <span class='ocrx_word' id='word_1_77' title='bbox 1859 1439 1937 1500; x_wconf 91' lang='lat' dir='ltr'>sit</span> <span class='ocrx_word' id='word_1_78' title='bbox 1964 1439 2113 1498; x_wconf 81' lang='lat' dir='ltr'>inae-</span> 
     </span>
     <span class='ocr_line' id='line_1_13' title="bbox 539 1530 2112 1611; baseline 0.001 -22"><span class='ocrx_word' id='word_1_79' title='bbox 539 1531 724 1608; x_wconf 88' lang='lat' dir='ltr'>quale</span> <span class='ocrx_word' id='word_1_80' title='bbox 771 1531 836 1590; x_wconf 90' lang='lat' dir='ltr'>in</span> <span class='ocrx_word' id='word_1_81' title='bbox 879 1532 1121 1592; x_wconf 83' lang='lat' dir='ltr'>ratione</span> <span class='ocrx_word' id='word_1_82' title='bbox 1166 1533 1565 1611; x_wconf 83' lang='lat' dir='ltr'>gratitudinis</span> <span class='ocrx_word' id='word_1_83' title='bbox 1613 1552 1757 1593; x_wconf 91' lang='lat' dir='ltr'>cum</span> <span class='ocrx_word' id='word_1_84' title='bbox 1801 1530 2112 1592; x_wconf 87' lang='lat' dir='ltr'>beneficio</span> 
     </span>
     <span class='ocr_line' id='line_1_14' title="bbox 545 1625 2115 1706; baseline 0 -22"><span class='ocrx_word' id='word_1_85' title='bbox 545 1631 804 1703; x_wconf 88' lang='lat' dir='ltr'>accepto</span> <span class='ocrx_word' id='word_1_86' title='bbox 831 1669 846 1697; x_wconf 95' lang='lat'>,</span> <span class='ocrx_word' id='word_1_87' title='bbox 889 1631 949 1684; x_wconf 90' lang='lat' dir='ltr'>et</span> <span class='ocrx_word' id='word_1_88' title='bbox 993 1625 1164 1704; x_wconf 92' lang='lat' dir='ltr'>quod</span> <span class='ocrx_word' id='word_1_89' title='bbox 1213 1627 1331 1686; x_wconf 88' lang='lat' dir='ltr'>sub</span> <span class='ocrx_word' id='word_1_90' title='bbox 1377 1628 1620 1688; x_wconf 88' lang='lat' dir='ltr'>ratione</span> <span class='ocrx_word' id='word_1_91' title='bbox 1667 1625 1995 1706; x_wconf 85' lang='lat' dir='ltr'>posteriori</span> <span class='ocrx_word' id='word_1_92' title='bbox 2034 1625 2115 1685; x_wconf 90' lang='lat' dir='ltr'>sit</span> 
     </span>
     <span class='ocr_line' id='line_1_15' title="bbox 541 1717 2113 1799; baseline 0.003 -23"><span class='ocrx_word' id='word_1_93' title='bbox 541 1717 857 1778; x_wconf 86' lang='lat' dir='ltr'>sufficiens</span> <span class='ocrx_word' id='word_1_94' title='bbox 905 1725 967 1779; x_wconf 91' lang='lat' dir='ltr'>et</span> <span class='ocrx_word' id='word_1_95' title='bbox 1008 1719 1390 1799; x_wconf 87' lang='lat' dir='ltr'>condignum</span> <span class='ocrx_word' id='word_1_96' title='bbox 1419 1721 1484 1780; x_wconf 89' lang='lat' dir='ltr'>in</span> <span class='ocrx_word' id='word_1_97' title='bbox 1521 1721 1762 1782; x_wconf 89' lang='lat' dir='ltr'>ratione</span> <span class='ocrx_word' id='word_1_98' title='bbox 1791 1719 1994 1782; x_wconf 89' lang='lat' dir='ltr'>meriti</span> <span class='ocrx_word' id='word_1_99' title='bbox 2032 1719 2113 1780; x_wconf 85' lang='lat' dir='ltr'>ad</span> 
     </span>
     <span class='ocr_line' id='line_1_16' title="bbox 542 1811 1701 1890; baseline 0.003 -20"><span class='ocrx_word' id='word_1_100' title='bbox 542 1811 868 1890; x_wconf 75' lang='lat' dir='ltr'>praemium</span> <span class='ocrx_word' id='word_1_101' title='bbox 901 1830 978 1870; x_wconf 88' lang='lat' dir='ltr'>ex</span> <span class='ocrx_word' id='word_1_102' title='bbox 998 1812 1236 1890; x_wconf 85' lang='lat' dir='ltr'>justitia</span> <span class='ocrx_word' id='word_1_103' title='bbox 1269 1813 1701 1874; x_wconf 88' lang='lat' dir='ltr'>obtinendum.</span> 
     </span>
    </p>

    <p class='ocr_par' dir='ltr' id='par_1_3' title="bbox 507 1902 2147 5603">
     <span class='ocr_line' id='line_1_17' title="bbox 621 1902 2114 1968; baseline 0.003 -5"><span class='ocrx_word' id='word_1_104' title='bbox 621 1905 682 1964; x_wconf 84' lang='lat'>9.</span> <span class='ocrx_word' id='word_1_105' title='bbox 709 1902 810 1966; x_wconf 78' lang='lat' dir='ltr'>Ad</span> <span class='ocrx_word' id='word_1_106' title='bbox 837 1905 1102 1966; x_wconf 75' lang='lat' dir='ltr'>tertiam.</span> <span class='ocrx_word' id='word_1_107' title='bbox 1127 1937 1208 1950; x_wconf 95' lang='lat'>—</span> <span class='ocrx_word' id='word_1_108' title='bbox 1226 1906 1429 1967; x_wconf 87' lang='lat' dir='ltr'>Tertia</span> <span class='ocrx_word' id='word_1_109' title='bbox 1456 1907 1612 1968; x_wconf 89' lang='lat' dir='ltr'>ratio</span> <span class='ocrx_word' id='word_1_110' title='bbox 1639 1907 2008 1968; x_wconf 84' lang='lat' dir='ltr'>sumebatur</span> <span class='ocrx_word' id='word_1_111' title='bbox 2036 1924 2114 1968; x_wconf 87' lang='lat' dir='ltr'>ex</span> 
     </span>
     <span class='ocr_line' id='line_1_18' title="bbox 543 1998 2115 2077; baseline 0.001 -19"><span class='ocrx_word' id='word_1_112' title='bbox 543 1998 835 2077; x_wconf 85' lang='lat' dir='ltr'>analogia</span> <span class='ocrx_word' id='word_1_113' title='bbox 867 1998 948 2057; x_wconf 83' lang='lat' dir='ltr'>ad</span> <span class='ocrx_word' id='word_1_114' title='bbox 981 2005 1226 2075; x_wconf 86' lang='lat' dir='ltr'>patrem</span> <span class='ocrx_word' id='word_1_115' title='bbox 1268 2005 1329 2060; x_wconf 91' lang='lat' dir='ltr'>et</span> <span class='ocrx_word' id='word_1_116' title='bbox 1373 1999 1594 2074; x_wconf 90' lang='lat' dir='ltr'>filium,</span> <span class='ocrx_word' id='word_1_117' title='bbox 1633 2018 1886 2061; x_wconf 88' lang='lat' dir='ltr'>servum</span> <span class='ocrx_word' id='word_1_118' title='bbox 1913 2005 1977 2060; x_wconf 91' lang='lat' dir='ltr'>et</span> <span class='ocrx_word' id='word_1_119' title='bbox 2001 1999 2115 2061; x_wconf 89' lang='lat' dir='ltr'>do-</span> 
     </span>
     <span class='ocr_line' id='line_1_19' title="bbox 545 2089 2115 2172; baseline 0.003 -23"><span class='ocrx_word' id='word_1_120' title='bbox 545 2091 811 2164; x_wconf 89' lang='lat' dir='ltr'>minum,</span> <span class='ocrx_word' id='word_1_121' title='bbox 843 2089 1006 2150; x_wconf 89' lang='lat' dir='ltr'>inter</span> <span class='ocrx_word' id='word_1_122' title='bbox 1025 2107 1184 2168; x_wconf 90' lang='lat' dir='ltr'>quos</span> <span class='ocrx_word' id='word_1_123' title='bbox 1213 2109 1341 2152; x_wconf 90' lang='lat' dir='ltr'>non</span> <span class='ocrx_word' id='word_1_124' title='bbox 1366 2099 1570 2172; x_wconf 88' lang='lat' dir='ltr'>potest</span> <span class='ocrx_word' id='word_1_125' title='bbox 1601 2111 1738 2154; x_wconf 90' lang='lat' dir='ltr'>esse</span> <span class='ocrx_word' id='word_1_126' title='bbox 1769 2110 1916 2154; x_wconf 87' lang='lat' dir='ltr'>vera</span> <span class='ocrx_word' id='word_1_127' title='bbox 1932 2093 2115 2172; x_wconf 88' lang='lat' dir='ltr'>justi-</span> 
     </span>
     <span class='ocr_line' id='line_1_20' title="bbox 550 2183 2113 2256; baseline 0.001 -13"><span class='ocrx_word' id='word_1_128' title='bbox 550 2183 632 2244; x_wconf 87' lang='lat' dir='ltr'>tia</span> <span class='ocrx_word' id='word_1_129' title='bbox 686 2183 1148 2256; x_wconf 86' lang='lat' dir='ltr'>commutativa,</span> <span class='ocrx_word' id='word_1_130' title='bbox 1204 2186 1394 2245; x_wconf 87' lang='lat' dir='ltr'>etiam</span> <span class='ocrx_word' id='word_1_131' title='bbox 1447 2186 1608 2247; x_wconf 88' lang='lat' dir='ltr'>inter</span> <span class='ocrx_word' id='word_1_132' title='bbox 1663 2185 1976 2256; x_wconf 59' lang='lat' dir='ltr'>hominm,</span> <span class='ocrx_word' id='word_1_133' title='bbox 2034 2184 2113 2245; x_wconf 91' lang='lat' dir='ltr'>de</span> 
     </span>
     <span class='ocr_line' id='line_1_21' title="bbox 548 2277 2115 2359; baseline 0.003 -23"><span class='ocrx_word' id='word_1_134' title='bbox 548 2294 676 2356; x_wconf 88' lang='lat' dir='ltr'>qua</span> <span class='ocrx_word' id='word_1_135' title='bbox 722 2277 1122 2356; x_wconf 83' lang='lat' dir='ltr'>proportione</span> <span class='ocrx_word' id='word_1_136' title='bbox 1175 2279 1366 2338; x_wconf 89' lang='lat' dir='ltr'>multa</span> <span class='ocrx_word' id='word_1_137' title='bbox 1411 2279 1536 2340; x_wconf 81' lang='lat' dir='ltr'>dixi</span> <span class='ocrx_word' id='word_1_138' title='bbox 1582 2279 1648 2340; x_wconf 87' lang='lat' dir='ltr'>in</span> <span class='ocrx_word' id='word_1_139' title='bbox 1691 2279 1894 2359; x_wconf 90' lang='lat' dir='ltr'>primo</span> <span class='ocrx_word' id='word_1_140' title='bbox 1942 2285 2115 2340; x_wconf 88' lang='lat' dir='ltr'>tomo</span> 
     </span>
     <span class='ocr_line' id='line_1_22' title="bbox 549 2368 2111 2448; baseline 0.003 -20"><span class='ocrx_word' id='word_1_141' title='bbox 549 2368 586 2428; x_wconf 89' lang='grc'>3</span> <span class='ocrx_word' id='word_1_142' title='bbox 631 2369 846 2447; x_wconf 84' lang='lat' dir='ltr'>partis,</span> <span class='ocrx_word' id='word_1_143' title='bbox 880 2387 1018 2448; x_wconf 80' lang='lat' dir='ltr'>quae</span> <span class='ocrx_word' id='word_1_144' title='bbox 1049 2388 1216 2430; x_wconf 89' lang='lat' dir='ltr'>nunc</span> <span class='ocrx_word' id='word_1_145' title='bbox 1247 2371 1476 2430; x_wconf 86' lang='lat' dir='ltr'>iterare</span> <span class='ocrx_word' id='word_1_146' title='bbox 1519 2390 1648 2432; x_wconf 90' lang='lat' dir='ltr'>non</span> <span class='ocrx_word' id='word_1_147' title='bbox 1690 2377 1785 2432; x_wconf 90' lang='lat' dir='ltr'>est</span> <span class='ocrx_word' id='word_1_148' title='bbox 1815 2389 2111 2444; x_wconf 86' lang='lat' dir='ltr'>necesse;</span> 
     </span>
     <span class='ocr_line' id='line_1_23' title="bbox 507 2463 2119 2543; baseline 0.001 -22"><span class='ocrx_word' id='word_1_149' title='bbox 507 2481 522 2496; x_wconf 91' lang='lat'><strong>·</strong></span> <span class='ocrx_word' id='word_1_150' title='bbox 546 2467 697 2522; x_wconf 84' lang='lat' dir='ltr'>nain</span> <span class='ocrx_word' id='word_1_151' title='bbox 727 2481 800 2523; x_wconf 79' lang='lat' dir='ltr'>ex</span> <span class='ocrx_word' id='word_1_152' title='bbox 849 2463 1152 2542; x_wconf 88' lang='lat' dir='ltr'>principio</span> <span class='ocrx_word' id='word_1_153' title='bbox 1182 2463 1386 2543; x_wconf 85' lang='lat' dir='ltr'>posito</span> <span class='ocrx_word' id='word_1_154' title='bbox 1429 2464 1494 2525; x_wconf 92' lang='lat' dir='ltr'>in</span> <span class='ocrx_word' id='word_1_155' title='bbox 1539 2465 1823 2543; x_wconf 86' lang='lat' dir='ltr'>proxima</span> <span class='ocrx_word' id='word_1_156' title='bbox 1858 2480 2119 2543; x_wconf 89' lang='lat' dir='ltr'>respon-</span> 
     </span>
     <span class='ocr_line' id='line_1_24' title="bbox 547 2555 2113 2636; baseline 0.002 -21"><span class='ocrx_word' id='word_1_157' title='bbox 547 2555 756 2630; x_wconf 83' lang='lat' dir='ltr'>sione,</span> <span class='ocrx_word' id='word_1_158' title='bbox 811 2557 958 2616; x_wconf 90' lang='lat' dir='ltr'>huic</span> <span class='ocrx_word' id='word_1_159' title='bbox 1010 2562 1382 2636; x_wconf 85' lang='lat' dir='ltr'>argumento</span> <span class='ocrx_word' id='word_1_160' title='bbox 1435 2557 1944 2619; x_wconf 82' lang='lat' dir='ltr'>satisfaciendum</span> <span class='ocrx_word' id='word_1_161' title='bbox 1996 2561 2113 2618; x_wconf 88' lang='lat' dir='ltr'>est.</span> 
     </span>
     <span class='ocr_line' id='line_1_25' title="bbox 547 2648 2119 2730; baseline 0.002 -21"><span class='ocrx_word' id='word_1_162' title='bbox 547 2648 844 2710; x_wconf 78' lang='lat' dir='ltr'>Absolute</span> <span class='ocrx_word' id='word_1_163' title='bbox 903 2649 1104 2723; x_wconf 85' lang='lat' dir='ltr'>enim,</span> <span class='ocrx_word' id='word_1_164' title='bbox 1146 2656 1208 2709; x_wconf 90' lang='lat' dir='ltr'>et</span> <span class='ocrx_word' id='word_1_165' title='bbox 1248 2651 1419 2710; x_wconf 87' lang='lat' dir='ltr'>nulla</span> <span class='ocrx_word' id='word_1_166' title='bbox 1473 2652 1900 2730; x_wconf 86' lang='lat' dir='ltr'>suppositione</span> <span class='ocrx_word' id='word_1_167' title='bbox 1954 2650 2119 2712; x_wconf 81' lang='lat' dir='ltr'>facta</span> 
     </span>
     <span class='ocr_line' id='line_1_26' title="bbox 547 2739 2118 2822; baseline 0.001 -21"><span class='ocrx_word' id='word_1_168' title='bbox 547 2739 712 2802; x_wconf 86' lang='lat' dir='ltr'>inter</span> <span class='ocrx_word' id='word_1_169' title='bbox 750 2759 996 2802; x_wconf 75' lang='lat' dir='ltr'>servum</span> <span class='ocrx_word' id='word_1_170' title='bbox 1041 2748 1102 2802; x_wconf 93' lang='lat' dir='ltr'>et</span> <span class='ocrx_word' id='word_1_171' title='bbox 1149 2741 1494 2816; x_wconf 88' lang='lat' dir='ltr'>dominum,</span> <span class='ocrx_word' id='word_1_172' title='bbox 1540 2746 1605 2805; x_wconf 87' lang='lat' dir='ltr'>in</span> <span class='ocrx_word' id='word_1_173' title='bbox 1641 2744 1714 2804; x_wconf 90' lang='lat' dir='ltr'>iis</span> <span class='ocrx_word' id='word_1_174' title='bbox 1753 2763 1892 2822; x_wconf 85' lang='lat' dir='ltr'>quae</span> <span class='ocrx_word' id='word_1_175' title='bbox 1923 2744 2118 2822; x_wconf 90' lang='lat' dir='ltr'>perti-</span> 
     </span>
     <span class='ocr_line' id='line_1_27' title="bbox 551 2835 2116 2898; baseline 0.003 -4"><span class='ocrx_word' id='word_1_176' title='bbox 551 2841 704 2895; x_wconf 86' lang='lat' dir='ltr'>nent</span> <span class='ocrx_word' id='word_1_177' title='bbox 733 2835 814 2894; x_wconf 89' lang='lat' dir='ltr'>ad</span> <span class='ocrx_word' id='word_1_178' title='bbox 855 2835 1201 2896; x_wconf 89' lang='lat' dir='ltr'>dominium</span> <span class='ocrx_word' id='word_1_179' title='bbox 1251 2843 1311 2896; x_wconf 89' lang='lat' dir='ltr'>et</span> <span class='ocrx_word' id='word_1_180' title='bbox 1357 2855 1537 2898; x_wconf 92' lang='lat' dir='ltr'>usum</span> <span class='ocrx_word' id='word_1_181' title='bbox 1588 2855 1802 2898; x_wconf 86' lang='lat' dir='ltr'>rerum</span> <span class='ocrx_word' id='word_1_182' title='bbox 1837 2846 2116 2898; x_wconf 78' lang='lat' dir='ltr'>externa-</span> 
     </span>
     <span class='ocr_line' id='line_1_28' title="bbox 555 2930 2123 3006; baseline 0.001 -18"><span class='ocrx_word' id='word_1_183' title='bbox 555 2947 695 2988; x_wconf 89' lang='lat' dir='ltr'>rum</span> <span class='ocrx_word' id='word_1_184' title='bbox 716 2947 842 2988; x_wconf 88' lang='lat' dir='ltr'>non</span> <span class='ocrx_word' id='word_1_185' title='bbox 863 2935 1220 3006; x_wconf 74' lang='lat' dir='ltr'>potestesse</span> <span class='ocrx_word' id='word_1_186' title='bbox 1237 2930 1475 3006; x_wconf 83' lang='lat' dir='ltr'>justitia</span> <span class='ocrx_word' id='word_1_187' title='bbox 1497 2931 1944 2992; x_wconf 88' lang='lat' dir='ltr'>commutativa</span> <span class='ocrx_word' id='word_1_188' title='bbox 1958 2931 2123 2992; x_wconf 90' lang='lat' dir='ltr'>inter</span> 
     </span>
     <span class='ocr_line' id='line_1_29' title="bbox 553 3022 2123 3103; baseline 0.001 -21"><span class='ocrx_word' id='word_1_189' title='bbox 553 3039 800 3082; x_wconf 80' lang='lat' dir='ltr'>servum</span> <span class='ocrx_word' id='word_1_190' title='bbox 831 3027 892 3082; x_wconf 90' lang='lat' dir='ltr'>et</span> <span class='ocrx_word' id='word_1_191' title='bbox 925 3022 1272 3094; x_wconf 88' lang='lat' dir='ltr'>dominum,</span> <span class='ocrx_word' id='word_1_192' title='bbox 1303 3025 1449 3102; x_wconf 89' lang='lat' dir='ltr'>quia</span> <span class='ocrx_word' id='word_1_193' title='bbox 1471 3043 1688 3086; x_wconf 85' lang='lat' dir='ltr'>servus</span> <span class='ocrx_word' id='word_1_194' title='bbox 1707 3043 1835 3084; x_wconf 89' lang='lat' dir='ltr'>non</span> <span class='ocrx_word' id='word_1_195' title='bbox 1855 3023 2123 3103; x_wconf 77' lang='lat' dir='ltr'>acquirit</span> 
     </span>
     <span class='ocr_line' id='line_1_30' title="bbox 555 3113 2125 3191; baseline 0.003 -17"><span class='ocrx_word' id='word_1_196' title='bbox 555 3113 902 3176; x_wconf 91' lang='lat' dir='ltr'>dominium</span> <span class='ocrx_word' id='word_1_197' title='bbox 943 3116 1163 3178; x_wconf 88' lang='lat' dir='ltr'>talium</span> <span class='ocrx_word' id='word_1_198' title='bbox 1186 3135 1421 3191; x_wconf 88' lang='lat' dir='ltr'>rerum,</span> <span class='ocrx_word' id='word_1_199' title='bbox 1453 3118 1567 3179; x_wconf 89' lang='lat' dir='ltr'>sed</span> <span class='ocrx_word' id='word_1_200' title='bbox 1591 3118 1800 3179; x_wconf 88' lang='lat' dir='ltr'>statim</span> <span class='ocrx_word' id='word_1_201' title='bbox 1827 3116 2125 3179; x_wconf 82' lang='lat' dir='ltr'>transfer-</span> 
     </span>
     <span class='ocr_line' id='line_1_31' title="bbox 555 3207 2125 3291; baseline 0.004 -24"><span class='ocrx_word' id='word_1_202' title='bbox 555 3213 658 3268; x_wconf 88' lang='lat' dir='ltr'>tur</span> <span class='ocrx_word' id='word_1_203' title='bbox 679 3207 759 3268; x_wconf 86' lang='lat' dir='ltr'>ad</span> <span class='ocrx_word' id='word_1_204' title='bbox 787 3208 1136 3271; x_wconf 88' lang='lat' dir='ltr'>dominum.</span> <span class='ocrx_word' id='word_1_205' title='bbox 1169 3211 1242 3271; x_wconf 89' lang='lat' dir='ltr'>In</span> <span class='ocrx_word' id='word_1_206' title='bbox 1279 3210 1417 3271; x_wconf 87' lang='lat' dir='ltr'>aliis</span> <span class='ocrx_word' id='word_1_207' title='bbox 1447 3217 1658 3274; x_wconf 89' lang='lat' dir='ltr'>tamen</span> <span class='ocrx_word' id='word_1_208' title='bbox 1687 3211 1932 3291; x_wconf 85' lang='lat' dir='ltr'>injuriis</span> <span class='ocrx_word' id='word_1_209' title='bbox 1960 3211 2125 3273; x_wconf 83' lang='lat' dir='ltr'>circa</span> 
     </span>
     <span class='ocr_line' id='line_1_32' title="bbox 558 3300 2128 3383; baseline 0.003 -23"><span class='ocrx_word' id='word_1_210' title='bbox 558 3300 887 3375; x_wconf 87' lang='lat' dir='ltr'>honorem,</span> <span class='ocrx_word' id='word_1_211' title='bbox 921 3301 1153 3363; x_wconf 82' lang='lat' dir='ltr'>famam</span> <span class='ocrx_word' id='word_1_212' title='bbox 1183 3310 1246 3365; x_wconf 90' lang='lat' dir='ltr'>et</span> <span class='ocrx_word' id='word_1_213' title='bbox 1290 3305 1505 3378; x_wconf 82' lang='lat' dir='ltr'>vitam,</span> <span class='ocrx_word' id='word_1_214' title='bbox 1558 3311 1666 3365; x_wconf 81' lang='lat' dir='ltr'>aut</span> <span class='ocrx_word' id='word_1_215' title='bbox 1705 3304 2128 3383; x_wconf 84' lang='lat' dir='ltr'>integritatem</span> 
     </span>
     <span class='ocr_line' id='line_1_33' title="bbox 559 3396 2121 3478; baseline 0.003 -23"><span class='ocrx_word' id='word_1_216' title='bbox 559 3396 870 3473; x_wconf 79' lang='lat' dir='ltr'>corporiS‚</span> <span class='ocrx_word' id='word_1_217' title='bbox 899 3399 1104 3474; x_wconf 88' lang='lat' dir='ltr'>potest</span> <span class='ocrx_word' id='word_1_218' title='bbox 1145 3414 1283 3458; x_wconf 87' lang='lat' dir='ltr'>esse</span> <span class='ocrx_word' id='word_1_219' title='bbox 1323 3398 1486 3459; x_wconf 88' lang='lat' dir='ltr'>inter</span> <span class='ocrx_word' id='word_1_220' title='bbox 1527 3416 1636 3459; x_wconf 89' lang='lat' dir='ltr'>eos</span> <span class='ocrx_word' id='word_1_221' title='bbox 1680 3416 1832 3460; x_wconf 79' lang='lat' dir='ltr'>vera</span> <span class='ocrx_word' id='word_1_222' title='bbox 1858 3398 2121 3478; x_wconf 85' lang='lat' dir='ltr'>justitia.</span> 
     </span>
     <span class='ocr_line' id='line_1_34' title="bbox 555 3486 2126 3564; baseline 0.002 -18"><span class='ocrx_word' id='word_1_223' title='bbox 555 3486 690 3547; x_wconf 90' lang='lat' dir='ltr'>lmo</span> <span class='ocrx_word' id='word_1_224' title='bbox 725 3488 788 3547; x_wconf 89' lang='lat' dir='ltr'>in</span> <span class='ocrx_word' id='word_1_225' title='bbox 829 3487 1014 3548; x_wconf 86' lang='lat' dir='ltr'>bonis</span> <span class='ocrx_word' id='word_1_226' title='bbox 1051 3490 1242 3549; x_wconf 81' lang='lat' dir='ltr'>etiam</span> <span class='ocrx_word' id='word_1_227' title='bbox 1291 3490 1562 3551; x_wconf 81' lang='lat' dir='ltr'>externis</span> <span class='ocrx_word' id='word_1_228' title='bbox 1581 3535 1597 3564; x_wconf 91' lang='lat'>,</span> <span class='ocrx_word' id='word_1_229' title='bbox 1647 3490 1792 3551; x_wconf 90' lang='lat' dir='ltr'>licet</span> <span class='ocrx_word' id='word_1_230' title='bbox 1833 3490 2126 3552; x_wconf 89' lang='lat' dir='ltr'>dominus</span> 
     </span>
     <span class='ocr_line' id='line_1_35' title="bbox 559 3580 2129 3659; baseline 0.003 -20"><span class='ocrx_word' id='word_1_231' title='bbox 559 3596 686 3639; x_wconf 89' lang='lat' dir='ltr'>non</span> <span class='ocrx_word' id='word_1_232' title='bbox 711 3584 998 3641; x_wconf 81' lang='lat' dir='ltr'>exerceat</span> <span class='ocrx_word' id='word_1_233' title='bbox 1018 3580 1324 3659; x_wconf 87' lang='lat' dir='ltr'>justitiam</span> <span class='ocrx_word' id='word_1_234' title='bbox 1353 3582 1516 3643; x_wconf 84' lang='lat' dir='ltr'>circa</span> <span class='ocrx_word' id='word_1_235' title='bbox 1541 3600 1792 3644; x_wconf 75' lang='lat' dir='ltr'>servum</span> <span class='ocrx_word' id='word_1_236' title='bbox 1821 3602 1898 3644; x_wconf 86' lang='lat' dir='ltr'>ex</span> <span class='ocrx_word' id='word_1_237' title='bbox 1923 3582 2129 3645; x_wconf 82' lang='lat' dir='ltr'>defec-</span> 
     </span>
     <span class='ocr_line' id='line_1_36' title="bbox 557 3673 2125 3755; baseline 0.004 -24"><span class='ocrx_word' id='word_1_238' title='bbox 557 3678 628 3732; x_wconf 86' lang='lat' dir='ltr'>tu</span> <span class='ocrx_word' id='word_1_239' title='bbox 669 3674 964 3745; x_wconf 64' lang='lat' dir='ltr'>materiae,</span> <span class='ocrx_word' id='word_1_240' title='bbox 993 3680 1062 3735; x_wconf 88' lang='lat' dir='ltr'>ut</span> <span class='ocrx_word' id='word_1_241' title='bbox 1087 3673 1176 3734; x_wconf 90' lang='lat' dir='ltr'>sic</span> <span class='ocrx_word' id='word_1_242' title='bbox 1207 3674 1416 3735; x_wconf 88' lang='lat' dir='ltr'>dicam</span> <span class='ocrx_word' id='word_1_243' title='bbox 1435 3721 1452 3748; x_wconf 90' lang='lat'>,</span> <span class='ocrx_word' id='word_1_244' title='bbox 1483 3694 1706 3737; x_wconf 78' lang='lat' dir='ltr'>servus</span> <span class='ocrx_word' id='word_1_245' title='bbox 1734 3682 1946 3737; x_wconf 87' lang='lat' dir='ltr'>autem</span> <span class='ocrx_word' id='word_1_246' title='bbox 1974 3694 2125 3755; x_wconf 76' lang='lat' dir='ltr'>erga</span> 
     </span>
     <span class='ocr_line' id='line_1_37' title="bbox 553 3763 2126 3848; baseline 0.004 -25"><span class='ocrx_word' id='word_1_247' title='bbox 553 3763 884 3835; x_wconf 56' lang='lat' dir='ltr'>‚dominum</span> <span class='ocrx_word' id='word_1_248' title='bbox 914 3770 1117 3845; x_wconf 90' lang='lat' dir='ltr'>potest</span> <span class='ocrx_word' id='word_1_249' title='bbox 1145 3784 1438 3829; x_wconf 81' lang='lat' dir='ltr'>exercere</span> <span class='ocrx_word' id='word_1_250' title='bbox 1477 3769 1576 3830; x_wconf 82' lang='lat' dir='ltr'>vel</span> <span class='ocrx_word' id='word_1_251' title='bbox 1605 3768 1997 3848; x_wconf 85' lang='lat' dir='ltr'>injustitiam,</span> <span class='ocrx_word' id='word_1_252' title='bbox 2034 3768 2126 3829; x_wconf 79' lang='lat' dir='ltr'>fu-</span> 
     </span>
     <span class='ocr_line' id='line_1_38' title="bbox 561 3857 2129 3937; baseline 0.003 -20"><span class='ocrx_word' id='word_1_253' title='bbox 561 3857 798 3929; x_wconf 87' lang='lat' dir='ltr'>rando;</span> <span class='ocrx_word' id='word_1_254' title='bbox 830 3858 930 3918; x_wconf 83' lang='lat' dir='ltr'>vel</span> <span class='ocrx_word' id='word_1_255' title='bbox 947 3859 1278 3937; x_wconf 89' lang='lat' dir='ltr'>justitiam,</span> <span class='ocrx_word' id='word_1_256' title='bbox 1309 3879 1448 3923; x_wconf 88' lang='lat' dir='ltr'>sese</span> <span class='ocrx_word' id='word_1_257' title='bbox 1483 3880 1521 3922; x_wconf 89' lang='lat' dir='ltr'>a</span> <span class='ocrx_word' id='word_1_258' title='bbox 1565 3862 1903 3923; x_wconf 88' lang='lat' dir='ltr'>latrociniis</span> <span class='ocrx_word' id='word_1_259' title='bbox 1932 3860 2129 3923; x_wconf 87' lang='lat' dir='ltr'>conti-</span> 
     </span>
     <span class='ocr_line' id='line_1_39' title="bbox 561 3950 2129 4034; baseline 0.003 -23"><span class='ocrx_word' id='word_1_260' title='bbox 561 3950 814 4023; x_wconf 89' lang='lat' dir='ltr'>nendo;</span> <span class='ocrx_word' id='word_1_261' title='bbox 848 3956 932 4027; x_wconf 84' lang='lat' dir='ltr'>et,</span> <span class='ocrx_word' id='word_1_262' title='bbox 981 3953 1032 4013; x_wconf 89' lang='lat' dir='ltr'>si</span> <span class='ocrx_word' id='word_1_263' title='bbox 1059 3952 1302 4014; x_wconf 82' lang='lat' dir='ltr'>furatus</span> <span class='ocrx_word' id='word_1_264' title='bbox 1330 3960 1445 4025; x_wconf 88' lang='lat' dir='ltr'>est,</span> <span class='ocrx_word' id='word_1_265' title='bbox 1495 3961 1745 4017; x_wconf 88' lang='lat' dir='ltr'>tenetur</span> <span class='ocrx_word' id='word_1_266' title='bbox 1783 3972 1860 4015; x_wconf 86' lang='lat' dir='ltr'>ex</span> <span class='ocrx_word' id='word_1_267' title='bbox 1887 3954 2129 4034; x_wconf 86' lang='lat' dir='ltr'>justitia</span> 
     </span>
     <span class='ocr_line' id='line_1_40' title="bbox 563 4044 2130 4124; baseline 0.003 -19"><span class='ocrx_word' id='word_1_268' title='bbox 563 4044 914 4117; x_wconf 88' lang='lat' dir='ltr'>restituere,</span> <span class='ocrx_word' id='word_1_269' title='bbox 957 4047 1240 4124; x_wconf 87' lang='lat' dir='ltr'>quamvis</span> <span class='ocrx_word' id='word_1_270' title='bbox 1285 4065 1361 4107; x_wconf 86' lang='lat' dir='ltr'>ex</span> <span class='ocrx_word' id='word_1_271' title='bbox 1409 4046 1656 4109; x_wconf 78' lang='lat' dir='ltr'>defectu</span> <span class='ocrx_word' id='word_1_272' title='bbox 1709 4048 1898 4109; x_wconf 88' lang='lat' dir='ltr'>etiam</span> <span class='ocrx_word' id='word_1_273' title='bbox 1936 4052 2130 4109; x_wconf 85' lang='lat' dir='ltr'>mate·</span> 
     </span>
     <span class='ocr_line' id='line_1_41' title="bbox 565 4137 2127 4219; baseline 0.003 -22"><span class='ocrx_word' id='word_1_274' title='bbox 565 4137 676 4197; x_wconf 75' lang='lat' dir='ltr'>riae</span> <span class='ocrx_word' id='word_1_275' title='bbox 705 4154 816 4197; x_wconf 89' lang='lat' dir='ltr'>seu</span> <span class='ocrx_word' id='word_1_276' title='bbox 847 4137 1054 4217; x_wconf 85' lang='lat' dir='ltr'>inopia</span> <span class='ocrx_word' id='word_1_277' title='bbox 1081 4158 1208 4199; x_wconf 88' lang='lat' dir='ltr'>non</span> <span class='ocrx_word' id='word_1_278' title='bbox 1239 4140 1455 4219; x_wconf 88' lang='lat' dir='ltr'>possit.</span> <span class='ocrx_word' id='word_1_279' title='bbox 1485 4139 1618 4211; x_wconf 89' lang='lat' dir='ltr'>Quo</span> <span class='ocrx_word' id='word_1_280' title='bbox 1657 4140 1914 4201; x_wconf 88' lang='lat' dir='ltr'>tandem</span> <span class='ocrx_word' id='word_1_281' title='bbox 1940 4139 2012 4201; x_wconf 81' lang='lat' dir='ltr'>fit</span> <span class='ocrx_word' id='word_1_282' title='bbox 2036 4146 2127 4214; x_wconf 89' lang='lat' dir='ltr'>ut,</span> 
     </span>
     <span class='ocr_line' id='line_1_42' title="bbox 567 4232 2132 4311; baseline 0.001 -20"><span class='ocrx_word' id='word_1_283' title='bbox 567 4248 646 4291; x_wconf 87' lang='lat' dir='ltr'>ex</span> <span class='ocrx_word' id='word_1_284' title='bbox 672 4232 882 4310; x_wconf 90' lang='lat' dir='ltr'>aliquo</span> <span class='ocrx_word' id='word_1_285' title='bbox 911 4235 1094 4311; x_wconf 88' lang='lat' dir='ltr'>pacto</span> <span class='ocrx_word' id='word_1_286' title='bbox 1123 4232 1296 4311; x_wconf 87' lang='lat' dir='ltr'>prius</span> <span class='ocrx_word' id='word_1_287' title='bbox 1331 4232 1484 4294; x_wconf 89' lang='lat' dir='ltr'>inito</span> <span class='ocrx_word' id='word_1_288' title='bbox 1524 4233 1688 4294; x_wconf 86' lang='lat' dir='ltr'>inter</span> <span class='ocrx_word' id='word_1_289' title='bbox 1712 4232 2039 4294; x_wconf 88' lang='lat' dir='ltr'>dominum</span> <span class='ocrx_word' id='word_1_290' title='bbox 2068 4238 2132 4293; x_wconf 88' lang='lat' dir='ltr'>et</span> 
     </span>
     <span class='ocr_line' id='line_1_43' title="bbox 569 4325 2132 4405; baseline 0.001 -20"><span class='ocrx_word' id='word_1_291' title='bbox 569 4342 843 4397; x_wconf 86' lang='lat' dir='ltr'>servum,</span> <span class='ocrx_word' id='word_1_292' title='bbox 866 4326 1062 4403; x_wconf 87' lang='lat' dir='ltr'>possit</span> <span class='ocrx_word' id='word_1_293' title='bbox 1079 4326 1458 4390; x_wconf 77' lang='lat' dir='ltr'>intervenire</span> <span class='ocrx_word' id='word_1_294' title='bbox 1479 4328 1614 4387; x_wconf 81' lang='lat' dir='ltr'>haec</span> <span class='ocrx_word' id='word_1_295' title='bbox 1630 4327 1873 4405; x_wconf 86' lang='lat' dir='ltr'>justitia</span> <span class='ocrx_word' id='word_1_296' title='bbox 1893 4325 2132 4387; x_wconf 88' lang='lat' dir='ltr'>domini</span> 
     </span>
     <span class='ocr_line' id='line_1_44' title="bbox 569 4418 2131 4493; baseline 0 -14"><span class='ocrx_word' id='word_1_297' title='bbox 569 4418 650 4479; x_wconf 85' lang='lat' dir='ltr'>ad</span> <span class='ocrx_word' id='word_1_298' title='bbox 679 4436 952 4493; x_wconf 80' lang='lat' dir='ltr'>servum,</span> <span class='ocrx_word' id='word_1_299' title='bbox 977 4420 1166 4479; x_wconf 84' lang='lat' dir='ltr'>etiam</span> <span class='ocrx_word' id='word_1_300' title='bbox 1194 4418 1258 4479; x_wconf 89' lang='lat' dir='ltr'>in</span> <span class='ocrx_word' id='word_1_301' title='bbox 1299 4421 1419 4480; x_wconf 85' lang='lat' dir='ltr'>hac</span> <span class='ocrx_word' id='word_1_302' title='bbox 1447 4420 1710 4480; x_wconf 86' lang='lat' dir='ltr'>materia</span> <span class='ocrx_word' id='word_1_303' title='bbox 1751 4418 2131 4492; x_wconf 80' lang='lat' dir='ltr'>divitiarum,</span> 
     </span>
     <span class='ocr_line' id='line_1_45' title="bbox 568 4510 2137 4593; baseline 0.001 -22"><span class='ocrx_word' id='word_1_304' title='bbox 568 4517 639 4572; x_wconf 92' lang='lat' dir='ltr'>ut</span> <span class='ocrx_word' id='word_1_305' title='bbox 661 4510 1023 4589; x_wconf 77' lang='lat' dir='ltr'>frequenter</span> <span class='ocrx_word' id='word_1_306' title='bbox 1061 4511 1198 4572; x_wconf 87' lang='lat' dir='ltr'>fieri</span> <span class='ocrx_word' id='word_1_307' title='bbox 1231 4513 1410 4584; x_wconf 89' lang='lat' dir='ltr'>solet,</span> <span class='ocrx_word' id='word_1_308' title='bbox 1443 4512 1594 4573; x_wconf 88' lang='lat' dir='ltr'>dum</span> <span class='ocrx_word' id='word_1_309' title='bbox 1640 4530 1858 4573; x_wconf 85' lang='lat' dir='ltr'>servus</span> <span class='ocrx_word' id='word_1_310' title='bbox 1895 4512 2137 4593; x_wconf 88' lang='lat' dir='ltr'>obliga-</span> 
     </span>
     <span class='ocr_line' id='line_1_46' title="bbox 569 4604 2133 4685; baseline 0.001 -20"><span class='ocrx_word' id='word_1_311' title='bbox 569 4610 674 4666; x_wconf 89' lang='lat' dir='ltr'>tur</span> <span class='ocrx_word' id='word_1_312' title='bbox 720 4604 802 4665; x_wconf 85' lang='lat' dir='ltr'>ad</span> <span class='ocrx_word' id='word_1_313' title='bbox 851 4604 1247 4667; x_wconf 88' lang='lat' dir='ltr'>reddendum</span> <span class='ocrx_word' id='word_1_314' title='bbox 1289 4605 1544 4666; x_wconf 88' lang='lat' dir='ltr'>domino</span> <span class='ocrx_word' id='word_1_315' title='bbox 1601 4604 1864 4685; x_wconf 84' lang='lat' dir='ltr'>singulis</span> <span class='ocrx_word' id='word_1_316' title='bbox 1911 4606 2133 4668; x_wconf 88' lang='lat' dir='ltr'>diebus</span> 
     </span>
     <span class='ocr_line' id='line_1_47' title="bbox 568 4698 2140 4779; baseline 0.001 -20"><span class='ocrx_word' id='word_1_317' title='bbox 568 4700 810 4759; x_wconf 83' lang='lat' dir='ltr'>tantam</span> <span class='ocrx_word' id='word_1_318' title='bbox 839 4698 1120 4777; x_wconf 84' lang='lat' dir='ltr'>pecuniae</span> <span class='ocrx_word' id='word_1_319' title='bbox 1171 4698 1584 4777; x_wconf 79' lang='lat' dir='ltr'>quantitatem</span> <span class='ocrx_word' id='word_1_320' title='bbox 1625 4717 1740 4778; x_wconf 87' lang='lat' dir='ltr'>pro</span> <span class='ocrx_word' id='word_1_321' title='bbox 1773 4698 1902 4760; x_wconf 87' lang='lat' dir='ltr'>suis</span> <span class='ocrx_word' id='word_1_322' title='bbox 1940 4698 2140 4779; x_wconf 88' lang='lat' dir='ltr'>operi-</span> 
     </span>
     <span class='ocr_line' id='line_1_48' title="bbox 571 4790 2139 4872; baseline 0.001 -19"><span class='ocrx_word' id='word_1_323' title='bbox 571 4790 713 4866; x_wconf 72' lang='lat' dir='ltr'>buS,</span> <span class='ocrx_word' id='word_1_324' title='bbox 747 4792 864 4853; x_wconf 89' lang='lat' dir='ltr'>sub</span> <span class='ocrx_word' id='word_1_325' title='bbox 902 4808 977 4853; x_wconf 88' lang='lat' dir='ltr'>ea</span> <span class='ocrx_word' id='word_1_326' title='bbox 1015 4791 1367 4853; x_wconf 80' lang='lat' dir='ltr'>conditione</span> <span class='ocrx_word' id='word_1_327' title='bbox 1398 4798 1489 4867; x_wconf 91' lang='lat' dir='ltr'>ut,</span> <span class='ocrx_word' id='word_1_328' title='bbox 1525 4792 1574 4852; x_wconf 89' lang='lat' dir='ltr'>si</span> <span class='ocrx_word' id='word_1_329' title='bbox 1607 4792 1842 4871; x_wconf 86' lang='lat' dir='ltr'>aliquid</span> <span class='ocrx_word' id='word_1_330' title='bbox 1871 4793 2139 4872; x_wconf 83' lang='lat' dir='ltr'>amplius</span> 
     </span>
     <span class='ocr_line' id='line_1_49' title="bbox 571 4884 2136 4965; baseline 0.001 -18"><span class='ocrx_word' id='word_1_331' title='bbox 571 4886 867 4957; x_wconf 87' lang='lat' dir='ltr'>lucretur,</span> <span class='ocrx_word' id='word_1_332' title='bbox 901 4902 1082 4945; x_wconf 86' lang='lat' dir='ltr'>suum</span> <span class='ocrx_word' id='word_1_333' title='bbox 1113 4884 1249 4959; x_wconf 85' lang='lat' dir='ltr'>fiat;</span> <span class='ocrx_word' id='word_1_334' title='bbox 1281 4903 1472 4964; x_wconf 90' lang='lat' dir='ltr'>quam</span> <span class='ocrx_word' id='word_1_335' title='bbox 1495 4884 1786 4946; x_wconf 86' lang='lat' dir='ltr'>dominus</span> <span class='ocrx_word' id='word_1_336' title='bbox 1829 4892 2136 4965; x_wconf 84' lang='lat' dir='ltr'>acceptat,</span> 
     </span>
     <span class='ocr_line' id='line_1_50' title="bbox 573 4978 2141 5059; baseline 0 -19"><span class='ocrx_word' id='word_1_337' title='bbox 573 4983 639 5040; x_wconf 91' lang='lat' dir='ltr'>et</span> <span class='ocrx_word' id='word_1_338' title='bbox 665 4979 748 5040; x_wconf 89' lang='lat' dir='ltr'>ad</span> <span class='ocrx_word' id='word_1_339' title='bbox 776 4978 944 5038; x_wconf 88' lang='lat' dir='ltr'>illam</span> <span class='ocrx_word' id='word_1_340' title='bbox 972 4979 1342 5039; x_wconf 84' lang='lat' dir='ltr'>servandam</span> <span class='ocrx_word' id='word_1_341' title='bbox 1379 4997 1447 5039; x_wconf 85' lang='lat' dir='ltr'>se</span> <span class='ocrx_word' id='word_1_342' title='bbox 1495 4980 1748 5058; x_wconf 85' lang='lat' dir='ltr'>obligat.</span> <span class='ocrx_word' id='word_1_343' title='bbox 1795 4978 1931 5050; x_wconf 87' lang='lat' dir='ltr'>Quo</span> <span class='ocrx_word' id='word_1_344' title='bbox 1959 4984 2141 5059; x_wconf 85' lang='lat' dir='ltr'>pacto</span> 
     </span>
     <span class='ocr_line' id='line_1_51' title="bbox 575 5072 2143 5153; baseline -0.001 -19"><span class='ocrx_word' id='word_1_345' title='bbox 575 5072 921 5153; x_wconf 85' lang='lat' dir='ltr'>supposito,</span> <span class='ocrx_word' id='word_1_346' title='bbox 981 5089 1059 5133; x_wconf 85' lang='lat' dir='ltr'>ex</span> <span class='ocrx_word' id='word_1_347' title='bbox 1095 5072 1332 5151; x_wconf 85' lang='lat' dir='ltr'>justitia</span> <span class='ocrx_word' id='word_1_348' title='bbox 1380 5078 1634 5134; x_wconf 87' lang='lat' dir='ltr'>tenetur</span> <span class='ocrx_word' id='word_1_349' title='bbox 1691 5072 1983 5133; x_wconf 87' lang='lat' dir='ltr'>dominus</span> <span class='ocrx_word' id='word_1_350' title='bbox 2012 5091 2143 5133; x_wconf 89' lang='lat' dir='ltr'>non</span> 
     </span>
     <span class='ocr_line' id='line_1_52' title="bbox 576 5166 2142 5247; baseline 0 -20"><span class='ocrx_word' id='word_1_351' title='bbox 576 5168 824 5247; x_wconf 84' lang='lat' dir='ltr'>privare</span> <span class='ocrx_word' id='word_1_352' title='bbox 857 5184 1108 5225; x_wconf 81' lang='lat' dir='ltr'>servum</span> <span class='ocrx_word' id='word_1_353' title='bbox 1147 5166 1250 5226; x_wconf 91' lang='lat' dir='ltr'>illo</span> <span class='ocrx_word' id='word_1_354' title='bbox 1294 5166 1514 5245; x_wconf 87' lang='lat' dir='ltr'>majori</span> <span class='ocrx_word' id='word_1_355' title='bbox 1561 5166 1760 5239; x_wconf 83' lang='lat' dir='ltr'>lucre,</span> <span class='ocrx_word' id='word_1_356' title='bbox 1801 5168 2142 5245; x_wconf 89' lang='lat' dir='ltr'>quodcum-</span> 
     </span>
     <span class='ocr_line' id='line_1_53' title="bbox 579 5258 2145 5339; baseline 0.001 -19"><span class='ocrx_word' id='word_1_357' title='bbox 579 5277 704 5339; x_wconf 87' lang='lat' dir='ltr'>que</span> <span class='ocrx_word' id='word_1_358' title='bbox 725 5258 909 5320; x_wconf 79' lang='lat' dir='ltr'>fuerit</span> <span class='ocrx_word' id='word_1_359' title='bbox 935 5278 952 5331; x_wconf 84' lang='lat'>;</span> <span class='ocrx_word' id='word_1_360' title='bbox 983 5264 1048 5319; x_wconf 92' lang='lat' dir='ltr'>et</span> <span class='ocrx_word' id='word_1_361' title='bbox 1077 5266 1295 5337; x_wconf 88' lang='lat' dir='ltr'>postea</span> <span class='ocrx_word' id='word_1_362' title='bbox 1321 5277 1398 5320; x_wconf 81' lang='lat' dir='ltr'>ex</span> <span class='ocrx_word' id='word_1_363' title='bbox 1427 5260 1532 5320; x_wconf 87' lang='lat' dir='ltr'>illo</span> <span class='ocrx_word' id='word_1_364' title='bbox 1555 5260 1728 5321; x_wconf 87' lang='lat' dir='ltr'>lucro</span> <span class='ocrx_word' id='word_1_365' title='bbox 1755 5262 1983 5338; x_wconf 86' lang='lat' dir='ltr'>poterit</span> <span class='ocrx_word' id='word_1_366' title='bbox 2010 5278 2145 5322; x_wconf 85' lang='lat' dir='ltr'>ser-</span> 
     </span>
     <span class='ocr_line' id='line_1_54' title="bbox 577 5351 2147 5432; baseline -0.001 -18"><span class='ocrx_word' id='word_1_367' title='bbox 577 5372 694 5414; x_wconf 86' lang='lat' dir='ltr'>vus</span> <span class='ocrx_word' id='word_1_368' title='bbox 731 5370 875 5413; x_wconf 88' lang='lat' dir='ltr'>cum</span> <span class='ocrx_word' id='word_1_369' title='bbox 901 5352 1154 5413; x_wconf 89' lang='lat' dir='ltr'>domino</span> <span class='ocrx_word' id='word_1_370' title='bbox 1185 5351 1340 5413; x_wconf 88' lang='lat' dir='ltr'>alios</span> <span class='ocrx_word' id='word_1_371' title='bbox 1367 5358 1720 5414; x_wconf 81' lang='lat' dir='ltr'>contractus</span> <span class='ocrx_word' id='word_1_372' title='bbox 1739 5352 1993 5432; x_wconf 70' lang='lat' dir='ltr'>justitiae</span> <span class='ocrx_word' id='word_1_373' title='bbox 2024 5352 2147 5413; x_wconf 85' lang='lat' dir='ltr'>dis-</span> 
     </span>
     <span class='ocr_line' id='line_1_55' title="bbox 577 5444 2145 5524; baseline -0.001 -17"><span class='ocrx_word' id='word_1_374' title='bbox 577 5446 886 5508; x_wconf 79' lang='lat' dir='ltr'>tributivae</span> <span class='ocrx_word' id='word_1_375' title='bbox 917 5462 1234 5516; x_wconf 84' lang='lat' dir='ltr'>exercere,</span> <span class='ocrx_word' id='word_1_376' title='bbox 1283 5445 1440 5507; x_wconf 84' lang='lat' dir='ltr'>adeo</span> <span class='ocrx_word' id='word_1_377' title='bbox 1467 5452 1534 5506; x_wconf 90' lang='lat' dir='ltr'>ut</span> <span class='ocrx_word' id='word_1_378' title='bbox 1577 5446 1696 5507; x_wconf 90' lang='lat' dir='ltr'>hoc</span> <span class='ocrx_word' id='word_1_379' title='bbox 1723 5444 1911 5505; x_wconf 90' lang='lat' dir='ltr'>modo</span> <span class='ocrx_word' id='word_1_380' title='bbox 1952 5446 2145 5524; x_wconf 87' lang='lat' dir='ltr'>possit</span> 
     </span>
     <span class='ocr_line' id='line_1_56' title="bbox 581 5537 2139 5603; baseline -0.003 0"><span class='ocrx_word' id='word_1_381' title='bbox 581 5546 642 5603; x_wconf 85' lang='lat' dir='ltr'>et</span> <span class='ocrx_word' id='word_1_382' title='bbox 687 5538 884 5601; x_wconf 85' lang='lat' dir='ltr'>soleat</span> <span class='ocrx_word' id='word_1_383' title='bbox 929 5556 1146 5599; x_wconf 76' lang='lat' dir='ltr'>servus</span> <span class='ocrx_word' id='word_1_384' title='bbox 1195 5556 1376 5599; x_wconf 87' lang='lat' dir='ltr'>suam</span> <span class='ocrx_word' id='word_1_385' title='bbox 1413 5538 1724 5601; x_wconf 80' lang='lat' dir='ltr'>redimere</span> <span class='ocrx_word' id='word_1_386' title='bbox 1765 5537 2139 5599; x_wconf 84' lang='lat' dir='ltr'>libertatem.</span> 
     </span>
    </p>
   </div>
   <div class='ocr_carea' id='block_1_2' title="bbox 1488 401 3776 586">
    <p class='ocr_par' dir='ltr' id='par_1_4' title="bbox 1488 401 3776 586">
     <span class='ocr_line' id='line_1_57' title="bbox 1488 401 2799 460; baseline -0.002 -2"><span class='ocrx_word' id='word_1_387' title='bbox 1488 405 1698 459; x_wconf 84' lang='lat' dir='ltr'>OPUSC.</span> <span class='ocrx_word' id='word_1_388' title='bbox 1733 405 1817 460; x_wconf 73' lang='lat' dir='ltr'>Vl.</span> <span class='ocrx_word' id='word_1_389' title='bbox 1853 403 2223 458; x_wconf 71' lang='lat' dir='ltr'>mspUTA‘rto</span> <span class='ocrx_word' id='word_1_390' title='bbox 2256 407 2339 458; x_wconf 75' lang='grc' dir='ltr'>ΒΕ</span> <span class='ocrx_word' id='word_1_391' title='bbox 2370 401 2645 458; x_wconf 77' lang='grc' dir='ltr'><strong>,11]8ΤΙἸἸΑ</strong></span> <span class='ocrx_word' id='word_1_392' title='bbox 2678 401 2799 456; x_wconf 77' lang='lat' dir='ltr'>nm.</span> 
     </span>
     <span class='ocr_line' id='line_1_58' title="bbox 2192 500 3776 586; baseline -0.006 -19"><span class='ocrx_word' id='word_1_393' title='bbox 2192 507 2269 567; x_wconf 89' lang='lat' dir='ltr'>Et</span> <span class='ocrx_word' id='word_1_394' title='bbox 2297 507 2521 569; x_wconf 88' lang='lat' dir='ltr'>similia</span> <span class='ocrx_word' id='word_1_395' title='bbox 2548 506 2812 586; x_wconf 87' lang='lat' dir='ltr'>possunt</span> <span class='ocrx_word' id='word_1_396' title='bbox 2839 502 2921 563; x_wconf 86' lang='lat' dir='ltr'>ad</span> <span class='ocrx_word' id='word_1_397' title='bbox 2961 500 3158 562; x_wconf 87' lang='lat' dir='ltr'>filium</span> <span class='ocrx_word' id='word_1_398' title='bbox 3187 507 3253 562; x_wconf 90' lang='lat' dir='ltr'>et</span> <span class='ocrx_word' id='word_1_399' title='bbox 3278 504 3508 578; x_wconf 82' lang='lat' dir='ltr'>patrem</span> <span class='ocrx_word' id='word_1_400' title='bbox 3533 501 3681 579; x_wconf 82' lang='lat' dir='ltr'>appli—</span> <span class='ocrx_word' id='word_1_401' title='bbox 3775 519 3776 528; x_wconf 55' lang='lat'>2</span> 
     </span>
    </p>
   </div>
   <div class='ocr_carea' id='block_1_3' title="bbox 2192 593 3679 774">
    <p class='ocr_par' dir='ltr' id='par_1_5' title="bbox 2192 593 3679 774">
     <span class='ocr_line' id='line_1_59' title="bbox 2192 593 3679 679; baseline -0.005 -18"><span class='ocrx_word' id='word_1_402' title='bbox 2192 601 2345 676; x_wconf 88' lang='lat' dir='ltr'>cari,</span> <span class='ocrx_word' id='word_1_403' title='bbox 2376 618 2515 679; x_wconf 83' lang='lat' dir='ltr'>quae</span> <span class='ocrx_word' id='word_1_404' title='bbox 2554 597 2792 673; x_wconf 87' lang='lat' dir='ltr'>omitto,</span> <span class='ocrx_word' id='word_1_405' title='bbox 2832 597 2978 675; x_wconf 88' lang='lat' dir='ltr'>quia</span> <span class='ocrx_word' id='word_1_406' title='bbox 3018 613 3122 657; x_wconf 90' lang='lat' dir='ltr'>res</span> <span class='ocrx_word' id='word_1_407' title='bbox 3164 596 3261 656; x_wconf 86' lang='lat' dir='ltr'>est</span> <span class='ocrx_word' id='word_1_408' title='bbox 3293 593 3498 666; x_wconf 70' lang='lat' dir='ltr'>facilis»,</span> <span class='ocrx_word' id='word_1_409' title='bbox 3540 601 3591 654; x_wconf 85' lang='lat' dir='ltr'>et</span> <span class='ocrx_word' id='word_1_410' title='bbox 3624 613 3679 654; x_wconf 78' lang='lat' dir='ltr'>ne</span> 
     </span>
     <span class='ocr_line' id='line_1_60' title="bbox 2194 693 2664 774; baseline -0.006 -19"><span class='ocrx_word' id='word_1_411' title='bbox 2194 693 2312 755; x_wconf 85' lang='lat' dir='ltr'>sim</span> <span class='ocrx_word' id='word_1_412' title='bbox 2344 694 2664 774; x_wconf 86' lang='lat' dir='ltr'>prolixior.</span> 
     </span>
    </p>
   </div>
   <div class='ocr_carea' id='block_1_4' title="bbox 2278 779 3776 866">
    <p class='ocr_par' dir='ltr' id='par_1_6' title="bbox 2278 779 3776 866">
     <span class='ocr_line' id='line_1_61' title="bbox 2278 779 3776 866; baseline -0.006 -18"><span class='ocrx_word' id='word_1_413' title='bbox 2278 791 2374 848; x_wconf 74' lang='lat'>10.</span> <span class='ocrx_word' id='word_1_414' title='bbox 2396 789 2485 848; x_wconf 85' lang='lat' dir='ltr'>Ex</span> <span class='ocrx_word' id='word_1_415' title='bbox 2502 787 2600 847; x_wconf 89' lang='lat' dir='ltr'>his</span> <span class='ocrx_word' id='word_1_416' title='bbox 2625 803 2775 866; x_wconf 88' lang='lat' dir='ltr'>ergo</span> <span class='ocrx_word' id='word_1_417' title='bbox 2804 783 2885 846; x_wconf 88' lang='lat' dir='ltr'>ad</span> <span class='ocrx_word' id='word_1_418' title='bbox 2906 785 3105 844; x_wconf 89' lang='lat' dir='ltr'>Deum</span> <span class='ocrx_word' id='word_1_419' title='bbox 3132 779 3531 852; x_wconf 72' lang='lat' dir='ltr'>ascende-adn,</span> <span class='ocrx_word' id='word_1_420' title='bbox 3550 779 3683 840; x_wconf 81' lang='lat' dir='ltr'>facile</span> <span class='ocrx_word' id='word_1_421' title='bbox 3775 821 3776 824; x_wconf 63' lang='lat'>,</span> 
     </span>
    </p>
   </div>
   <div class='ocr_carea' id='block_1_5' title="bbox 2196 873 3685 962">
    <p class='ocr_par' dir='ltr' id='par_1_7' title="bbox 2196 873 3685 962">
     <span class='ocr_line' id='line_1_62' title="bbox 2196 873 3685 962; baseline -0.009 -19"><span class='ocrx_word' id='word_1_422' title='bbox 2196 880 2559 962; x_wconf 87' lang='lat' dir='ltr'>intelligitur</span> <span class='ocrx_word' id='word_1_423' title='bbox 2582 897 2773 958; x_wconf 88' lang='lat' dir='ltr'>quam</span> <span class='ocrx_word' id='word_1_424' title='bbox 2802 879 2881 938; x_wconf 88' lang='lat' dir='ltr'>sit</span> <span class='ocrx_word' id='word_1_425' title='bbox 2916 877 3204 937; x_wconf 80' lang='lat' dir='ltr'>inefficax</span> <span class='ocrx_word' id='word_1_426' title='bbox 3244 873 3396 934; x_wconf 78' lang='lat' dir='ltr'>ill-ad</span> <span class='ocrx_word' id='word_1_427' title='bbox 3422 890 3685 951; x_wconf 82' lang='lat' dir='ltr'>argumen-</span> 
     </span>
    </p>
   </div>
   <div class='ocr_carea' id='block_1_6' title="bbox 2194 970 3776 1143">
    <p class='ocr_par' dir='ltr' id='par_1_8' title="bbox 2194 963 3776 1143">
     <span class='ocr_line' id='line_1_63' title="bbox 2196 970 3687 1054; baseline -0.007 -17"><span class='ocrx_word' id='word_1_428' title='bbox 2196 981 2353 1050; x_wconf 88' lang='lat' dir='ltr'>tum,</span> <span class='ocrx_word' id='word_1_429' title='bbox 2397 981 2459 1036; x_wconf 89' lang='lat' dir='ltr'>et</span> <span class='ocrx_word' id='word_1_430' title='bbox 2485 974 2690 1054; x_wconf 91' lang='lat' dir='ltr'>potius</span> <span class='ocrx_word' id='word_1_431' title='bbox 2718 973 2785 1033; x_wconf 90' lang='lat' dir='ltr'>in</span> <span class='ocrx_word' id='word_1_432' title='bbox 2814 970 3194 1034; x_wconf 87' lang='lat' dir='ltr'>contrarium</span> <span class='ocrx_word' id='word_1_433' title='bbox 3221 985 3405 1047; x_wconf 88' lang='lat' dir='ltr'>posse</span> <span class='ocrx_word' id='word_1_434' title='bbox 3427 971 3687 1044; x_wconf 85' lang='lat' dir='ltr'>retorque-</span> 
     </span>
     <span class='ocr_line' id='line_1_64' title="bbox 2194 1061 3776 1143; baseline -0.004 -12"><span class='ocrx_word' id='word_1_435' title='bbox 2194 1070 2285 1142; x_wconf 90' lang='lat' dir='ltr'>ri;</span> <span class='ocrx_word' id='word_1_436' title='bbox 2334 1087 2481 1129; x_wconf 90' lang='lat' dir='ltr'>nam</span> <span class='ocrx_word' id='word_1_437' title='bbox 2521 1067 2602 1128; x_wconf 90' lang='lat' dir='ltr'>ad</span> <span class='ocrx_word' id='word_1_438' title='bbox 2637 1082 2956 1126; x_wconf 90' lang='lat' dir='ltr'>summum</span> <span class='ocrx_word' id='word_1_439' title='bbox 2984 1063 3209 1143; x_wconf 89' lang='lat' dir='ltr'>probat</span> <span class='ocrx_word' id='word_1_440' title='bbox 3242 1061 3527 1141; x_wconf 81' lang='lat' dir='ltr'>justitiam</span> <span class='ocrx_word' id='word_1_441' title='bbox 3562 1077 3685 1120; x_wconf 84' lang='lat' dir='ltr'>com·</span> <span class='ocrx_word' id='word_1_442' title='bbox 3775 1073 3776 1124; x_wconf 59' lang='grc' dir='ltr'>ζ</span> 
     </span>
    </p>
   </div>
   <div class='ocr_carea' id='block_1_7' title="bbox 2192 1153 3776 3015">
    <p class='ocr_par' dir='ltr' id='par_1_9' title="bbox 2192 1153 3776 3015">
     <span class='ocr_line' id='line_1_65' title="bbox 2194 1153 3686 1239; baseline -0.007 -15"><span class='ocrx_word' id='word_1_443' title='bbox 2194 1163 2585 1233; x_wconf 89' lang='lat' dir='ltr'>mutativam,</span> <span class='ocrx_word' id='word_1_444' title='bbox 2632 1177 2773 1239; x_wconf 84' lang='lat' dir='ltr'>quae</span> <span class='ocrx_word' id='word_1_445' title='bbox 2824 1158 2891 1218; x_wconf 91' lang='lat' dir='ltr'>in</span> <span class='ocrx_word' id='word_1_446' title='bbox 2937 1157 3039 1218; x_wconf 90' lang='lat' dir='ltr'>his</span> <span class='ocrx_word' id='word_1_447' title='bbox 3083 1153 3489 1217; x_wconf 81' lang='lat' dir='ltr'>contractibus</span> <span class='ocrx_word' id='word_1_448' title='bbox 3527 1153 3686 1214; x_wconf 87' lang='lat' dir='ltr'>simili-</span> 
     </span>
     <span class='ocr_line' id='line_1_66' title="bbox 2194 1246 3685 1328; baseline -0.008 -10"><span class='ocrx_word' id='word_1_449' title='bbox 2194 1257 2313 1318; x_wconf 88' lang='lat' dir='ltr'>bus</span> <span class='ocrx_word' id='word_1_450' title='bbox 2344 1259 2689 1326; x_wconf 83' lang='lat' dir='ltr'>exercetur,</span> <span class='ocrx_word' id='word_1_451' title='bbox 2723 1251 3149 1328; x_wconf 86' lang='lat' dir='ltr'>fundaturque</span> <span class='ocrx_word' id='word_1_452' title='bbox 3173 1249 3239 1308; x_wconf 87' lang='lat' dir='ltr'>in</span> <span class='ocrx_word' id='word_1_453' title='bbox 3266 1246 3589 1326; x_wconf 85' lang='lat' dir='ltr'>particulari</span> <span class='ocrx_word' id='word_1_454' title='bbox 3610 1247 3685 1306; x_wconf 88' lang='lat' dir='ltr'>do-</span> 
     </span>
     <span class='ocr_line' id='line_1_67' title="bbox 2193 1339 3685 1426; baseline -0.007 -16"><span class='ocrx_word' id='word_1_455' title='bbox 2193 1349 2387 1410; x_wconf 88' lang='lat' dir='ltr'>minio</span> <span class='ocrx_word' id='word_1_456' title='bbox 2426 1345 2865 1426; x_wconf 84' lang='lat' dir='ltr'>temporalium</span> <span class='ocrx_word' id='word_1_457' title='bbox 2890 1345 3229 1414; x_wconf 87' lang='lat' dir='ltr'>bonorum,</span> <span class='ocrx_word' id='word_1_458' title='bbox 3259 1359 3387 1401; x_wconf 87' lang='lat' dir='ltr'>non</span> <span class='ocrx_word' id='word_1_459' title='bbox 3415 1339 3685 1400; x_wconf 67' lang='lat' dir='ltr'>haberele</span> 
     </span>
     <span class='ocr_line' id='line_1_68' title="bbox 2194 1433 3687 1512; baseline -0.009 -8"><span class='ocrx_word' id='word_1_460' title='bbox 2194 1461 2339 1504; x_wconf 91' lang='lat' dir='ltr'>cum</span> <span class='ocrx_word' id='word_1_461' title='bbox 2379 1443 2543 1502; x_wconf 88' lang='lat' dir='ltr'>inter</span> <span class='ocrx_word' id='word_1_462' title='bbox 2580 1458 2697 1500; x_wconf 90' lang='lat' dir='ltr'>nos</span> <span class='ocrx_word' id='word_1_463' title='bbox 2727 1445 2789 1499; x_wconf 88' lang='lat' dir='ltr'>et</span> <span class='ocrx_word' id='word_1_464' title='bbox 2832 1438 3055 1498; x_wconf 90' lang='lat' dir='ltr'>Deum.</span> <span class='ocrx_word' id='word_1_465' title='bbox 3096 1437 3256 1496; x_wconf 87' lang='lat' dir='ltr'>Item</span> <span class='ocrx_word' id='word_1_466' title='bbox 3292 1433 3503 1512; x_wconf 86' lang='lat' dir='ltr'>probat</span> <span class='ocrx_word' id='word_1_467' title='bbox 3536 1434 3687 1492; x_wconf 85' lang='lat' dir='ltr'>Deum</span> 
     </span>
     <span class='ocr_line' id='line_1_69' title="bbox 2192 1523 3776 1616; baseline -0.009 -17"><span class='ocrx_word' id='word_1_468' title='bbox 2192 1555 2320 1600; x_wconf 89' lang='lat' dir='ltr'>non</span> <span class='ocrx_word' id='word_1_469' title='bbox 2363 1551 2549 1616; x_wconf 88' lang='lat' dir='ltr'>posse</span> <span class='ocrx_word' id='word_1_470' title='bbox 2591 1551 2707 1594; x_wconf 88' lang='lat' dir='ltr'>nos</span> <span class='ocrx_word' id='word_1_471' title='bbox 2750 1531 2984 1592; x_wconf 73' lang='lat' dir='ltr'>laedere</span> <span class='ocrx_word' id='word_1_472' title='bbox 3030 1525 3250 1589; x_wconf 82' lang='lat' dir='ltr'>contra</span> <span class='ocrx_word' id='word_1_473' title='bbox 3286 1527 3579 1606; x_wconf 81' lang='lat' dir='ltr'>justitiam,</span> <span class='ocrx_word' id='word_1_474' title='bbox 3603 1545 3686 1586; x_wconf 84' lang='lat' dir='ltr'>nec</span> <span class='ocrx_word' id='word_1_475' title='bbox 3775 1523 3776 1568; x_wconf 54' lang='lat' dir='ltr'>l</span> 
     </span>
     <span class='ocr_line' id='line_1_70' title="bbox 2192 1619 3687 1710; baseline -0.01 -19"><span class='ocrx_word' id='word_1_476' title='bbox 2192 1647 2378 1710; x_wconf 89' lang='lat' dir='ltr'>posse</span> <span class='ocrx_word' id='word_1_477' title='bbox 2420 1625 2682 1706; x_wconf 90' lang='lat' dir='ltr'>obligari</span> <span class='ocrx_word' id='word_1_478' title='bbox 2726 1625 2910 1686; x_wconf 90' lang='lat' dir='ltr'>nobis</span> <span class='ocrx_word' id='word_1_479' title='bbox 2946 1641 3025 1684; x_wconf 85' lang='lat' dir='ltr'>ex</span> <span class='ocrx_word' id='word_1_480' title='bbox 3041 1621 3287 1701; x_wconf 85' lang='lat' dir='ltr'>justitia</span> <span class='ocrx_word' id='word_1_481' title='bbox 3320 1637 3395 1679; x_wconf 85' lang='lat' dir='ltr'>ex</span> <span class='ocrx_word' id='word_1_482' title='bbox 3416 1619 3589 1688; x_wconf 89' lang='lat' dir='ltr'>nobis,</span> <span class='ocrx_word' id='word_1_483' title='bbox 3610 1637 3687 1677; x_wconf 81' lang='lat' dir='ltr'>seu</span> 
     </span>
     <span class='ocr_line' id='line_1_71' title="bbox 2196 1715 3776 1789; baseline -0.007 -4"><span class='ocrx_word' id='word_1_484' title='bbox 2196 1741 2274 1785; x_wconf 82' lang='lat' dir='ltr'>ex</span> <span class='ocrx_word' id='word_1_485' title='bbox 2308 1723 2367 1783; x_wconf 85' lang='lat' dir='ltr'>vi</span> <span class='ocrx_word' id='word_1_486' title='bbox 2408 1721 2607 1782; x_wconf 88' lang='lat' dir='ltr'>nostri</span> <span class='ocrx_word' id='word_1_487' title='bbox 2641 1717 2899 1780; x_wconf 89' lang='lat' dir='ltr'>dominii</span> <span class='ocrx_word' id='word_1_488' title='bbox 2936 1717 3149 1778; x_wconf 87' lang='lat' dir='ltr'>solius.</span> <span class='ocrx_word' id='word_1_489' title='bbox 3184 1715 3323 1774; x_wconf 86' lang='lat' dir='ltr'>Non</span> <span class='ocrx_word' id='word_1_490' title='bbox 3364 1717 3554 1772; x_wconf 77' lang='lat' dir='ltr'>tamen</span> <span class='ocrx_word' id='word_1_491' title='bbox 3584 1729 3686 1789; x_wconf 87' lang='lat' dir='ltr'>pro-</span> <span class='ocrx_word' id='word_1_492' title='bbox 3775 1725 3776 1774; x_wconf 78' lang='grc' dir='ltr'><strong>ξ</strong></span> 
     </span>
     <span class='ocr_line' id='line_1_72' title="bbox 2192 1804 3689 1894; baseline -0.011 -17"><span class='ocrx_word' id='word_1_493' title='bbox 2192 1817 2303 1877; x_wconf 87' lang='lat' dir='ltr'>bat</span> <span class='ocrx_word' id='word_1_494' title='bbox 2330 1813 2563 1894; x_wconf 80' lang='lat' dir='ltr'>quinia</span> <span class='ocrx_word' id='word_1_495' title='bbox 2594 1811 2795 1873; x_wconf 86' lang='lat' dir='ltr'>altiori</span> <span class='ocrx_word' id='word_1_496' title='bbox 2824 1814 2888 1871; x_wconf 87' lang='lat' dir='ltr'>et</span> <span class='ocrx_word' id='word_1_497' title='bbox 2916 1806 3344 1870; x_wconf 84' lang='lat' dir='ltr'>excellentiori</span> <span class='ocrx_word' id='word_1_498' title='bbox 3370 1804 3615 1875; x_wconf 88' lang='lat' dir='ltr'>materia,</span> <span class='ocrx_word' id='word_1_499' title='bbox 3646 1811 3689 1863; x_wconf 81' lang='lat' dir='ltr'>et</span> 
     </span>
     <span class='ocr_line' id='line_1_73' title="bbox 2194 1897 3776 1988; baseline -0.011 -17"><span class='ocrx_word' id='word_1_500' title='bbox 2194 1927 2274 1972; x_wconf 87' lang='lat' dir='ltr'>ex</span> <span class='ocrx_word' id='word_1_501' title='bbox 2322 1907 2752 1987; x_wconf 87' lang='lat' dir='ltr'>suppositione</span> <span class='ocrx_word' id='word_1_502' title='bbox 2797 1904 2961 1984; x_wconf 87' lang='lat' dir='ltr'>pacti</span> <span class='ocrx_word' id='word_1_503' title='bbox 3018 1908 3082 1964; x_wconf 88' lang='lat' dir='ltr'>et</span> <span class='ocrx_word' id='word_1_504' title='bbox 3124 1897 3539 1981; x_wconf 85' lang='lat' dir='ltr'>promissionis</span> <span class='ocrx_word' id='word_1_505' title='bbox 3574 1897 3689 1975; x_wconf 83' lang='lat' dir='ltr'>ejus·</span> <span class='ocrx_word' id='word_1_506' title='bbox 3775 1983 3776 1988; x_wconf 7' lang='grc' dir='ltr'>η</span> 
     </span>
     <span class='ocr_line' id='line_1_74' title="bbox 2194 1991 3776 2080; baseline -0.011 -16"><span class='ocrx_word' id='word_1_507' title='bbox 2194 2002 2341 2064; x_wconf 90' lang='lat' dir='ltr'>dem</span> <span class='ocrx_word' id='word_1_508' title='bbox 2368 2002 2502 2073; x_wconf 91' lang='lat' dir='ltr'>Dei,</span> <span class='ocrx_word' id='word_1_509' title='bbox 2544 1999 2741 2080; x_wconf 85' lang='lat' dir='ltr'>possit</span> <span class='ocrx_word' id='word_1_510' title='bbox 2785 1996 3037 2078; x_wconf 87' lang='lat' dir='ltr'>propria</span> <span class='ocrx_word' id='word_1_511' title='bbox 3093 1993 3257 2055; x_wconf 87' lang='lat' dir='ltr'>ratio</span> <span class='ocrx_word' id='word_1_512' title='bbox 3302 1991 3537 2072; x_wconf 77' lang='lat' dir='ltr'>justitiae</span> <span class='ocrx_word' id='word_1_513' title='bbox 3576 1991 3691 2049; x_wconf 86' lang='lat' dir='ltr'>inter</span> <span class='ocrx_word' id='word_1_514' title='bbox 3775 2023 3776 2026; x_wconf 60' lang='lat'><em>=</em></span> 
     </span>
     <span class='ocr_line' id='line_1_75' title="bbox 2194 2087 3689 2166; baseline -0.009 -9"><span class='ocrx_word' id='word_1_515' title='bbox 2194 2114 2311 2157; x_wconf 89' lang='lat' dir='ltr'>nos</span> <span class='ocrx_word' id='word_1_516' title='bbox 2350 2101 2413 2156; x_wconf 86' lang='lat' dir='ltr'>et</span> <span class='ocrx_word' id='word_1_517' title='bbox 2450 2095 2651 2156; x_wconf 87' lang='lat' dir='ltr'>Deum</span> <span class='ocrx_word' id='word_1_518' title='bbox 2688 2090 3112 2161; x_wconf 88' lang='lat' dir='ltr'>intercedere;</span> <span class='ocrx_word' id='word_1_519' title='bbox 3146 2088 3302 2166; x_wconf 85' lang='lat' dir='ltr'>quia</span> <span class='ocrx_word' id='word_1_520' title='bbox 3342 2087 3488 2146; x_wconf 87' lang='lat' dir='ltr'>sicut</span> <span class='ocrx_word' id='word_1_521' title='bbox 3508 2101 3689 2154; x_wconf 72' lang='lat' dir='ltr'>servus,</span> 
     </span>
     <span class='ocr_line' id='line_1_76' title="bbox 2198 2179 3692 2269; baseline -0.01 -19"><span class='ocrx_word' id='word_1_522' title='bbox 2198 2189 2520 2269; x_wconf 89' lang='lat' dir='ltr'>supposita</span> <span class='ocrx_word' id='word_1_523' title='bbox 2566 2187 2884 2248; x_wconf 81' lang='lat' dir='ltr'>voluntate</span> <span class='ocrx_word' id='word_1_524' title='bbox 2938 2188 3003 2244; x_wconf 90' lang='lat' dir='ltr'>et</span> <span class='ocrx_word' id='word_1_525' title='bbox 3042 2189 3231 2262; x_wconf 85' lang='lat' dir='ltr'>pacto</span> <span class='ocrx_word' id='word_1_526' title='bbox 3276 2179 3515 2251; x_wconf 88' lang='lat' dir='ltr'>domini,</span> <span class='ocrx_word' id='word_1_527' title='bbox 3543 2184 3692 2256; x_wconf 83' lang='lat' dir='ltr'>potest</span> 
     </span>
     <span class='ocr_line' id='line_1_77' title="bbox 2198 2275 3691 2361; baseline -0.011 -17"><span class='ocrx_word' id='word_1_528' title='bbox 2198 2281 2524 2361; x_wconf 86' lang='lat' dir='ltr'>acquirere</span> <span class='ocrx_word' id='word_1_529' title='bbox 2558 2277 2930 2349; x_wconf 87' lang='lat' dir='ltr'>dominium,</span> <span class='ocrx_word' id='word_1_530' title='bbox 2952 2275 3039 2336; x_wconf 89' lang='lat' dir='ltr'>ita</span> <span class='ocrx_word' id='word_1_531' title='bbox 3062 2279 3126 2334; x_wconf 89' lang='lat' dir='ltr'>et</span> <span class='ocrx_word' id='word_1_532' title='bbox 3138 2291 3284 2346; x_wconf 77' lang='lat' dir='ltr'>noS,</span> <span class='ocrx_word' id='word_1_533' title='bbox 3310 2291 3385 2333; x_wconf 82' lang='lat' dir='ltr'>ex</span> <span class='ocrx_word' id='word_1_534' title='bbox 3410 2277 3567 2351; x_wconf 85' lang='lat' dir='ltr'>pacto</span> <span class='ocrx_word' id='word_1_535' title='bbox 3590 2287 3691 2330; x_wconf 87' lang='lat' dir='ltr'>cum</span> 
     </span>
     <span class='ocr_line' id='line_1_78' title="bbox 2197 2364 3689 2454; baseline -0.011 -17"><span class='ocrx_word' id='word_1_536' title='bbox 2197 2377 2349 2448; x_wconf 89' lang='lat' dir='ltr'>De0,</span> <span class='ocrx_word' id='word_1_537' title='bbox 2381 2389 2715 2454; x_wconf 89' lang='lat' dir='ltr'>possumus</span> <span class='ocrx_word' id='word_1_538' title='bbox 2744 2368 3001 2448; x_wconf 88' lang='lat' dir='ltr'>aliquod</span> <span class='ocrx_word' id='word_1_539' title='bbox 3039 2385 3269 2428; x_wconf 86' lang='lat' dir='ltr'>verum</span> <span class='ocrx_word' id='word_1_540' title='bbox 3288 2366 3391 2446; x_wconf 89' lang='lat' dir='ltr'>jus</span> <span class='ocrx_word' id='word_1_541' title='bbox 3416 2364 3689 2442; x_wconf 81' lang='lat' dir='ltr'>acquirere,</span> 
     </span>
     <span class='ocr_line' id='line_1_79' title="bbox 2198 2457 3693 2538; baseline -0.009 -8"><span class='ocrx_word' id='word_1_542' title='bbox 2198 2475 2269 2530; x_wconf 88' lang='lat' dir='ltr'>ut</span> <span class='ocrx_word' id='word_1_543' title='bbox 2308 2463 2637 2529; x_wconf 80' lang='lat' dir='ltr'>nobiscum</span> <span class='ocrx_word' id='word_1_544' title='bbox 2680 2462 2789 2524; x_wconf 87' lang='lat' dir='ltr'>fiat</span> <span class='ocrx_word' id='word_1_545' title='bbox 2830 2460 3239 2524; x_wconf 86' lang='lat' dir='ltr'>commutatio</span> <span class='ocrx_word' id='word_1_546' title='bbox 3282 2457 3551 2538; x_wconf 86' lang='lat' dir='ltr'>condigni</span> <span class='ocrx_word' id='word_1_547' title='bbox 3580 2473 3693 2536; x_wconf 76' lang='lat' dir='ltr'>prae-</span> 
     </span>
     <span class='ocr_line' id='line_1_80' title="bbox 2200 2553 3691 2640; baseline -0.011 -16"><span class='ocrx_word' id='word_1_548' title='bbox 2200 2562 2308 2624; x_wconf 90' lang='lat' dir='ltr'>mii</span> <span class='ocrx_word' id='word_1_549' title='bbox 2334 2579 2447 2640; x_wconf 87' lang='lat' dir='ltr'>pro</span> <span class='ocrx_word' id='word_1_550' title='bbox 2476 2560 2719 2631; x_wconf 87' lang='lat' dir='ltr'>merito,</span> <span class='ocrx_word' id='word_1_551' title='bbox 2751 2557 2849 2617; x_wconf 79' lang='lat' dir='ltr'>vel</span> <span class='ocrx_word' id='word_1_552' title='bbox 2874 2553 3269 2616; x_wconf 86' lang='lat' dir='ltr'>remissionis</span> <span class='ocrx_word' id='word_1_553' title='bbox 3297 2569 3485 2631; x_wconf 71' lang='lat' dir='ltr'>poenae</span> <span class='ocrx_word' id='word_1_554' title='bbox 3508 2569 3599 2630; x_wconf 85' lang='lat' dir='ltr'>pro</span> <span class='ocrx_word' id='word_1_555' title='bbox 3624 2567 3691 2608; x_wconf 82' lang='lat' dir='ltr'>sa·</span> 
     </span>
     <span class='ocr_line' id='line_1_81' title="bbox 2200 2645 3691 2728; baseline -0.01 -11"><span class='ocrx_word' id='word_1_556' title='bbox 2200 2655 2569 2717; x_wconf 78' lang='lat' dir='ltr'>tist&#39;actione.</span> <span class='ocrx_word' id='word_1_557' title='bbox 2617 2653 2693 2714; x_wconf 91' lang='lat' dir='ltr'>Et</span> <span class='ocrx_word' id='word_1_558' title='bbox 2730 2652 2811 2712; x_wconf 86' lang='lat' dir='ltr'>ad</span> <span class='ocrx_word' id='word_1_559' title='bbox 2846 2652 2965 2710; x_wconf 88' lang='lat' dir='ltr'>hoc</span> <span class='ocrx_word' id='word_1_560' title='bbox 2995 2649 3102 2728; x_wconf 89' lang='lat' dir='ltr'>jus</span> <span class='ocrx_word' id='word_1_561' title='bbox 3128 2645 3509 2708; x_wconf 88' lang='lat' dir='ltr'>reddendum</span> <span class='ocrx_word' id='word_1_562' title='bbox 3542 2649 3691 2723; x_wconf 80' lang='lat' dir='ltr'>potest</span> 
     </span>
     <span class='ocr_line' id='line_1_82' title="bbox 2200 2739 3691 2822; baseline -0.011 -12"><span class='ocrx_word' id='word_1_563' title='bbox 2200 2751 2364 2810; x_wconf 91' lang='lat' dir='ltr'>Deus</span> <span class='ocrx_word' id='word_1_564' title='bbox 2388 2765 2502 2808; x_wconf 91' lang='lat' dir='ltr'>suo</span> <span class='ocrx_word' id='word_1_565' title='bbox 2534 2746 2722 2809; x_wconf 89' lang='lat' dir='ltr'>modo</span> <span class='ocrx_word' id='word_1_566' title='bbox 2754 2744 3043 2822; x_wconf 83' lang='lat' dir='ltr'>obligari,</span> <span class='ocrx_word' id='word_1_567' title='bbox 3086 2739 3191 2800; x_wconf 83' lang='lat' dir='ltr'>vel</span> <span class='ocrx_word' id='word_1_568' title='bbox 3234 2739 3435 2819; x_wconf 89' lang='lat' dir='ltr'>potius</span> <span class='ocrx_word' id='word_1_569' title='bbox 3466 2755 3533 2796; x_wconf 82' lang='lat' dir='ltr'>ex</span> <span class='ocrx_word' id='word_1_570' title='bbox 3562 2742 3691 2796; x_wconf 82' lang='lat' dir='ltr'>natu·</span> 
     </span>
     <span class='ocr_line' id='line_1_83' title="bbox 2200 2828 3691 2916; baseline -0.011 -12"><span class='ocrx_word' id='word_1_571' title='bbox 2200 2843 2312 2904; x_wconf 88' lang='lat' dir='ltr'>rali</span> <span class='ocrx_word' id='word_1_572' title='bbox 2340 2840 2709 2903; x_wconf 87' lang='lat' dir='ltr'>rectitudine</span> <span class='ocrx_word' id='word_1_573' title='bbox 2738 2856 2865 2899; x_wconf 81' lang='lat' dir='ltr'>suoe</span> <span class='ocrx_word' id='word_1_574' title='bbox 2880 2835 3133 2916; x_wconf 82' lang='lat' dir='ltr'>justitioe</span> <span class='ocrx_word' id='word_1_575' title='bbox 3166 2830 3565 2904; x_wconf 83' lang='lat' dir='ltr'>determinari,</span> <span class='ocrx_word' id='word_1_576' title='bbox 3590 2828 3691 2888; x_wconf 81' lang='lat' dir='ltr'>abs·</span> 
     </span>
     <span class='ocr_line' id='line_1_84' title="bbox 2203 2921 3772 3015; baseline -0.012 -19"><span class='ocrx_word' id='word_1_577' title='bbox 2203 2954 2325 3015; x_wconf 87' lang='lat' dir='ltr'>que</span> <span class='ocrx_word' id='word_1_578' title='bbox 2364 2934 2491 2995; x_wconf 87' lang='lat' dir='ltr'>ulla</span> <span class='ocrx_word' id='word_1_579' title='bbox 2542 2929 3034 3012; x_wconf 83' lang='lat' dir='ltr'>imperfectione,</span> <span class='ocrx_word' id='word_1_580' title='bbox 3080 2927 3185 2988; x_wconf 79' lang='lat' dir='ltr'>vel</span> <span class='ocrx_word' id='word_1_581' title='bbox 3230 2924 3601 2986; x_wconf 87' lang='lat' dir='ltr'>diminutione</span> <span class='ocrx_word' id='word_1_582' title='bbox 3624 2921 3695 2978; x_wconf 83' lang='lat' dir='ltr'>sui</span> <span class='ocrx_word' id='word_1_583' title='bbox 3766 2933 3772 2938; x_wconf 88' lang='lat'>·</span> 
     </span>
    </p>
   </div>
   <div class='ocr_carea' id='block_1_8' title="bbox 2168 3018 3695 3092">
    <p class='ocr_par' dir='ltr' id='par_1_10' title="bbox 2168 3018 3695 3092">
     <span class='ocr_line' id='line_1_85' title="bbox 2168 3018 3695 3092; baseline -0.012 -1"><span class='ocrx_word' id='word_1_584' title='bbox 2168 3041 2175 3048; x_wconf 87' lang='grc'><em>·</em></span> <span class='ocrx_word' id='word_1_585' title='bbox 2202 3027 2462 3090; x_wconf 87' lang='lat' dir='ltr'>dominii</span> <span class='ocrx_word' id='word_1_586' title='bbox 2492 3032 2600 3086; x_wconf 87' lang='lat' dir='ltr'>aut</span> <span class='ocrx_word' id='word_1_587' title='bbox 2630 3043 2759 3086; x_wconf 82' lang='lat' dir='ltr'>suae</span> <span class='ocrx_word' id='word_1_588' title='bbox 2802 3022 3129 3092; x_wconf 77' lang='lat' dir='ltr'>libertatiS,</span> <span class='ocrx_word' id='word_1_589' title='bbox 3172 3021 3247 3080; x_wconf 89' lang='lat' dir='ltr'>ut</span> <span class='ocrx_word' id='word_1_590' title='bbox 3278 3018 3425 3080; x_wconf 85' lang='lat' dir='ltr'>satis</span> <span class='ocrx_word' id='word_1_591' title='bbox 3462 3034 3530 3077; x_wconf 84' lang='lat' dir='ltr'>ex</span> <span class='ocrx_word' id='word_1_592' title='bbox 3560 3031 3695 3092; x_wconf 85' lang='lat' dir='ltr'>supe·</span> 
     </span>
    </p>
   </div>
   <div class='ocr_carea' id='block_1_9' title="bbox 2204 3122 2767 3205">
    <p class='ocr_par' dir='ltr' id='par_1_11' title="bbox 2204 3122 2767 3205">
     <span class='ocr_line' id='line_1_86' title="bbox 2204 3122 2767 3205; baseline -0.011 -20"><span class='ocrx_word' id='word_1_593' title='bbox 2204 3122 2475 3205; x_wconf 40' lang='lat' dir='ltr'>riori-bus</span> <span class='ocrx_word' id='word_1_594' title='bbox 2504 3126 2767 3183; x_wconf 87' lang='lat' dir='ltr'>constat.</span> 
     </span>
    </p>
   </div>
   <div class='ocr_carea' id='block_1_10' title="bbox 2456 3368 3513 3461">
    <p class='ocr_par' dir='ltr' id='par_1_12' title="bbox 2456 3368 3513 3461">
     <span class='ocr_line' id='line_1_87' title="bbox 2456 3368 3513 3461; baseline -0.013 -25"><span class='ocrx_word' id='word_1_595' title='bbox 2456 3371 2678 3436; x_wconf 71' lang='lat' dir='ltr'>Teo-tice</span> <span class='ocrx_word' id='word_1_596' title='bbox 2716 3368 3087 3461; x_wconf 66' lang='lat' dir='ltr'>difficultati</span> <span class='ocrx_word' id='word_1_597' title='bbox 3110 3368 3513 3451; x_wconf 70' lang='lat' dir='ltr'>respondetur.</span> 
     </span>
    </p>
   </div>
   <div class='ocr_carea' id='block_1_11' title="bbox 2206 3574 3776 5621">
    <p class='ocr_par' dir='ltr' id='par_1_13' title="bbox 2206 3574 3776 5621">
     <span class='ocr_line' id='line_1_88' title="bbox 2290 3574 3695 3663; baseline -0.011 -16"><span class='ocrx_word' id='word_1_598' title='bbox 2290 3588 2387 3647; x_wconf 78' lang='lat' dir='ltr'>u.</span> <span class='ocrx_word' id='word_1_599' title='bbox 2434 3582 2537 3647; x_wconf 77' lang='lat' dir='ltr'>Aa</span> <span class='ocrx_word' id='word_1_600' title='bbox 2554 3584 2847 3663; x_wconf 54' lang='lat' dir='ltr'>majorem</span> <span class='ocrx_word' id='word_1_601' title='bbox 2872 3581 3368 3663; x_wconf 59' lang='lat' dir='ltr'>propositionum.</span> <span class='ocrx_word' id='word_1_602' title='bbox 3384 3574 3636 3635; x_wconf 85' lang='lat' dir='ltr'>—Tertia</span> <span class='ocrx_word' id='word_1_603' title='bbox 3654 3580 3695 3632; x_wconf 80' lang='lat' dir='ltr'>et</span> 
     </span>
     <span class='ocr_line' id='line_1_89' title="bbox 2206 3666 3776 3759; baseline -0.011 -19"><span class='ocrx_word' id='word_1_604' title='bbox 2206 3677 2565 3759; x_wconf 89' lang='lat' dir='ltr'>principalis</span> <span class='ocrx_word' id='word_1_605' title='bbox 2588 3674 2919 3737; x_wconf 83' lang='lat' dir='ltr'>difficultas</span> <span class='ocrx_word' id='word_1_606' title='bbox 2948 3680 3085 3735; x_wconf 86' lang='lat' dir='ltr'>erat</span> <span class='ocrx_word' id='word_1_607' title='bbox 3116 3672 3200 3733; x_wconf 89' lang='lat' dir='ltr'>de</span> <span class='ocrx_word' id='word_1_608' title='bbox 3218 3671 3451 3752; x_wconf 82' lang='lat' dir='ltr'>justitia</span> <span class='ocrx_word' id='word_1_609' title='bbox 3474 3666 3697 3730; x_wconf 88' lang='lat' dir='ltr'>distribu·</span> <span class='ocrx_word' id='word_1_610' title='bbox 3775 3702 3776 3713; x_wconf 26' lang='grc' dir='ltr'><strong>κ</strong></span> 
     </span>
     <span class='ocr_line' id='line_1_90' title="bbox 2208 3760 3696 3849; baseline -0.012 -17"><span class='ocrx_word' id='word_1_611' title='bbox 2208 3771 2352 3847; x_wconf 87' lang='lat' dir='ltr'>tiva,</span> <span class='ocrx_word' id='word_1_612' title='bbox 2392 3771 2457 3831; x_wconf 89' lang='lat' dir='ltr'>in</span> <span class='ocrx_word' id='word_1_613' title='bbox 2476 3788 2601 3849; x_wconf 80' lang='lat' dir='ltr'>qua</span> <span class='ocrx_word' id='word_1_614' title='bbox 2634 3767 3056 3839; x_wconf 86' lang='lat' dir='ltr'>dissolvenda,</span> <span class='ocrx_word' id='word_1_615' title='bbox 3079 3784 3213 3827; x_wconf 90' lang='lat' dir='ltr'>non</span> <span class='ocrx_word' id='word_1_616' title='bbox 3242 3761 3509 3842; x_wconf 84' lang='lat' dir='ltr'>estquod</span> <span class='ocrx_word' id='word_1_617' title='bbox 3532 3760 3696 3819; x_wconf 86' lang='lat' dir='ltr'>immo·</span> 
     </span>
     <span class='ocr_line' id='line_1_91' title="bbox 2206 3852 3776 3942; baseline -0.011 -17"><span class='ocrx_word' id='word_1_618' title='bbox 2206 3880 2445 3937; x_wconf 89' lang='lat' dir='ltr'>remur,</span> <span class='ocrx_word' id='word_1_619' title='bbox 2475 3862 2621 3941; x_wconf 83' lang='lat' dir='ltr'>quia</span> <span class='ocrx_word' id='word_1_620' title='bbox 2676 3861 3005 3942; x_wconf 85' lang='lat' dir='ltr'>probando</span> <span class='ocrx_word' id='word_1_621' title='bbox 3045 3866 3333 3920; x_wconf 83' lang='lat' dir='ltr'>nostram</span> <span class='ocrx_word' id='word_1_622' title='bbox 3374 3852 3695 3919; x_wconf 80' lang='lat' dir='ltr'>sententiam,</span> <span class='ocrx_word' id='word_1_623' title='bbox 3775 3870 3776 3873; x_wconf 42' lang='lat'>¹</span> 
     </span>
     <span class='ocr_line' id='line_1_92' title="bbox 2210 3942 3699 4034; baseline -0.011 -17"><span class='ocrx_word' id='word_1_624' title='bbox 2210 3958 2421 4019; x_wconf 88' lang='lat' dir='ltr'>omnia</span> <span class='ocrx_word' id='word_1_625' title='bbox 2450 3972 2591 4034; x_wconf 69' lang='lat' dir='ltr'>qum</span> <span class='ocrx_word' id='word_1_626' title='bbox 2631 3955 2695 4015; x_wconf 89' lang='lat' dir='ltr'>in</span> <span class='ocrx_word' id='word_1_627' title='bbox 2720 3973 2797 4016; x_wconf 85' lang='lat' dir='ltr'>ea</span> <span class='ocrx_word' id='word_1_628' title='bbox 2824 3958 3171 4032; x_wconf 85' lang='lat' dir='ltr'>tanguntur</span> <span class='ocrx_word' id='word_1_629' title='bbox 3200 3948 3586 4011; x_wconf 84' lang='lat' dir='ltr'>dissolvimus.</span> <span class='ocrx_word' id='word_1_630' title='bbox 3614 3942 3699 4001; x_wconf 81' lang='lat' dir='ltr'>Ex-</span> 
     </span>
     <span class='ocr_line' id='line_1_93' title="bbox 2210 4036 3699 4129; baseline -0.013 -19"><span class='ocrx_word' id='word_1_631' title='bbox 2210 4049 2545 4129; x_wconf 86' lang='lat' dir='ltr'>plicuimus</span> <span class='ocrx_word' id='word_1_632' title='bbox 2572 4048 2743 4109; x_wconf 88' lang='lat' dir='ltr'>enim</span> <span class='ocrx_word' id='word_1_633' title='bbox 2782 4045 3099 4127; x_wconf 86' lang='lat' dir='ltr'>quomodo</span> <span class='ocrx_word' id='word_1_634' title='bbox 3130 4045 3213 4107; x_wconf 88' lang='lat' dir='ltr'>sit</span> <span class='ocrx_word' id='word_1_635' title='bbox 3238 4043 3319 4105; x_wconf 90' lang='lat' dir='ltr'>de</span> <span class='ocrx_word' id='word_1_636' title='bbox 3362 4040 3573 4103; x_wconf 83' lang='lat' dir='ltr'>ratione</span> <span class='ocrx_word' id='word_1_637' title='bbox 3608 4036 3699 4113; x_wconf 79' lang='lat' dir='ltr'>jus·</span> 
     </span>
     <span class='ocr_line' id='line_1_94' title="bbox 2214 4130 3698 4212; baseline -0.013 -8"><span class='ocrx_word' id='word_1_638' title='bbox 2214 4142 2362 4204; x_wconf 82' lang='lat' dir='ltr'>titioe</span> <span class='ocrx_word' id='word_1_639' title='bbox 2424 4140 2827 4203; x_wconf 80' lang='lat' dir='ltr'>distributivae</span> <span class='ocrx_word' id='word_1_640' title='bbox 2898 4138 3283 4201; x_wconf 88' lang='lat' dir='ltr'>constituere</span> <span class='ocrx_word' id='word_1_641' title='bbox 3360 4130 3698 4212; x_wconf 71' lang='lat' dir='ltr'>aequalitatem</span> 
     </span>
     <span class='ocr_line' id='line_1_95' title="bbox 2216 4217 3776 4318; baseline -0.01 -20"><span class='ocrx_word' id='word_1_642' title='bbox 2216 4236 2661 4318; x_wconf 85' lang='lat' dir='ltr'>geometricam</span> <span class='ocrx_word' id='word_1_643' title='bbox 2708 4236 2869 4295; x_wconf 88' lang='lat' dir='ltr'>inter</span> <span class='ocrx_word' id='word_1_644' title='bbox 2896 4233 3157 4304; x_wconf 87' lang='lat' dir='ltr'>multos;</span> <span class='ocrx_word' id='word_1_645' title='bbox 3202 4248 3333 4292; x_wconf 87' lang='lat' dir='ltr'>non</span> <span class='ocrx_word' id='word_1_646' title='bbox 3374 4234 3463 4291; x_wconf 88' lang='lat' dir='ltr'>est</span> <span class='ocrx_word' id='word_1_647' title='bbox 3496 4224 3629 4286; x_wconf 88' lang='lat' dir='ltr'>enim</span> <span class='ocrx_word' id='word_1_648' title='bbox 3654 4217 3699 4277; x_wconf 86' lang='lat' dir='ltr'>id</span> <span class='ocrx_word' id='word_1_649' title='bbox 3775 4298 3776 4307; x_wconf 9' lang='grc' dir='ltr'>ἶ</span> 
     </span>
     <span class='ocr_line' id='line_1_96' title="bbox 2214 4316 3697 4399; baseline -0.007 -7"><span class='ocrx_word' id='word_1_650' title='bbox 2214 4330 2499 4391; x_wconf 83' lang='lat' dir='ltr'>absolute</span> <span class='ocrx_word' id='word_1_651' title='bbox 2529 4334 2593 4390; x_wconf 88' lang='lat' dir='ltr'>et</span> <span class='ocrx_word' id='word_1_652' title='bbox 2616 4329 2873 4389; x_wconf 87' lang='lat' dir='ltr'>omnino</span> <span class='ocrx_word' id='word_1_653' title='bbox 2906 4326 3255 4387; x_wconf 77' lang='lat' dir='ltr'>formaliter</span> <span class='ocrx_word' id='word_1_654' title='bbox 3279 4316 3697 4399; x_wconf 76' lang='lat' dir='ltr'>intelligendum.</span> 
     </span>
     <span class='ocr_line' id='line_1_97' title="bbox 2216 4411 3699 4499; baseline -0.013 -15"><span class='ocrx_word' id='word_1_655' title='bbox 2216 4422 2329 4484; x_wconf 89' lang='lat' dir='ltr'>sed</span> <span class='ocrx_word' id='word_1_656' title='bbox 2354 4421 2474 4483; x_wconf 88' lang='lat' dir='ltr'>sub</span> <span class='ocrx_word' id='word_1_657' title='bbox 2511 4422 2753 4483; x_wconf 85' lang='lat' dir='ltr'>ratione</span> <span class='ocrx_word' id='word_1_658' title='bbox 2774 4418 3009 4499; x_wconf 89' lang='lat' dir='ltr'>proprii</span> <span class='ocrx_word' id='word_1_659' title='bbox 3036 4425 3099 4480; x_wconf 89' lang='lat' dir='ltr'>et</span> <span class='ocrx_word' id='word_1_660' title='bbox 3132 4416 3416 4498; x_wconf 86' lang='lat' dir='ltr'>specialis</span> <span class='ocrx_word' id='word_1_661' title='bbox 3442 4411 3596 4493; x_wconf 84' lang='lat' dir='ltr'>juris,</span> <span class='ocrx_word' id='word_1_662' title='bbox 3620 4422 3699 4465; x_wconf 86' lang='lat' dir='ltr'>seu</span> 
     </span>
     <span class='ocr_line' id='line_1_98' title="bbox 2216 4502 3699 4594; baseline -0.011 -17"><span class='ocrx_word' id='word_1_663' title='bbox 2216 4515 2431 4588; x_wconf 86' lang='lat' dir='ltr'>debiti,</span> <span class='ocrx_word' id='word_1_664' title='bbox 2458 4514 2631 4594; x_wconf 89' lang='lat' dir='ltr'>quod</span> <span class='ocrx_word' id='word_1_665' title='bbox 2657 4513 2799 4575; x_wconf 83' lang='lat' dir='ltr'>talis</span> <span class='ocrx_word' id='word_1_666' title='bbox 2812 4512 3057 4593; x_wconf 89' lang='lat' dir='ltr'>justitia</span> <span class='ocrx_word' id='word_1_667' title='bbox 3078 4510 3396 4591; x_wconf 83' lang='lat' dir='ltr'>persolvit,</span> <span class='ocrx_word' id='word_1_668' title='bbox 3424 4513 3485 4566; x_wconf 89' lang='lat' dir='ltr'>ut</span> <span class='ocrx_word' id='word_1_669' title='bbox 3502 4506 3563 4565; x_wconf 91' lang='lat' dir='ltr'>D.</span> <span class='ocrx_word' id='word_1_670' title='bbox 3584 4502 3699 4560; x_wconf 85' lang='lat' dir='ltr'>Tho-</span> 
     </span>
     <span class='ocr_line' id='line_1_99' title="bbox 2218 4595 3696 4680; baseline -0.009 -11"><span class='ocrx_word' id='word_1_671' title='bbox 2218 4626 2337 4669; x_wconf 77' lang='lat' dir='ltr'>moe</span> <span class='ocrx_word' id='word_1_672' title='bbox 2364 4610 2757 4680; x_wconf 84' lang='lat' dir='ltr'>auctoritate,</span> <span class='ocrx_word' id='word_1_673' title='bbox 2788 4612 2851 4667; x_wconf 89' lang='lat' dir='ltr'>et</span> <span class='ocrx_word' id='word_1_674' title='bbox 2872 4605 3113 4665; x_wconf 84' lang='lat' dir='ltr'>ratione</span> <span class='ocrx_word' id='word_1_675' title='bbox 3138 4603 3331 4665; x_wconf 88' lang='lat' dir='ltr'>etiam</span> <span class='ocrx_word' id='word_1_676' title='bbox 3366 4595 3696 4661; x_wconf 76' lang='lat' dir='ltr'>ostendimus-</span> 
     </span>
     <span class='ocr_line' id='line_1_100' title="bbox 2220 4684 3699 4779; baseline -0.014 -17"><span class='ocrx_word' id='word_1_677' title='bbox 2220 4701 2295 4762; x_wconf 84' lang='lat' dir='ltr'>Et</span> <span class='ocrx_word' id='word_1_678' title='bbox 2314 4705 2777 4779; x_wconf 86' lang='lat' dir='ltr'>consequenter</span> <span class='ocrx_word' id='word_1_679' title='bbox 2802 4698 3146 4770; x_wconf 84' lang='lat' dir='ltr'>intulimus,</span> <span class='ocrx_word' id='word_1_680' title='bbox 3178 4695 3232 4756; x_wconf 92' lang='lat' dir='ltr'>si</span> <span class='ocrx_word' id='word_1_681' title='bbox 3260 4694 3382 4755; x_wconf 80' lang='lat' dir='ltr'>tale</span> <span class='ocrx_word' id='word_1_682' title='bbox 3393 4692 3489 4771; x_wconf 83' lang='lat' dir='ltr'>jus</span> <span class='ocrx_word' id='word_1_683' title='bbox 3513 4706 3603 4749; x_wconf 85' lang='lat' dir='ltr'>seu</span> <span class='ocrx_word' id='word_1_684' title='bbox 3622 4684 3699 4743; x_wconf 82' lang='lat' dir='ltr'>de-</span> 
     </span>
     <span class='ocr_line' id='line_1_101' title="bbox 2218 4778 3699 4872; baseline -0.007 -17"><span class='ocrx_word' id='word_1_685' title='bbox 2218 4794 2419 4855; x_wconf 88' lang='lat' dir='ltr'>bitum</span> <span class='ocrx_word' id='word_1_686' title='bbox 2440 4793 2603 4855; x_wconf 87' lang='lat' dir='ltr'>sitin</span> <span class='ocrx_word' id='word_1_687' title='bbox 2625 4810 2749 4853; x_wconf 87' lang='lat' dir='ltr'>una</span> <span class='ocrx_word' id='word_1_688' title='bbox 2764 4810 3037 4872; x_wconf 86' lang='lat' dir='ltr'>persona</span> <span class='ocrx_word' id='word_1_689' title='bbox 3052 4796 3292 4851; x_wconf 86' lang='lat' dir='ltr'>tantum</span> <span class='ocrx_word' id='word_1_690' title='bbox 3314 4778 3699 4865; x_wconf 71' lang='lat' dir='ltr'>comparatione</span> 
     </span>
     <span class='ocr_line' id='line_1_102' title="bbox 2222 4877 3700 4965; baseline -0.013 -18"><span class='ocrx_word' id='word_1_691' title='bbox 2222 4886 2509 4959; x_wconf 85' lang='lat' dir='ltr'>aliarum,</span> <span class='ocrx_word' id='word_1_692' title='bbox 2550 4904 2681 4947; x_wconf 90' lang='lat' dir='ltr'>non</span> <span class='ocrx_word' id='word_1_693' title='bbox 2730 4885 2811 4945; x_wconf 88' lang='lat' dir='ltr'>ad</span> <span class='ocrx_word' id='word_1_694' title='bbox 2838 4890 3083 4965; x_wconf 78' lang='lat' dir='ltr'>partem</span> <span class='ocrx_word' id='word_1_695' title='bbox 3136 4883 3251 4959; x_wconf 89' lang='lat' dir='ltr'>rei,</span> <span class='ocrx_word' id='word_1_696' title='bbox 3296 4880 3405 4943; x_wconf 88' lang='lat' dir='ltr'>sed</span> <span class='ocrx_word' id='word_1_697' title='bbox 3438 4877 3511 4939; x_wconf 89' lang='lat' dir='ltr'>ad</span> <span class='ocrx_word' id='word_1_698' title='bbox 3556 4878 3700 4933; x_wconf 84' lang='lat' dir='ltr'>totam</span> 
     </span>
     <span class='ocr_line' id='line_1_103' title="bbox 2224 4965 3703 5059; baseline -0.012 -19"><span class='ocrx_word' id='word_1_699' title='bbox 2224 4979 2501 5059; x_wconf 79' lang='lat' dir='ltr'>aliquam</span> <span class='ocrx_word' id='word_1_700' title='bbox 2526 4996 2685 5051; x_wconf 88' lang='lat' dir='ltr'>rem,</span> <span class='ocrx_word' id='word_1_701' title='bbox 2712 4977 2880 5039; x_wconf 86' lang='lat' dir='ltr'>illius</span> <span class='ocrx_word' id='word_1_702' title='bbox 2908 4980 3098 5039; x_wconf 88' lang='lat' dir='ltr'>etiam</span> <span class='ocrx_word' id='word_1_703' title='bbox 3124 4976 3501 5057; x_wconf 86' lang='lat' dir='ltr'>largitionem</span> <span class='ocrx_word' id='word_1_704' title='bbox 3524 4966 3589 5029; x_wconf 84' lang='lat' dir='ltr'>ad</span> <span class='ocrx_word' id='word_1_705' title='bbox 3606 4965 3703 5043; x_wconf 85' lang='lat' dir='ltr'>jus-</span> 
     </span>
     <span class='ocr_line' id='line_1_104' title="bbox 2222 5061 3759 5151; baseline -0.01 -17"><span class='ocrx_word' id='word_1_706' title='bbox 2222 5074 2421 5135; x_wconf 86' lang='lat' dir='ltr'>titiam</span> <span class='ocrx_word' id='word_1_707' title='bbox 2474 5072 2932 5133; x_wconf 82' lang='lat' dir='ltr'>distributivam</span> <span class='ocrx_word' id='word_1_708' title='bbox 2984 5072 3317 5151; x_wconf 87' lang='lat' dir='ltr'>pertinere,</span> <span class='ocrx_word' id='word_1_709' title='bbox 3362 5061 3571 5127; x_wconf 86' lang='lat' dir='ltr'>etiamsi</span> <span class='ocrx_word' id='word_1_710' title='bbox 3594 5073 3703 5137; x_wconf 82' lang='lat' dir='ltr'>pro-</span> <span class='ocrx_word' id='word_1_711' title='bbox 3746 5102 3759 5119; x_wconf 90' lang='grc'><strong><em>,</em></strong></span> 
     </span>
     <span class='ocr_line' id='line_1_105' title="bbox 2222 5156 3700 5248; baseline -0.008 -19"><span class='ocrx_word' id='word_1_712' title='bbox 2222 5168 2357 5248; x_wconf 87' lang='lat' dir='ltr'>pria</span> <span class='ocrx_word' id='word_1_713' title='bbox 2386 5167 2736 5229; x_wconf 87' lang='lat' dir='ltr'>distributio</span> <span class='ocrx_word' id='word_1_714' title='bbox 2757 5184 2884 5227; x_wconf 88' lang='lat' dir='ltr'>non</span> <span class='ocrx_word' id='word_1_715' title='bbox 2923 5166 3001 5226; x_wconf 88' lang='lat' dir='ltr'>sit</span> <span class='ocrx_word' id='word_1_716' title='bbox 3020 5166 3181 5227; x_wconf 87' lang='lat' dir='ltr'>inter</span> <span class='ocrx_word' id='word_1_717' title='bbox 3198 5164 3437 5225; x_wconf 88' lang='lat' dir='ltr'>multos.</span> <span class='ocrx_word' id='word_1_718' title='bbox 3466 5156 3700 5229; x_wconf 67' lang='lat' dir='ltr'>Idemque</span> 
     </span>
     <span class='ocr_line' id='line_1_106' title="bbox 2224 5246 3697 5345; baseline -0.01 -24"><span class='ocrx_word' id='word_1_719' title='bbox 2224 5267 2683 5341; x_wconf 87' lang='lat' dir='ltr'>consequenter</span> <span class='ocrx_word' id='word_1_720' title='bbox 2730 5259 3023 5332; x_wconf 77' lang='lat' dir='ltr'>diximuS,</span> <span class='ocrx_word' id='word_1_721' title='bbox 3077 5257 3315 5319; x_wconf 87' lang='lat' dir='ltr'>etiamsi</span> <span class='ocrx_word' id='word_1_722' title='bbox 3358 5252 3621 5315; x_wconf 76' lang='lat' dir='ltr'>absolute,</span> <span class='ocrx_word' id='word_1_723' title='bbox 3649 5246 3697 5345; x_wconf 32' lang='lat' dir='ltr'>&#39;et</span> 
     </span>
     <span class='ocr_line' id='line_1_107' title="bbox 2226 5339 3693 5439; baseline -0.01 -26"><span class='ocrx_word' id='word_1_724' title='bbox 2226 5352 2361 5414; x_wconf 88' lang='lat' dir='ltr'>sine</span> <span class='ocrx_word' id='word_1_725' title='bbox 2400 5353 2866 5433; x_wconf 82' lang='lat' dir='ltr'>comparatione</span> <span class='ocrx_word' id='word_1_726' title='bbox 2900 5352 2981 5413; x_wconf 90' lang='lat' dir='ltr'>ad</span> <span class='ocrx_word' id='word_1_727' title='bbox 3010 5352 3189 5425; x_wconf 87' lang='lat' dir='ltr'>alios,</span> <span class='ocrx_word' id='word_1_728' title='bbox 3219 5366 3378 5411; x_wconf 88' lang='lat' dir='ltr'>unus</span> <span class='ocrx_word' id='word_1_729' title='bbox 3400 5350 3601 5409; x_wconf 85' lang='lat' dir='ltr'>tantum</span> <span class='ocrx_word' id='word_1_730' title='bbox 3622 5339 3693 5439; x_wconf 50' lang='lat'>511,</span> 
     </span>
     <span class='ocr_line' id='line_1_108' title="bbox 2223 5434 3696 5525; baseline 0.001 -21"><span class='ocrx_word' id='word_1_731' title='bbox 2223 5446 2287 5505; x_wconf 89' lang='lat' dir='ltr'>in</span> <span class='ocrx_word' id='word_1_732' title='bbox 2330 5464 2455 5524; x_wconf 83' lang='lat' dir='ltr'>quo</span> <span class='ocrx_word' id='word_1_733' title='bbox 2486 5446 2639 5507; x_wconf 86' lang='lat' dir='ltr'>illud</span> <span class='ocrx_word' id='word_1_734' title='bbox 2678 5446 2806 5525; x_wconf 74' lang='lat' dir='ltr'>ju3‚</span> <span class='ocrx_word' id='word_1_735' title='bbox 2856 5462 2969 5507; x_wconf 90' lang='lat' dir='ltr'>seu</span> <span class='ocrx_word' id='word_1_736' title='bbox 2998 5443 3263 5524; x_wconf 87' lang='lat' dir='ltr'>speciale</span> <span class='ocrx_word' id='word_1_737' title='bbox 3292 5440 3542 5502; x_wconf 85' lang='lat' dir='ltr'>debitum</span> <span class='ocrx_word' id='word_1_738' title='bbox 3560 5434 3696 5506; x_wconf 73' lang='lat' dir='ltr'>h¹¹ll³³</span> 
     </span>
     <span class='ocr_line' id='line_1_109' title="bbox 2215 5526 3691 5621; baseline -0.007 -21"><span class='ocrx_word' id='word_1_739' title='bbox 2215 5538 2475 5618; x_wconf 79' lang='lat' dir='ltr'>justitioe</span> <span class='ocrx_word' id='word_1_740' title='bbox 2510 5539 2891 5621; x_wconf 80' lang='lat' dir='ltr'>reperiatur3</span> <span class='ocrx_word' id='word_1_741' title='bbox 2924 5537 3025 5599; x_wconf 86' lang='lat' dir='ltr'>eui</span> <span class='ocrx_word' id='word_1_742' title='bbox 3061 5555 3185 5599; x_wconf 88' lang='lat' dir='ltr'>non</span> <span class='ocrx_word' id='word_1_743' title='bbox 3224 5542 3414 5597; x_wconf 82' lang='lat' dir='ltr'>totum</span> <span class='ocrx_word' id='word_1_744' title='bbox 3450 5526 3691 5592; x_wconf 56' lang='lat' dir='ltr'>serarium,</span> 
     </span>
    </p>
   </div>
  </div>
 </body>
</html>
