3850 6225
959 625 1849 759 OPUSCULUM
1941 625 2566 760 PRIMUM.
2602 645 2608 652 ’

1384 1019 1524 1111 DE
1594 1016 2156 1113 CONCURSU

354 1426 1485 1652 EFFIGAGI
1634 1247 2648 1650 KUXILIO
2791 1429 3189 1651 DEI

874 1786 959 1851 AD
993 1786 1195 1852 Ac'rns
1228 1785 1447 1852 LIBERI
1480 1785 1767 1852 ARBITRII
1802 1785 2214 1864 NECESSARIO,
2253 1785 2428 1850 LIBRI
2463 1786 2652 1852 TRES.

663 2157 1203 2234 PROOEMIUM,
1265 2157 1895 2222 ARGUMENTUM
1949 2157 2286 2220 OPERIS
2342 2158 2867 2221 CONTINENS.

1717 2333 1815 2356 -ο-

257 2497 563 2571 Plenum
597 2493 1041 2594 difficultatis
1067 2519 1240 2590 opus
1273 2518 1547 2590 semper
1582 2495 1817 2570 extitit
1852 2517 2014 2568 cum
2039 2493 2275 2567 divino
2315 2519 2656 2568 concursu
2689 2507 2755 2567 et
2788 2494 3038 2590 qratiae
3068 2497 3372 2571 motione

160 2609 479 2667 nostram
518 2592 906 2668 libertatem
932 2591 1337 2674 conciliare,
1378 2591 1453 2663 in
1482 2617 1621 2686 qua
1644 2594 1862 2666 etiam
1899 2592 2374 2665 controversia
2397 2593 2794 2674 enodanda,
2826 2607 3090 2666 veteres
3120 2592 3370 2667 Patres

164 2691 292 2762 din
343 2691 775 2788 multumque
810 2690 1250 2771 insudarunt,
1300 2686 1557 2784 quippe
1578 2745 1596 2779 ,
1630 2703 1708 2762 ut
1738 2688 2173 2786 Auqustinus
2206 2688 2388 2762 dixit
2418 2689 2464 2761 l.
2505 2695 2554 2760 2
2593 2691 2678 2762 de
2713 2687 2997 2762 Peccat.
3041 2691 3274 2764 merit.
3305 2708 3373 2764 et

162 2788 438 2860 remiss.
472 2845 490 2872 ,
535 2812 598 2860 c.
668 2792 756 2862 18
799 2817 815 2860 :
860 2788 1011 2883 ipsa
1065 2788 1234 2858 ratio
1286 2809 1441 2882 quae
1490 2789 1579 2862 de
1621 2790 1727 2861 his
1781 2786 1988 2860 rebus
2025 2810 2063 2858 a
2099 2785 2370 2875 talibus,
2425 2786 2664 2882 quales
2717 2809 2842 2859 nos
2895 2811 3157 2876 summ,
3219 2790 3373 2861 iniri

157 2896 431 2984 potest,
487 2885 862 2981 quemlibet
907 2894 1212 2956 nostrum
1262 2897 1681 2978 quaerentem
1731 2885 2170 2956 vehementer
2224 2895 2576 2980 angustat,
2635 2907 2723 2958 ne
2777 2886 2876 2956 sic
2927 2885 3372 2960 defendamus

164 2985 491 3078 gratiam,
548 2995 625 3055 ut
677 2983 965 3055 liberum
1020 2981 1370 3054 arbitrium
1435 2985 1699 3056 auferre
1754 2983 2107 3054 videamur
2133 3033 2151 3070 ,
2206 3005 2474 3054 rursum
2526 3006 2613 3055 ne
2663 2983 2762 3055 sic
2823 2981 3107 3056 liberum
3178 3007 3374 3058 asse-

166 3103 393 3154 ramus
424 3080 798 3164 arbitrium,
834 3092 910 3153 ut
934 3078 1225 3190 superba
1252 3079 1597 3174 impietate
1623 3079 1863 3176 ingrati
1890 3079 2014 3153 Dei
2041 3079 2273 3175 gratiae
2293 3081 2705 3175 Judieemur.
2739 3077 3134 3155 Catholicos
3158 3082 3372 3156 etiam

164 3176 501 3253 Doctores
558 3202 749 3251 sanoe
801 3179 1138 3251 doctrmae
1200 3176 1493 3273 cupidos
1551 3179 1795 3252 eadem
1845 3175 2132 3272 quaestio
2191 3177 2316 3248 hoc
2378 3192 2682 3274 tempore
2734 3202 2873 3252 non
2925 3179 3372 3253 mediocriter

164 3276 479 3360 vexavit,
536 3301 693 3349 cum
732 3274 1037 3349 viderint
1094 3274 1485 3371 proesertim
1536 3274 1895 3348 hoereticos
1956 3273 2159 3369 hujus
2211 3274 2478 3358 oetatis,
2547 3276 3067 3372 amplificandae
3125 3277 3372 3373 qratioe

166 3372 446 3446 nomine
470 3429 488 3455 ‚
546 3388 613 3446 et
658 3374 1049 3447 libertatem
1084 3388 1393 3445 nostram
1450 3374 1731 3471 auferre
1758 3431 1775 3454 ,
1820 3385 1889 3444 et
1935 3370 2239 3468 qratiam
2274 3396 2413 3446 non
2445 3373 2840 3469 relinquere
2861 3400 2890 3457 ;
2925 3398 3146 3471 neque
3181 3376 3370 3448 enim

170 3469 487 3545 libertate
521 3472 811 3544 cadente
846 3486 1032 3542 stare
1074 3469 1305 3567 qratia
1336 3485 1559 3566 potest
1572 3498 1599 3556 ;
1642 3494 1836 3561 nam,
1878 3484 1956 3541 ut
1982 3468 2252 3565 eqreqie
2280 3468 2712 3554 Bernartius,
2769 3470 2888 3544 lib.
2931 3472 3016 3545 de
3047 3470 3244 3545 Grat.
3301 3491 3369 3546 et

168 3566 323 3651 tib„
366 3568 525 3642 init.
570 3594 595 3640 .·
639 3569 830 3642 Tolle
876 3566 1166 3641 liberum
1222 3568 1597 3661 arbitrium,
1635 3580 1704 3641 et
1740 3582 1879 3640 ‘non
1914 3569 2040 3639 erit
2072 3565 2258 3663 quod
2299 3567 2628 3652 salvetur3
2667 3568 2825 3641 tolle
2861 3571 3168 3664 gratiam,
3229 3594 3366 3644 non

163 3667 290 3738 erit
316 3668 502 3740 unde
544 3666 862 3740 salvetur.
898 3663 1073 3739 Cum
1102 3689 1262 3763 erqo
1297 3689 1557 3762 maqna
1592 3665 1684 3738 sit
1718 3662 1925 3760 hujus
1959 3664 2360 3760 quoestionis
2398 3664 2809 3762 difficultas,
2843 3683 2912 3738 et
2945 3666 3021 3739 in
3058 3668 3368 3741 diversas

162 3777 402 3859 partes
435 3763 842 3861 opinionum
890 3762 1225 3836 varietate
1259 3765 1516 3837 veritas
1566 3764 1722 3859 ipsa
1774 3761 2222 3858 pertrahatur
2261 3815 2279 3851 ,
2322 3761 2701 3860 Auyustini
2734 3788 2874 3837 non
2926 3765 3154 3837 solum
3197 3767 3365 3839 doc-

165 3860 451 3953 trinam,
489 3885 700 3958 quam
723 3884 997 3955 semper
1029 3884 1342 3952 veneror,
1378 3862 1503 3935 sed
1528 3859 1878 3934 scribendi
1904 3858 2119 3932 etiam
2148 3859 2521 3951 rationem,
2562 3862 2747 3958 quod
2785 3862 3092 3935 maoeime
3124 3863 3358 3959 cupio,

160 3960 293 4033 hac
322 3984 464 4033 una
499 3959 575 4032 in
611 3982 688 4032 re
725 3970 1015 4031 conatus
1048 3982 1203 4029 sum
1232 3959 1579 4032 aemulari.
1620 3956 1755 4031 Ille
1798 3957 2013 4047 enim,
2059 3980 2216 4029 cum
2259 3956 2562 4030 similem
2594 3958 3139 4032 controversiam
3177 3959 3364 4035 inter

162 4056 501 4131 Ecclesiae
518 4056 705 4155 filios
722 4079 805 4129 ac
828 4053 1191 4152 reliqiosos
1207 4054 1393 4129 viros
1418 4070 1735 4131 exortam
1764 4078 1908 4128 esse
1935 4054 2410 4149 comperisset.
2436 4069 2512 4127 ut
2531 4056 2735 4128 rebus·
2758 4055 3067 4145 obscuris
3106 4057 3353 4143 lucem,

163 4153 395 4228 dubiis
414 4153 900 4229 certitudinem
927 4152 1239 4249 aliquam
1258 4152 1514 4250 afferre
1538 4168 1793 4251 posset,
1827 4152 2322 4247 componendoe
2346 4152 2794 4225 dissensionis
2823 4153 3052 4226 studio
3083 4154 3362 4251 inflam-

162 4263 420 4343 matus,
439 4253 753 4327 animum
776 4250 1051 4347 appulit
1071 4251 1164 4323 ad
1180 4250 1623 4324 scribendum
1645 4278 1669 4322 .·
1688 4252 2023 4339 Quoniam
2042 4261 2199 4323 sunt
2227 4250 2502 4345 quidam
2523 4249 2781 4347 (inquit
2806 4249 2925 4322 lib.
2958 4251 3042 4323 de
3060 4250 3256 4326 Grat.
3292 4269 3359 4327 et

168 4351 289 4423 lib.
318 4350 811 4445 arbitr.‚init.)
841 4349 986 4447 qui,
1012 4350 1068 4421 si
1090 4350 1371 4445 gratiam
1405 4350 1804 4438 defendunt,
1838 4360 1914 4421 ut
1949 4357 2198 4444 negent
2217 4348 2471 4419 homini
2507 4348 2792 4421 liberum
2827 4348 3206 4440 arbitrium,
3243 4366 3358 4426 aut

164 4451 443 4545 quando
476 4449 683 4547 gratia
719 4447 1133 4533 defenditur,
1190 4448 1415 4542 negari
1464 4447 1850 4520 existiment
1905 4443 2192 4517 liberum
2244 4444 2622 4537 arbitrium,
2664 4446 2828 4519 hine
2875 4447 3130 4542 aliquid
3188 4452 3358 4522 seri-

162 4547 361 4638 bere,
408 4557 643 4620 mutua
676 4544 1003 4618 charitate
1054 4545 1307 4618 curavi.
1349 4542 1622 4617 Eadem
1660 4567 1771 4616 me
1806 4541 2114 4615 charitas
2160 4565 2315 4639 quoe
2359 4541 2858 4639 Auqustinum,
2904 4545 3148 4618 eadem
3205 4548 3359 4620 sin-

167 4648 427 4721 ceritas
458 4642 641 4741 coqit
668 4643 763 4717 ad
794 4642 1237 4715 scribendum
1254 4668 1283 4727 ;
1314 4656 1519 4739 atque
1550 4641 1823 4714 utinam
1865 4665 1902 4714 e
1951 4639 2122 4712 coelo
2155 4640 2276 4711 lua:
2310 4640 2546 4713 animo
2581 4641 2936 4731 insideret,
2985 4655 3063 4714 ut
3096 4658 3164 4716 et
3202 4644 3350 4718 Au-

164 4743 427 4843 9ustini
479 4754 779 4815 mentem
855 4738 1332 4836 interpretari,
1386 4754 1453 4812 et
1506 4738 1733 4835 ipsam
1784 4737 2148 4811 veritatem
2203 4737 2464 4810 nudam
2521 4763 2809 4834 prorsus
2857 4752 2925 4813 ct
2985 4740 3136 4814 sine
3189 4742 3353 4838 fuco

162 4867 440 4940 possem
486 4838 795 4922 intueri,
848 4838 924 4911 in
979 4838 1177 4935 cujus
1223 4834 1686 4934 coqnitionem
1741 4836 1851 4909 vel
1916 4860 2000 4908 ea
2053 4834 2138 4906 de
2191 4858 2403 4908 causa
2453 4836 2919 4911 vehementius
2975 4838 3350 4932 incumbe,

166 4942 355 5037 quod
395 4936 662 5012 scilicet
700 4936 1099 5010 avidissime
1150 4948 1467 5032 exoptem
1518 4934 1929 5008 dissidentes
1955 4932 2086 5005 hac
2120 4930 2206 5005 de
2252 4956 2329 5005 re
2366 4932 2938 5030 qravissimorum
2973 4934 3355 5012 Doctorum

170 5038 556 5134 opiniones,
596 5034 673 5107 in
704 5033 1179 5125 concordiam,
1214 5034 1277 5107 si
1304 5057 1445 5131 qua
1474 5032 1732 5128 possim
1761 5045 1940 5123 arte,
1980 5053 2306 5103 revocare
2325 5056 2354 5116 ;
2390 5054 2611 5129 neque
2651 5031 2834 5104 enim
2874 5035 3017 5107 lucc
3052 5034 3162 5108 vel
3193 5061 3354 5110 con-

170 5134 500 5209 tendendi
548 5131 777 5206 studio
824 5131 1103 5229 scripsi,
1149 5132 1259 5205 vel
1289 5128 1779 5205 matevolentia
1820 5128 2194 5226 instiqante
2235 5128 2576 5226 evulqavi.
2629 5126 2814 5217 Quin
2864 5131 3121 5226 potius,
3174 5136 3358 5230 quod

164 5234 406 5329 facere
434 5230 639 5327 cupio
671 5229 1255 5329 frequentissime,
1298 5252 1555 5301 numen
1589 5251 1839 5324 precor
1870 5226 2290 5310 immortale,
2335 5240 2412 5298 ut
2443 5226 2632 5298 solus
2663 5226 3030 5302 charitatis
3068 5230 3360 5327 affectus

164 5330 240 5403 in
300 5332 433 5404 hoc
482 5328 906 5402 elaborando
952 5352 1156 5425 opere
1202 5342 1271 5401 et
1323 5326 1614 5401 veritate
1666 5324 2070 5422 indaqanda
2130 5338 2432 5396 mentem
2511 5322 2816 5421 diriqat,
2879 5326 3360 5426 rationemque

165 5428 495 5518 illustret,
532 5439 599 5499 et
627 5425 701 5499 in
745 5451 821 5501 re
854 5438 1000 5500 tam
1034 5425 1231 5522 9ravi
1261 5438 1329 5499 et
1378 5422 1691 5521 difficili,
1726 5422 1985 5521 totique
2029 5420 2370 5495 Ecclesioe
2404 5420 2498 5494 ad
2551 5422 2880 5495 tuendam
2925 5424 3093 5520 fidei
3131 5426 3357 5497 since-

484 5584 571 5635 11.
1810 5602 1822 5607 ·
2997 5576 3030 5633 1
