3850 6225
137 425 3325 492 w

432 700 926 846 INDEX
1015 697 1692 844 CAPITUM
1789 698 2203 844 LIBRI
2289 629 3045 840 SECUNDL

129 996 224 1071 DE
267 993 826 1070 DEPENDENTIA
861 995 1088 1078 QUAM
1127 991 1485 1068 LIBERUM
1515 979 1844 1066 HOMINIS
1876 990 2319 1066 ARBITRIUM
2357 989 2625 1066 HABET
2665 991 2721 1063 A
2762 987 2945 1076 ΠΕΟ,
2974 988 3321 1071 EJUSQUE

333 1130 870 1210 PROVIDENTIA
913 1133 996 1208 IN
1037 1127 1504 1208 ACTIONIBUS
1547 1129 1658 1204 AD
1701 1129 2047 1205 NATURAE
2093 1125 2453 1208 ORDINEM
2498 1125 3102 1203 SPEGTANTIBUS.

130 1573 274 1646 Cn.
330 1572 388 1644 1.
445 1570 882 1670 Proponitur
937 1570 1260 1668 quoestio,
1328 1593 1422 1646 an
1483 1583 1682 1645 actus

1856 1589 1981 1642 suo
2010 1566 2303 1642 consilio
2338 1579 2407 1640 et
2437 1566 2793 1640 voluntate
2821 1577 3017 1638 actus
3039 1585 3317 1659 pravos.

217 1696 383 1769 mali
415 1695 564 1771 sint
611 1720 698 1771 esc
740 1695 1034 1794 speciali
1071 1693 1536 1794 praefinitione
1587 1715 1674 1766 ac
1757 1689 1919 1766 Cn».
1995 1687 2079 1761 V.
2136 1683 2518 1762 Solvuntur
2586 1683 3013 1784 objectiones
3078 1696 3325 1758 contra

219 1819 944 1917 praedeterminatione
970 1819 1228 1894 divinae
1252 1817 1626 1892 voluntatis
1643 1843 1673 1904 ,-

1855 1807 2253 1884 doctrinam
2288 1807 2545 1905 capitis
2575 1807 2983 1905 superioris.

221 1955 284 2014 et
328 1942 678 2016 sententia
720 1943 846 2015 hoc
885 1941 1258 2040 affirmans
1309 1955 1673 2016 tractatur.
1757 1932 1922 2010 CAP.
2013 1931 2128 2006 vl.
2214 1930 2443 2004 Deum
2502 1953 2643 2006 non
2701 1929 3327 2030 proedeterminare

137 2067 279 2141 Cir.
345 2066 434 2140 ΙΙ.
509 2064 680 2140 Non
753 2064 1373 2163 proedeterminare
1453 2061 1682 2138 Deum

219 2212 426 2286 neque
457 2211 894 2286 proemovere
929 2185 1316 2262 voluntates
1343 2185 1684 2260 humanas

221 2311 305 2384 ad
351 2323 556 2384 actus
600 2335 876 2408 pravos.

137 2431 276 2507 Cn».
330 2430 452 2504 111.
511 2428 895 2505 Solvuntur
957 2428 1313 2505 nonnullce
1360 2427 1686 2528 objectio-

222 2579 332 2630 nes
363 2570 618 2631 contra
653 2555 1052 2630 doctrinam
1083 2555 1338 2653 capitis
1371 2556 1682 2652 superio-

221 2679 334 2762 ris,
377 2692 444 2752 et
473 2675 899 2753 Scltolastici
933 2689 1250 2755 auctores
1282 2701 1412 2774 pro
1441 2691 1683 2752 nostra

221 2801 559 2875 sententia
591 2801 872 2898 referun
883 2814 1020 2876 tur

146 2925 283 2998 Cir.
317 2927 424 3001 lv.
475 2924 645 3001 Non
679 2925 1122 3025 praedefinire
1154 2923 1384 3002 Deum
1421 2889 1682 3000 (eterno

1858 2055 2139 2156 physice
2180 2055 2540 2130 hominum
2575 2055 2964 2130 voluntates
2994 2055 3090 2129 ad
3129 2068 3327 2129 actus

1864 2179 2079 2254 bonos
2114 2178 2482 2253 moraliter
2506 2176 2777 2252 ordinis
2808 2179 3181 2254 naturalis.

1766 2303 1931 2378 Car.
1972 2303 2121 2378 vll.
2179 2301 2299 2376 An
2360 2301 2801 2399 proedefiniat
2850 2301 3040 2377 Deus
3090 2327 3328 2378 omnes

1867 2440 2063 2500 actus
2112 2425 2417 2500 morales
2459 2425 2711 2500 liberos
2760 2425 2835 2499 in
2876 2427 3323 2523 particulari,

1860 2565 1930 2626 et
1960 2575 2055 2625 an
2098 2550 2317 2648 possit
2352 2575 2496 2624 esse
2538 2551 2857 2647 perfecta
2885 2549 3329 2647 providentia

1859 2672 2011 2746 sine
2046 2672 2176 2745 hac
2207 2671 2962 2768 proedeterminatione.

1763 2795 1926 2871 Cn».
1958 2793 2141 2870 vlu.
2180 2793 2559 2869 Nonnullae
2590 2793 3005 2868 assertiones
3040 2817 3127 2868 esc
3159 2794 3331 2867 doc-

1867 2920 2056 2996 trina
2098 2919 2305 2994 totius
2356 2919 2521 2995 libri
2550 2917 2841 2994 secundi
2874 2917 3320 3016 colliquntur.

1285 3360 1586 3453 LIBER
1638 3355 2170 3452 SECUNDUS.

744 3627 1026 3850 DE
1163 3620 2719 3849 DEPENDE-NTIA

233 3964 396 4035 QUAM
429 3964 728 4031 LIBERUM
761 3962 1032 4031 HOMINIS
1065 3962 1424 4031 ARBITRIUM
1459 3960 1670 4027 HABET
1705 3962 1747 4026 Α
1783 3960 1935 4040 ΠΕΟ,
1970 3958 2251 4031 EIUSQUE
2284 3958 2721 4027 PROVIDENTIA
2755 3956 2823 4027 IN
2864 3952 3239 4023 ACTIONIBUS

1099 4084 1185 4149 Al)
1219 4080 1502 4149 NATURAE
1537 4080 1831 4148 ORDINEM
1869 4078 2360 4147 SPEGTANTIBUS.

231 4559 637 4622 Humanarum
675 4562 990 4625 actionum
1029 4563 1189 4624 varii
1233 4570 1379 4625 sunt
1431 4563 1684 4643 gradus,

169 4666 258 4710 seu
277 4669 512 4731 genera,
541 4672 682 4734 quae
702 4672 832 4716 non
863 4654 1082 4718 eodem
1109 4656 1294 4717 modo
1321 4676 1360 4719 a
1383 4658 1508 4719 Deo
1537 4675 1688 4737 pen-

171 4740 315 4819 dent,
344 4744 437 4807 vel
461 4745 528 4807 in
552 4766 666 4809 suo
701 4766 833 4811 esse
863 4748 1144 4828 physico,
1174 4748 1274 4811 vel
1303 4750 1548 4825 morali,
1577 4768 1686 4812 seu

173 4832 227 4893 in
252 4852 453 4913 genere
473 4840 652 4917 entis,
684 4846 798 4902 aut
833 4840 984 4902 honi
1010 4841 1109 4903 vel
1145 4843 1294 4903 mali
1321 4849 1498 4905 actus
1515 4858 1536 4919 3
1582 4842 1689 4905 sed

175 4925 228 4985 in
257 4929 492 5007 singulis
531 4932 752 4995 horum
799 4939 1053 4995 actuum
1089 4936 1409 4997 ordinibus
1455 4935 1690 5016 aliquid

178 5022 456 5099 proprium
495 5028 824 5105 reperitur,
866 5028 1107 5090 ratione
1152 5029 1327 5110 cujus
1357 5048 1484 5091 non
1517 5048 1692 5109 oeque

180 5126 346 5189 neque
386 5118 596 5179 eodem
637 5120 826 5181 modo
869 5120 1030 5181 Deus
1075 5120 1153 5182 ad
1203 5122 1340 5183 illos
1381 5120 1590 5183 influit
1630 5127 1694 5183 et

178 5209 462 5273 concurrit.
520 5212 952 5290 Quamobrem,
995 5212 1076 5275 ad
1121 5221 1332 5277 exacte
1376 5214 1692 5277 declaran-

181 5295 302 5360 dam
327 5302 876 5369 subordinationem
919 5324 1112 5388 quam
1150 5308 1501 5370 humanum
1539 5307 1693 5369 libe-

181 5406 300 5451 rum
333 5394 640 5460 arbitrium
681 5400 762 5463 ad
799 5402 994 5463 Deum
1038 5400 1228 5463 habet
1250 5401 1316 5461 in
1343 5400 1692 5463 actionibus

184 5484 306 5560 suis,
349 5506 468 5549 non
495 5492 636 5553 satis
675 5500 766 5555 est
810 5494 1164 5573 generalem
1227 5494 1534 5555 rationem
1589 5494 1694 5555 de-

187 5578 516 5659 pendentiae,
540 5602 718 5666 quam
760 5606 838 5651 ex
863 5590 1182 5650 communi
1209 5588 1452 5650 ratione
1491 5606 1693 5651 causae

1769 4562 2053 4627 secundae
2078 4562 2155 4626 ad
2182 4564 2407 4638 Deum,
2426 4574 2499 4623 ut
2527 4560 2795 4644 primam
2820 4578 3097 4637 causam,
3120 4560 3333 4639 habet,

1769 4656 2206 4732 considerasse,
2242 4655 2351 4718 sed
2372 4672 2615 4718 necesse
2641 4660 2733 4717 est
2760 4655 2839 4716 ad
2867 4655 3145 4734 singulos
3172 4656 3339 4717 ordi-

1769 4767 1880 4809 nes
1920 4747 2149 4811 horum
2188 4754 2441 4811 actuum
2486 4748 2881 4826 descendere,
2911 4754 2975 4810 et
3004 4747 3157 4829 quid
3190 4748 3335 4809 uni-

1770 4843 1992 4924 cuique
2011 4844 2335 4923 proprium
2360 4844 2437 4904 sit
2461 4842 2890 4923 contemplari,
2916 4848 2981 4907 et
2996 4842 3339 4923 specialiter

1769 4935 2089 5014 inquirere
2116 4954 2197 4997 an
2226 4936 2306 4997 sit
2328 4935 2551 5015 aliquis
2575 4943 2770 5011 actus,
2796 4936 2905 5015 qui
2932 4953 3008 4997 ex
3038 4934 3336 5015 peculiari

1773 5029 2013 5090 ratione
2039 5048 2151 5090 sua
2176 5034 2347 5109 petat
2390 5029 2665 5091 divinam
2716 5028 3197 5110 praefinitionem
3236 5029 3339 5091 vel

1773 5140 1848 5203 p1
1847 5122 2523 5200 aedetermmauonem
2554 5140 2639 5185 an
2670 5142 2705 5186 e
2750 5140 3047 5187 converso
3096 5123 3177 5184 sit
3224 5122 3336 5184 ali-

1772 5215 1922 5304 quis
1952 5217 2076 5305 cui,
2108 5222 2331 5297 praeter
2372 5234 2767 5279 communem
2810 5215 3116 5277 rationem
3147 5213 3337 5275 liher-

1771 5308 1957 5391 tatis,
1980 5326 2055 5369 ex
2084 5310 2333 5391 pro'pria
2377 5309 2621 5371 ratione
2662 5309 2803 5371 talis
2838 5306 3340 5389 praedetermina-

1771 5400 1862 5461 tio
1871 5396 2220 5482 repugnet.
2246 5402 2559 5464 Partimur
2582 5401 2775 5482 igitur
2794 5400 2909 5463 hos
2928 5404 3101 5461 actus
3128 5399 3195 5459 in
3213 5398 3339 5460 duo

1773 5495 2087 5576 praecipua
2113 5496 2338 5576 capita,
2368 5500 2631 5571 natum,
2652 5493 2964 5569 videlicet,
2994 5496 3056 5555 et
3095 5494 3334 5571 gratiae.

1773 5588 1858 5651 De
1887 5588 2273 5652 naturalibus
2298 5588 2537 5651 actibus
2582 5588 2857 5652 dicemus
2896 5586 2965 5649 in
2992 5585 3111 5649 hoc
3152 5585 3335 5663 libro,
