3850 6225
602 428 730 481 CAP.
768 428 870 480 XV.
907 427 1275 481 SOLVUNTUR
1306 426 1733 491 omEchNEs,
1764 426 2132 480 PRAESERTm
2165 428 2248 479 Ex
2283 428 2642 490 scalmum,
2679 428 2811 479 mc.

106 528 175 589 tis
192 528 269 589 ad
290 528 603 588 actionem
628 526 931 589 moralem
953 528 1209 599 bonam,
1232 546 1309 589 ex
1330 526 1647 589 communi

106 620 475 701 providentia
502 625 568 681 et
586 620 861 699 generali
887 620 1131 681 influxu
1154 620 1475 699 provenit3
1508 638 1649 699 quae

110 716 237 775 licet
262 732 387 774 nou
422 713 549 775 sint
578 713 781 775 debita
809 715 1191 793 simpliciter,
1226 720 1458 787 tamen,
1500 732 1648 794 sup-

110 807 289 889 posita
326 806 525 885 prima
568 807 967 885 dispositione
1010 808 1399 887 generalium
1428 826 1649 869 causa-

112 919 235 961 rum
254 899 545 971 universi,
580 899 789 961 dehita
806 906 900 960 est
925 918 1001 963 eo
1024 900 1212 961 modo
1233 918 1357 979 quo
1377 900 1651 961 cuicum-

112 1012 217 1073 que
240 1008 439 1053 causae
470 992 741 1053 naturali
769 992 1033 1055 debetur
1060 1012 1400 1055 concursus
1434 1040 1451 1067 ‚
1503 1013 1651 1073 sup-

110 1088 289 1167 posita
311 1086 729 1165 applicatione
760 1088 927 1166 passi
955 1107 969 1161 ;
1002 1088 1287 1167 quamvis
1316 1086 1421 1148 illa
1450 1088 1651 1168 appli-

110 1182 249 1242 catio
276 1198 400 1239 non
426 1180 617 1241 fuerit
638 1181 751 1242 tali
770 1182 981 1261 agenti
1006 1181 1239 1251 debita,
1272 1182 1393 1243 nisi
1420 1199 1651 1261 suppo-

110 1275 211 1335 sito
246 1272 559 1334 communi
598 1292 787 1335 cursu
814 1279 879 1337 et
917 1274 1135 1337 ordine
1174 1291 1509 1336 causarum
1537 1291 1651 1333 na-

110 1367 399 1427 turalium.

177 1462 263 1521 18.
284 1458 386 1521 Aa
397 1459 893 1539 quartam—Ad
914 1464 1201 1540 quartam
1222 1459 1651 1521 difficultatem

108 1551 495 1631 respondetur
522 1572 538 1611 :
572 1554 625 1613 si
667 1571 781 1632 per
818 1554 1160 1614 efficaciam
1182 1552 1397 1633 gratiae
1430 1550 1651 1612 intelli-

110 1652 268 1725 gatur
288 1646 645 1717 efficientia,
676 1664 791 1707 seu
818 1646 1081 1727 physica
1108 1646 1543 1708 determinatio
1572 1642 1653 1705 ad

110 1756 453 1799 consensum
482 1739 781 1813 liberum,
804 1742 891 1801 sie
920 1740 1195 1801 concedo
1227 1739 1491 1817 gratiam
1518 1756 1648 1799 non

112 1832 315 1893 habere
343 1832 691 1893 efficaciam
720 1831 853 1893 sine
890 1832 1088 1895 libero
1119 1832 1397 1905 arbitrio,
1428 1848 1651 1909 quam-

112 1926 185 1985 tis
216 1944 322 1986 nec
348 1925 623 1987 liberum
648 1925 973 1987 arbitrium
1008 1925 1205 2006 possit
1232 1944 1375 1985 eam
1414 1925 1649 1987 habere

114 2020 165 2079 in
188 2018 409 2079 actibus
440 2019 1029 2099 supernaturalibus
1056 2020 1190 2081 sine
1218 2019 1443 2098 gratia,
1478 2018 1650 2097 prius

114 2118 377 2189 operante
425 2117 501 2173 ut
545 2112 837 2185 velimus,
884 2118 947 2173 et
993 2117 1213 2191 postea
1273 2116 1649 2191 cooperante

112 2222 229 2263 cnm
250 2204 561 2265 volumus.
584 2206 793 2277 Unde,
821 2223 965 2266 cum
1002 2204 1229 2265 dicitur
1251 2205 1415 2265 hanc
1443 2204 1653 2265 effica-

112 2298 247 2355 ciam
263 2297 536 2374 pendere
560 2298 648 2359 ab
666 2298 947 2369 homine,
972 2316 1084 2358 seu
1110 2297 1191 2359 ab
1212 2298 1348 2376 ejus
1373 2296 1649 2367 arbitri0,

114 2408 176 2449 ex
199 2408 259 2449 se
286 2390 681 2467 aequivocum
713 2398 829 2464 est,
872 2394 933 2451 et
973 2390 1093 2449 illis
1116 2389 1323 2451 verbis
1356 2407 1483 2449 non
1526 2406 1654 2449 rec-

112 2490 159 2541 te
186 2482 533 2561 explicatur.
567 2483 889 2545 India-atur
918 2484 1087 2545 enim
1118 2482 1200 2543 ita
1234 2502 1311 2543 ex
1339 2500 1406 2542 se
1440 2498 1650 2561 posse,

116 2582 170 2635 ut
206 2576 321 2635 suis
346 2576 493 2637 solis
526 2577 771 2638 viribus
797 2575 1025 2657 possit,
1072 2575 1243 2654 quod
1284 2574 1511 2635 falsum
1557 2577 1652 2635 est

114 2674 381 2745 quantum
426 2670 507 2730 ad
548 2669 975 2742 efficiendum,
1008 2668 1293 2748 quamvis
1320 2666 1397 2728 sit
1436 2685 1655 2727 verum

116 2770 381 2841 quantum
436 2764 523 2825 ad
578 2765 1027 2825 resistendum.
1088 2764 1311 2823 Verius
1374 2779 1523 2841 ergo
1582 2779 1654 2821 ac

117 2858 367 2933 proprius
394 2856 648 2918 dicetur
674 2858 839 2918 hanc
859 2856 1255 2917 efficientiam
1284 2872 1535 2932 semper
1560 2873 1655 2914 re·

118 2948 331 3025 quirere
358 2969 542 3011 usum
588 2950 771 3011 liberi
814 2950 1075 3021 arbitrii,
1107 2954 1168 3009 et
1196 2949 1329 3009 sine
1360 2947 1523 3008 illius
1562 2947 1657 3006 in·-

120 3042 263 3101 ssuxu
289 3062 418 3105 esse
442 3062 575 3105 non
609 3062 819 3124 posse,
846 3048 1013 3105 etex
1042 3042 1175 3103 sola
1198 3041 1336 3122 ejus
1369 3041 1655 3101 libertate

122 3136 367 3214 impediri
392 3157 607 3216 posse.
642 3139 709 3199 Si
749 3143 964 3198 autem
1006 3137 1283 3197 efficacia
1310 3135 1523 3216 gratiae
1552 3153 1657 3194 su-

122 3235 294 3290 matur
325 3232 385 3290 in
424 3238 569 3292 actu
608 3231 812 3310 primo
842 3248 959 3309 per
982 3234 1340 3307 respectum
1368 3227 1451 3288 ad
1478 3226 1659 3286 infal-

124 3323 319 3385 libilem
360 3327 823 3388 connexionem
868 3343 1062 3404 quam
1104 3325 1293 3384 habet
1340 3340 1481 3383 cum
1512 3326 1657 3381 actu

126 3418 383 3490 secundo,
401 3418 727 3497 quomodo
746 3417 1037 3478 tribuitur
1052 3415 1363 3476 vocationi
1384 3413 1618 3474 efficaci
1638 3457 1653 3484 ,

128 3509 195 3570 sic
220 3512 399 3590 gratia
428 3514 657 3574 efficax
692 3530 821 3574 non
860 3511 1122 3571 includit
1148 3509 1481 3570 intrinsece
1512 3525 1659 3568 coo-

128 3605 475 3680 perationem
503 3603 693 3666 liberi
727 3603 987 3677 arbitrii,
1015 3602 1277 3664 includit
1305 3608 1516 3663 tamen
1544 3601 1659 3659 ha-

126 3695 431 3760 bitudinem
468 3699 557 3761 ad
584 3698 789 3770 illam;
818 3701 881 3759 et
902 3698 988 3758 ita
1015 3697 1079 3756 in
1109 3695 1476 3758 executione
1504 3712 1659 3753 nun-

128 3809 284 3867 quam
308 3800 632 3856 exercetur
651 3793 755 3853 illa
770 3791 1047 3853 efficacia
1066 3789 1199 3850 sine
1222 3787 1659 3868 cooperatione

128 3883 275 3945 liberi
296 3887 551 3961 arbitrii,
580 3887 867 3966 quamvis
892 3904 1021 3947 non
1046 3884 1385 3945 reducatur
1413 3883 1478 3941 in
1508 3880 1661 3941 illud

134 3977 473 4056 simpliciter,
500 3980 619 4042 sed
645 3981 705 4040 in
736 3979 1003 4059 gratiam
1026 3982 1357 4038 vocantem
1399 3980 1462 4035 et
1487 3973 1661 4053 adju-

132 4076 366 4133 vantem.
390 4076 459 4135 In
482 4074 835 4136 intentione
858 4077 1094 4145 autem,
1126 4088 1241 4131 seu
1262 4067 1663 4148 praeparatio-

136 4181 197 4222 ne
220 4167 345 4226 talis
366 4168 711 4230 vocationis
746 4173 809 4228 et
838 4165 1072 4238 auxilii,
1104 4163 1275 4242 quod
1302 4180 1431 4223 non
1460 4162 1663 4222 solum

138 4255 199 4314 sit
222 4259 539 4326 sufficiens.
562 4260 677 4321 sed
702 4258 1105 4320 infallibiliter
1128 4256 1207 4318 sit
1232 4255 1509 4317 futurum
1539 4253 1664 4314 effi-

140 4367 249 4420 cax,
270 4354 537 4416 reductio
554 4353 629 4414 fit
645 4353 711 4414 in
731 4353 929 4414 solam
953 4351 1231 4411 divinam
1252 4349 1660 4419 voluntatem,

141 4450 197 4502 ut
226 4445 439 4507 dictum
478 4451 596 4520 est,
632 4453 695 4509 et
721 4445 989 4526 amplius
1017 4446 1086 4505 in
1126 4443 1410 4522 sequenti
1461 4442 1663 4522 capite

144 4539 573 4616 explicabimus·

664 4763 917 4826 CAPUT
953 4763 1082 4822 XV.

110 4987 119 4994 '
148 4983 440 5034 somnum
454 4987 864 5045 emmona,
881 4983 1231 5031 rustum
1249 4983 1329 5030 EX
1344 4983 1664 5028 scalmum

637 5080 719 5127 m·
753 5077 1101 5126 AUGUSTINO.

218 5275 266 5332 1.
302 5275 509 5339 Prima
532 5277 777 5358 objectio
804 5293 879 5338 ece
918 5271 1555 5356 Scriptura—Multa
1590 5288 1668 5330 ex

152 5361 523 5432 fundamentis
564 5369 793 5450 quibus
824 5373 1113 5430 auctores
1154 5365 1481 5426 contrariae
1525 5383 1669 5425 sen-

158 5457 331 5520 tentiae
351 5463 492 5524 moti
514 5461 765 5526 suntad
794 5457 1299 5523 constituendam
1326 5457 1668 5519 efficaciam

160 5551 339 5624 gratiae
363 5553 421 5613 in
448 5553 1089 5635 proedeterminatione
1120 5549 1404 5632 physica,
1432 5557 1577 5612 sunt
1606 5551 1667 5611 in

3177 421 3292 481 231

1730 527 2156 607 superioribus
2216 527 2526 607 expedita.
2573 529 2832 597 Tamen,
2878 530 2951 585 ut
2999 526 3172 587 omni
3224 544 3302 589 ex

1727 625 1904 699 parte
1939 620 2029 681 eis
2071 622 2545 694 satisfaciamuS‚
2582 624 2828 699 oportet
2858 618 3124 698 reliqua,
3158 636 3298 698 quae

1728 720 2087 794 supersunt,
2117 715 2431 795 sigillatim
2457 731 2835 793 proponere,
2865 718 2926 773 et
2953 712 3300 791 praesertim

1730 808 2067 869 nonnullas
2116 808 2468 869 locutiones
2511 806 2868 885 Scripturae,
2905 810 2968 866 et
3004 806 3299 885 Augusti-

1730 921 1883 963 num
1906 903 2174 981 amplius
2195 903 2539 975 declarare,
2565 906 2636 963 ut
2659 900 3009 963 evidentius
3036 906 3299 974 constet,

1731 996 1901 1075 quod
1951 996 2368 1057 certissimum
2419 995 2868 1067 existimamus,
2931 994 3303 1055 sententiam

1728 1088 1907 1149 illam
1953 1090 2198 1150 nullum
2229 1090 2466 1151 habere
2511 1089 2576 1149 in
2626 1088 2909 1151 Patribus
2937 1086 3304 1147 fundamen-

1730 1188 1888 1243 tum.
1924 1182 2130 1245 Primo
2161 1201 2314 1261 ergo
2363 1183 2744 1262 objiciuntur
2779 1179 2882 1242 illa
2921 1179 3299 1249 testimonia,

1730 1276 1797 1338 in
1848 1276 2077 1355 quibus
2127 1276 2354 1337 dicitur
2401 1277 2566 1337 Deus
2611 1275 2820 1336 facere
2859 1277 2930 1333 ut
2974 1273 3300 1341 faciamus,

1730 1370 1958 1431 Ezech.
2001 1372 2070 1431 11
2121 1376 2184 1431 et
2221 1370 2298 1431 36
2333 1387 2347 1429 :
2381 1367 2673 1451 Auferam
2716 1386 2756 1431 a
2796 1368 2959 1431 vobis
3005 1384 3106 1430 eor
3144 1367 3306 1446 lapi-

1732 1464 1921 1539 demu,
1969 1469 2028 1527 et
2073 1465 2216 1527 dabo
2257 1464 2425 1525 vobis
2476 1481 2578 1527 eor
2618 1480 2934 1533 earneum;
2991 1459 3304 1541 Spiritum

1716 1558 1925 1619 'meum
1959 1574 2182 1637 ponam
2220 1557 2288 1618 in
2324 1557 2512 1618 medio
2551 1553 2757 1627 vestri,
2794 1553 3100 1629 etfaciam
3128 1558 3198 1615 ut
3237 1554 3308 1614 in.

1726 1648 2052 1731 proeceptis
2095 1649 2244 1712 meis
2285 1648 2621 1712 ambuletis.
2657 1646 2834 1719 Quod
2881 1646 3306 1707 testimonium

1732 1742 1815 1803 ad
1848 1760 1986 1805 rem
2021 1748 2396 1823 praesentem
2438 1742 2563 1803 late
2611 1741 2865 1823 exponit
2893 1740 3302 1819 Augustinus,

1731 1834 1809 1896 de
1838 1836 2048 1897 Gratia
2073 1842 2134 1897 et
2163 1835 2358 1896 libero
2387 1834 2669 1907 arbitri0,
2701 1852 2755 1894 c.
2791 1836 2868 1895 14
2896 1840 2958 1894 et
2988 1838 3302 1911 sequent.;

1732 1936 1795 1991 et
1820 1928 2210 2007 Fulgentius,
2235 1926 2393 1989 libro
2421 1927 2623 2006 primo
2657 1926 2738 1987 ad
2761 1927 3040 2005 Monym.
3069 1926 3146 1985 Et
3169 1926 3302 2003 qui-

1731 2023 1877 2083 dem
1904 2022 2100 2082 verba
2129 2021 2257 2093 illa,
2301 2019 2616 2099 Auferam,
2653 2020 2817 2095 dabo,
2848 2019 3074 2093 faciam
3099 2025 3169 2082 ut
3207 2026 3308 2099 fa-

1732 2116 1934 2185 ciatis,
1964 2115 2274 2175 actionem
2315 2113 2642 2193 physicam
2676 2120 2738 2173 et
2766 2112 3082 2173 efficacem
3113 2112 3310 2191 signia

1734 2208 1946 2271 ficant.
1975 2208 2290 2281 SecundO,
2326 2208 2674 2267 afferuntur
2701 2206 2805 2267 illa
2837 2206 3214 2279 testimonia,
3243 2207 3308 2267 in

1736 2302 1966 2381 quibus
1989 2300 2103 2361 soli
2134 2300 2356 2361 divinoe
2385 2300 2692 2361 voluntati
2719 2300 3011 2360 tribuitur
3038 2299 3308 2359 hominis

1736 2396 1927 2465 saluS,
1958 2394 2058 2455 vel
2090 2393 2434 2455 conversio.
2481 2393 2875 2454 Potissimum
2918 2398 3014 2453 est
3045 2392 3201 2452 illud
3227 2393 3310 2453 ad

1734 2491 2052 2549 Romanos
2076 2488 2116 2549 9
2145 2504 2158 2546 :
2182 2486 2332 2549 Non
2354 2491 2445 2549 est
2466 2484 2741 2559 volentia,
2769 2503 2952 2566 neque
2980 2487 3306 2555 ova-rentis,

1736 2583 1842 2643 sed
1862 2581 1976 2643 Dei
2001 2579 2366 2651 miserentis,
2395 2578 2491 2639 cui
2525 2582 2828 2640 consonat
2871 2578 3026 2638 illud
3051 2578 3132 2639 ad
3169 2578 3311 2638 Phi-

1736 2674 1845 2753 lip.
1884 2675 1923 2733 2
1953 2692 1967 2732 :
1997 2674 2162 2735 Deus
2190 2677 2280 2735 est
2316 2674 2422 2752 qui
2458 2677 2742 2752 operatur
2771 2670 2836 2732 in
2875 2670 3034 2733 vobis
3076 2672 3226 2733 ‘celle
3251 2677 3310 2734 et

1722 2767 2012 2847 perficere
2029 2781 2147 2844 pro
2166 2765 2317 2826 bona
2339 2764 2666 2827 voluntate.
2693 2764 2840 2835 Quae
2871 2763 3006 2823 loca
3032 2769 3308 2824 tractans

1736 2859 2123 2936 Augustinus
2163 2858 2232 2917 in
2269 2856 2648 2929 Euchiridio,
2691 2875 2828 2935 cap.
2873 2859 2972 2927 32,
3007 2862 3068 2917 et
3101 2856 3239 2917 libr.
3275 2861 3300 2917 1

1737 2952 1818 3012 ad
1850 2951 2157 3031 Simplic.‚
2189 2950 2514 3030 quaestion.
2547 2951 2609 3023 2,
2641 2956 2704 3010 et
2749 2969 2914 3029 saepe
2961 2950 3137 3025 aliaS,
3180 2950 3312 3010 vult

1736 3050 1938 3105 totum
1975 3062 2112 3105 esse
2155 3042 2558 3105 tribuendum
2590 3042 2704 3102 soli
2733 3044 2885 3103 Deo.
2926 3042 3158 3116 Tertio,
3191 3044 3312 3104 hoc

1738 3139 2113 3199 confirmant
2141 3137 2244 3197 illa
2268 3137 2647 3208 testimonia,
2673 3135 2739 3195 in
2765 3136 2991 3214 quihus
3012 3137 3309 3214 justifica-

1738 3233 1823 3292 tio
1860 3231 2132 3292 hominis
2169 3248 2282 3309 per
2309 3231 2476 3291 bona
2519 3247 2712 3308 opera
2751 3228 3052 3289 voluntati
3092 3229 3314 3291 divinae

1740 3344 1855 3404 per
1880 3324 2142 3385 modum
2171 3323 2502 3384 creationis
2542 3321 2858 3394 tribuitur,
2890 3322 3036 3398 quia
3072 3341 3150 3383 ex
3181 3323 3314 3384 sola

1736 3418 1843 3478 illa
1889 3417 2146 3495 pendet,
2201 3415 2422 3477 saltem
2470 3415 2680 3494 quoad
2722 3415 3315 3494 praedeterminatio-

1736 3529 1911 3572 nem.
1939 3511 2038 3572 Sic
2067 3509 2292 3571 dicitur
2319 3508 2400 3570 ad
2428 3508 2656 3588 EpheS.
2683 3510 2762 3568 2:
2798 3506 3005 3570 Creati
3027 3508 3094 3569 in
3119 3511 3317 3591 operi-

1738 3604 1844 3666 bus
1873 3604 2061 3673 bonis,
2096 3622 2228 3684 quoe
2249 3601 2633 3685 praeparavit
2657 3601 2842 3672 Deua,
2879 3605 2950 3663 ut
2975 3601 3044 3663 in
3075 3602 3161 3663 eis
3190 3620 3314 3665 am-

1740 3697 2028 3758 bulemus.
2075 3695 2252 3759 Unde
2287 3693 2503 3766 David,
2538 3694 2700 3755 Psal.
2747 3695 2826 3755 50
2865 3694 3120 3772 petebat
3153 3713 3166 3753 :
3205 3694 3319 3758 Gor

1741 3791 2029 3851 mundum
2056 3806 2196 3852 crea
2232 3789 2300 3849 in
2327 3806 2439 3861 me,
2473 3789 2660 3859 Deus,
2686 3791 2744 3850 et
2765 3785 3057 3868 spiritum
3083 3791 3315 3849 rectum

1742 3884 1964 3946 innova
1990 3883 2058 3944 in
2083 3881 2413 3944 visceribus
2440 3879 2610 3942 meis.
2651 3879 2822 3940 Facit
2866 3881 3054 3940 etiam
3093 3879 3248 3939 illud
3282 3883 3312 3940 1

1745 3975 1827 4036 ad
1868 3974 2145 4036 Corinth.
2183 3975 2260 4034 12
2294 3992 2307 4033 :
2341 3974 2496 4035 Hoee
2527 3972 2727 4034 omnia
2765 3976 3049 4052 operatur
3074 3989 3234 4034 unus
3263 3978 3323 4035 et

1742 4067 1896 4132 idem
1948 4067 2258 4150 Spiritus,
2305 4067 2575 4130 dividens
2608 4064 2895 4146 emmelis,
2931 4069 3114 4145 prout
3159 4065 3316 4140 vult,

1745 4169 1808 4224 et
1846 4163 1969 4224 alia
1999 4161 2248 4237 similia,
2284 4178 2423 4240 quae
2466 4164 2612 4220 sunt
2648 4158 3020 4237 frequentia.
3057 4157 3311 4231 Quarto,

1744 4255 2058 4336 praecipue
2089 4254 2316 4315 adduci
2355 4251 2514 4313 solet
2555 4250 2710 4311 illud
2741 4255 2768 4312 1
2807 4250 2888 4311 ad
2917 4251 3191 4312 Corinth.
3238 4253 3320 4328 :lq

1750 4349 1899 4425 Quis
1929 4351 2090 4412 enim
2111 4354 2168 4411 te
2192 4346 2526 4413 discernit?
2556 4343 2719 4419 Quid
2741 4351 2940 4408 autem
2966 4346 3141 4407 habes
3170 4347 3330 4426 quod

1744 4462 1866 4506 non
1906 4442 2237 4522 accepisti?
2259 4442 2320 4504 si
2347 4445 2544 4503 autem
2573 4436 2881 4518 accepisti,
2914 4439 3064 4518 quid
3093 4439 3329 4519 yloria-

1744 4537 1861 4608 ris,
1884 4535 2064 4616 quasi
2087 4553 2208 4596 non
2230 4531 2526 4613 acceperis
2545 4533 2573 4592 ,²
2599 4531 2795 4602 Quem
2816 4530 3024 4590 locum
3055 4531 3138 4592 ad
3159 4531 3324 4594 hanc

1748 4629 1939 4689 etiam
1994 4645 2252 4688 causam
2302 4629 2527 4686 tractat
2568 4623 2954 4701 Augustinus
2975 4669 2990 4697 ,
3036 4623 3195 4684 libro
3247 4625 3326 4686 de

1748 4722 2176 4784 Praedestinat.
2242 4721 2614 4782 Sanctorum
2635 4760 2651 4789 ‚
2714 4717 2916 4795 capite
2989 4719 3206 4798 quinto
3265 4726 3330 4780 et

1746 4819 1945 4886 sext0,
1981 4813 2222 4886 dicens,
2253 4811 2515 4874 Paulum
2542 4807 2662 4869 illis
2687 4809 2896 4870 verbis
2924 4810 3176 4887 docere,
3217 4830 3330 4872 ne-

1744 4907 1984 4967 minem
2037 4925 2222 4986 posse
2274 4905 2390 4967 sibi
2441 4903 2718 4964 tribucre
2765 4903 2937 4980 quod
2982 4903 3060 4964 sit
3105 4903 3330 4965 melior

1747 5001 1891 5072 alio,
1922 5000 2022 5060 vel
2058 4998 2229 5081 quod
2254 4996 2468 5059 credat
2494 5001 2606 5055 aut
2627 5000 2796 5056 amet
2823 5013 2952 5074 prae
2981 4995 3145 5067 aliis,
3178 4998 3328 5075 quia

1746 5092 1865 5152 hoc
1893 5097 2094 5153 totum
2133 5091 2374 5170 accepit
2401 5109 2438 5148 a
2463 5089 2614 5160 De0,
2642 5087 2744 5147 cui
2773 5087 2893 5146 hoc
2920 5087 3326 5147 tribuendum

1750 5192 1865 5246 est.
1902 5187 1981 5245 At
2023 5201 2172 5245 vero
2209 5183 2257 5244 si
2307 5183 2507 5244 libera
2548 5179 2985 5241 determinatio
3035 5179 3119 5240 ita
3163 5186 3332 5240 essct

1748 5279 1829 5338 ab
1860 5279 2142 5352 homine,
2188 5283 2416 5338 utnon
2452 5277 2617 5335 esset
2657 5291 2734 5332 ex
2776 5272 2966 5351 priori
2995 5273 3330 5351 praedeter-

1747 5371 2088 5432 minatione
2124 5371 2357 5445 divina,
2386 5365 2675 5429 discretio
2712 5365 2897 5424 unius
2933 5365 3013 5424 ab
3040 5365 3188 5440 alio,
3219 5365 3337 5426 lio-

1748 5463 1901 5524 mini
1943 5463 2152 5543 potius
2182 5481 2372 5544 quam
2405 5463 2535 5522 Deo
2574 5462 2737 5517 esset
2765 5455 3124 5530 tribuenda,
3177 5457 3328 5536 quia

1749 5555 1881 5616 haec
1911 5555 2200 5618 discretio
2229 5573 2343 5635 per
2369 5554 2531 5614 hanc
2556 5547 3144 5609 determinationem
3174 5549 3328 5611 libe-
