3850 6225
482 415 604 484 2³4

475 547 654 604 num,
687 550 830 595 cum
873 536 1061 599 etiam
1110 541 1414 604 obdurata
1459 547 1648 610 corda
1697 553 2045 622 convertat,

473 623 770 687 nimirum
807 646 923 707 per
949 630 1271 696 efficacem
1301 639 1694 702 vocationem
1722 661 1912 721 supra
1946 661 2048 704 ex-

476 715 790 796 plicatam,
815 727 879 784 et
901 724 1302 803 adjuvantem
1329 733 1614 810 gratiam.
1647 735 1827 807 Quod
1851 737 2047 816 expli-

477 813 604 874 cuit
631 813 1015 894 FulgcntiuS,
1041 819 1296 884 dicens:
1329 825 1458 889 Dat
1483 829 1645 891 Deus
1673 847 1778 892 cor
1801 849 2041 906 novum,

475 908 546 966 ut
587 908 654 968 in
683 909 1238 988 justificationibus
1277 917 1409 997 ejus
1457 921 1844 994 ambulemus,
1893 925 2053 1004 quod

469 999 733 1080 pertinet
759 1003 844 1066 ad
865 1005 1030 1069 bom
1051 1009 1384 1074 voluntatis
1411 1010 1679 1077 initium.
1709 1017 1836 1080 Dat
1863 1018 2049 1080 etiam

476 1095 546 1154 ut
576 1093 820 1171 judicia
861 1099 994 1176 ejus
1031 1101 1398 1166 observemus
1437 1110 1496 1168 et
1531 1108 1851 1186 faciamus,
1892 1111 2053 1190 quod

471 1187 738 1265 pertinet
789 1191 872 1254 ad
909 1191 1074 1256 bonoe
1119 1197 1481 1278 operationis
1525 1201 1820 1280 effectum.
1881 1203 2049 1268 Unde

477 1283 886 1362 cognoscimus
911 1286 1028 1350 Dei
1047 1304 1172 1352 esse
1202 1294 1277 1352 ut
1303 1291 1519 1354 bouum
1545 1299 1742 1370 facere
1766 1295 2042 1370 velimus,

479 1371 732 1448 scilicet,
775 1394 890 1454 per
925 1380 1300 1444 excitantem
1326 1385 1616 1463 gratiam,
1653 1394 1710 1452 et
1736 1395 1809 1454 ut
1831 1391 2045 1453 bouum

473 1469 669 1542 lucere
692 1469 1018 1546 valeamus,
1043 1474 1336 1536 nimirum
1367 1497 1482 1558 per
1509 1480 1933 1560 adjuvantem.

557 1564 616 1623 6.
649 1563 1070 1644 Eat-ponuntur
1095 1571 1272 1634 verba
1287 1571 1514 1636 Pauli:
1543 1575 1679 1636 Non
1709 1583 1804 1639 est
1831 1577 2045 1640 volen-

479 1654 576 1726 tis,
610 1661 728 1716 etc.
753 1659 942 1719 -Ad
983 1662 1336 1726 testimonia
1373 1669 1651 1730 secundo
1695 1671 1836 1732 loco
1879 1672 2042 1752 posi-

474 1751 560 1820 ta,
585 1748 808 1810 eadem
841 1751 972 1814 fere
998 1755 1354 1820 adhibenda
1383 1767 1478 1822 est
1505 1764 1860 1843 responsio;
1890 1784 2039 1827 nam

474 1841 802 1922 imprimis,
835 1847 885 1908 si
916 1848 1020 1910 illa
1047 1851 1240 1913 verba
1274 1871 1288 1914 ε
1319 1853 1466 1919 Nou
1497 1862 1590 1920 cst
1625 1859 1906 1936 volentis,
1937 1879 2043 1922 ne·

471 1953 584 2016 que
611 1941 940 2019 currentis,
971 1949 1117 2016 etc.,
1164 1945 1328 2009 dicta
1373 1955 1518 2011 sunt
1555 1959 1811 2032 propter
1839 1953 2046 2016 effica-

474 2046 614 2090 cem
666 2031 776 2093 Dei
825 2035 1536 2112 proedeterminationem
1554 2089 1573 2120 ,
1623 2045 1805 2107 simili
1851 2047 2043 2109 modo

475 2119 593 2184 dici
646 2133 860 2205 posset
913 2129 990 2192 de
1040 2131 1292 2196 homine
1345 2154 1603 2214 pravam
1655 2139 2041 2203 voluntatem

473 2216 783 2280 habente:
835 2223 970 2284 Non
1011 2231 1106 2288 est
1153 2227 1439 2302 volentiS,
1480 2249 1688 2311 neque
1733 2233 2037 2310 cadentia,

476 2311 588 2372 scd
609 2313 722 2375 Dei
748 2314 1153 2394 impellentisz
1181 2327 1246 2382 et
1271 2323 1496 2385 eodem
1535 2327 1724 2388 modo
1751 2327 2035 2390 dicetur:

473 2405 642 2466 Deus
669 2413 764 2468 est
801 2409 904 2488 qui
934 2409 998 2470 in
1029 2413 1206 2474 vobis
1232 2423 1528 2495 operatur
1551 2419 1732 2492 velle,
1775 2421 1906 2482 sive
1932 2421 2041 2482 bo-

473 2515 650 2572 num,
694 2501 820 2562 sive
863 2503 1122 2576 malum,
1153 2525 1266 2586 pro
1309 2527 1422 2571 sua
1463 2512 1800 2576 voluntate.
1836 2516 2041 2595 Atque

473 2591 559 2654 ita
584 2613 708 2655 non
743 2597 942 2658 solum
975 2602 1257 2680 sequitur
1275 2605 1583 2667 actionem
1605 2608 1834 2668 malam
1861 2627 2039 2688 aeque

471 2687 719 2750 refundi
744 2689 808 2750 in
835 2691 1028 2752 Deum
1060 2712 1132 2757 ac
1156 2696 1416 2772 bonam,
1446 2701 1561 2762 sed
1599 2702 1789 2763 etiam
1815 2721 1891 2764 ex
1920 2703 2041 2764 illis

473 2779 625 2842 locis
653 2783 808 2843 nihil
833 2787 1102 2865 speciale
1135 2790 1342 2872 colligi
1365 2793 1444 2854 de
1473 2795 1767 2874 operibus
1797 2797 2037 2875 gratiae.

473 2875 654 2936 Nulla
681 2896 832 2958 crgo
860 2886 953 2942 est
981 2883 1042 2942 in
1069 2883 1188 2946 illis
1214 2885 1366 2948 locis
1389 2889 1626 2951 mentio
1649 2891 1860 2952 auxilii
1887 2893 2041 2973 phy-

475 2969 600 3032 sice
627 2972 1252 3050 proedeterminantis.
1291 2981 1414 3044 Sed
1449 2981 1516 3042 in
1544 2983 1733 3062 priori
1759 2985 2042 3046 testimo-

475 3063 602 3136 nio,
631 3065 884 3142 scilicet,
911 3069 1054 3135 Non
1082 3075 1173 3135 est
1198 3075 1476 3151 volentis,
1500 3093 1683 3158 nequ
1711 3079 2036 3153 currentis,

475 3175 680 3219 sermo
723 3164 817 3222 est
842 3161 922 3223 dc
958 3162 1166 3226 divina
1207 3166 1512 3231 electione
1551 3177 1614 3232 et
1639 3171 2041 3250 praedestina-

471 3251 664 3326 tione,
687 3260 759 3313 ut
785 3256 1167 3337 Augustinus
1196 3262 1426 3339 p‘assim
1465 3264 1740 3343 exponit,
1767 3271 1828 3326 et
1857 3284 2043 3345 supe-

472 3346 604 3405 rius
632 3346 888 3409 citatum
933 3358 1028 3413 est
1057 3370 1111 3413 c.
1143 3355 1204 3426 9,
1235 3360 1296 3415 et
1328 3358 1424 3429 Η,
1457 3363 1518 3417 et
1549 3359 1642 3418 14.
1685 3358 1866 3431 Nam,
1897 3358 2042 3420 licet

473 3437 539 3497 in
567 3456 636 3499 re
665 3439 824 3519 ipsa,
855 3448 918 3502 et
953 3444 1016 3504 in
1053 3447 1444 3522 executione,
1475 3450 1744 3511 hominis
1772 3451 2041 3512 volentis

475 3530 554 3592 sit
603 3534 916 3607 converti,
967 3540 1418 3601 consentiendo
1465 3540 1686 3602 divinoe
1731 3545 2039 3605 vocationi

475 3643 620 3685 cum
647 3626 757 3687 Dei
783 3627 1118 3707 adjutorio,
1145 3636 1384 3705 tamen,
1409 3635 1578 3713 quod
1602 3638 1769 3697 Deus
1795 3656 2041 3717 pra-pa-

473 3719 704 3780 raverit
735 3720 970 3782 homini
1003 3723 1194 3785 talem
1219 3728 1609 3790 vocationem
1629 3730 1738 3791 tali
1757 3734 2039 3809 tempore

473 3817 537 3872 et
561 3811 750 3873 modo
781 3830 906 3891 quo
935 3815 1018 3875 illi
1045 3818 1432 3897 congruebat
1455 3827 1523 3882 ut
1546 3826 2035 3897 converteretur,

471 3904 594 3965 hoc
619 3922 745 3965 non
786 3906 904 3969 fuit
931 3908 1202 3971 hominis
1226 3912 1513 3987 volentia,
1547 3934 1752 3995 neque
1781 3934 2041 3977 curren-

473 3996 572 4069 tis,
609 3999 722 4061 sed
759 4001 874 4061 Dei
901 4002 1273 4066 miserentis-
1317 4005 1502 4068 Addit
1549 4009 1914 4070 Anastasius
1946 4009 2041 4071 Si—

471 4090 650 4161 nait.,
693 4092 798 4153 lib.
834 4094 1259 4166 Quaestionum
1295 4098 1360 4159 in
1403 4100 1653 4179 script„
1684 4108 1896 4181 quoest.
1935 4104 2037 4175 59,

472 4184 736 4247 Paulum
763 4206 948 4249 usum
989 4189 1180 4253 fuisse
1209 4192 1329 4253 illis
1365 4194 1571 4255 verbis
1605 4196 2041 4258 accommoda-

471 4278 550 4339 tis
571 4278 654 4339 ad
669 4283 1026 4361 exemplum
1053 4286 1218 4345 Esau
1248 4290 1310 4349 et
1327 4287 1549 4362 Jacob,
1576 4288 2043 4367 quodadduxe-

471 4378 602 4433 rat:
631 4374 778 4451 quia
799 4382 1060 4454 paterna
1090 4376 1442 4440 benedictio
1467 4386 1529 4441 et
1547 4382 2041 4460 primogenitura

473 4484 600 4525 non
635 4466 751 4528 fuit
781 4469 1043 4529 volentis
1077 4470 1266 4543 Esau,
1301 4477 1362 4533 et
1391 4474 1695 4535 currentis
1717 4474 1902 4552 jussu
1930 4494 2041 4554 pa·

471 4558 582 4619 tris
625 4558 708 4620 ad
748 4561 1156 4639 quaerendam
1199 4564 1624 4635 venationem,
1667 4573 1738 4627 ut
1779 4568 1836 4627 ei
1875 4568 2040 4629 bene

473 4652 737 4728 diceret;
772 4654 884 4715 sed
909 4654 1026 4717 fuit
1052 4657 1271 4728 Jacob,
1301 4660 1479 4739 cujus
1507 4661 1672 4721 Deus
1701 4664 1798 4722 est
1823 4662 2041 4723 miser·

473 4754 608 4819 tus;
643 4752 708 4809 et
749 4748 958 4811 subdit
1003 4750 1367 4813 Anastasius
1411 4770 1425 4812 z
1470 4752 1722 4826 Quodsi
1757 4755 1943 4818 ctiam
1974 4756 2041 4817 in

472 4840 642 4902 nobis
671 4840 778 4903 hoc
809 4840 1112 4923 quispiam
1151 4844 1469 4927 acceperit,
1497 4846 1570 4909 ab
1597 4863 1662 4909 oo
1703 4848 1862 4929 quod
1883 4848 2045 4911 docet

470 4934 717 4996 minime
759 4934 1058 4998 aberrabit
1075 4962 1100 5009 ;
1143 4939 1360 5001 etenim
1403 4956 1522 5001 non
1551 4940 1806 5004 volentis
1846 4940 2043 5003 solum

469 5025 780 5101 virtutem,
807 5046 990 5109 nequ
1013 5030 1316 5093 currentis
1341 5036 1403 5094 et
1432 5033 1838 5095 contendentis
1864 5037 1954 5095 est
1980 5050 2045 5095 se

472 5125 631 5183 recto
669 5137 892 5200 ,qm-ere,
934 5122 1041 5184 sed
1079 5124 1137 5183 et
1169 5124 1513 5185 miserantis
1531 5172 1546 5199 ,
1585 5129 1644 5187 ct
1685 5124 2042 5204 adjuvantis

473 5214 610 5276 Dei.
639 5214 710 5275 In
741 5214 968 5293 quibus
995 5214 1214 5277 verbis·
1237 5216 1470 5278 indicat
1493 5216 1680 5277 aliam
1711 5218 2043 5296 expositio-

471 5323 621 5368 nem
653 5324 842 5387 supra
879 5313 1228 5381 tractatam,
1263 5327 1316 5369 c.
1349 5312 1412 5381 9,
1441 5328 1520 5371 ex
1561 5310 1948 5371 Nazianzeno
1979 5315 2041 5371 et

472 5401 938 5479 chrysostomo.
967 5402 1074 5463 Est
1101 5407 1163 5462 ct
1190 5402 1312 5463 alia
1349 5403 1649 5482 expositio
1677 5404 2041 5481 chrysosto-

1323 442 1532 498 OPUSC.
1571 447 1608 506 1,
1643 447 1760 500 Lm.
1801 449 1881 502 tn.
1919 450 2001 501 DE
2034 449 2306 502 Auxtbns
2338 449 2569 502 ntvtNAE
2598 449 2863 504 eunte.

2128 549 2520 625 affirmantis,
2548 551 2662 613 sed
2702 551 2903 631 posita
2936 568 3075 612 esse
3104 568 3183 611 ex
3206 567 3483 630 persona
3506 551 3687 611 alicu.

2120 643 2227 722 jus
2270 643 2641 723 objicientis,
2674 647 3121 706 Verumtamen
3154 661 3325 704 nunc
3366 645 3683 724 Augustini

2127 737 2431 815 expositio
2466 738 2649 799 nobis
2678 737 2925 798 sufficit.

2204 830 2621 910 Emponuntur
2676 833 2853 894 cerba
2903 829 3095 894 Paean·
3124 857 3148 891 .·
3203 832 3374 892 Deus
3436 835 3535 891 est
3590 833 3683 910 qui

2126 928 2443 1000 operatur,
2476 929 2595 986 etc.
2626 957 2709 972 —
2744 923 2891 996 Quae
2932 929 3137 1002 potest
3182 923 3412 984 eadem
3454 943 3684 984 accom-

2126 1015 2367 1076 modari
2408 1015 2489 1078 ad
2528 1017 2651 1078 alia
2677 1017 2892 1084 verba,
2934 1017 3101 1079 Dm
3143 1021 3233 1080 est
3268 1017 3380 1098 qui
3406 1021 3682 1098 operatur

2124 1108 2194 1170 in
2236 1109 2401 1172 vobis
2440 1109 2613 1184 vello,
2656 1114 2801 1182 etc.‚
2835 1109 2914 1171 dc
2942 1108 3172 1188 quibus
3204 1110 3343 1188 jam
3388 1111 3581 1169 etiam
3626 1111 3679 1170 in

2129 1201 2557 1279 superioribus
2596 1221 2745 1264 cum
2793 1202 3141 1282 Augustino
3188 1202 3493 1274 diximus,
3546 1221 3683 1264 nos·

2128 1298 2291 1354 trum
2320 1294 2476 1356 velle
2510 1297 2751 1358 bonum
2794 1303 2855 1358 et
2884 1296 3363 1375 supernaturale
3404 1297 3681 1376 speciali-

2126 1391 2223 1447 ter
2254 1388 2505 1450 attribui
2545 1392 2676 1452 Deo
2714 1390 2957 1452 ratione
2984 1390 3201 1470 gratia
3234 1391 3594 1470 operantis;
3624 1397 3677 1452 et

2126 1478 2245 1538 sub
2270 1497 2347 1540 ea
2364 1483 2607 1545 ratione
2638 1482 2828 1546 tribui
2856 1483 2970 1544 soli
2998 1483 3153 1556 Deo,
3188 1483 3339 1560 quia
3358 1483 3497 1562 ipse
3526 1483 3681 1544 solus

2125 1578 2221 1632 est
2243 1573 2349 1651 qui
2374 1577 2695 1638 moraliter
2717 1577 3038 1656 praevenit,
3062 1581 3126 1636 et
3143 1575 3293 1636 facit
3312 1580 3384 1634 ut
3396 1575 3677 1647 velimus,

2123 1669 2407 1745 quamvis
2444 1670 2650 1750 ipsum
2692 1671 2852 1732 velle
2892 1687 3021 1730 non
3068 1669 3238 1730 solus
3277 1669 3453 1730 Deus
3480 1669 3678 1740 faciat,

2122 1760 2233 1821 sed
2254 1763 2453 1840 gratia
2470 1763 2583 1826 Dei
2606 1763 2968 1825 nobiscum:
2998 1762 3243 1842 legatur
3270 1761 3676 1842 Augustinus,

2124 1855 2231 1916 lib.
2258 1857 2336 1917 83
2366 1856 2623 1928 Quaest„
2656 1874 2719 1934 q.
2752 1859 2853 1918 68.

2206 1952 2265 2011 7.
2308 1950 2727 2031 &ponuntur
2740 1951 2917 2014 verba
2935 1949 3129 2013 Pauli
3142 1976 3163 2010 .·
3184 1948 3390 2010 creati
3408 1948 3473 2008 in
3486 1949 3676 2028 operi-

2124 2043 2243 2104 bus
2258 2043 2467 2118 bonis,
2490 2049 2609 2106 etc.
2631 2075 2713 2090 —
2736 2043 2831 2104 Ad
2860 2044 3109 2105 tertiam
3136 2049 3383 2122 partem
3414 2042 3677 2102 testimo-

2123 2136 2391 2209 niorum,
2421 2137 2839 2216 respondetur
2872 2135 3200 2216 (quidquid
3232 2136 3309 2196 sit
3336 2134 3419 2196 de
3452 2135 3681 2214 praede-

2120 2229 2401 2292 finitione
2417 2230 2650 2302 divina,
2668 2229 2747 2292 de
2764 2247 2891 2309 qua
2908 2231 3115 2292 statim
3132 2229 3339 2308 capite
3368 2229 3677 2308 sequenti)

2114 2322 2625 2402 justificationem
2665 2329 2969 2396 nostram,
3020 2329 3083 2384 et
3122 2341 3317 2402 opera
3340 2338 3484 2401 quae
3514 2321 3597 2382 ad
3620 2322 3679 2380 il·

2120 2419 2249 2480 lam
2274 2417 2638 2496 disponunt,
2662 2418 2917 2479 nomine
2944 2417 3278 2480 creationis
3315 2415 3382 2475 in
3412 2415 3679 2494 Scriptu-

2126 2531 2195 2574 ra
2234 2511 2609 2591 significari,
2643 2512 2742 2572 vel
2773 2509 2855 2572 ad
2898 2510 3327 2572 denotandum
3369 2508 3524 2570 illud
3554 2527 3679 2569 esse

2120 2607 2443 2686 proprium
2486 2623 2644 2686 opus
2691 2605 2827 2676 Dei,
2862 2609 2925 2666 et
2952 2603 3187 2665 altioris
3217 2602 3453 2664 ordinis
3494 2621 3677 2682 quam

2123 2700 2245 2762 sint
2264 2700 2525 2761 effectus
2548 2698 2905 2774 naturales;
2926 2696 3027 2759 vel
3046 2702 3215 2758 certe
3232 2695 3313 2756 ad
3334 2695 3609 2774 significa
3618 2715 3680 2754 n-

2122 2795 2273 2854 dum
2294 2791 2804 2873 justificationem
2828 2796 3047 2864 totam,
3074 2788 3397 2850 moraliter
3420 2788 3677 2866 loquen-

2120 2886 2225 2960 do,
2264 2904 2341 2948 ex
2388 2885 2581 2946 nihilo
2606 2883 2749 2946 fieri
2782 2902 2862 2945 ex
2898 2888 3077 2962 parte
3132 2889 3373 2954 nostra,
3430 2881 3577 2960 quia
3614 2880 3673 2940 fit

2122 2997 2201 3041 ex
2237 2979 2412 3040 nullo
2464 2978 2687 3040 merito
2730 2983 2967 3046 nostr0,
3002 2981 3063 3036 et
3109 2972 3280 3054 quia,
3312 2981 3383 3036 ut
3414 2974 3501 3036 ait
3530 2975 3674 3034 Pau-

2121 3074 2219 3137 lus
2262 3073 2315 3152 (1
2356 3074 2494 3136 Cor.
2532 3074 2668 3153 13):
2720 3071 2801 3137 Si
2850 3071 3212 3135 charitatem
3246 3087 3367 3132 non
3406 3070 3671 3143 habuero,

2120 3168 2279 3231 nim
2310 3186 2442 3231 mm
2466 3194 2489 3241 ;
2536 3172 2600 3229 et
2638 3167 2775 3228 boec
2820 3170 2916 3225 est
2962 3164 3265 3243 expositio
3306 3164 3669 3225 communis,

2123 3262 2249 3322 Nec
2262 3260 2445 3322 video
2460 3258 2777 3340 quomodo
2795 3276 2874 3319 ex
2888 3257 2993 3317 illa
3020 3256 3465 3335 appellatione,
3484 3260 3591 3313 aut
3602 3272 3671 3315 ex

2119 3354 2492 3416 testimoniis
2532 3353 2615 3414 ibi
2656 3352 2881 3423 citatiS,
2928 3350 3129 3430 possit
3171 3350 3271 3411 vel
3306 3354 3671 3428 apparenter

2122 3448 2325 3527 colligi
2354 3448 2613 3527 physica
2644 3444 3235 3524 praedeterminatio.
3276 3444 3435 3503 Nam
3462 3460 3538 3502 ex
3564 3442 3671 3501 illis

2120 3542 2355 3602 verbis:
2402 3539 2605 3605 creati
2635 3542 2705 3603 in
2740 3540 3014 3621 oporibus
3054 3537 3245 3612 bonis,
3284 3554 3417 3616 Μ
3442 3554 3669 3617 proepa-

2118 3638 2289 3699 ravit
2320 3637 2504 3707 Deus,
2532 3642 2677 3707 etc.‚
2703 3634 2785 3693 ad
2812 3649 3125 3693 summam
3154 3630 3467 3711 colligitur
3490 3630 3668 3689 bene-

2118 3729 2331 3791 ficium
2360 3728 2585 3789 divinoe
2615 3726 3176 3807 praedestinationis
3208 3730 3273 3787 et
3308 3730 3667 3803 supernatu-

2118 3824 2267 3885 ralis
2294 3821 2722 3902 providentiae,
2752 3838 2879 3899 qua
2907 3819 3077 3881 Deus
3104 3818 3287 3879 nobis
3306 3818 3662 3897 praeparavit

2120 3916 2351 3978 auxilia
2390 3914 2911 3995 supernaturalia,
2944 3912 3171 3991 quibus
3198 3910 3592 3973 sublevemur
3610 3916 3665 3969 et

2122 4010 2495 4090 adjuvemur
2532 4006 2615 4069 ad
2638 4025 2829 4086 opera
2858 4005 3385 4084 supernaturalia.
3436 4005 3525 4065 Ex
3560 4002 3665 4062 illis

2122 4108 2337 4165 autem
2362 4102 2603 4164 verbis:
2640 4100 2760 4164 Cor
2786 4100 3075 4162 mundum
3104 4116 3244 4163 crea
3270 4100 3339 4161 in
3362 4116 3477 4173 m,
3496 4098 3659 4167 Dm,

2123 4200 2269 4269 etc.‚
2304 4195 2507 4257 solum
2545 4194 2851 4255 babemus
2882 4194 3081 4254 Deum
3114 4210 3253 4255 esse
3276 4189 3663 4271 principalem

2122 4294 2445 4350 auctorem
2484 4286 2590 4364 qui
2616 4304 2736 4347 nos
2756 4285 3081 4366 justificat,
3108 4290 3173 4348 et
3196 4288 3453 4365 peccata
3478 4282 3662 4344 remit-

2120 4382 2227 4455 tit,
2254 4380 2445 4460 etqui
2476 4398 2593 4441 nos
2620 4379 2849 4440 excitat
2878 4387 2939 4441 et
2966 4380 3225 4460 adjuvat
3264 4384 3335 4439 ut
3364 4382 3663 4439 converta-

2120 4492 2285 4536 mur.
2318 4473 2495 4538 Unde
2520 4492 2648 4534 non
2674 4472 2845 4535 aliud
2866 4474 2929 4535 in
2956 4492 3027 4537 re
3058 4472 3415 4555 significant
3430 4470 3532 4531 illa
3544 4486 3664 4529 ver·

2120 4568 2201 4628 ba
2233 4584 2425 4646 quam
2452 4566 2607 4627 alia:
2644 4565 2930 4631 Converte
2958 4584 3091 4639 nos,
3136 4566 3416 4635 Domine,
3444 4569 3555 4625 etc.
3600 4562 3661 4621 In

2120 4661 2328 4723 verbis
2375 4667 2586 4721 autem
2636 4658 2787 4721 illis:
2844 4660 3139 4724 Dividam
3192 4658 3459 4741 singulis
3498 4660 3661 4737 prout

2121 4754 2277 4827 vult,
2302 4759 2517 4833 aperte
2552 4760 2649 4815 est
2672 4770 2881 4815 sermo
2906 4752 2985 4815 de
3014 4752 3231 4832 gratiis
3269 4751 3464 4830 gratis
3494 4748 3653 4811 datis-

2124 4852 2185 4908 et
2218 4846 2297 4909 de
2338 4844 2785 4907 Ecclesiasticis
2808 4844 3203 4917 ministeriis;
3236 4850 3303 4905 et
3324 4848 3471 4903 sunt
3495 4841 3653 4900 etiam

2122 4958 2269 5001 vera
2300 4940 2379 5001 de
2410 4938 2623 5019 gratiis
2665 4937 3213 5018 praevenientibus,
3246 4936 3395 4997 licet
3424 4933 3503 4995 ibi
3527 4934 3653 4993 Pau-

2122 5032 2222 5093 lus
2249 5032 2329 5093 de
2358 5032 2479 5093 illis
2508 5050 2635 5093 nou
2661 5032 2990 5111 loquatur3
3022 5040 3087 5093 at
3116 5030 3195 5091 de
3224 5029 3427 5109 gratia
3458 5024 3654 5088 sancti-

2121 5125 2349 5187 ficante
2372 5126 2533 5187 bene
2554 5125 2897 5187 Concilium
2918 5122 3351 5185 ‘tridentinum
3381 5118 3645 5187 definivit,

2122 5237 2279 5280 sess.
2324 5220 2385 5291 6,
2418 5237 2473 5281 c.
2506 5221 2565 5291 7,
2598 5220 2664 5279 in
2694 5234 3077 5296 unoquoque
3116 5216 3335 5295 recipi,
3366 5212 3653 5278 secundm

2120 5328 2465 5375 mamam
2520 5330 2699 5392 quam
2758 5310 3038 5394 Spiritus
3098 5309 3375 5373 Sanctus
3406 5304 3653 5389 partitur

2122 5405 2409 5487 singulis,
2434 5410 2622 5485 prout
2638 5406 2797 5477 vult,
2828 5410 2885 5467 et
2906 5404 3227 5467 secunaum
3243 5401 3547 5484 propriam
3568 5412 3651 5457 αι·

472 5494 582 5561 mi,
629 5499 692 5554 et
735 5492 1112 5567 Graecorum,
1164 5495 1505 5568 Ambrosii,
1547 5496 1935 5574 Hieronymi,
1980 5503 2042 5557 et
2109 5496 2335 5577 jusque
2362 5496 2809 5577 dispositionum
2830 5502 2891 5561 et
2914 5494 3401 5577 cooperativum.
3432 5486 3649 5563 Quodsi

475 5586 764 5660 aliorum,
801 5586 1148 5651 dicentium
1177 5590 1280 5649 illa
1316 5590 1510 5651 verba
1539 5608 1664 5651 non
1695 5608 1834 5651 csse
1869 5590 2038 5651 Pauli

2126 5590 2261 5651 baec
2288 5590 2427 5669 ipsa
2471 5591 2831 5671 cooperatio
2884 5595 2948 5651 et
2986 5587 3311 5667 dispositio
3348 5587 3411 5649 in
3438 5584 3538 5645 Dei
3564 5600 3651 5640 vo-
