3850 6225
705 414 873 467 SEGT.
909 416 972 466 11.
1009 415 1092 466 AN
1123 415 1496 468 NECESSITAS
1529 416 1612 468 Ex
1646 416 2085 470 SUPPOSITIONE
2118 418 2239 469 VEL
2272 418 2513 479 DEBlTO,
2552 418 2684 470 ETC.

69 512 390 589 quamdiu
421 515 695 576 conditio
745 516 876 576 haec
926 534 1054 577 non
1086 521 1178 577 est
1220 516 1485 595 expleta,
1522 535 1648 577 non

69 610 169 665 est
191 614 636 670 consummata
661 610 979 689 obligatio,
999 615 1350 689 potestque,
1380 610 1486 689 qui
1508 628 1652 689 pro-

65 699 270 769 misit,
321 702 742 778 retrocedere,
783 702 1004 764 stando
1054 703 1118 762 in
1159 703 1301 783 jure
1345 704 1641 764 naturali.

67 791 260 861 Quod
301 800 511 873 potest
537 795 894 857 confirmari
923 795 985 856 in
1013 797 1428 874 promissione
1458 815 1648 876 quam

65 883 378 948 dominus
404 888 550 949 facit
579 906 782 963 ser-vc,
825 890 924 949 cui
969 891 1101 951 sine
1141 889 1332 950 dubio
1373 908 1450 950 ex
1489 890 1653 949 veri-

65 984 200 1039 tate
229 982 335 1041 vel
361 982 658 1044 fidelitate
689 983 1037 1063 obligatur;
1075 1002 1205 1045 non
1235 990 1447 1045 tamen
1486 984 1548 1043 in
1583 984 1650 1042 il-

66 1071 208 1131 lum
251 1076 548 1137 transfert
590 1076 724 1155 juS,
769 1077 1010 1138 ratione
1064 1078 1246 1157 cujus
1297 1096 1375 1139 ex
1409 1076 1649 1156 justitia

66 1169 377 1229 teneatur
403 1169 488 1229 illi
513 1170 775 1248 implere
813 1171 1214 1249 promissum,
1259 1172 1406 1250 quia
1431 1189 1648 1232 servus

65 1276 206 1317 non
239 1266 338 1322 est
362 1280 556 1340 capax
583 1264 774 1342 hujus
801 1268 1088 1342 respectu
1108 1264 1368 1339 domini,
1391 1269 1460 1323 ut
1480 1282 1648 1323 nunc

67 1372 372 1433 suppono
409 1357 488 1418 de
518 1358 790 1419 humana
843 1360 1138 1419 servitute
1163 1404 1182 1434 ,
1217 1365 1401 1437 prout
1443 1364 1538 1420 est
1583 1357 1647 1418 in

67 1466 219 1508 usu.
253 1450 420 1530 Ergo
445 1452 578 1530 pari
604 1452 848 1513 ratione
878 1458 1084 1531 potest
1108 1471 1274 1513 unus
1302 1453 1492 1513 homo
1522 1452 1646 1512 cui-

68 1540 230 1603 libet
258 1543 440 1605 alteri
484 1545 570 1605 ita
613 1544 898 1625 obligari,
938 1552 1000 1606 et
1042 1564 1170 1605 non
1207 1546 1350 1624 plus
1371 1545 1530 1624 juris
1559 1544 1645 1605 illi

68 1635 391 1710 conferre,
419 1656 561 1697 cum
601 1639 722 1699 hoc
763 1638 1035 1716 pendeat
1093 1656 1170 1699 ex
1214 1657 1280 1699 se
1312 1638 1646 1717 obligantis

65 1727 421 1790 voluntate.
456 1730 554 1792 Sic
579 1730 770 1811 igitur
802 1748 958 1809 pura
991 1738 1052 1793 et
1090 1732 1352 1809 simplex
1381 1731 1644 1810 promis-

67 1820 162 1880 sio
187 1823 359 1882 inter
385 1824 694 1897 homiues,
718 1824 1033 1889 fidelitatis
1065 1830 1332 1899 tantum,
1364 1842 1492 1883 non
1514 1825 1646 1903 jus-

67 1915 220 1975 titiae
249 1915 696 1995 obligationem
715 1918 969 1979 inducit.
997 1919 1188 1996 (Sole,
1222 1922 1261 1978 4
1293 1918 1370 1978 de
1402 1918 1638 1991 Justit„

65 2026 128 2085 q.
163 2011 234 2079 5,
271 2014 389 2069 art.
417 2014 475 2082 1,
509 2015 572 2070 et
599 2011 710 2071 lib.
739 2013 800 2083 2,
826 2030 886 2089 q.
920 2012 982 2082 2,
1015 2012 1190 2072 artic.
1234 2011 1319 2089 1.)

143 2105 257 2163 21.
301 2102 404 2165 Aa
448 2122 630 2185 puroe
669 2106 1067 2185 promissioni
1105 2105 1222 2185 jas
1274 2104 1450 2169 civile
1495 2104 1643 2166 obli-

63 2198 262 2279 gandi
302 2199 424 2259 tim
452 2198 772 2262 addiderit.
795 2232 878 2247 -
900 2202 1117 2279 Neque
1146 2201 1254 2280 jus
1309 2216 1642 2261 commune

67 2290 254 2350 civile
293 2291 439 2351 huic
480 2292 802 2353 sententiaa
839 2292 1140 2367 dissonat,
1183 2310 1331 2353 nam
1369 2293 1436 2351 in
1481 2292 1522 2351 l.
1581 2293 1639 2366 3,

67 2385 132 2443 ff.
193 2385 274 2445 dc
333 2384 906 2459 pollicitationibus,
959 2386 1202 2457 dicitur,
1253 2402 1374 2446 non
1415 2402 1646 2465 semper

69 2478 335 2560 obliqari
369 2498 500 2542 eum
541 2480 645 2561 qui
665 2480 982 2560 pollicitus
1004 2484 1132 2544 est.
1168 2481 1259 2540 Ex
1297 2495 1422 2556 quo
1472 2485 1644 2540 textu

71 2572 378 2650 colligunt
403 2592 626 2633 omnes
657 2573 1166 2652 pollicitationem
1197 2591 1324 2633 non
1365 2572 1642 2652 obligare

71 2665 358 2739 civiliter,
381 2666 497 2725 nisi
521 2666 586 2726 in
608 2668 795 2728 certis
817 2666 1062 2727 casibus
1085 2668 1278 2746 ajuro
1303 2665 1635 2745 expressis;

71 2765 163 2818 est
179 2765 394 2819 autem
425 2760 783 2838 pollicitatio
817 2760 1010 2820 solius
1037 2760 1356 2821 offerentis
1384 2759 1642 2838 promis-

69 2854 185 2927 sio,
215 2859 286 2914 ut
310 2853 376 2912 in
397 2853 440 2913 l.
467 2853 807 2932 3ejusdem
838 2854 996 2915 tituli
1025 2854 1267 2915 dicitur.
1289 2855 1518 2914 Verum
1549 2858 1644 2913 est

67 2953 284 3007 tamen
313 2946 377 3006 in
421 2948 538 3009 hac
567 2950 894 3028 posteriori
928 2949 1349 3028 descriptione
1381 2948 1642 3009 indicari

65 3041 572 3119 promissionem,
605 3042 891 3105 nondum
945 3044 1027 3104 ab
1071 3044 1193 3104 alio
1223 3048 1635 3122 acceptatam,

67 3139 134 3194 ut
175 3135 452 3195 maxime
479 3142 774 3198 censetur
799 3155 937 3198 esse
966 3138 1072 3197 illa
1104 3156 1241 3216 quse
1275 3137 1344 3197 fit
1369 3135 1636 3197 absenti.

71 3229 142 3286 Et
171 3228 258 3287 ita
285 3229 476 3289 sentit
499 3229 692 3305 Glos,
715 3230 778 3290 in
803 3230 908 3290 illa
927 3231 970 3290 1.
999 3233 1058 3304 3,
1079 3235 1140 3291 et
1160 3231 1391 3302 Abbas,
1417 3230 1479 3288 in
1499 3245 1636 3306 cap.

75 3319 224 3382 Cum
243 3320 626 3399 juramento,
653 3323 732 3384 de
763 3324 1120 3396 homicidio,
1151 3322 1262 3384 ubi
1295 3323 1400 3396 ait,
1433 3321 1643 3381 differ-

69 3431 134 3471 re
179 3413 694 3489 pollicitationem
723 3435 762 3476 a
790 3422 972 3494 pacto
1017 3417 1224 3488 nudo,
1275 3415 1416 3494 quia
1464 3413 1644 3493 polli-

71 3505 284 3566 citatio
317 3513 414 3568 est
457 3508 638 3569 unius
683 3515 963 3583 tantum,
999 3517 1253 3590 pactum
1291 3527 1439 3570 vero
1487 3508 1643 3568 duo-

71 3617 235 3660 rum.
271 3602 350 3660 Et
378 3601 442 3660 in
474 3603 590 3663 hoc
619 3603 808 3664 etiam
841 3603 1229 3684 distinguunt
1255 3601 1646 3682 pollicitatio-

73 3711 220 3752 nem
270 3713 310 3754 a
365 3697 808 3772 promissione,
863 3689 1140 3778 Angelus
1199 3702 1261 3757 et
1329 3695 1646 3776 Sylvester

73 3787 266 3847 verbo
295 3787 718 3863 Pollicitatio,·
749 3796 810 3851 et
827 3791 952 3851 late
978 3792 1222 3862 Covar.,
1253 3789 1316 3849 iu
1344 3807 1398 3849 c.
1427 3787 1644 3861 Quam-

71 3879 164 3941 ris
193 3888 475 3960 pactum,
517 3884 795 3945 secunda
823 3891 1023 3964 parte,
1064 3884 1102 3964 ξ
1143 3889 1386 3963 quarto,
1419 3898 1642 3942 nume-

73 3993 142 4033 ro
168 3975 454 4036 secundo
483 3985 546 4040 ct
574 3978 817 4038 decimo
849 3979 1088 4058 quinto,
1120 3977 1224 4056 qui
1254 3977 1444 4038 etiam
1471 3975 1642 4036 vide-

73 4068 122 4126 ri
165 4072 377 4146 potest
405 4069 470 4128 in
509 4071 708 4149 primo
737 4071 896 4131 libro
934 4072 1202 4144 Varia1·.,
1226 4089 1363 4149 cap.
1399 4069 1640 4130 decimo

75 4167 326 4239 quarte,
359 4181 622 4224 numero
676 4164 918 4225 decimo
978 4165 1194 4240 terti03
1233 4169 1294 4225 et
1337 4164 1643 4223 Antonius

74 4255 332 4329 Gomez,
361 4261 526 4317 tomo
567 4257 844 4317 secundo
876 4258 1144 4331 variar„
1169 4277 1222 4318 c.
1254 4259 1500 4337 quart0,
1528 4276 1646 4317 nu-

75 4367 252 4408 mero
305 4349 606 4423 secundo,
657 4355 719 4411 et
757 4369 812 4412 c.
857 4369 1072 4427 nonO,
1113 4367 1380 4411 numero
1437 4350 1640 4409 terti0.

79 4443 527 4504 Verumtamen
569 4444 616 4503 si
663 4444 744 4505 ad
771 4444 1120 4523 rigorosam
1157 4461 1382 4504 vocum
1411 4441 1648 4519 signifi-

79 4535 390 4596 cationem
435 4538 857 4609 attendamuS,
891 4537 1262 4619 pollicitatio
1311 4541 1370 4598 et
1389 4535 1647 4616 promis-

79 4630 164 4689 sio
203 4629 377 4688 idem
405 4630 592 4708 plane
625 4635 792 4704 sunt,
826 4637 890 4690 ut
917 4635 1086 4709 patet
1133 4649 1210 4690 ex
1251 4649 1369 4689 usu
1399 4628 1648 4689 Latino-

77 4744 240 4800 rum,
295 4732 358 4786 et
382 4726 544 4804 juris
593 4726 810 4799 civilis,
847 4727 911 4785 in
942 4726 984 4787 l.
1040 4723 1408 4798 Sciendum,
1451 4725 1516 4784 ff.
1565 4723 1646 4784 de

79 4819 311 4880 AEdilit.
369 4819 554 4880 edict.
582 4865 598 4888 ,
646 4823 708 4880 et
729 4819 1047 4891 canonici,
1077 4819 1141 4878 in
1181 4836 1321 4896 cap.
1372 4818 1642 4892 Scimus,

82 4911 276 4972 Causa
292 4913 694 4985 duodecima,
712 4912 1054 4991 quaestione
1071 4912 1268 4991 prima
1280 4958 1295 4985 ,
1313 4912 1419 4972 ubi
1434 4917 1649 4972 votum

73 5007 440 5088 pollicitatio
483 5007 729 5068 dicitur.
763 5005 1038 5079 Deinde,
1093 5005 1340 5084 agendo
1388 5005 1466 5065 de
1511 5005 1648 5084 ipsa

81 5119 167 5174 re,
199 5101 568 5179 pollicitatio
593 5106 654 5160 et
691 5099 1046 5178 promissio,
1077 5098 1261 5158 etiam
1300 5103 1644 5175 act-eptata,

77 5193 212 5271 jure
243 5193 407 5254 civili
449 5212 576 5253 non
612 5191 846 5252 inducit
877 5190 1342 5270 obligationem,
1390 5195 1454 5250 ut
1501 5208 1650 5249 con-

84 5293 196 5350 stat
219 5288 360 5350 exl.
388 5289 570 5351 Jaris
595 5289 885 5370 pontium,
907 5286 944 5366 ἓ
970 5287 1194 5364 prim0,
1213 5285 1278 5345 ff.
1309 5285 1386 5345 de
1419 5285 1642 5358 Paetis,

85 5383 188 5441 ubi
235 5382 464 5443 dicitur
517 5401 532 5440 ε
571 5381 763 5444 Nuda
809 5381 1012 5460 pactio
1069 5379 1484 5460 obliqationem
1529 5395 1648 5439 aon

77 5478 246 5554 parit
261 5501 285 5546 ,·
315 5480 564 5536 constat
591 5481 804 5536 autem
845 5473 1321 5553 promissionem
1360 5479 1649 5551 accepta-

83 5573 208 5630 tam
239 5569 320 5630 ad
353 5586 670 5634 summum
713 5585 852 5628 esse
879 5570 1132 5650 pactum
1164 5563 1426 5640 nudum,
1459 5571 1525 5625 ut
1562 5563 1646 5628 ibi

3171 414 3282 473 421

1732 534 1952 577 omnes
1984 517 2317 590 affirmant,
2348 522 2410 577 et
2434 516 2883 587 panormitan„
2908 516 2972 577 in
3003 536 3137 597 cap.
3168 519 3290 597 pri-

1729 627 1834 670 mo
1865 609 1943 671 de
1986 612 2151 672 Pact.
2190 610 2375 671 Addit
2416 628 2564 671 vero
2612 610 2823 671 Glossa
2866 612 2985 673 hoc
3036 618 3289 689 pactum

1729 723 1858 765 non
1899 705 2197 766 inducere
2250 704 2690 783 obligationem
2722 750 2737 779 ,
2803 706 3033 766 scilicet
3083 706 3292 767 effica-

1729 815 1886 873 cem,
1920 816 2111 877 quam
2156 816 2274 858 nos
2303 816 2637 877 possumus
2677 798 3023 877 intelligere
3056 800 3290 879 ohliga-

1729 894 1963 955 tionem
1997 890 2273 971 justitiae,
2321 891 2605 969 quamvis
2660 891 2767 951 alii
2814 898 3132 969 exponant
3160 910 3289 951 non

1729 986 1808 1047 de
1847 984 2227 1064 obligatione
2255 982 2522 1045 naturali
2546 984 2826 1062 justitiae,
2858 984 2969 1045 sed
2992 984 3069 1044 de
3102 984 3287 1057 civili,

1731 1078 1796 1139 id
1823 1083 1935 1153 est,
1971 1076 2050 1138 ad
2078 1094 2268 1155 quam
2299 1077 2404 1155 jus
2434 1076 2611 1137 civile
2644 1077 2953 1137 actionem
2985 1078 3285 1141 conferat.

1731 1173 1878 1245 Quae
1931 1169 2232 1249 expositio
2288 1176 2383 1229 est
2430 1170 2805 1249 probabilis,
2863 1175 2922 1230 et
2976 1170 3118 1231 ideo
3160 1190 3287 1231 non

1729 1266 1852 1326 dixi
1909 1284 1987 1325 ex
2027 1266 2169 1344 jure
2236 1265 2395 1325 civili
2453 1270 2733 1324 nostram
2777 1265 2985 1345 colligi
3036 1271 3291 1325 senten-

1727 1361 1876 1421 tiam
1904 1404 1919 1433 ,
1967 1358 2078 1418 sed
2131 1358 2329 1417 solum
2374 1357 2459 1417 illi
2508 1376 2634 1418 non
2678 1376 3053 1438 repugnare.
3114 1358 3290 1429 Quod

1729 1454 1917 1514 etiam
1963 1453 2156 1513 sensit
2201 1452 2507 1522 Bartolus,
2556 1452 2618 1509 in
2664 1452 2704 1510 l.
2754 1451 2833 1514 Si
2860 1451 2995 1533 quis
3038 1471 3153 1533 pro
3201 1470 3285 1515 eo·

1727 1549 1890 1608 circa
1946 1545 2175 1616 finem,
2225 1545 2290 1605 ff.
2351 1545 2429 1605 de
2484 1544 3018 1624 Fidejussorihus‚
3074 1546 3287 1605 dicens

1727 1641 1872 1701 huic
1897 1638 2171 1719 pactioni
2228 1656 2341 1699 seu
2379 1639 2773 1717 promissioni
2810 1640 2915 1717 jus
2954 1640 3131 1699 civile
3182 1657 3287 1713 ne-

1728 1753 1850 1814 que
1881 1732 2207 1804 adsistere,
2238 1750 2443 1810 neque
2470 1732 2779 1792 resistere.
2801 1734 2887 1793 De
2904 1733 3045 1811 jure
3078 1738 3287 1792 antem

1727 1826 2037 1889 Canonico
2068 1824 2273 1885 statim
2313 1824 2549 1902 aliquid
2577 1825 2801 1885 dicam.
2834 1826 2910 1885 At
2936 1825 3015 1885 de
3040 1826 3288 1904 juribus

1725 1920 2085 1999 specialium
2114 1936 2455 1998 regnorum
2474 1918 2555 1977 ad
2581 1936 2697 1977 nos
2726 1936 2894 1977 nunc
2925 1918 3130 1977 dicere
3158 1936 3287 1977 non

1725 2017 1998 2094 spectat,
2043 2012 2147 2092 qui
2191 2012 2389 2072 solam
2446 2010 2797 2071 naturalem
2836 2011 3283 2089 obligationem

1726 2108 2214 2170 consideramus.
2248 2108 2487 2184 Itaque,
2529 2105 2789 2184 praecise
2830 2103 3283 2164 considerando

1718 2206 1822 2283 jus
1866 2207 2122 2275 naturae,
2154 2218 2311 2281 pura
2346 2199 2673 2278 promissio
2704 2216 2829 2258 non
2862 2197 3097 2258 inducit
3133 2198 3289 2257 obli-

1726 2298 2040 2377 gationem
2070 2295 2341 2373 justitiae.

1805 2390 1903 2449 22.
1952 2387 2295 2467 Infidelitas
2326 2398 2505 2465 parce
2540 2386 2962 2466 promissionis
3012 2432 3024 2457 ,
3094 2403 3175 2447 an
3230 2391 3287 2446 et

1723 2485 1959 2564 quando
1984 2486 2290 2563 peccatum
2329 2482 2586 2543 mortale
2612 2482 2718 2543 sit.
2746 2514 2825 2525 —
2852 2476 2951 2540 Aa
2990 2481 3163 2541 detur
3188 2498 3285 2541 ac-

1723 2578 1806 2641 tio
1834 2576 1901 2639 in
1933 2596 2063 2639 eum
2104 2577 2207 2655 qui
2231 2594 2381 2655 pure
2402 2574 2727 2655 promissis
2756 2589 2877 2633 non
2898 2573 3089 2644 stetit,
3123 2591 3196 2634 ex
3220 2572 3283 2633 ci

1724 2673 1999 2735 canoni-ci
2012 2670 2420 2750 juris—Nec
2448 2686 2595 2728 vero
2633 2668 2775 2739 hinc
2808 2665 3031 2744 aliquis
3060 2666 3285 2725 inferat

1724 2763 2205 2844 promissionem
2256 2763 2419 2822 hanc
2447 2761 2613 2821 inter
2642 2760 2928 2821 homines
2957 2771 3282 2837 nunquam

1727 2858 2005 2936 obligare
2028 2857 2106 2918 ad
2132 2862 2458 2936 peccatum
2480 2850 2745 2915 mortale'
2767 2853 2929 2913 inter
2966 2854 3283 2931 propriam

1724 2952 2033 3012 rationem
2074 2958 2135 3011 et
2160 2950 2473 3021 virtutem,
2507 2938 2809 3027 quidquid
2858 2947 3189 3026 Cajetanus
3222 2952 3282 3006 ct

1725 3047 1827 3107 alii
1857 3045 2207 3117 senserint3
2243 3062 2387 3104 nam
2440 3040 2739 3120 obligatio
2780 3041 2897 3101 sub
2920 3040 3163 3101 mortali
3194 3041 3287 3099 la-

1720 3143 1843 3201 tius
1871 3145 2043 3218 patet
2088 3157 2280 3218 quam
2324 3137 2620 3216 obligatio
2662 3155 2738 3198 ex
2774 3136 3031 3215 justitia,
3067 3141 3133 3195 ut
3173 3153 3286 3218 per

1723 3251 1790 3294 se
1830 3238 2051 3293 notum
2086 3239 2219 3303 est;
2264 3231 2549 3308 quamvis
2596 3240 2745 3310 ergo
2807 3229 3100 3308 obligatio
3141 3247 3287 3306 pro-

1723 3326 2037 3387 missionis
2074 3343 2201 3386 non
2232 3325 2309 3384 sit
2340 3343 2418 3383 ex
2456 3317 2719 3403 justitia,
2764 3322 3169 3382 nihilominus
3210 3339 3286 3380 cx

1725 3420 2078 3481 conditione
2126 3417 2255 3491 rei,
2312 3418 2389 3478 de
2432 3435 2555 3496 qua
2607 3417 2833 3498 agitur,
2881 3422 2941 3476 et
2984 3415 3285 3494 gravitate

1724 3528 2035 3590 personas,
2093 3511 2191 3570 cui
2246 3509 2317 3571 fit
2360 3510 2690 3592 promissio
2726 3555 2741 3581 ,
2794 3509 2928 3569 fieri
2972 3507 3285 3567 interdum

1725 3608 1929 3682 potest
1978 3610 2046 3664 ut
2082 3602 2414 3664 infidelitas
2456 3601 2884 3682 promissionis
2922 3603 2983 3661 iu
3026 3618 3138 3659 suo
3182 3617 3287 3676 gc-

1725 3715 1876 3758 nere
1904 3715 2093 3776 grave
2133 3703 2460 3776 peecatum
2490 3696 2586 3756 sit.
2629 3697 2728 3760 Sic
2759 3695 2923 3755 enim
2954 3693 3287 3754 infidelitas

1725 3791 1807 3851 ad
1863 3792 2089 3863 Deum,
2134 3789 2199 3848 in
2257 3788 2577 3849 servandis
2616 3787 3145 3866 'promissionibus
3202 3785 3286 3845 illi

1721 3885 1920 3958 factiS,
1958 3885 2022 3944 in
2067 3903 2179 3945 suo
2213 3901 2445 3963 genere
2486 3884 2807 3962 peccatum
2856 3881 3117 3942 mortale
3168 3884 3284 3952 est,

1722 3985 1976 4059 propter
2005 3979 2195 4040 divini
2226 3978 2497 4038 numinis
2512 3971 2922 4056 Majestatem.
2951 3975 3288 4035 Infidelitas

1722 4092 1870 4134 vero
1915 4073 1996 4133 ad
2042 4071 2385 4144 hominem,
2415 4089 2489 4130 ex
2518 4075 2693 4148 parte
2735 4069 2869 4148 ejus
2912 4069 3007 4128 cui
3046 4067 3113 4128 tit
3150 4084 3290 4145 pro-

1723 4165 1962 4240 missio,
1991 4184 2119 4226 non
2166 4165 2357 4224 habet
2384 4167 2620 4223 tantam
2649 4163 3019 4240 gravitatem
3060 4179 3171 4220 seu
3201 4161 3291 4218 in-

1727 4260 2120 4330 decentiam;
2158 4257 2563 4317 nihilominus
2596 4262 2806 4338 tamen
2859 4255 3017 4314 adeo
3064 4272 3290 4332 repag-

1728 4359 1834 4414 nat
1887 4352 2111 4412 rationi
2150 4356 2211 4411 et
2252 4351 2556 4411 convictui
2580 4351 2879 4422 humanu,
2911 4354 2983 4408 ut
3006 4366 3117 4427 pro
3158 4365 3291 4406 ma-

1726 4447 1898 4506 teriae
1946 4450 2011 4505 et
2058 4461 2473 4524 personarum
2526 4443 2827 4523 gravitate
2870 4442 3063 4520 possit
3091 4458 3293 4498 mora-

1727 4540 1867 4600 liter
1885 4539 2163 4617 reputari
2194 4537 2507 4597 sufficiens
2550 4533 2629 4596 ad
2650 4535 3107 4596 dissolvendam
3142 4532 3299 4593 afni-

1728 4634 1958 4704 citiam‚
1981 4633 2415 4693 ctviolandam
2446 4629 2835 4704 charitatem,
2862 4629 3131 4708 ideoque
3155 4645 3297 4705 pec·
3345 4695 3355 4703 ,

1729 4733 1939 4788 catum
1994 4745 2133 4787 esse
2192 4725 2509 4796 mortale,
2558 4725 2635 4784 de
2680 4741 2807 4802 quo
2855 4723 3035 4802 plura
3100 4721 3293 4781 videri

1730 4827 1993 4900 possunt
2016 4821 2079 4881 in
2108 4818 2427 4880 modernis
2464 4818 2958 4895 expositionibus
2981 4817 3106 4877 divi
3132 4803 3297 4875 Tho-

1731 4933 1849 4975 mae
1873 4917 1934 4975 2.
1969 4916 2029 4989 2,
2067 4919 2286 4993 quaest.
2325 4914 2424 4986 88,
2454 4917 2571 4971 art.
2606 4915 2631 4972 1
2684 4915 2744 4971 et
2770 4913 2828 4986 3,
2858 4917 2917 4971 et
2947 4919 3160 4989 quaest.
3192 4909 3292 4978 6⁴2,

1730 5007 1795 5067 in
1836 5006 2166 5086 principio,
2199 5008 2329 5066 Hoc
2372 5010 2581 5064 autem
2630 5004 2919 5064 ultimum
2968 5007 3297 5064 consenta-

1730 5117 1921 5161 neum
1961 5106 2055 5160 est
2078 5100 2204 5178 juri
2242 5087 2580 5180 (3011οᾤ00,
2612 5097 2677 5156 in
2714 5115 2851 5176 cap.
2889 5095 3183 5170 Qualiter,
3219 5093 3295 5153 de

1731 5193 1952 5264 Paetis,
1986 5192 2092 5252 ubi
2120 5192 2345 5252 dicitur
2374 5190 2648 5251 studiose
2692 5188 3008 5267 agendum
3038 5205 3198 5258 esse,
3232 5191 3298 5244 ut

1731 5303 1806 5345 ea
1848 5301 1989 5362 quae
2036 5285 2483 5364 promittuntur
2532 5282 3009 5360 adimpleantur.
3042 5281 3131 5338 Ex
3174 5295 3297 5354 quo

1729 5377 2209 5440 panormitanus
2240 5377 2471 5454 colligit
2494 5375 2637 5454 jure
2673 5373 2983 5434 Canonico
3028 5371 3161 5432 dari
3201 5387 3297 5429 ac-

1729 5472 1966 5532 tionem
2026 5488 2104 5531 ex
2156 5471 2215 5532 vi
2258 5467 2555 5547 simplicis
2612 5463 3066 5546 promissionis
3121 5459 3299 5534 Quod

1729 5583 1860 5628 non
1891 5565 2178 5626 existimo
2209 5571 2471 5637 certum,
2510 5551 2638 5622 sive
2684 5559 3067 5639 intelligatur
3095 5557 3173 5618 de
3198 5571 3303 5618 acv
