3850 6225
883 398 1053 452 SECT.
1090 397 1149 450 V.
1188 397 1465 460 Quinum
1499 399 1563 452 IN
1594 399 1719 452 ⁰130
1750 399 1849 452 sn·
1883 400 2287 454 VfflmCA‘rwA
2317 402 2610 455 JUSTl‘l'lA.

137 506 199 562 et
232 501 295 560 in
324 497 533 579 specie
568 497 649 560 de
686 497 1120 570 distributiva3
1150 515 1301 558 nam
1344 505 1589 578 oportet
1630 503 1700 561 ut

138 591 403 671 speciale
422 592 529 671 jus
558 591 814 652 alterius
838 591 1131 671 respiciat
1160 591 1223 652 in
1252 607 1378 670 quo
1400 591 1699 662 fundetur

136 685 289 746 ratio
328 684 467 746 talis
506 684 721 746 debiti.
750 683 953 746 Minor
980 703 1128 746 vero
1174 685 1365 746 etiam
1412 691 1585 765 patet
1620 703 1697 746 ex

136 777 311 839 dictis
338 777 405 840 in
428 777 711 857 proximo
735 763 991 857 pun'cto,
1014 779 1160 856 quia
1184 777 1445 850 malum,
1470 785 1541 840 ut
1566 797 1697 840 ma·-

135 869 285 946 lum,
314 889 443 932 non
488 870 755 932 debetur
796 871 974 932 alteri
1016 871 1405 950 delinquenti
1433 891 1511 933 ex
1554 891 1699 952 spe-

137 964 273 1024 ciali
302 965 468 1043 jure,
500 963 673 1042 quod
714 964 849 1044 ipse
882 964 1115 1026 habeat
1152 965 1235 1026 ad
1268 964 1393 1028 tale
1432 965 1695 1040 malum,

136 1057 247 1118 sed
270 1056 477 1137 potius
508 1057 642 1136 ipse
674 1062 771 1118 est
794 1057 1041 1118 debitor
1068 1056 1527 1131 satisfactioniS,
1558 1075 1697 1136 qum

133 1169 243 1230 per
282 1151 659 1232 condignam
692 1169 947 1233 poeuam
976 1152 1059 1213 ab
1096 1153 1229 1232 ipso
1262 1159 1693 1234 extorquetur.

133 1245 203 1304 Et
229 1244 583 1306 declaratur
600 1245 867 1326 amplius
890 1245 1081 1306 etiam
1102 1246 1165 1306 in
1188 1245 1513 1324 punitione
1534 1247 1697 1308 iuter

132 1337 437 1409 homines,
464 1356 540 1398 ex
560 1337 913 1401 differentia
932 1337 1095 1398 inter
1120 1339 1468 1418 principem
1492 1338 1697 1400 distri-

130 1431 427 1494 buentem
459 1431 717 1510 proemia
746 1435 811 1494 et
835 1449 1081 1510 poenas.
1114 1433 1273 1494 Nam
1318 1433 1385 1492 iu
1424 1437 1693 1512 utroquo

130 1543 389 1586 munere
419 1525 627 1588 reddit
653 1525 959 1604 imprimis
986 1525 1267 1587 debitum
1294 1526 1692 1606 Reipublicae,

132 1619 207 1680 ad
230 1619 411 1699 cujus
448 1636 785 1680 commune
810 1618 1049 1681 bonum
1082 1626 1347 1700 uterque
1378 1626 1555 1681 actus
1582 1638 1697 1682 ne-

130 1713 435 1774 cessarius
478 1719 607 1784 est;
640 1719 704 1774 et
744 1710 885 1774 ideo
932 1716 1197 1791 uterque
1244 1719 1421 1775 actus
1464 1731 1579 1793 pcr
1626 1731 1695 1775 se

131 1811 362 1885 spectat
390 1806 475 1868 ad
496 1805 803 1886 justitiam
821 1805 1122 1886 legaleim
1145 1813 1375 1886 proeter
1404 1809 1523 1869 hoc
1548 1826 1697 1871 vero

132 1900 455 1978 proemium
508 1899 793 1960 redditur
836 1899 1042 1980 dignis
1090 1906 1392 1978 tanquam
1440 1900 1697 1980 speciali

128 1993 311 2054 modo
352 1995 477 2055 illis
514 1994 817 2067 debitum,
850 1999 915 2056 et
942 1995 1191 2076 speciali
1214 1997 1361 2074 jure
1402 1996 1575 2074 quod
1613 1996 1697 2058 ad

125 2087 277 2147 illud
332 2085 591 2148 habent.
646 2087 825 2150 Unde
864 2088 915 2148 si
962 2088 1067 2150 illo
1112 2089 1425 2150 immerito
1488 2089 1695 2168 prive-

127 2182 223 2240 tur
250 2179 500 2259 aliquis,
524 2198 653 2241 non
678 2185 923 2242 tantum
942 2179 1013 2241 fit
1034 2180 1261 2260 injuria
1290 2181 1691 2262 Reipublicae,

126 2273 233 2334 sed
262 2274 455 2334 etiam
482 2273 841 2352 particulari
879 2291 1192 2353 personae,
1217 2273 1320 2335 >cui
1348 2293 1426 2336 ex
1451 2275 1691 2353 justitia

127 2366 515 2430 distributiva
542 2366 911 2430 debebatur.
945 2370 1023 2428 At
1050 2386 1201 2429 vero
1226 2385 1415 2446 poena
1440 2387 1569 2430 non
1594 2370 1691 2430 in-

126 2459 359 2538 fligitur
377 2477 493 2521 reo
514 2477 591 2521 ex
608 2479 773 2526 novo
792 2465 857 2522 et
874 2461 1125 2540 speciali
1146 2460 1357 2522 debito
1375 2461 1458 2523 ad
1480 2461 1683 2536 illam3

126 2554 311 2627 unde,
344 2553 403 2615 si
434 2553 539 2614 illa
574 2554 877 2632 privetur,
906 2554 1081 2614 nulla
1108 2554 1169 2616 ei
1192 2554 1265 2616 fit
1300 2555 1550 2634 injuria,
1574 2555 1691 2616 sed

126 2647 501 2728 Reipublicae
530 2653 806 2721 tantum;
834 2648 1005 2726 quod
1039 2653 1135 2710 est
1164 2647 1415 2728 signum
1444 2648 1534 2709 ibi
1560 2667 1688 2710 non

126 2741 499 2806 intervenire
540 2740 860 2820 propriam
906 2741 1239 2814 actionem,
1284 2741 1444 2803 sicut
1480 2759 1687 2820 neque

125 2834 567 2915 obligationem
598 2834 849 2913 justitioe
886 2833 1323 2908 distributivas;
1358 2853 1509 2916 ergo
1548 2835 1689 2898 talis

124 2928 279 2988 actio
318 2945 403 2988 ex
434 2945 527 2999 se,
578 2933 641 2988 et
678 2943 755 2988 ex
802 2945 915 2988 sua
958 2927 1201 2990 ratione
1241 2927 1513 3002 formali,
1558 2947 1687 2990 non

122 3021 393 3098 pertinet
416 3021 501 3082 ad
521 3019 825 3098 justitiam
870 3020 1359 3104 distributivam3
1398 3039 1551 3100 ergo
1580 3039 1688 3082 ne·

122 3132 239 3193 que
268 3116 339 3177 in
369 3116 496 3177 Deo
524 3114 883 3195 pertinebit,
906 3115 1055 3193 quia
1094 3120 1225 3176 tota
1248 3116 1413 3177 ratio
1430 3114 1595 3177 facta
1620 3117 1685 3177 in

122 3226 193 3268 eo
222 3206 529 3287 procedit,
552 3214 617 3269 et
640 3208 793 3269 nihil
818 3208 1179 3287 speciale-in
1214 3208 1350 3288 ipso
1378 3208 1687 3289 assignari

121 3306 339 3379 potest.
370 3302 503 3362 Imo
535 3320 613 3363 ex
636 3300 757 3363 alio
786 3302 991 3380 capite
1004 3307 1108 3361 est
1124 3300 1189 3361 in
1212 3320 1289 3363 eo
1308 3301 1597 3383 specialis
1622 3308 1689 3364 et

122 3396 317 3475 major
338 3394 521 3466 ratic,
544 3394 716 3473 quia,
738 3399 809 3455 ut
826 3412 1017 3474 supra
1034 3394 1271 3457 dictum
1292 3402 1409 3467 est,
1431 3396 1684 3475 propria

114 3488 357 3567 justitia
378 3505 510 3549 non
536 3487 729 3549 habet
760 3487 971 3549 locum
994 3488 1059 3549 in
1094 3488 1251 3565 Deo,
1279 3489 1399 3551 uisi
1425 3488 1683 3551 fundata

122 3582 181 3641 in
222 3580 639 3661 promissione
676 3586 739 3641 et
766 3585 982 3659 pacto;
1016 3581 1151 3643 hoec
1180 3587 1397 3644 autem
1424 3582 1687 3663 promis·

120 3676 231 3749 sio,
258 3692 409 3754 qum
448 3672 787 3753 specialem
818 3672 1265 3753 obligationem
1298 3676 1555 3754 justitiae
1586 3677 1683 3737 in-

118 3768 325 3841 ducat,
350 3784 485 3829 non
510 3766 702 3827 habet
738 3766 947 3828 locum
975 3768 1227 3847 proprie
1250 3769 1313 3829 in
1342 3769 1679 3831 inflictione

118 3878 471 3939 poenarum,
504 3866 568 3921 et
608 3859 751 3921 ideo
800 3862 1007 3939 potius
1044 3862 1444 3924 comminatio
1488 3880 1679 3942 quam

118 3954 445 4031 promissio
472 3953 595 4015 dici
620 3952 801 4013 solet.
832 3954 991 4014 Nam
1014 3954 1069 4015 si
1096 3954 1527 4019 consideretur
1546 3972 1681 4016 res-

116 4054 299 4126 pectu
356 4046 519 4107 illius
567 4046 671 4107 cui
716 4046 881 4107 Deus
928 4064 1185 4125 poenam
1238 4048 1677 4121 comminatur,

118 4157 243 4201 non
280 4144 488 4219 potest
526 4138 824 4201 inducere
858 4139 1325 4219 obligationem,
1362 4159 1507 4203 cum
1539 4140 1679 4203 talis

120 4233 371 4295 inflictio
396 4233 475 4294 sit
499 4232 587 4293 illi
614 4232 1053 4309 involuntaria,
1078 4234 1178 4295 cui
1208 4234 1475 4295 libenter
1496 4234 1677 4297 cede·

118 4331 214 4389 ret
234 4327 285 4387 si
314 4332 554 4405 posset;
584 4332 873 4405 respectu
900 4344 1051 4387 vero
1078 4326 1345 4387 aliorum
1370 4328 1453 4405 (si
1482 4327 1679 4408 finga-

118 4436 259 4479 mus
278 4418 469 4499 justis
486 4418 845 4498 promisisse
870 4420 1073 4481 Deum
1096 4420 1320 4497 punire
1352 4420 1677 4500 injustos),

120 4516 377 4580 omnino
426 4513 774 4575 extrimeca
827 4516 891 4575 et
937 4512 1355 4575 accidentaria
1402 4520 1497 4576 est
1538 4514 1681 4576 talis

120 4606 481 4684 promissi03
506 4604 679 4667 etad
712 4622 1029 4667 summum
1048 4607 1393 4685 pertinebit
1416 4607 1499 4669 ad
1526 4608 1683 4669 flde-

120 4700 361 4762 litatem
389 4698 751 4779 quamdam,
772 4698 875 4760 vel
902 4700 1091 4761 etiam
1112 4701 1195 4761 ad
1211 4701 1533 4780 prumiam
1552 4702 1683 4782 jus-

120 4799 351 4867 torum,
376 4793 431 4856 si
456 4793 581 4857 hoc
600 4791 1009 4854 :redundetin
1038 4794 1438 4855 commodum
1478 4800 1543 4857 et
1574 4795 1685 4857 bo-

119 4904 275 4947 num
300 4886 581 4961 illomm;
608 4902 935 4964 nunquam
960 4904 1109 4948 vero
1136 4888 1407 4967 pertinet
1434 4888 1517 4951 ad
1543 4907 1685 4968 pro·-

120 4980 321 5058 priam
341 4978 643 5059 justitiam
671 4978 1123 5042 distributivam
1148 4988 1439 5061 respectu
1460 4984 1679 5045 eorum

120 5074 225 5152 qui
264 5074 633 5154 puniuntur,
675 5073 847 5155 quod
888 5091 1058 5136 nunc
1092 5076 1357 5155 agimus.

552 5268 919 5345 Quaem
952 5266 1261 5334 resolutio.

198 5443 297 5503 16.
337 5438 595 5507 Paniao
632 5442 701 5507 in
741 5442 865 5505 Deo
890 5444 983 5505 eet
1008 5446 1183 5505 actus
1217 5441 1681 5523 moidmticlis

100 5534 825 5616 mucia-Dicendum
850 5552 1001 5620 ergo
1026 5550 1253 5600 conseo
1286 5533 1679 5615 punitionem

3225 399 3346 462 575

1777 499 2090 561 malorum
2118 501 2182 561 iu
2207 502 2336 563 Deo
2363 519 2502 563 esse
2527 507 2738 562 actum
2765 502 2930 564 illius
2949 502 3204 582 justitiae
3229 523 3345 586 gu·-

1777 593 2116 654 bernativae
2141 639 2159 668 ,
2209 611 2322 655 seu
2367 593 2835 674 providentialis
2859 641 2874 670 ,
2917 613 3110 676 quam
3153 597 3344 680 paulo

1776 694 1963 749 antea
1993 689 2418 768 exposuimus·
2443 691 2574 752 Hoc
2613 691 2762 752 satis
2787 690 3034 753 videtur
3057 693 3344 754 concludi

1778 801 1855 842 ex
1878 783 2056 845 dictis
2086 784 2250 844 circa
2287 783 2443 845 alias
2474 785 2834 846 sententias
2864 787 3020 846 Nam
3049 788 3221 866 quod
3243 789 3344 850 hic

1773 880 1956 936 actus
1997 875 2264 954 alicujus
2301 877 2558 955 justitiae
2605 877 2704 950 sit,
2736 878 2968 956 optime
3010 880 3342 958 probatum

1778 973 1895 1040 est,
1939 968 2086 1048 quia
2115 975 2402 1030 versatur
2437 970 2502 1030 in
2531 971 2896 1050 operatione
2940 972 3022 1032 ad
3051 973 3338 1048 alterum,

1777 1060 1930 1122 etin
1959 1079 2034 1122 ea
2059 1062 2314 1141 respicit
2339 1061 2615 1141 aliquam
2645 1063 3090 1142 aequalitatem,
3121 1085 3344 1128 secun·-

1778 1153 1930 1215 dum
1957 1171 2148 1233 quam
2171 1155 2276 1215 ille
2305 1159 2482 1216 actus
2509 1155 2694 1218 habet
2737 1158 3128 1220 honestatem
3159 1161 3342 1223 valde

1774 1247 1992 1308 utilem
2022 1253 2086 1308 et
2107 1247 2586 1310 convenientem
2605 1248 2689 1309 ad
2709 1267 3041 1312 commune
3067 1252 3337 1328 bonum;

1774 1339 1946 1419 quod
1985 1341 2134 1401 satis
2175 1346 2270 1402 est
2316 1341 2400 1402 ad
2443 1341 2720 1422 aliquam
2757 1344 3066 1406 rationem
3086 1347 3340 1426 justitiae

1776 1433 2298 1494 constituendam.
2348 1435 2656 1497 Proeterea
2707 1441 3028 1498 ostensum
3075 1445 3172 1501 est
3218 1441 3340 1502 hoc

1774 1543 2007 1587 munus
2027 1544 2152 1588 nou
2181 1527 2494 1606 pertinere
2519 1527 2602 1588 ad
2620 1528 2925 1608 justitiam
2953 1533 3344 1594 commutati·-

1774 1637 1942 1692 vum,
1969 1619 2068 1680 vel
2110 1618 2566 1682 distributivam
2593 1621 2868 1701 proprie,
2903 1639 3042 1701 quae
3079 1625 3146 1685 iu
3187 1627 3336 1700 Deo,

1774 1715 1847 1770 ut
1866 1711 2163 1786 diximus,
2187 1730 2314 1772 uua
2347 1718 2409 1774 et
2437 1713 2659 1774 eadem
2682 1719 2804 1788 est;
2829 1721 2894 1776 et
2915 1715 3058 1778 ideo
3085 1719 3340 1780 exclusa

1776 1823 1905 1866 una
1933 1823 1972 1866 a
1993 1805 2101 1867 tali
2127 1810 2292 1880 actu,
2317 1806 2666 1868 excluditur
2691 1807 2834 1882 alia,
2859 1815 2922 1870 et
2949 1828 2984 1871 e
3009 1828 3334 1875 converso.

1774 1897 1851 1958 Et
1882 1899 2044 1960 ratio
2083 1899 2332 1978 utrique
2373 1900 2726 1961 communis
2759 1907 2874 1976 est,
2915 1903 3061 1982 quia
3090 1904 3343 1985 respicit

1768 1990 1875 2070 jus
1913 1992 2192 2066 alterius,
2222 2000 2286 2054 et
2309 1993 2616 2068 debitum,
2655 1994 2826 2073 quod
2855 1995 3002 2058 inde
3034 2001 3334 2072 nascitur,

1773 2085 2130 2147 radicaliter
2155 2083 2486 2148 fundatum
2513 2086 2578 2148 in
2603 2086 2814 2150 divina
2837 2090 3252 2168 promissione
3275 2097 3340 2154 et

1770 2183 1987 2256 pact03
2035 2179 2204 2259 quod
2245 2185 2446 2241 totum
2489 2180 2554 2242 in
2594 2181 2714 2242 hac
2753 2183 3080 2262 punitione
3129 2186 3338 2248 locum

1772 2287 1900 2332 non
1959 2271 2170 2334 habet.
2225 2272 2510 2350 Denique
2557 2278 2882 2336 ostensum
2934 2283 3060 2352 est,
3109 2289 3340 2359 praeter

1770 2364 1936 2425 hanc
1954 2365 2259 2444 justitiam
2287 2365 2648 2445 specialem,
2682 2368 2884 2456 solum
2919 2388 3058 2432 esse
3103 2371 3168 2432 in
3205 2374 3337 2434 Deo

1770 2457 1940 2519 illam
1999 2458 2384 2539 generalem,
2451 2477 2566 2520 seu
2617 2461 3120 2540 gubernativam3
3185 2484 3336 2546 ergo

1769 2558 1940 2614 recte
1967 2552 2359 2614 concluditur
2393 2552 2562 2614 huuc
2601 2559 2810 2615 actum
2835 2555 2918 2616 ad
2951 2556 3121 2618 illam
3145 2561 3338 2638 perti·

1770 2663 1948 2707 nere.

1848 2738 2266 2802 confirmatur
2313 2741 2539 2821 primo,
2581 2739 2728 2820 quia
2771 2742 2960 2802 etiam
3005 2746 3336 2824 praemium

1768 2830 2102 2906 bonorum,
2145 2835 2388 2896 secluso
2435 2839 2639 2915 pacto,
2687 2833 2770 2894 ad
2815 2835 2989 2896 illam
3028 2837 3336 2916 justitiam

1768 2925 2130 3002 pertineret.
2161 2927 2318 2988 Item
2357 2927 2442 2988 ad
2469 2945 2612 2988 carn
2651 2933 2938 3006 spectant
2975 2948 3198 2992 omnes
3232 2951 3338 2993 ao·-

1767 3017 1994 3090 tioneS,
2033 3019 2262 3096 quibus
2307 3021 2477 3082 Deus
2516 3021 2754 3100 aliquid
2799 3022 3040 3084 confert
3079 3031 3338 3104 propter

1766 3111 2248 3173 convenientem
2273 3114 2694 3193 aequalitatem
2719 3116 3114 3193 servandam,
3137 3126 3206 3180 ut
3231 3136 3334 3180 su-

1764 3220 1879 3281 pra
1905 3202 2214 3266 declaravi
2235 3226 2250 3279 ;
2281 3224 2432 3287 ergo
2461 3214 2526 3268 et
2551 3207 2706 3269 hoec.
2732 3208 3009 3271 Tandem
3040 3211 3102 3271 in
3129 3212 3336 3273 homi-

1766 3297 1952 3359 nibus
1993 3298 2124 3360 haec
2163 3300 2324 3361 actio
2357 3300 2616 3381 positive
2657 3306 2722 3362 et
2745 3320 2860 3381 per
2883 3320 2954 3363 se
2985 3310 3226 3383 spectat
3247 3306 3332 3366 ad

1759 3390 2066 3471 justitiam
2111 3392 2404 3473 legalem,
2453 3400 2526 3455 ut
2569 3412 2760 3473 supra
2807 3396 2998 3457 etiam
3045 3399 3325 3473 ostendi3

1767 3502 1918 3564 ergo
1940 3484 2006 3545 in
2033 3486 2164 3547 Deo
2183 3486 2519 3566 pertinebit
2542 3488 2626 3549 ad
2647 3488 2818 3549 illam
2838 3490 3166 3569 justitiam,
3191 3510 3334 3571 quoe

1762 3576 1952 3657 legali
1969 3580 2444 3659 correspondet,
2469 3599 2609 3661 quae
2627 3587 2727 3643 est
2743 3583 2878 3645 hoec
2895 3584 3298 3663 gubernativa
3311 3630 3326 3646 .

1844 3673 1946 3731 17.
1993 3672 2140 3736 Non
2167 3679 2470 3755 repuqnat
2509 3691 2753 3739 servare
2777 3677 2972 3739 Deum
3015 3678 3088 3739 in
3129 3682 3334 3759 poenir

1760 3764 2206 3829 arithmeticam
2231 3772 2290 3829 ec
2325 3769 2744 3847 pometricam
2763 3768 3231 3851 Μονείοκωκ.
3247 3804 3332 3823 -·

1758 3856 1845 3918 In
1879 3858 2078 3935 panis
2116 3858 2474 3940 insliyendie
2490 3862 2804 3940 proportio
2829 3861 3188 3941 pembr-ica
3211 3880 3330 3926 non

1748 3966 1867 4029 por
1892 3966 1958 4011 se
1997 3948 2336 4013 intendetur
2357 3948 2518 4015 siout
2537 3951 2608 4013 ia
2631 3954 3032 4017 retributione
3044 3958 3330 4036 prmio·

1758 4060 1919 4104 rum.
1962 4074 2046 4089 —
2087 4041 2334 4105 Addere
2361 4060 2514 4104 vero
2556 4062 2816 4107 necesse
2847 4052 2965 4120 est,
2989 4048 3137 4109 huic
3167 4050 3332 4110 veri-

1760 4136 1869 4197 tati
1912 4154 2042 4197 non
2065 4154 2419 4216 repugnare
2449 4138 2619 4216 quod
2645 4140 2840 4213 Deus,
2869 4140 2936 4201 in
2975 4138 3332 4221 infligendis

1759 4229 1966 4308 poenis
2003 4230 2469 4309 proportionem
2499 4236 2562 4291 et
2601 4232 3056 4295 arithmeticam
3095 4240 3160 4296 et
3186 4224 3332 4315 g'eo·

1758 4322 2084 4383 metricam
2138 4340 2388 4385 servare
2448 4324 2646 4403 possit
2682 4344 2701 4399 3
2757 4343 2911 4388 nam
2957 4373 2974 4399 ‚
3027 4334 3098 4389 ut
3161 4347 3330 4408 saepe

1760 4413 1930 4489 dixi,
1981 4415 2119 4477 aliae
2179 4416 2369 4479 etiam
2415 4418 2676 4481 virtutes
2737 4420 2860 4481 hoc
2925 4420 3164 4484 faciunt
3211 4423 3330 4483 sub

1759 4510 2030 4587 propriis
2073 4510 2439 4587 rationibus,
2469 4511 2573 4573 vel
2611 4512 2878 4587 debitis;
2912 4518 2996 4575 ut·
3012 4514 3328 4590 gratitudo

1764 4602 1936 4680 (huic
1985 4602 2154 4663 enim
2184 4603 2514 4665 vindicatio
2542 4606 2998 4684 proportionari
3027 4607 3230 4688 solet),
3263 4610 3330 4670 in

1760 4694 2170 4774 rependendo
2215 4695 2544 4771 beneficio,
2592 4702 2656 4758 et
2684 4698 3098 4777 quantitatem
3139 4700 3334 4763 bene-

1760 4786 1885 4848 ficii
1904 4788 2226 4849 considera
2235 4794 2280 4862 t,
2307 4794 2378 4850 ut
2395 4790 2738 4870 condignas
2763 4796 2998 4872 gratias
3015 4794 3330 4870 exhibeat,

1764 4882 1813 4943 si
1843 4885 2086 4961 potest;
2121 4887 2184 4943 et
2221 4882 2275 4943 si
2301 4883 2478 4945 multi
2505 4884 2629 4947 sint
2668 4884 3126 4961 benefactores,
3169 4888 3332 4951 inter

1761 4966 1869 5036 eo's
1912 4974 2382 5054 proportionem
2423 4981 2652 5053 servat,
2693 4985 3000 5057 quantum
3035 4984 3241 5061 potest
3267 4986 3331 5043 ct

1760 5084 2021 5129 necesse
2047 5071 2163 5129 est.
2193 5066 2294 5131 Sic
2317 5086 2468 5149 ergo
2487 5071 2678 5144 Deus,
2704 5070 2850 5134 licet
2875 5072 2942 5133 in
2973 5072 3332 5154 infligendis

1760 5160 1968 5241 poenis
1985 5180 2116 5225 nou
2133 5169 2428 5241 operetur
2441 5182 2522 5226 ex
2535 5165 2788 5245 speciali
2815 5166 3026 5229 debito
3047 5166 3327 5247 justitias,

1760 5254 2166 5317 nihilominus
2197 5272 2276 5317 ex
2305 5256 2414 5319 illo
2455 5259 2898 5340 qualicumque
2941 5259 3154 5321 debito
3187 5279 3332 5340 spe-

1761 5347 1936 5409 cialis
1981 5347 2428 5424 condecentiae,
2453 5350 2536 5413 ob
2565 5352 2912 5415 bonitatem
2955 5370 3162 5427 suam,
3185 5354 3332 5415 uni-

1760 5439 1988 5519 cuique
2011 5446 2268 5520 peccato
2293 5442 2518 5522 infligit
2541 5462 2796 5523 poenam
2825 5446 3174 5509 secundum
3199 5464 3333 5508 me-

1758 5534 1952 5599 ritum
2001 5542 2066 5599 et
2097 5536 2510 5615 quantitatem
2537 5540 2698 5617 ejus,
2751 5544 2988 5602 attenta
3033 5539 3174 5621 iege
3201 5558 3333 5622 qua
