3850 6225
683 369 817 424 cAr.
855 372 936 424 vt.
973 369 1142 424 Dmm
1174 368 1298 423 NON
1329 369 1910 424 PRAEDETERMINARE
1946 371 2203 425 PHYSICE
2234 371 2537 434 HOMINUM,
2570 371 2719 424 ET&-

1705 493 1710 498 ·
1737 470 1801 532 in
1835 472 2052 534 ordine
2095 479 2334 534 naturae
2376 480 2641 548 tantum,
2683 479 2746 536 et
2776 480 2843 536 ut
2870 474 3127 554 physice
3159 493 3304 535 con-

125 483 351 536 tensum
379 478 494 548 est,
529 478 586 532 et
604 489 770 533 nunc
795 473 1062 551 amplius
1091 472 1466 534 declaratur.
1499 472 1654 544 Quia

123 568 208 628 vel
234 565 564 627 necessitas
591 566 776 644 hujus
807 567 1476 645 praedeterminationis
1501 567 1656 646 phy-

124 664 248 724 sicae
265 661 322 720 in
351 658 590 720 actibus
607 658 788 720 bonis
813 659 1010 722 oritur
1037 678 1114 721 ex
1141 659 1419 739 generali
1440 659 1657 720 subor-

123 755 412 816 dinatione
451 753 786 814 voluntatis
827 759 1052 814 creatae
1085 753 1166 813 ad
1199 753 1471 832 primam
1511 771 1656 814 cau-

121 868 260 924 sam,
290 855 349 909 et
378 847 653 928 generali
697 847 958 919 influxu,
996 865 1106 907 seu
1137 865 1448 908 concursu
1494 847 1652 926 ejuS,

119 944 204 1004 vel
230 961 301 1002 ex
325 940 576 1019 speciali
603 940 844 1000 ratione
872 944 936 1000 et
963 939 1242 1000 bonitate
1286 941 1504 1002 talium
1555 959 1659 1002 ac-

117 1045 294 1098 tuum.
323 1035 386 1096 Si
414 1033 536 1094 hoc
561 1035 874 1114 posterius
914 1034 1184 1106 dicatur,
1221 1041 1412 1095 ruunt
1443 1033 1659 1113 impri-

117 1131 219 1190 mis
239 1145 452 1188 omnes
475 1127 753 1188 rationes
781 1127 1008 1206 quibus
1036 1127 1176 1188 haee
1197 1127 1504 1188 sententia
1517 1127 1659 1186 fuu-

117 1224 308 1293 datur3
333 1237 554 1281 omnes
566 1221 734 1280 enim
761 1225 1098 1280 sumuntur
1121 1237 1200 1281 ex
1220 1220 1500 1298 generali
1513 1238 1658 1299 pro-

119 1315 388 1388 videntia,
420 1313 788 1374 causalitate
820 1318 884 1374 et
921 1313 1162 1374 influxu
1187 1315 1324 1387 Dei,
1351 1320 1422 1375 ut
1449 1313 1656 1375 statim

115 1409 456 1471 videbimus,
489 1407 734 1469 Deinde
766 1407 1050 1486 sequitur
1085 1427 1160 1469 ex
1191 1407 1488 1487 praedicta
1509 1425 1655 1468 sen-

117 1504 280 1564 tentia
313 1503 468 1563 hanc
499 1502 1235 1582 praedeterminationem
1265 1519 1390 1562 non
1420 1500 1653 1580 requiri

117 1597 184 1658 ad
208 1602 370 1658 actus
397 1596 630 1670 bonoS,
649 1601 719 1656 ut
751 1596 1112 1675 generalem
1134 1613 1508 1657 concursum
1527 1595 1656 1672 pri-

119 1710 212 1750 mae
235 1707 451 1760 causae,
476 1688 594 1749 sed
623 1693 691 1749 ut
716 1688 985 1767 speciale
1015 1689 1339 1761 auxilium,
1358 1688 1490 1749 sine
1524 1705 1649 1766 quo

119 1783 230 1846 fieri
255 1801 371 1844 non
396 1788 666 1862 possunt
690 1801 706 1854 3
729 1782 1009 1844 incidunt
1024 1800 1174 1861 ergo
1199 1783 1266 1842 in
1287 1781 1648 1860 opinionem

117 1876 380 1955 Gregorii,
418 1895 621 1954 quam
660 1876 797 1936 aliis
833 1875 988 1936 locis
1019 1875 1268 1954 ipsimet
1300 1875 1642 1945 damnant3

121 1971 337 2041 scilicet,
367 1987 494 2029 non
525 1986 716 2048 posse
745 1968 882 2029 fieri
927 1986 964 2028 a
989 1967 1172 2028 nobis
1205 1967 1404 2027 ullum
1441 1971 1647 2027 actum

120 2063 396 2123 moraliter
436 2062 706 2132 bonum,
745 2061 880 2122 sine
911 2060 1168 2139 speciali
1205 2059 1458 2120 auxilio.
1491 2060 1646 2130 Imo,

121 2157 232 2236 plus
275 2156 462 2217 multo
514 2160 814 2216 asserunt
865 2171 1057 2234 quam
1124 2153 1498 2234 Gregorius3
1543 2152 1649 2212 ille

123 2251 255 2309 enim
290 2249 486 2310 solum
519 2248 786 2328 requirit
815 2247 1116 2308 auxilium
1158 2246 1398 2306 morale
1433 2250 1496 2306 et
1547 2261 1651 2306 ex-

122 2345 302 2420 citanS,
322 2351 390 2404 ut
413 2345 628 2405 statim
659 2343 864 2403 dicam
887 2361 903 2414 3
930 2342 992 2401 hi
1019 2359 1170 2402 vero
1197 2340 1525 2420 requirunt
1541 2357 1649 2398 au-

121 2438 294 2497 xilium
314 2437 672 2516 physicum,
704 2435 1206 2496 efficacissimum
1237 2439 1298 2495 et
1315 2432 1652 2513 praedeter-

119 2531 343 2590 minans.
377 2530 468 2590 Ad
514 2531 656 2590 haec
706 2529 946 2590 nullam
990 2529 1262 2589 afferunt
1311 2525 1650 2606 specialem

118 2625 403 2700 rationem,
436 2623 519 2684 ob
545 2641 744 2700 quam
782 2623 906 2683 hoc
947 2621 1248 2682 auxilium
1301 2619 1652 2698 specialiter

119 2717 180 2777 sit
202 2717 622 2778 necessarium
663 2715 744 2776 ad
771 2715 890 2776 hos
931 2719 1129 2788 actus,
1173 2732 1248 2774 eo
1293 2712 1464 2792 quod
1496 2711 1646 2772 boni

120 2819 254 2870 sunt.
281 2812 430 2872 Nam
461 2816 602 2872 tota
631 2809 857 2871 entitas
895 2809 1036 2870 talis
1063 2814 1260 2882 actuS‚
1295 2813 1356 2868 et
1383 2809 1514 2867 tota
1537 2805 1646 2865 ho-

120 2903 250 2964 nitas
273 2906 399 2984 ejus
427 2908 524 2964 est
551 2903 1028 2982 proportionata
1051 2901 1261 2962 virtuti
1299 2899 1510 2960 activae
1535 2915 1646 2958 na-

119 2999 269 3057 turali
311 2996 652 3058 voluntatis
695 3001 922 3057 nostras
958 3015 973 3068 3
1023 2995 1168 3056 ideo
1231 2994 1400 3054 enim
1436 2991 1501 3051 hi
1549 3009 1647 3051 ac-

119 3097 196 3151 tus
230 3090 501 3153 dicuntur
541 3107 688 3153 esse
745 3089 980 3151 ordinis
1027 3087 1363 3163 naturalia,
1413 3091 1476 3147 et
1503 3102 1649 3165 pro-

123 3187 410 3262 portionati
437 3192 686 3247 naturae
712 3202 727 3255 3
764 3182 908 3243 ideo
941 3182 1132 3244 etiam
1159 3198 1274 3261 per
1301 3198 1412 3241 eos
1439 3180 1648 3257 acqui-

124 3283 306 3338 runtur
339 3279 586 3340 habitus
613 3276 962 3349 naturaleS,
991 3276 1100 3354 qui
1130 3274 1212 3335 ad
1242 3292 1351 3335 eos
1381 3273 1650 3333 efficien-

123 3370 212 3429 dos
233 3372 290 3430 in
315 3390 422 3432 suo
462 3370 692 3432 ordine
721 3368 1040 3429 sufficiunt
1072 3387 1088 3441 3
1133 3367 1200 3427 in
1227 3367 1346 3427 hoc
1374 3365 1646 3444 denique

127 3462 372 3526 differunt
397 3464 460 3525 hi
491 3469 676 3525 actus
705 3480 744 3523 a
779 3461 1360 3543 supernaturalibus
1380 3458 1642 3531 actibus,

125 3560 176 3615 ut
189 3556 320 3618 libro
335 3558 510 3619 tertio
535 3557 825 3619 dicemus
851 3574 867 3629 3
901 3573 1053 3635 ergo
1079 3555 1322 3615 ratione
1352 3570 1480 3613 suae
1503 3570 1646 3631 spe-

126 3648 213 3708 riei
249 3654 302 3711 et
336 3650 658 3721 bonitatis,
692 3666 822 3710 non
853 3647 1166 3711 excedunt
1198 3646 1326 3708 vim
1377 3646 1646 3707 activam

123 3749 309 3803 nostrae
332 3742 696 3815 voluntatis,
737 3748 805 3803 ut
834 3760 1040 3803 causae
1081 3739 1378 3819 proximas
1418 3743 1480 3800 et
1518 3738 1647 3799 suf-

124 3831 345 3894 ficientis
374 3836 436 3895 in
485 3854 610 3896 suo
640 3835 894 3907 ordine3
945 3852 1097 3913 ergo
1150 3852 1227 3894 ex
1275 3834 1394 3893 hoc
1443 3832 1645 3911 capite

125 3942 226 3985 non
241 3930 554 4007 requirunt
579 3928 854 4008 speciale
889 3928 1224 3999 auxilium3
1268 3926 1510 4005 reliqua
1539 3944 1650 3986 au-

125 4024 224 4077 tem
253 4022 470 4095 omnia,
509 4027 778 4101 excepta
807 4021 1086 4082 bonitate
1129 4026 1192 4081 et
1218 4018 1505 4098 specifica
1534 4017 1650 4079 dif-

126 4111 364 4187 ferentia,
391 4116 752 4178 communia
789 4121 938 4175 sunt
962 4115 1060 4175 his
1101 4114 1342 4175 actibus
1373 4130 1516 4173 cum
1543 4130 1649 4173 ac-

126 4205 256 4267 tibus
289 4210 458 4270 malis
504 4229 626 4290 pro
665 4207 1028 4281 ⁴materiali3
1061 4226 1212 4289 ergo
1254 4206 1354 4269 vel
1399 4206 1482 4267 ad
1529 4208 1646 4267 hos

127 4301 279 4361 ctiam
299 4308 387 4364 est
407 4304 510 4365 illa
531 4302 1108 4383 praedeterminatio
1137 4300 1516 4373 necessaria,
1546 4299 1644 4360 vel

128 4410 228 4453 non
253 4398 434 4458 estad
469 4398 632 4459 illue.

189 4489 238 4546 4.
277 4490 468 4571 Neque
491 4510 568 4555 ex
602 4490 872 4574 ymo-ali
903 4491 1154 4569 infinum
1181 4506 1380 4552 cauete
1399 4488 1639 4569 pvimoe.

126 4609 188 4623 —
221 4580 376 4652 Quod
414 4584 464 4645 si
491 4585 752 4645 alteram
793 4589 1035 4662 partem
1063 4582 1316 4662 eligant,
1349 4582 1646 4642 nimirum

129 4670 222 4732 hoc
237 4676 514 4737 auxilium
538 4696 676 4739 esse
695 4675 1122 4737 necessarium
1146 4674 1228 4736 ad
1249 4675 1448 4736 bonos
1470 4682 1644 4736 actus

132 4782 192 4825 ex
225 4772 474 4846 generali
519 4774 760 4833 influxu
803 4790 1007 4833 causas
1049 4771 1264 4851 primae
1289 4816 1304 4844 ,
1356 4788 1505 4849 ergo
1545 4770 1645 4831 vel

132 4876 344 4924 necesse
371 4872 494 4939 est,
527 4871 596 4927 ut
637 4866 907 4927 doceant
935 4865 1296 4944 generalem
1334 4864 1642 4923 influxum

134 4968 296 5015 causoe
319 4959 526 5035 primae
563 4978 692 5020 non
723 4976 862 5020 esse
893 4958 1320 5019 necessarium
1357 4957 1440 5018 ad
1467 4963 1644 5017 actus

135 5046 293 5109 malos
341 5070 444 5130 pro
494 5053 838 5123 materiali,
899 5050 1068 5131 quod
1114 5051 1365 5129 ipsimet
1414 5050 1644 5111 erroris

133 5136 384 5205 damnant
424 5150 636 5207 contra
681 5144 1071 5217 Durandum,
1125 5150 1189 5204 et
1225 5143 1494 5214 merito3
1541 5143 1642 5205 vel

137 5238 268 5292 certe
291 5241 354 5297 ut
375 5238 650 5299 eamdem
680 5236 1400 5318 praedeterminationem
1430 5236 1641 5315 physi-

137 5339 246 5383 cam
276 5328 348 5388 ad
385 5336 555 5391 actus
594 5334 790 5394 malos
824 5331 1168 5411 requirant:
1217 5331 1432 5408 Neque
1473 5329 1642 5389 enim

134 5411 331 5493 fingere
361 5429 614 5501 possunt
643 5427 1010 5487 varietatem
1049 5424 1328 5503 aliquam
1358 5423 1422 5483 in
1453 5422 1640 5483 modo

137 5505 363 5574 influxus
389 5522 448 5576 et
471 5535 804 5580 concursus
827 5518 962 5593 Dei,
1000 5522 1072 5579 ut
1096 5534 1291 5579 causa
1312 5516 1518 5595 prima
1547 5521 1643 5578 est

3189 361 3304 427 133

1737 568 1926 628 currit
1966 586 2109 628 cum
2147 568 2344 630 libero
2389 569 2643 630 arbitrio
2684 568 2766 628 ad
2794 574 2971 629 actus
2998 569 3304 629 naturalis

1737 660 1994 735 ordiniS,
2042 667 2106 722 ut
2156 661 2237 722 ad
2293 661 2598 740 quosdam
2654 661 2895 722 dicatur
2944 664 3303 724 necessaria

1739 754 2100 833 simpliciter
2141 754 2369 835 praevia
2386 755 2739 833 “applicatio
2776 759 2837 814 et
2874 755 3303 833 praedetermi-

1737 847 1908 907 natio
1951 847 2171 908 efficax
2218 864 2423 908 causae
2464 848 2700 927 primae,
2746 853 2809 908 et
2846 849 3071 908 nonin
3116 848 3297 919 aliis3

1737 941 1884 1019 quia
1921 946 2051 1001 tam
2082 941 2493 1002 essentialiter
2536 947 2597 1001 et
2638 959 2751 1020 per
2786 959 2855 1001 se
2890 941 3173 1020 pendens
3207 949 3302 1003 est

1736 1033 2025 1095 voluntas
2064 1053 2100 1094 a
2140 1035 2267 1096 Deo
2297 1035 2363 1095 in
2391 1035 2630 1095 actibus
2660 1035 2839 1094 malis
2861 1081 2876 1107 ,
2911 1035 3065 1096 sicut
3092 1034 3158 1095 in
3187 1035 3302 1096 bo-

1744 1126 1839 1186 nis
1863 1146 1878 1199 3
1913 1133 1975 1188 et
2000 1133 2407 1206 utrorumque
2436 1129 2625 1189 hahet
2651 1129 2819 1188 Deus
2847 1128 3303 1206 providentiam

1737 1221 2067 1299 positivam
2104 1243 2121 1294 ;
2176 1221 2321 1298 quia
2382 1223 2513 1282 haec
2565 1227 2810 1282 tantum
2862 1239 2928 1282 se
2982 1221 3259 1282 extendit
3285 1267 3302 1294 ,

1737 1319 2043 1392 quantum
2072 1315 2409 1376 causalitas
2461 1314 2597 1376 Dei.
2646 1315 2823 1376 Unde
2870 1314 2951 1376 ad
3006 1321 3305 1394 utrosque

1737 1409 2051 1470 concurrit
2078 1427 2207 1470 nou
2234 1427 2385 1470 casu
2410 1410 2513 1470 vel
2539 1408 2790 1470 fortuito
2812 1454 2834 1486 ‚
2878 1411 2992 1470 sed
3022 1429 3099 1470 ex
3130 1416 3300 1471 certa

1737 1504 1995 1564 scientia
2026 1508 2087 1563 et
2114 1494 2546 1582 providentia:
2600 1520 2775 1584 erge,
2818 1504 2870 1564 si
2898 1505 3034 1564 haec
3058 1505 3293 1578 omnia,

1735 1601 1796 1657 et
1823 1599 1955 1656 tot-a
1982 1596 2085 1655 illa
2114 1597 2557 1674 dependentia,
2594 1602 2659 1657 et
2694 1596 3144 1668 subordinatio‚
3181 1597 3299 1658 sal-

1736 1695 1964 1753 vantur
1993 1690 2129 1750 sine
2164 1689 2393 1769 praevia
2432 1690 2537 1750 illa
2570 1689 2983 1768 applicatione
3017 1691 3083 1749 in
3113 1691 3300 1752 effec—

1735 1784 1908 1844 tione
1952 1789 2206 1844 actuum
2248 1783 2580 1857 malorum,
2630 1782 2969 1844 salvabitur
3006 1783 3193 1844 etiam
3234 1786 3298 1844 in

1731 1876 2060 1939 effectione
2104 1876 2439 1938 bonorum.
2492 1879 2761 1937 Rursum
2804 1875 3091 1935 voluntas
3123 1875 3296 1954 prius

1731 1977 1957 2032 natura
1985 1988 2175 2048 quam
2200 1988 2267 2030 se
2292 1969 2667 2031 determinet
2690 1969 2772 2030 ad
2800 1975 3008 2030 actum
3032 1968 3293 2044 malum,

1729 2068 1862 2124 tam
1903 2069 1999 2124 est
2023 2063 2387 2125 indifferens
2416 2062 2499 2124 ad
2532 2062 2739 2135 illum,
2774 2067 2883 2122 aut
2915 2061 3296 2123 contrarium

1731 2164 1941 2219 actum
2007 2156 2383 2218 eliciendum
2409 2201 2429 2231 ,
2482 2155 2642 2216 sicut
2694 2161 2791 2216 est
2842 2156 3015 2235 prius
3072 2162 3298 2217 natura

1731 2269 1920 2330 quam
1978 2249 2559 2329 praedeteminetur
2608 2249 2690 2310 ad
2742 2254 2951 2310 actum
3008 2250 3247 2311 bonum
3276 2269 3292 2321 3

1732 2361 1902 2422 ergo,
1950 2343 2025 2416 si,
2056 2361 2185 2404 non
2220 2342 2507 2404 obstante
2546 2343 2653 2403 illa
2686 2342 3124 2415 indifferentia,
3168 2360 3297 2403 non

1731 2439 1968 2517 indiget
2006 2438 2114 2498 tali
2158 2437 2831 2516 praedeteminafione,
2874 2443 2942 2498 ut
2980 2456 3047 2498 se
3094 2438 3297 2499 deter-

1729 2533 1927 2592 minet
1952 2531 2034 2592 ad
2062 2535 2271 2592 actum
2307 2531 2543 2591 malum
2566 2575 2582 2601 ,
2632 2549 2839 2610 neque
2868 2531 3059 2591 etiam
3086 2530 3169 2590 ad
3196 2549 3296 2592 ac-

1735 2633 1866 2686 tum
1895 2624 2133 2684 bonum
2176 2624 2281 2684 illa
2322 2624 2647 2703 indigebit.
2693 2625 2869 2685 Patet
2908 2623 3045 2684 haec
3074 2624 3294 2684 ultima

1727 2719 2177 2796 consequentia
2218 2737 2292 2778 ex
2339 2717 2537 2790 dictis,
2574 2718 2723 2796 quia
2750 2717 2937 2778 etiam
2972 2717 3056 2777 ad
3084 2723 3295 2779 actum

1727 2813 1965 2873 bonum
1994 2817 2087 2872 est
2115 2811 2478 2872 indifferens
2506 2811 2782 2889 perfecto
2814 2811 3023 2883 mode,
3059 2816 3122 2872 et
3148 2829 3294 2872 eum

1727 2907 2075 2967 sufficiente
2104 2911 2166 2966 et
2198 2905 2665 2984 proportionata
2692 2905 2941 2967 virtute.

1809 3001 1867 3058 5.
1908 2997 2166 3071 Ευαεὶο,
2192 3017 2326 3080 quoe
2348 2998 2685 3078 eoecoqitari
2694 3002 2961 3080 poterat,
2983 2997 3287 3077 rejicitur.

1727 3093 1953 3152 ——Non
1980 3091 2168 3153 video
2202 3109 2353 3153 sane
2383 3091 2533 3171 quid
2560 3091 2798 3171 possint
2824 3092 2921 3153 his
2948 3092 3292 3155 rationibus

1727 3185 2131 3265 respondere,
2176 3186 2293 3246 nisi
2322 3186 2585 3247 fortasse
2624 3187 2899 3265 aliquam
2928 3187 3293 3249 evasionem

1729 3278 1818 3339 sic
1844 3280 2196 3359 excogitent
2225 3299 2241 3352 3
2280 3280 2598 3353 nimirum,
2634 3280 2731 3340 his
2758 3280 3105 3342 rationibus
3134 3280 3294 3359 opti-

1727 3390 1830 3433 me
1867 3373 2140 3452 probari,
2178 3391 2255 3434 ex
2279 3381 2457 3452 parte
2486 3392 2691 3439 causae
2718 3374 3035 3447 secundae,
3068 3373 3293 3435 volun-

1726 3466 1867 3526 tatis
1896 3465 2184 3527 videlicet
2202 3466 2521 3541 humanas,
2550 3486 2681 3527 non
2710 3485 2845 3528 esse
2872 3468 3295 3530 necessariam

1727 3558 2087 3639 simpliciter
2119 3559 2282 3620 hanc
2318 3560 3043 3639 proedeterminationem
3077 3560 3157 3621 ad
3187 3578 3295 3623 ac-

1724 3658 1826 3713 tus
1853 3653 2093 3725 bonos3
2127 3656 2343 3714 tamen
2372 3671 2449 3714 ex
2476 3660 2652 3733 parte
2682 3655 2797 3715 Dei
2824 3672 3011 3733 posse
3038 3672 3291 3725 semper

1725 3746 1858 3807 dari
1883 3746 2018 3807 sine
2042 3745 2171 3807 ullo
2198 3747 2705 3809 inconvenienti:
2734 3748 2905 3827 quia,
2940 3754 3009 3809 ut
3036 3748 3153 3827 ipsi
3182 3767 3295 3827 pu-

1726 3845 1880 3912 tant,
1909 3856 2036 3899 non
2064 3846 2305 3919 pugnat
2328 3857 2473 3901 cum
2500 3841 2829 3913 libertate,;
2866 3848 2927 3902 et
2956 3842 3189 3920 alioqui
3216 3860 3295 3902 ex

1728 3932 1834 3992 tali
1879 3932 2177 4011 qualitate
2221 3938 2473 3993 actuum
2518 3952 2649 3993 non
2692 3940 3027 4013 repugnat,
3068 3940 3139 3996 ut
3176 3952 3294 3995 nos

1726 4025 2019 4097 fatemur,
2054 4026 2201 4105 quia
2229 4025 2376 4086 boni
2408 4032 2555 4088 sunt
2582 4046 2597 4099 3
2632 4033 2693 4087 et
2720 4027 2863 4087 ideo
2894 4027 2973 4088 de
3002 4028 3165 4088 facto
3190 4045 3295 4088 vo-

1726 4118 1840 4179 luit
1867 4120 2029 4179 Deus
2053 4118 2223 4179 hunc
2244 4118 2503 4179 modum
2528 4137 2871 4180 concursus
2894 4119 3193 4189 tribuere,
3226 4125 3297 4182 ut

1727 4211 2191 4293 perfectiorem,
2236 4218 2299 4273 et
2346 4231 2475 4273 suae
2524 4212 2888 4291 perfectioni
2929 4216 2993 4273 et
3036 4213 3297 4273 bonitati

1725 4306 1929 4384 magis
1964 4305 2466 4379 convenientem,
2514 4312 2701 4384 atque
2739 4305 2828 4366 ita
2860 4311 2953 4365 est
2985 4304 3115 4365 hoec
3141 4292 3298 4385 pfae-

1725 4398 2161 4459 determinatio
2218 4398 2577 4459 necessaria
2634 4416 2711 4459 ex
2768 4398 3161 4459 ordinatione
3222 4418 3296 4460 ac

1725 4490 2113 4567 providentia
2151 4490 2383 4565 divina,
2428 4509 2559 4552 non
2598 4509 2676 4552 ex
2707 4480 2993 4553 absoluta
3020 4492 3299 4553 necessi-

1725 4589 1854 4644 tate
1889 4584 2083 4662 ipsius
2130 4602 2336 4644 causas
2382 4585 2697 4645 secundm.
2751 4585 2898 4644 Haec
2928 4584 3139 4645 evasio
3167 4602 3297 4645 non

1727 4681 1822 4738 est
1842 4678 2023 4757 juxta
2052 4696 2309 4738 sensum
2339 4677 2775 4756 praedictorum
2818 4684 3142 4740 auctorum
3168 4724 3185 4751 ‚
3228 4685 3300 4739 ut

1725 4770 1957 4849 legenti
1981 4769 2161 4831 Facile
2187 4770 2464 4850 patebit,
2509 4778 2572 4832 et
2596 4790 2673 4833 ex
2697 4771 2797 4832 his
2826 4788 2965 4849 quae
2992 4772 3199 4845 retuli,
3230 4777 3294 4832 et

1723 4863 2078 4923 rationibus
2109 4882 2329 4924 eorum
2360 4863 2540 4925 facile
2564 4864 2907 4938 constabit3
2942 4864 3053 4925 sed
3086 4881 3297 4943 neque

1725 4956 1788 5016 in
1821 4974 1888 5017 se
1917 4956 2258 5035 probabilis
2289 4962 2401 5017 est.
2456 4956 2661 5019 Primo
2705 4957 2961 5037 quidem
2990 5002 3007 5031 ,
3052 4957 3197 5036 quia
3234 4956 3298 5017 id

1723 5054 1924 5111 totum
1964 5050 2134 5129 quod
2172 5052 2415 5123 asserit,
2460 5058 2555 5112 est
2596 5052 2787 5132 gratis
2830 5050 3191 5127 confictum,
3238 5057 3301 5111 et

1723 5143 1860 5205 sine
1891 5143 2019 5203 ullo
2058 5143 2489 5205 fundamento.
2538 5144 2828 5206 Secundo
2855 5189 2871 5219 ,
2912 5144 3062 5224 quia
3089 5142 3298 5221 potius

1724 5241 1966 5315 spectat
1998 5236 2079 5297 ad
2120 5237 2573 5316 perfectionem
2606 5238 2829 5300 divinae
2858 5236 3291 5317 providentiae,

1723 5336 1794 5389 ut
1855 5348 2081 5391 causas
2129 5332 2439 5393 secundas
2497 5350 2612 5392 suo
2665 5331 2853 5392 modo
2908 5328 3302 5390 connaturali

1724 5441 1912 5503 agere
1954 5423 2157 5496 sinat3
2204 5424 2309 5485 ille
2352 5430 2565 5485 autem
2604 5424 2831 5485 modus
2864 5420 3295 5501 praedetermi-

1722 5516 2015 5594 nationis,
2059 5522 2121 5579 et
2143 5535 2363 5579 revera
2394 5517 2703 5596 impedire
2730 5516 2977 5577 videtur
3004 5530 3187 5573 usum
3220 5512 3296 5575 li-
