<?xml version="1.0" encoding="UTF-8"?>
<!DOCTYPE html PUBLIC "-//W3C//DTD XHTML 1.0 Transitional//EN"
    "http://www.w3.org/TR/xhtml1/DTD/xhtml1-transitional.dtd">
<html xmlns="http://www.w3.org/1999/xhtml" xml:lang="en" lang="en">
 <head>
  <title>
</title>
<meta http-equiv="Content-Type" content="text/html;charset=utf-8" />
  <meta name='ocr-system' content='tesseract 3.04.00' />
  <meta name='ocr-capabilities' content='ocr_page ocr_carea ocr_par ocr_line ocrx_word'/>
</head>
<body>
  <div class='ocr_page' id='page_1' title='image "./rpfranciscisuar01duvagoog_0345.png"; bbox 0 0 3850 6225; ppageno 0'>
   <div class='ocr_carea' id='block_1_1' title="bbox 874 422 2748 493">
    <p class='ocr_par' dir='ltr' id='par_1_1' title="bbox 874 422 2748 493">
     <span class='ocr_line' id='line_1_1' title="bbox 874 422 2748 493; baseline 0.002 -16"><span class='ocrx_word' id='word_1_1' title='bbox 874 422 1009 479; x_wconf 74' lang='lat' dir='ltr'>CAP.</span> <span class='ocrx_word' id='word_1_2' title='bbox 1044 428 1128 479; x_wconf 82' lang='lat' dir='ltr'>lx.</span> <span class='ocrx_word' id='word_1_3' title='bbox 1163 426 1455 489; x_wconf 79' lang='lat' dir='ltr'>QUOMODO</span> <span class='ocrx_word' id='word_1_4' title='bbox 1492 426 1915 479; x_wconf 79' lang='lat' dir='ltr'>PRAESCIENTIA</span> <span class='ocrx_word' id='word_1_5' title='bbox 1959 428 2060 481; x_wconf 85' lang='lat' dir='ltr'>DEl</span> <span class='ocrx_word' id='word_1_6' title='bbox 2095 429 2578 493; x_wconf 73' lang='lat' dir='ltr'>NECESSITATEM,</span> <span class='ocrx_word' id='word_1_7' title='bbox 2615 432 2748 484; x_wconf 78' lang='lat' dir='ltr'>E&#39;rc.</span> 
     </span>
    </p>
   </div>
   <div class='ocr_carea' id='block_1_2' title="bbox 175 518 1775 1072">
    <p class='ocr_par' dir='ltr' id='par_1_2' title="bbox 175 518 1775 1072">
     <span class='ocr_line' id='line_1_2' title="bbox 175 518 1768 608; baseline 0.006 -29"><span class='ocrx_word' id='word_1_8' title='bbox 175 518 543 583; x_wconf 86' lang='lat' dir='ltr'>hilominus</span> <span class='ocrx_word' id='word_1_9' title='bbox 566 544 778 587; x_wconf 79' lang='lat' dir='ltr'>verum</span> <span class='ocrx_word' id='word_1_10' title='bbox 802 534 895 589; x_wconf 91' lang='lat' dir='ltr'>est</span> <span class='ocrx_word' id='word_1_11' title='bbox 923 546 1051 587; x_wconf 90' lang='lat' dir='ltr'>non</span> <span class='ocrx_word' id='word_1_12' title='bbox 1078 529 1367 608; x_wconf 82' lang='lat' dir='ltr'><strong>cognosci</strong></span> <span class='ocrx_word' id='word_1_13' title='bbox 1393 529 1527 589; x_wconf 88' lang='lat' dir='ltr'>sine</span> <span class='ocrx_word' id='word_1_14' title='bbox 1556 547 1768 600; x_wconf 86' lang='lat' dir='ltr'>causa,</span> 
     </span>
     <span class='ocr_line' id='line_1_3' title="bbox 176 614 1769 696; baseline 0.004 -23"><span class='ocrx_word' id='word_1_15' title='bbox 176 614 243 673; x_wconf 86' lang='lat' dir='ltr'>id</span> <span class='ocrx_word' id='word_1_16' title='bbox 277 622 411 688; x_wconf 83' lang='lat' dir='ltr'>cst,</span> <span class='ocrx_word' id='word_1_17' title='bbox 452 619 582 678; x_wconf 88' lang='lat' dir='ltr'>sine</span> <span class='ocrx_word' id='word_1_18' title='bbox 610 620 849 679; x_wconf 86' lang='lat' dir='ltr'>influxu</span> <span class='ocrx_word' id='word_1_19' title='bbox 880 627 941 681; x_wconf 89' lang='lat' dir='ltr'>et</span> <span class='ocrx_word' id='word_1_20' title='bbox 970 621 1489 683; x_wconf 78' lang='lat' dir='ltr'><strong>determinatione</strong></span> <span class='ocrx_word' id='word_1_21' title='bbox 1520 640 1724 682; x_wconf 70' lang='lat' dir='ltr'>causta</span> <span class='ocrx_word' id='word_1_22' title='bbox 1752 644 1769 696; x_wconf 92' lang='lat'>;</span> 
     </span>
     <span class='ocr_line' id='line_1_4' title="bbox 178 707 1773 794; baseline 0.006 -30"><span class='ocrx_word' id='word_1_23' title='bbox 178 707 267 765; x_wconf 86' lang='lat' dir='ltr'>ita</span> <span class='ocrx_word' id='word_1_24' title='bbox 300 715 381 767; x_wconf 85' lang='lat' dir='ltr'>ut</span> <span class='ocrx_word' id='word_1_25' title='bbox 412 728 539 770; x_wconf 87' lang='lat' dir='ltr'>uno</span> <span class='ocrx_word' id='word_1_26' title='bbox 556 712 971 773; x_wconf 83' lang='lat' dir='ltr'>verbodicere</span> <span class='ocrx_word' id='word_1_27' title='bbox 990 715 1301 793; x_wconf 88' lang='lat' dir='ltr'>possimus</span> <span class='ocrx_word' id='word_1_28' title='bbox 1324 732 1450 773; x_wconf 90' lang='lat' dir='ltr'>non</span> <span class='ocrx_word' id='word_1_29' title='bbox 1481 713 1773 794; x_wconf 81' lang='lat' dir='ltr'>cognosci</span> 
     </span>
     <span class='ocr_line' id='line_1_5' title="bbox 180 800 1770 883; baseline 0.006 -24"><span class='ocrx_word' id='word_1_30' title='bbox 180 800 247 859; x_wconf 92' lang='lat' dir='ltr'>in</span> <span class='ocrx_word' id='word_1_31' title='bbox 280 820 512 875; x_wconf 73' lang='lat' dir='ltr'>causa,</span> <span class='ocrx_word' id='word_1_32' title='bbox 548 806 843 883; x_wconf 86' lang='lat' dir='ltr'>cognosci</span> <span class='ocrx_word' id='word_1_33' title='bbox 896 810 1107 866; x_wconf 86' lang='lat' dir='ltr'>tamen</span> <span class='ocrx_word' id='word_1_34' title='bbox 1154 826 1228 867; x_wconf 83' lang='lat' dir='ltr'>ex</span> <span class='ocrx_word' id='word_1_35' title='bbox 1259 824 1469 875; x_wconf 85' lang='lat' dir='ltr'>causa,</span> <span class='ocrx_word' id='word_1_36' title='bbox 1513 807 1575 867; x_wconf 90' lang='lat' dir='ltr'>id</span> <span class='ocrx_word' id='word_1_37' title='bbox 1634 813 1727 867; x_wconf 87' lang='lat' dir='ltr'>est</span> <span class='ocrx_word' id='word_1_38' title='bbox 1755 853 1770 880; x_wconf 95' lang='lat'>,</span> 
     </span>
     <span class='ocr_line' id='line_1_6' title="bbox 180 894 1775 971; baseline 0.005 -20"><span class='ocrx_word' id='word_1_39' title='bbox 180 910 321 952; x_wconf 86' lang='lat' dir='ltr'>nou</span> <span class='ocrx_word' id='word_1_40' title='bbox 364 894 642 957; x_wconf 72' lang='lat' dir='ltr'>videndo</span> <span class='ocrx_word' id='word_1_41' title='bbox 687 898 977 959; x_wconf 82' lang='lat' dir='ltr'>effectum</span> <span class='ocrx_word' id='word_1_42' title='bbox 1008 899 1071 959; x_wconf 91' lang='lat' dir='ltr'>in</span> <span class='ocrx_word' id='word_1_43' title='bbox 1112 900 1244 961; x_wconf 86' lang='lat' dir='ltr'>sola</span> <span class='ocrx_word' id='word_1_44' title='bbox 1292 901 1517 961; x_wconf 80' lang='lat' dir='ltr'>virtute</span> <span class='ocrx_word' id='word_1_45' title='bbox 1549 916 1775 971; x_wconf 72' lang='lat' dir='ltr'>causae,</span> 
     </span>
     <span class='ocr_line' id='line_1_7' title="bbox 185 986 1773 1072; baseline 0.004 -28"><span class='ocrx_word' id='word_1_46' title='bbox 185 986 305 1046; x_wconf 85' lang='lat' dir='ltr'>sed</span> <span class='ocrx_word' id='word_1_47' title='bbox 358 988 636 1049; x_wconf 73' lang='lat' dir='ltr'>videndo</span> <span class='ocrx_word' id='word_1_48' title='bbox 666 992 1127 1053; x_wconf 81' lang='lat' dir='ltr'>emanationem</span> <span class='ocrx_word' id='word_1_49' title='bbox 1167 994 1305 1072; x_wconf 88' lang='lat' dir='ltr'>ejus</span> <span class='ocrx_word' id='word_1_50' title='bbox 1334 1012 1369 1053; x_wconf 90' lang='lat' dir='ltr'>a</span> <span class='ocrx_word' id='word_1_51' title='bbox 1414 1012 1527 1053; x_wconf 86' lang='lat' dir='ltr'>sua</span> <span class='ocrx_word' id='word_1_52' title='bbox 1562 1010 1773 1053; x_wconf 83' lang='lat' dir='ltr'>causa.</span> 
     </span>
    </p>
   </div>
   <div class='ocr_carea' id='block_1_3' title="bbox 186 1078 1783 1149">
    <p class='ocr_par' dir='ltr' id='par_1_3' title="bbox 186 1078 1783 1149">
     <span class='ocr_line' id='line_1_8' title="bbox 186 1078 1783 1149; baseline 0.005 -12"><span class='ocrx_word' id='word_1_53' title='bbox 186 1078 383 1149; x_wconf 86' lang='lat' dir='ltr'>Quod</span> <span class='ocrx_word' id='word_1_54' title='bbox 428 1083 701 1143; x_wconf 84' lang='lat' dir='ltr'>maxime</span> <span class='ocrx_word' id='word_1_55' title='bbox 740 1085 1167 1145; x_wconf 86' lang='lat' dir='ltr'>necessarium</span> <span class='ocrx_word' id='word_1_56' title='bbox 1207 1085 1392 1145; x_wconf 88' lang='lat' dir='ltr'>estin</span> <span class='ocrx_word' id='word_1_57' title='bbox 1432 1086 1551 1145; x_wconf 86' lang='lat' dir='ltr'>hac</span> <span class='ocrx_word' id='word_1_58' title='bbox 1581 1086 1783 1145; x_wconf 88' lang='lat' dir='ltr'>seien-</span> 
     </span>
    </p>
   </div>
   <div class='ocr_carea' id='block_1_4' title="bbox 184 1174 1773 1443">
    <p class='ocr_par' dir='ltr' id='par_1_4' title="bbox 184 1174 1773 1443">
     <span class='ocr_line' id='line_1_9' title="bbox 187 1174 1773 1255; baseline 0.004 -24"><span class='ocrx_word' id='word_1_59' title='bbox 187 1174 275 1232; x_wconf 86' lang='lat' dir='ltr'>tia</span> <span class='ocrx_word' id='word_1_60' title='bbox 301 1174 447 1245; x_wconf 87' lang='lat' dir='ltr'>Dei,</span> <span class='ocrx_word' id='word_1_61' title='bbox 483 1176 652 1252; x_wconf 86' lang='lat' dir='ltr'>quia,</span> <span class='ocrx_word' id='word_1_62' title='bbox 683 1183 751 1236; x_wconf 89' lang='lat' dir='ltr'>ut</span> <span class='ocrx_word' id='word_1_63' title='bbox 782 1176 1073 1249; x_wconf 77' lang='lat' dir='ltr'>diximuS‚</span> <span class='ocrx_word' id='word_1_64' title='bbox 1108 1184 1201 1238; x_wconf 90' lang='lat' dir='ltr'>est</span> <span class='ocrx_word' id='word_1_65' title='bbox 1225 1178 1507 1239; x_wconf 75' lang='lat' dir='ltr'>intuitiva</span> <span class='ocrx_word' id='word_1_66' title='bbox 1540 1183 1601 1238; x_wconf 90' lang='lat' dir='ltr'>et</span> <span class='ocrx_word' id='word_1_67' title='bbox 1629 1196 1773 1255; x_wconf 88' lang='lat' dir='ltr'>per-</span> 
     </span>
     <span class='ocr_line' id='line_1_10' title="bbox 184 1266 1773 1349; baseline 0.003 -24"><span class='ocrx_word' id='word_1_68' title='bbox 184 1266 591 1339; x_wconf 81' lang='lat' dir='ltr'>fectissima3</span> <span class='ocrx_word' id='word_1_69' title='bbox 648 1269 815 1329; x_wconf 90' lang='lat' dir='ltr'>unde</span> <span class='ocrx_word' id='word_1_70' title='bbox 861 1276 955 1330; x_wconf 88' lang='lat' dir='ltr'>cst</span> <span class='ocrx_word' id='word_1_71' title='bbox 1011 1270 1199 1331; x_wconf 88' lang='lat' dir='ltr'>ctiam</span> <span class='ocrx_word' id='word_1_72' title='bbox 1258 1271 1773 1349; x_wconf 78' lang='lat' dir='ltr'>comprehensiva</span> 
     </span>
     <span class='ocr_line' id='line_1_11' title="bbox 188 1359 1773 1443; baseline 0.002 -24"><span class='ocrx_word' id='word_1_73' title='bbox 188 1359 341 1419; x_wconf 80' lang='lat' dir='ltr'>talis</span> <span class='ocrx_word' id='word_1_74' title='bbox 373 1360 661 1433; x_wconf 64' lang='lat' dir='ltr'>effecum,</span> <span class='ocrx_word' id='word_1_75' title='bbox 684 1367 747 1421; x_wconf 91' lang='lat' dir='ltr'>et</span> <span class='ocrx_word' id='word_1_76' title='bbox 770 1362 913 1423; x_wconf 90' lang='lat' dir='ltr'>ideo</span> <span class='ocrx_word' id='word_1_77' title='bbox 946 1381 1070 1423; x_wconf 90' lang='lat' dir='ltr'>non</span> <span class='ocrx_word' id='word_1_78' title='bbox 1104 1364 1423 1443; x_wconf 84' lang='lat' dir='ltr'>cognoscit</span> <span class='ocrx_word' id='word_1_79' title='bbox 1438 1364 1636 1438; x_wconf 90' lang='lat' dir='ltr'>illum,</span> <span class='ocrx_word' id='word_1_80' title='bbox 1656 1363 1773 1423; x_wconf 89' lang='lat' dir='ltr'>nisi</span> 
     </span>
    </p>
   </div>
   <div class='ocr_carea' id='block_1_5' title="bbox 188 1452 1833 3936">
    <p class='ocr_par' dir='ltr' id='par_1_5' title="bbox 188 1452 1833 3936">
     <span class='ocr_line' id='line_1_12' title="bbox 188 1452 1779 1534; baseline 0.003 -24"><span class='ocrx_word' id='word_1_81' title='bbox 188 1452 509 1512; x_wconf 84' lang='lat' dir='ltr'>intuendo</span> <span class='ocrx_word' id='word_1_82' title='bbox 538 1454 1004 1516; x_wconf 85' lang='lat' dir='ltr'>emanationem</span> <span class='ocrx_word' id='word_1_83' title='bbox 1034 1457 1169 1534; x_wconf 86' lang='lat' dir='ltr'>ejus</span> <span class='ocrx_word' id='word_1_84' title='bbox 1206 1476 1243 1517; x_wconf 87' lang='lat' dir='ltr'>a</span> <span class='ocrx_word' id='word_1_85' title='bbox 1268 1476 1380 1516; x_wconf 89' lang='lat' dir='ltr'>sua</span> <span class='ocrx_word' id='word_1_86' title='bbox 1402 1476 1613 1517; x_wconf 88' lang='lat' dir='ltr'>causa.</span> <span class='ocrx_word' id='word_1_87' title='bbox 1656 1458 1779 1517; x_wconf 91' lang='lat' dir='ltr'>Du-</span> 
     </span>
     <span class='ocr_line' id='line_1_13' title="bbox 188 1544 1786 1631; baseline 0.003 -29"><span class='ocrx_word' id='word_1_88' title='bbox 188 1544 345 1623; x_wconf 77' lang='lat' dir='ltr'>plex</span> <span class='ocrx_word' id='word_1_89' title='bbox 398 1552 627 1631; x_wconf 44' lang='lat' dir='ltr'>autem·</span> <span class='ocrx_word' id='word_1_90' title='bbox 656 1566 846 1607; x_wconf 86' lang='lat' dir='ltr'>causa</span> <span class='ocrx_word' id='word_1_91' title='bbox 892 1549 1215 1610; x_wconf 80' lang='lat' dir='ltr'>intercedit</span> <span class='ocrx_word' id='word_1_92' title='bbox 1254 1568 1369 1629; x_wconf 92' lang='lat' dir='ltr'>per</span> <span class='ocrx_word' id='word_1_93' title='bbox 1405 1568 1472 1610; x_wconf 88' lang='lat' dir='ltr'>se</span> <span class='ocrx_word' id='word_1_94' title='bbox 1501 1557 1562 1610; x_wconf 89' lang='lat' dir='ltr'>et</span> <span class='ocrx_word' id='word_1_95' title='bbox 1590 1567 1786 1629; x_wconf 87' lang='lat' dir='ltr'>quan-</span> 
     </span>
     <span class='ocr_line' id='line_1_14' title="bbox 190 1638 1787 1721; baseline 0.003 -25"><span class='ocrx_word' id='word_1_96' title='bbox 190 1644 335 1697; x_wconf 87' lang='lat' dir='ltr'>tum</span> <span class='ocrx_word' id='word_1_97' title='bbox 366 1638 453 1697; x_wconf 89' lang='lat' dir='ltr'>ad</span> <span class='ocrx_word' id='word_1_98' title='bbox 486 1658 762 1717; x_wconf 62' lang='lat' dir='ltr'>praesens</span> <span class='ocrx_word' id='word_1_99' title='bbox 792 1646 1057 1719; x_wconf 88' lang='lat' dir='ltr'>spectat,</span> <span class='ocrx_word' id='word_1_100' title='bbox 1092 1649 1381 1721; x_wconf 88' lang='lat' dir='ltr'>respectu</span> <span class='ocrx_word' id='word_1_101' title='bbox 1414 1642 1555 1702; x_wconf 88' lang='lat' dir='ltr'>talis</span> <span class='ocrx_word' id='word_1_102' title='bbox 1602 1642 1787 1702; x_wconf 87' lang='lat' dir='ltr'>effec-</span> 
     </span>
     <span class='ocr_line' id='line_1_15' title="bbox 190 1732 1781 1808; baseline 0.003 -19"><span class='ocrx_word' id='word_1_103' title='bbox 190 1733 297 1789; x_wconf 84' lang='lat' dir='ltr'>tus</span> <span class='ocrx_word' id='word_1_104' title='bbox 326 1774 347 1803; x_wconf 78' lang='lat'>‚</span> <span class='ocrx_word' id='word_1_105' title='bbox 410 1732 649 1793; x_wconf 89' lang='lat' dir='ltr'>scilicet</span> <span class='ocrx_word' id='word_1_106' title='bbox 678 1778 697 1805; x_wconf 95' lang='lat'>,</span> <span class='ocrx_word' id='word_1_107' title='bbox 761 1734 1049 1793; x_wconf 81' lang='lat' dir='ltr'>voluntas</span> <span class='ocrx_word' id='word_1_108' title='bbox 1090 1733 1299 1794; x_wconf 82' lang='lat' dir='ltr'>divina</span> <span class='ocrx_word' id='word_1_109' title='bbox 1356 1742 1421 1797; x_wconf 89' lang='lat' dir='ltr'>ct</span> <span class='ocrx_word' id='word_1_110' title='bbox 1475 1736 1781 1808; x_wconf 59' lang='lat' dir='ltr'>humanm</span> 
     </span>
     <span class='ocr_line' id='line_1_16' title="bbox 196 1823 1787 1905; baseline 0.003 -24"><span class='ocrx_word' id='word_1_111' title='bbox 196 1823 539 1900; x_wconf 86' lang='lat' dir='ltr'>utriusque</span> <span class='ocrx_word' id='word_1_112' title='bbox 569 1843 719 1905; x_wconf 86' lang='lat' dir='ltr'>ergo</span> <span class='ocrx_word' id='word_1_113' title='bbox 757 1825 1343 1887; x_wconf 81' lang='lat' dir='ltr'>determinationem</span> <span class='ocrx_word' id='word_1_114' title='bbox 1390 1845 1651 1888; x_wconf 87' lang='lat' dir='ltr'>necesse</span> <span class='ocrx_word' id='word_1_115' title='bbox 1694 1830 1787 1886; x_wconf 88' lang='lat' dir='ltr'>est</span> 
     </span>
     <span class='ocr_line' id='line_1_17' title="bbox 195 1915 1787 1997; baseline 0.002 -22"><span class='ocrx_word' id='word_1_116' title='bbox 195 1915 505 1993; x_wconf 81' lang='lat' dir='ltr'>cognosci</span> <span class='ocrx_word' id='word_1_117' title='bbox 537 1935 650 1994; x_wconf 89' lang='lat' dir='ltr'>per</span> <span class='ocrx_word' id='word_1_118' title='bbox 681 1918 844 1977; x_wconf 88' lang='lat' dir='ltr'>hanc</span> <span class='ocrx_word' id='word_1_119' title='bbox 891 1918 1239 1991; x_wconf 87' lang='lat' dir='ltr'>scientiam,</span> <span class='ocrx_word' id='word_1_120' title='bbox 1274 1925 1342 1979; x_wconf 90' lang='lat' dir='ltr'>ut</span> <span class='ocrx_word' id='word_1_121' title='bbox 1374 1924 1787 1997; x_wconf 85' lang='lat' dir='ltr'>cognoscatur</span> 
     </span>
     <span class='ocr_line' id='line_1_18' title="bbox 195 2011 1787 2088; baseline 0.004 -21"><span class='ocrx_word' id='word_1_122' title='bbox 195 2011 473 2069; x_wconf 79' lang='lat' dir='ltr'>effectus</span> <span class='ocrx_word' id='word_1_123' title='bbox 504 2011 939 2088; x_wconf 78' lang='lat' dir='ltr'>confingenter</span> <span class='ocrx_word' id='word_1_124' title='bbox 966 2012 1231 2072; x_wconf 82' lang='lat' dir='ltr'>futurus,</span> <span class='ocrx_word' id='word_1_125' title='bbox 1268 2014 1410 2073; x_wconf 83' lang='lat' dir='ltr'>Hoec</span> <span class='ocrx_word' id='word_1_126' title='bbox 1441 2019 1653 2073; x_wconf 86' lang='lat' dir='ltr'>autem</span> <span class='ocrx_word' id='word_1_127' title='bbox 1684 2012 1787 2073; x_wconf 89' lang='lat' dir='ltr'>de-</span> 
     </span>
     <span class='ocr_line' id='line_1_19' title="bbox 194 2102 1788 2168; baseline 0.003 -5"><span class='ocrx_word' id='word_1_128' title='bbox 194 2102 567 2163; x_wconf 76' lang='lat' dir='ltr'>terminatio</span> <span class='ocrx_word' id='word_1_129' title='bbox 585 2104 649 2163; x_wconf 90' lang='lat' dir='ltr'>in</span> <span class='ocrx_word' id='word_1_130' title='bbox 676 2104 953 2165; x_wconf 87' lang='lat' dir='ltr'>humana</span> <span class='ocrx_word' id='word_1_131' title='bbox 970 2106 1289 2167; x_wconf 88' lang='lat' dir='ltr'>voluntate</span> <span class='ocrx_word' id='word_1_132' title='bbox 1316 2106 1469 2167; x_wconf 87' lang='lat' dir='ltr'>nihil</span> <span class='ocrx_word' id='word_1_133' title='bbox 1500 2112 1592 2168; x_wconf 89' lang='lat' dir='ltr'>est</span> <span class='ocrx_word' id='word_1_134' title='bbox 1618 2106 1788 2167; x_wconf 88' lang='lat' dir='ltr'>aliud</span> 
     </span>
     <span class='ocr_line' id='line_1_20' title="bbox 194 2196 1789 2277; baseline 0.003 -24"><span class='ocrx_word' id='word_1_135' title='bbox 194 2213 401 2272; x_wconf 85' lang='lat' dir='ltr'>quam</span> <span class='ocrx_word' id='word_1_136' title='bbox 444 2196 713 2275; x_wconf 86' lang='lat' dir='ltr'>ipsamet</span> <span class='ocrx_word' id='word_1_137' title='bbox 756 2198 937 2268; x_wconf 85' lang='lat' dir='ltr'>actio,</span> <span class='ocrx_word' id='word_1_138' title='bbox 972 2217 1086 2277; x_wconf 89' lang='lat' dir='ltr'>per</span> <span class='ocrx_word' id='word_1_139' title='bbox 1110 2216 1299 2277; x_wconf 86' lang='lat' dir='ltr'>quam</span> <span class='ocrx_word' id='word_1_140' title='bbox 1330 2199 1494 2261; x_wconf 88' lang='lat' dir='ltr'>elicit</span> <span class='ocrx_word' id='word_1_141' title='bbox 1523 2216 1789 2259; x_wconf 86' lang='lat' dir='ltr'>consen-</span> 
     </span>
     <span class='ocr_line' id='line_1_21' title="bbox 196 2289 1785 2371; baseline 0 -22"><span class='ocrx_word' id='word_1_142' title='bbox 196 2306 347 2349; x_wconf 88' lang='lat' dir='ltr'>sum</span> <span class='ocrx_word' id='word_1_143' title='bbox 398 2289 699 2363; x_wconf 84' lang='lat' dir='ltr'>liberum,</span> <span class='ocrx_word' id='word_1_144' title='bbox 734 2296 1045 2367; x_wconf 87' lang='lat' dir='ltr'>quatenus</span> <span class='ocrx_word' id='word_1_145' title='bbox 1086 2292 1167 2353; x_wconf 88' lang='lat' dir='ltr'>ab</span> <span class='ocrx_word' id='word_1_146' title='bbox 1196 2292 1331 2371; x_wconf 90' lang='lat' dir='ltr'>ipsa</span> <span class='ocrx_word' id='word_1_147' title='bbox 1362 2298 1478 2365; x_wconf 90' lang='lat' dir='ltr'>est,</span> <span class='ocrx_word' id='word_1_148' title='bbox 1512 2291 1673 2352; x_wconf 88' lang='lat' dir='ltr'>utin</span> <span class='ocrx_word' id='word_1_149' title='bbox 1716 2290 1785 2349; x_wconf 89' lang='lat' dir='ltr'>li-</span> 
     </span>
     <span class='ocr_line' id='line_1_22' title="bbox 196 2382 1783 2463; baseline 0.001 -22"><span class='ocrx_word' id='word_1_150' title='bbox 196 2382 331 2441; x_wconf 84' lang='lat' dir='ltr'>bris</span> <span class='ocrx_word' id='word_1_151' title='bbox 350 2382 437 2443; x_wconf 87' lang='lat' dir='ltr'>de</span> <span class='ocrx_word' id='word_1_152' title='bbox 460 2382 719 2443; x_wconf 79' lang='lat' dir='ltr'>Auxiliis</span> <span class='ocrx_word' id='word_1_153' title='bbox 750 2383 875 2444; x_wconf 90' lang='lat' dir='ltr'>late</span> <span class='ocrx_word' id='word_1_154' title='bbox 902 2390 1225 2445; x_wconf 86' lang='lat' dir='ltr'>ostensum</span> <span class='ocrx_word' id='word_1_155' title='bbox 1258 2390 1371 2445; x_wconf 88' lang='lat' dir='ltr'>est.</span> <span class='ocrx_word' id='word_1_156' title='bbox 1392 2386 1783 2463; x_wconf 85' lang='lat' dir='ltr'>Cognoscere</span> 
     </span>
     <span class='ocr_line' id='line_1_23' title="bbox 200 2476 1787 2556; baseline 0.001 -22"><span class='ocrx_word' id='word_1_157' title='bbox 200 2493 359 2553; x_wconf 86' lang='lat' dir='ltr'>ergo</span> <span class='ocrx_word' id='word_1_158' title='bbox 378 2476 970 2537; x_wconf 86' lang='lat' dir='ltr'>determinationem</span> <span class='ocrx_word' id='word_1_159' title='bbox 988 2477 1127 2537; x_wconf 89' lang='lat' dir='ltr'>talis</span> <span class='ocrx_word' id='word_1_160' title='bbox 1149 2496 1378 2549; x_wconf 84' lang='lat' dir='ltr'>causae,</span> <span class='ocrx_word' id='word_1_161' title='bbox 1402 2483 1495 2537; x_wconf 89' lang='lat' dir='ltr'>est</span> <span class='ocrx_word' id='word_1_162' title='bbox 1520 2494 1787 2556; x_wconf 87' lang='lat' dir='ltr'>cognos-</span> 
     </span>
     <span class='ocr_line' id='line_1_24' title="bbox 202 2568 1789 2647; baseline -0.001 -19"><span class='ocrx_word' id='word_1_163' title='bbox 202 2586 351 2628; x_wconf 80' lang='lat' dir='ltr'>cere</span> <span class='ocrx_word' id='word_1_164' title='bbox 388 2568 725 2647; x_wconf 80' lang='lat' dir='ltr'>ipsammet</span> <span class='ocrx_word' id='word_1_165' title='bbox 758 2570 1221 2631; x_wconf 85' lang='lat' dir='ltr'>emanationem</span> <span class='ocrx_word' id='word_1_166' title='bbox 1246 2570 1387 2630; x_wconf 90' lang='lat' dir='ltr'>talis</span> <span class='ocrx_word' id='word_1_167' title='bbox 1412 2570 1670 2630; x_wconf 86' lang='lat' dir='ltr'>effectus</span> <span class='ocrx_word' id='word_1_168' title='bbox 1694 2568 1789 2627; x_wconf 84' lang='lat' dir='ltr'>fu-</span> 
     </span>
     <span class='ocr_line' id='line_1_25' title="bbox 204 2662 1785 2735; baseline 0 -14"><span class='ocrx_word' id='word_1_169' title='bbox 204 2668 433 2722; x_wconf 86' lang='lat' dir='ltr'>turam</span> <span class='ocrx_word' id='word_1_170' title='bbox 460 2680 499 2721; x_wconf 87' lang='lat' dir='ltr'>a</span> <span class='ocrx_word' id='word_1_171' title='bbox 527 2662 635 2721; x_wconf 86' lang='lat' dir='ltr'>tali</span> <span class='ocrx_word' id='word_1_172' title='bbox 663 2681 873 2735; x_wconf 85' lang='lat' dir='ltr'>causa,</span> <span class='ocrx_word' id='word_1_173' title='bbox 910 2681 1061 2724; x_wconf 89' lang='lat' dir='ltr'>nam</span> <span class='ocrx_word' id='word_1_174' title='bbox 1088 2664 1251 2724; x_wconf 87' lang='lat' dir='ltr'>inter</span> <span class='ocrx_word' id='word_1_175' title='bbox 1276 2664 1445 2723; x_wconf 86' lang='lat' dir='ltr'>illam</span> <span class='ocrx_word' id='word_1_176' title='bbox 1474 2662 1785 2724; x_wconf 83' lang='lat' dir='ltr'>actionem</span> 
     </span>
     <span class='ocr_line' id='line_1_26' title="bbox 204 2753 1785 2834; baseline 0 -21"><span class='ocrx_word' id='word_1_177' title='bbox 204 2760 269 2815; x_wconf 88' lang='lat' dir='ltr'>et</span> <span class='ocrx_word' id='word_1_178' title='bbox 312 2753 669 2833; x_wconf 86' lang='lat' dir='ltr'>potentiam</span> <span class='ocrx_word' id='word_1_179' title='bbox 702 2756 856 2833; x_wconf 86' lang='lat' dir='ltr'>(sub</span> <span class='ocrx_word' id='word_1_180' title='bbox 910 2774 1035 2834; x_wconf 88' lang='lat' dir='ltr'>qua</span> <span class='ocrx_word' id='word_1_181' title='bbox 1093 2774 1345 2817; x_wconf 89' lang='lat' dir='ltr'>omnem</span> <span class='ocrx_word' id='word_1_182' title='bbox 1384 2762 1592 2817; x_wconf 88' lang='lat' dir='ltr'>actum</span> <span class='ocrx_word' id='word_1_183' title='bbox 1650 2756 1785 2833; x_wconf 87' lang='lat' dir='ltr'>ejus</span> 
     </span>
     <span class='ocr_line' id='line_1_27' title="bbox 202 2846 1787 2927; baseline 0.001 -22"><span class='ocrx_word' id='word_1_184' title='bbox 202 2846 491 2924; x_wconf 86' lang='lat' dir='ltr'>primum</span> <span class='ocrx_word' id='word_1_185' title='bbox 542 2848 1187 2927; x_wconf 87' lang='lat' dir='ltr'>comprehendimus)</span> <span class='ocrx_word' id='word_1_186' title='bbox 1220 2848 1375 2909; x_wconf 83' lang='lat' dir='ltr'>nihil</span> <span class='ocrx_word' id='word_1_187' title='bbox 1403 2848 1678 2919; x_wconf 86' lang='lat' dir='ltr'>mediat;</span> <span class='ocrx_word' id='word_1_188' title='bbox 1726 2852 1787 2907; x_wconf 90' lang='lat' dir='ltr'>et</span> 
     </span>
     <span class='ocr_line' id='line_1_28' title="bbox 202 2940 1786 3021; baseline 0.001 -22"><span class='ocrx_word' id='word_1_189' title='bbox 202 2940 355 2999; x_wconf 84' lang='lat' dir='ltr'>ideo</span> <span class='ocrx_word' id='word_1_190' title='bbox 402 2959 785 3021; x_wconf 85' lang='lat' dir='ltr'>cognoscere</span> <span class='ocrx_word' id='word_1_191' title='bbox 828 2944 1121 3003; x_wconf 83' lang='lat' dir='ltr'>effectum</span> <span class='ocrx_word' id='word_1_192' title='bbox 1176 2942 1272 3003; x_wconf 86' lang='lat' dir='ltr'>vel</span> <span class='ocrx_word' id='word_1_193' title='bbox 1324 2940 1786 3002; x_wconf 85' lang='lat' dir='ltr'>emanationem</span> 
     </span>
     <span class='ocr_line' id='line_1_29' title="bbox 204 3034 1785 3118; baseline 0.001 -25"><span class='ocrx_word' id='word_1_194' title='bbox 204 3034 351 3118; x_wconf 79' lang='lat' dir='ltr'>ejus</span> <span class='ocrx_word' id='word_1_195' title='bbox 392 3054 429 3095; x_wconf 86' lang='lat' dir='ltr'>a</span> <span class='ocrx_word' id='word_1_196' title='bbox 478 3036 589 3097; x_wconf 83' lang='lat' dir='ltr'>tali</span> <span class='ocrx_word' id='word_1_197' title='bbox 635 3054 823 3097; x_wconf 85' lang='lat' dir='ltr'>causa</span> <span class='ocrx_word' id='word_1_198' title='bbox 852 3036 917 3097; x_wconf 88' lang='lat' dir='ltr'>in</span> <span class='ocrx_word' id='word_1_199' title='bbox 944 3036 1465 3098; x_wconf 83' lang='lat' dir='ltr'>determinatione</span> <span class='ocrx_word' id='word_1_200' title='bbox 1499 3036 1658 3116; x_wconf 78' lang='lat' dir='ltr'>ejuS,</span> <span class='ocrx_word' id='word_1_201' title='bbox 1689 3034 1785 3095; x_wconf 89' lang='lat' dir='ltr'>ni-</span> 
     </span>
     <span class='ocr_line' id='line_1_30' title="bbox 202 3129 1781 3211; baseline 0.001 -23"><span class='ocrx_word' id='word_1_202' title='bbox 202 3129 297 3189; x_wconf 88' lang='lat' dir='ltr'>hil</span> <span class='ocrx_word' id='word_1_203' title='bbox 332 3129 509 3190; x_wconf 85' lang='lat' dir='ltr'>aliud</span> <span class='ocrx_word' id='word_1_204' title='bbox 548 3137 643 3190; x_wconf 86' lang='lat' dir='ltr'>est</span> <span class='ocrx_word' id='word_1_205' title='bbox 673 3149 861 3210; x_wconf 90' lang='lat' dir='ltr'>quam</span> <span class='ocrx_word' id='word_1_206' title='bbox 902 3149 1281 3211; x_wconf 86' lang='lat' dir='ltr'>cognoscere</span> <span class='ocrx_word' id='word_1_207' title='bbox 1322 3130 1781 3192; x_wconf 85' lang='lat' dir='ltr'>emanationem</span> 
     </span>
     <span class='ocr_line' id='line_1_31' title="bbox 204 3221 1833 3300; baseline 0.001 -18"><span class='ocrx_word' id='word_1_208' title='bbox 204 3221 265 3282; x_wconf 89' lang='lat' dir='ltr'>in</span> <span class='ocrx_word' id='word_1_209' title='bbox 322 3222 531 3300; x_wconf 85' lang='lat' dir='ltr'>seipsa</span> <span class='ocrx_word' id='word_1_210' title='bbox 559 3267 581 3297; x_wconf 92' lang='lat'>,</span> <span class='ocrx_word' id='word_1_211' title='bbox 637 3230 699 3284; x_wconf 88' lang='lat' dir='ltr'>et</span> <span class='ocrx_word' id='word_1_212' title='bbox 738 3223 1028 3284; x_wconf 83' lang='lat' dir='ltr'>effectum</span> <span class='ocrx_word' id='word_1_213' title='bbox 1082 3229 1151 3284; x_wconf 85' lang='lat' dir='ltr'>ut</span> <span class='ocrx_word' id='word_1_214' title='bbox 1189 3230 1625 3285; x_wconf 89' lang='lat' dir='ltr'>emanaturum</span> <span class='ocrx_word' id='word_1_215' title='bbox 1672 3241 1783 3283; x_wconf 88' lang='lat' dir='ltr'>seu</span> <span class='ocrx_word' id='word_1_216' title='bbox 1826 3279 1833 3284; x_wconf 85' lang='lat'>.</span> 
     </span>
     <span class='ocr_line' id='line_1_32' title="bbox 204 3316 1785 3378; baseline 0.001 -3"><span class='ocrx_word' id='word_1_217' title='bbox 204 3321 618 3376; x_wconf 88' lang='lat' dir='ltr'>emanantem</span> <span class='ocrx_word' id='word_1_218' title='bbox 646 3335 683 3376; x_wconf 88' lang='lat' dir='ltr'>a</span> <span class='ocrx_word' id='word_1_219' title='bbox 712 3335 825 3376; x_wconf 86' lang='lat' dir='ltr'>sua</span> <span class='ocrx_word' id='word_1_220' title='bbox 854 3335 1067 3378; x_wconf 86' lang='lat' dir='ltr'>causa.</span> <span class='ocrx_word' id='word_1_221' title='bbox 1096 3317 1167 3376; x_wconf 91' lang='lat' dir='ltr'>In</span> <span class='ocrx_word' id='word_1_222' title='bbox 1194 3316 1402 3377; x_wconf 85' lang='lat' dir='ltr'>divina</span> <span class='ocrx_word' id='word_1_223' title='bbox 1435 3320 1645 3376; x_wconf 86' lang='lat' dir='ltr'>autem</span> <span class='ocrx_word' id='word_1_224' title='bbox 1678 3335 1785 3376; x_wconf 89' lang='lat' dir='ltr'>vo—</span> 
     </span>
     <span class='ocr_line' id='line_1_33' title="bbox 202 3407 1785 3488; baseline 0 -21"><span class='ocrx_word' id='word_1_225' title='bbox 202 3407 453 3468; x_wconf 84' lang='lat' dir='ltr'>luntate</span> <span class='ocrx_word' id='word_1_226' title='bbox 489 3453 505 3480; x_wconf 96' lang='lat'>,</span> <span class='ocrx_word' id='word_1_227' title='bbox 550 3407 987 3470; x_wconf 86' lang='lat' dir='ltr'>determinatio</span> <span class='ocrx_word' id='word_1_228' title='bbox 1040 3409 1407 3488; x_wconf 82' lang='lat' dir='ltr'>intelligitur</span> <span class='ocrx_word' id='word_1_229' title='bbox 1468 3427 1605 3470; x_wconf 87' lang='lat' dir='ltr'>esse</span> <span class='ocrx_word' id='word_1_230' title='bbox 1674 3426 1785 3486; x_wconf 87' lang='lat' dir='ltr'>per</span> 
     </span>
     <span class='ocr_line' id='line_1_34' title="bbox 206 3501 1783 3580; baseline 0 -18"><span class='ocrx_word' id='word_1_231' title='bbox 206 3507 523 3562; x_wconf 82' lang='lat' dir='ltr'>aeternum</span> <span class='ocrx_word' id='word_1_232' title='bbox 543 3501 867 3563; x_wconf 90' lang='lat' dir='ltr'>decretum</span> <span class='ocrx_word' id='word_1_233' title='bbox 882 3502 1167 3576; x_wconf 86' lang='lat' dir='ltr'>liberum,</span> <span class='ocrx_word' id='word_1_234' title='bbox 1190 3519 1315 3580; x_wconf 89' lang='lat' dir='ltr'>quo</span> <span class='ocrx_word' id='word_1_235' title='bbox 1339 3503 1471 3564; x_wconf 78' lang='lat' dir='ltr'>vult</span> <span class='ocrx_word' id='word_1_236' title='bbox 1498 3501 1604 3562; x_wconf 90' lang='lat' dir='ltr'>tali</span> <span class='ocrx_word' id='word_1_237' title='bbox 1632 3513 1783 3562; x_wconf 90' lang='lat' dir='ltr'>tem-</span> 
     </span>
     <span class='ocr_line' id='line_1_35' title="bbox 204 3595 1785 3675; baseline 0.001 -19"><span class='ocrx_word' id='word_1_238' title='bbox 204 3613 363 3674; x_wconf 87' lang='lat' dir='ltr'>pore</span> <span class='ocrx_word' id='word_1_239' title='bbox 390 3596 655 3656; x_wconf 87' lang='lat' dir='ltr'>inssuere</span> <span class='ocrx_word' id='word_1_240' title='bbox 685 3597 755 3656; x_wconf 87' lang='lat' dir='ltr'>in</span> <span class='ocrx_word' id='word_1_241' title='bbox 780 3597 969 3656; x_wconf 87' lang='lat' dir='ltr'>talem</span> <span class='ocrx_word' id='word_1_242' title='bbox 1001 3597 1330 3668; x_wconf 79' lang='lat' dir='ltr'>effectum3</span> <span class='ocrx_word' id='word_1_243' title='bbox 1367 3595 1537 3675; x_wconf 86' lang='lat' dir='ltr'>quod</span> <span class='ocrx_word' id='word_1_244' title='bbox 1574 3596 1785 3658; x_wconf 86' lang='lat' dir='ltr'>decre-</span> 
     </span>
     <span class='ocr_line' id='line_1_36' title="bbox 203 3688 1784 3767; baseline -0.001 -17"><span class='ocrx_word' id='word_1_245' title='bbox 203 3696 369 3758; x_wconf 85' lang='lat' dir='ltr'>tum,</span> <span class='ocrx_word' id='word_1_246' title='bbox 404 3688 711 3767; x_wconf 87' lang='lat' dir='ltr'>quidquid</span> <span class='ocrx_word' id='word_1_247' title='bbox 745 3688 897 3749; x_wconf 88' lang='lat' dir='ltr'>illud</span> <span class='ocrx_word' id='word_1_248' title='bbox 934 3688 1033 3762; x_wconf 84' lang='lat' dir='ltr'>sit,</span> <span class='ocrx_word' id='word_1_249' title='bbox 1070 3695 1283 3750; x_wconf 91' lang='lat' dir='ltr'>nostro</span> <span class='ocrx_word' id='word_1_250' title='bbox 1338 3689 1524 3750; x_wconf 88' lang='lat' dir='ltr'>modo</span> <span class='ocrx_word' id='word_1_251' title='bbox 1564 3688 1784 3749; x_wconf 87' lang='lat' dir='ltr'>intelli-</span> 
     </span>
     <span class='ocr_line' id='line_1_37' title="bbox 206 3780 1785 3860; baseline 0.001 -20"><span class='ocrx_word' id='word_1_252' title='bbox 206 3780 405 3860; x_wconf 82' lang='lat' dir='ltr'>gendi</span> <span class='ocrx_word' id='word_1_253' title='bbox 456 3781 693 3842; x_wconf 87' lang='lat' dir='ltr'>mediat</span> <span class='ocrx_word' id='word_1_254' title='bbox 739 3781 905 3842; x_wconf 88' lang='lat' dir='ltr'>inter</span> <span class='ocrx_word' id='word_1_255' title='bbox 950 3781 1335 3844; x_wconf 88' lang='lat' dir='ltr'>voluntatem</span> <span class='ocrx_word' id='word_1_256' title='bbox 1390 3783 1687 3854; x_wconf 82' lang='lat' dir='ltr'>divinam,</span> <span class='ocrx_word' id='word_1_257' title='bbox 1724 3785 1785 3842; x_wconf 88' lang='lat' dir='ltr'>et</span> 
     </span>
     <span class='ocr_line' id='line_1_38' title="bbox 206 3874 1782 3936; baseline 0.001 -3"><span class='ocrx_word' id='word_1_258' title='bbox 206 3874 526 3934; x_wconf 77' lang='lat' dir='ltr'>actionem</span> <span class='ocrx_word' id='word_1_259' title='bbox 551 3892 665 3934; x_wconf 84' lang='lat' dir='ltr'>seu</span> <span class='ocrx_word' id='word_1_260' title='bbox 690 3875 1277 3936; x_wconf 88' lang='lat' dir='ltr'>determinationem</span> <span class='ocrx_word' id='word_1_261' title='bbox 1300 3875 1633 3936; x_wconf 74' lang='lat' dir='ltr'>voluntatis</span> <span class='ocrx_word' id='word_1_262' title='bbox 1668 3877 1782 3934; x_wconf 88' lang='lat' dir='ltr'>hu-</span> 
     </span>
    </p>
   </div>
   <div class='ocr_carea' id='block_1_6' title="bbox 204 3973 1778 4051">
    <p class='ocr_par' dir='ltr' id='par_1_6' title="bbox 204 3973 1778 4051">
     <span class='ocr_line' id='line_1_39' title="bbox 204 3973 1778 4051; baseline 0.001 -21"><span class='ocrx_word' id='word_1_263' title='bbox 204 3989 440 4043; x_wconf 82' lang='lat' dir='ltr'>manae,</span> <span class='ocrx_word' id='word_1_264' title='bbox 470 3977 783 4048; x_wconf 85' lang='lat' dir='ltr'>quatenus</span> <span class='ocrx_word' id='word_1_265' title='bbox 812 3989 851 4030; x_wconf 91' lang='lat' dir='ltr'>a</span> <span class='ocrx_word' id='word_1_266' title='bbox 880 3973 1011 4030; x_wconf 90' lang='lat' dir='ltr'>Deo</span> <span class='ocrx_word' id='word_1_267' title='bbox 1042 3977 1137 4032; x_wconf 89' lang='lat' dir='ltr'>est</span> <span class='ocrx_word' id='word_1_268' title='bbox 1167 3991 1182 4044; x_wconf 91' lang='grc'>;</span> <span class='ocrx_word' id='word_1_269' title='bbox 1226 3975 1289 4032; x_wconf 88' lang='lat' dir='ltr'>et</span> <span class='ocrx_word' id='word_1_270' title='bbox 1316 3973 1778 4051; x_wconf 86' lang='lat' dir='ltr'>comparatione</span> 
     </span>
    </p>
   </div>
   <div class='ocr_carea' id='block_1_7' title="bbox 204 4063 1781 4142">
    <p class='ocr_par' dir='ltr' id='par_1_7' title="bbox 204 4063 1781 4142">
     <span class='ocr_line' id='line_1_40' title="bbox 204 4063 1781 4142; baseline -0.001 -18"><span class='ocrx_word' id='word_1_271' title='bbox 204 4064 375 4124; x_wconf 87' lang='lat' dir='ltr'>illius</span> <span class='ocrx_word' id='word_1_272' title='bbox 404 4069 501 4123; x_wconf 88' lang='lat' dir='ltr'>est</span> <span class='ocrx_word' id='word_1_273' title='bbox 520 4063 679 4124; x_wconf 90' lang='lat' dir='ltr'>actio</span> <span class='ocrx_word' id='word_1_274' title='bbox 708 4064 1037 4138; x_wconf 82' lang='lat' dir='ltr'>transienS‚</span> <span class='ocrx_word' id='word_1_275' title='bbox 1068 4065 1353 4142; x_wconf 83' lang='lat' dir='ltr'>quamvis</span> <span class='ocrx_word' id='word_1_276' title='bbox 1376 4064 1441 4124; x_wconf 92' lang='lat' dir='ltr'>in</span> <span class='ocrx_word' id='word_1_277' title='bbox 1462 4063 1781 4125; x_wconf 84' lang='lat' dir='ltr'>voluntate</span> 
     </span>
    </p>
   </div>
   <div class='ocr_carea' id='block_1_8' title="bbox 206 4156 1779 4235">
    <p class='ocr_par' dir='ltr' id='par_1_8' title="bbox 206 4156 1779 4235">
     <span class='ocr_line' id='line_1_41' title="bbox 206 4156 1779 4235; baseline -0.001 -19"><span class='ocrx_word' id='word_1_278' title='bbox 206 4157 487 4216; x_wconf 86' lang='lat' dir='ltr'>humana</span> <span class='ocrx_word' id='word_1_279' title='bbox 520 4156 597 4216; x_wconf 88' lang='lat' dir='ltr'>sit.</span> <span class='ocrx_word' id='word_1_280' title='bbox 612 4156 987 4230; x_wconf 78' lang='lat' dir='ltr'>immanenS,</span> <span class='ocrx_word' id='word_1_281' title='bbox 1006 4156 1275 4235; x_wconf 87' lang='lat' dir='ltr'>ideoque</span> <span class='ocrx_word' id='word_1_282' title='bbox 1304 4158 1428 4218; x_wconf 90' lang='lat' dir='ltr'>tale</span> <span class='ocrx_word' id='word_1_283' title='bbox 1460 4157 1779 4217; x_wconf 88' lang='lat' dir='ltr'>decretum</span> 
     </span>
    </p>
   </div>
   <div class='ocr_carea' id='block_1_9' title="bbox 206 4248 1781 4329">
    <p class='ocr_par' dir='ltr' id='par_1_9' title="bbox 206 4248 1781 4329">
     <span class='ocr_line' id='line_1_42' title="bbox 206 4248 1781 4329; baseline 0.003 -23"><span class='ocrx_word' id='word_1_284' title='bbox 206 4267 337 4307; x_wconf 89' lang='lat' dir='ltr'>non</span> <span class='ocrx_word' id='word_1_285' title='bbox 384 4253 481 4308; x_wconf 83' lang='lat' dir='ltr'>est</span> <span class='ocrx_word' id='word_1_286' title='bbox 510 4267 549 4307; x_wconf 88' lang='lat' dir='ltr'>a</span> <span class='ocrx_word' id='word_1_287' title='bbox 576 4248 784 4310; x_wconf 82' lang='lat' dir='ltr'>divina</span> <span class='ocrx_word' id='word_1_288' title='bbox 834 4249 1178 4321; x_wconf 84' lang='lat' dir='ltr'>voluntate,</span> <span class='ocrx_word' id='word_1_289' title='bbox 1224 4255 1523 4329; x_wconf 86' lang='lat' dir='ltr'>tauquam</span> <span class='ocrx_word' id='word_1_290' title='bbox 1567 4251 1647 4311; x_wconf 92' lang='lat' dir='ltr'>ab</span> <span class='ocrx_word' id='word_1_291' title='bbox 1678 4269 1781 4310; x_wconf 87' lang='lat' dir='ltr'>ac-</span> 
     </span>
    </p>
   </div>
   <div class='ocr_carea' id='block_1_10' title="bbox 204 4342 1778 5632">
    <p class='ocr_par' dir='ltr' id='par_1_10' title="bbox 204 4342 1778 4776">
     <span class='ocr_line' id='line_1_43' title="bbox 204 4342 1778 4419; baseline 0 -17"><span class='ocrx_word' id='word_1_292' title='bbox 204 4342 405 4414; x_wconf 86' lang='lat' dir='ltr'>tione,</span> <span class='ocrx_word' id='word_1_293' title='bbox 440 4343 587 4419; x_wconf 85' lang='lat' dir='ltr'>quia</span> <span class='ocrx_word' id='word_1_294' title='bbox 629 4342 712 4402; x_wconf 90' lang='lat' dir='ltr'>ad</span> <span class='ocrx_word' id='word_1_295' title='bbox 759 4343 1069 4403; x_wconf 88' lang='lat' dir='ltr'>actionem</span> <span class='ocrx_word' id='word_1_296' title='bbox 1120 4363 1247 4404; x_wconf 89' lang='lat' dir='ltr'>non</span> <span class='ocrx_word' id='word_1_297' title='bbox 1300 4350 1394 4404; x_wconf 86' lang='lat' dir='ltr'>est</span> <span class='ocrx_word' id='word_1_298' title='bbox 1450 4342 1647 4416; x_wconf 88' lang='lat' dir='ltr'>actio;</span> <span class='ocrx_word' id='word_1_299' title='bbox 1684 4348 1778 4403; x_wconf 85' lang='lat' dir='ltr'>est</span> 
     </span>
     <span class='ocr_line' id='line_1_44' title="bbox 206 4436 1777 4513; baseline 0.001 -19"><span class='ocrx_word' id='word_1_300' title='bbox 206 4451 361 4513; x_wconf 84' lang='lat' dir='ltr'>ergo</span> <span class='ocrx_word' id='word_1_301' title='bbox 392 4441 695 4512; x_wconf 87' lang='lat' dir='ltr'>tanquam</span> <span class='ocrx_word' id='word_1_302' title='bbox 732 4455 769 4496; x_wconf 89' lang='lat' dir='ltr'>a</span> <span class='ocrx_word' id='word_1_303' title='bbox 796 4455 1007 4508; x_wconf 87' lang='lat' dir='ltr'>causa,</span> <span class='ocrx_word' id='word_1_304' title='bbox 1043 4441 1125 4508; x_wconf 89' lang='lat' dir='ltr'>et,</span> <span class='ocrx_word' id='word_1_305' title='bbox 1162 4441 1229 4496; x_wconf 90' lang='lat' dir='ltr'>ut</span> <span class='ocrx_word' id='word_1_306' title='bbox 1252 4436 1341 4496; x_wconf 91' lang='lat' dir='ltr'>sic</span> <span class='ocrx_word' id='word_1_307' title='bbox 1386 4437 1609 4512; x_wconf 88' lang='lat' dir='ltr'>dicam,</span> <span class='ocrx_word' id='word_1_308' title='bbox 1642 4443 1777 4498; x_wconf 87' lang='lat' dir='ltr'>tan·</span> 
     </span>
     <span class='ocr_line' id='line_1_45' title="bbox 207 4528 1777 4609; baseline 0.002 -22"><span class='ocrx_word' id='word_1_309' title='bbox 207 4545 401 4606; x_wconf 88' lang='lat' dir='ltr'>quam</span> <span class='ocrx_word' id='word_1_310' title='bbox 434 4546 473 4587; x_wconf 87' lang='lat' dir='ltr'>a</span> <span class='ocrx_word' id='word_1_311' title='bbox 500 4528 803 4608; x_wconf 86' lang='lat' dir='ltr'>principio</span> <span class='ocrx_word' id='word_1_312' title='bbox 844 4529 1127 4607; x_wconf 82' lang='lat' dir='ltr'>proximo</span> <span class='ocrx_word' id='word_1_313' title='bbox 1158 4547 1237 4590; x_wconf 80' lang='lat' dir='ltr'>cx</span> <span class='ocrx_word' id='word_1_314' title='bbox 1263 4536 1439 4609; x_wconf 84' lang='lat' dir='ltr'>parte</span> <span class='ocrx_word' id='word_1_315' title='bbox 1468 4530 1577 4590; x_wconf 85' lang='lat' dir='ltr'>Dei</span> <span class='ocrx_word' id='word_1_316' title='bbox 1603 4549 1617 4602; x_wconf 91' lang='grc'>;</span> <span class='ocrx_word' id='word_1_317' title='bbox 1666 4548 1777 4590; x_wconf 90' lang='lat' dir='ltr'>ne-</span> 
     </span>
     <span class='ocr_line' id='line_1_46' title="bbox 208 4621 1773 4702; baseline 0.002 -22"><span class='ocrx_word' id='word_1_318' title='bbox 208 4639 384 4681; x_wconf 83' lang='lat' dir='ltr'>ccsse</span> <span class='ocrx_word' id='word_1_319' title='bbox 414 4627 510 4682; x_wconf 87' lang='lat' dir='ltr'>est</span> <span class='ocrx_word' id='word_1_320' title='bbox 538 4639 691 4700; x_wconf 80' lang='lat' dir='ltr'>ergo</span> <span class='ocrx_word' id='word_1_321' title='bbox 733 4624 899 4684; x_wconf 88' lang='lat' dir='ltr'>hunc</span> <span class='ocrx_word' id='word_1_322' title='bbox 928 4621 1217 4682; x_wconf 83' lang='lat' dir='ltr'>effectum</span> <span class='ocrx_word' id='word_1_323' title='bbox 1242 4623 1557 4702; x_wconf 82' lang='lat' dir='ltr'>cognosci,</span> <span class='ocrx_word' id='word_1_324' title='bbox 1590 4629 1659 4684; x_wconf 85' lang='lat' dir='ltr'>ut</span> <span class='ocrx_word' id='word_1_325' title='bbox 1684 4623 1773 4683; x_wconf 85' lang='lat' dir='ltr'>fu-</span> 
     </span>
     <span class='ocr_line' id='line_1_47' title="bbox 208 4715 867 4776; baseline 0.003 -2"><span class='ocrx_word' id='word_1_326' title='bbox 208 4721 421 4774; x_wconf 85' lang='lat' dir='ltr'>turum</span> <span class='ocrx_word' id='word_1_327' title='bbox 453 4731 491 4772; x_wconf 89' lang='lat' dir='ltr'>a</span> <span class='ocrx_word' id='word_1_328' title='bbox 518 4715 625 4774; x_wconf 77' lang='lat' dir='ltr'>tali</span> <span class='ocrx_word' id='word_1_329' title='bbox 652 4733 867 4776; x_wconf 86' lang='lat' dir='ltr'>causa.</span> 
     </span>
    </p>

    <p class='ocr_par' dir='ltr' id='par_1_11' title="bbox 206 4805 1775 5632">
     <span class='ocr_line' id='line_1_48' title="bbox 290 4805 1771 4886; baseline -0.003 -16"><span class='ocrx_word' id='word_1_330' title='bbox 290 4805 573 4886; x_wconf 72' lang='lat' dir='ltr'>Coynitio</span> <span class='ocrx_word' id='word_1_331' title='bbox 600 4807 783 4870; x_wconf 77' lang='lat' dir='ltr'>etiam</span> <span class='ocrx_word' id='word_1_332' title='bbox 816 4809 1037 4872; x_wconf 76' lang='lat' dir='ltr'>decreti</span> <span class='ocrx_word' id='word_1_333' title='bbox 1063 4809 1257 4870; x_wconf 73' lang='lat' dir='ltr'>divini</span> <span class='ocrx_word' id='word_1_334' title='bbox 1292 4809 1632 4870; x_wconf 74' lang='lat' dir='ltr'>necessaria</span> <span class='ocrx_word' id='word_1_335' title='bbox 1658 4813 1771 4870; x_wconf 72' lang='lat' dir='ltr'>est.</span> 
     </span>
     <span class='ocr_line' id='line_1_49' title="bbox 206 4899 1775 4980; baseline 0.001 -22"><span class='ocrx_word' id='word_1_336' title='bbox 206 4931 283 4943; x_wconf 96' lang='lat'><strong>—</strong></span> <span class='ocrx_word' id='word_1_337' title='bbox 306 4901 511 4976; x_wconf 74' lang='lat' dir='ltr'>Atque</span> <span class='ocrx_word' id='word_1_338' title='bbox 544 4900 689 4958; x_wconf 90' lang='lat' dir='ltr'>hinc</span> <span class='ocrx_word' id='word_1_339' title='bbox 714 4899 804 4972; x_wconf 89' lang='lat' dir='ltr'>fit,</span> <span class='ocrx_word' id='word_1_340' title='bbox 828 4900 912 4960; x_wconf 83' lang='lat' dir='ltr'>ad</span> <span class='ocrx_word' id='word_1_341' title='bbox 930 4900 1369 4980; x_wconf 82' lang='lat' dir='ltr'>cognoscenda</span> <span class='ocrx_word' id='word_1_342' title='bbox 1392 4901 1599 4960; x_wconf 83' lang='lat' dir='ltr'>futura</span> <span class='ocrx_word' id='word_1_343' title='bbox 1630 4918 1775 4960; x_wconf 88' lang='lat' dir='ltr'>con-</span> 
     </span>
     <span class='ocr_line' id='line_1_50' title="bbox 208 4990 1769 5071; baseline 0.001 -21"><span class='ocrx_word' id='word_1_344' title='bbox 208 4990 507 5069; x_wconf 88' lang='lat' dir='ltr'>tingentia</span> <span class='ocrx_word' id='word_1_345' title='bbox 548 4991 713 5052; x_wconf 84' lang='lat' dir='ltr'>dicto</span> <span class='ocrx_word' id='word_1_346' title='bbox 760 4991 947 5054; x_wconf 89' lang='lat' dir='ltr'>modo</span> <span class='ocrx_word' id='word_1_347' title='bbox 990 4993 1289 5071; x_wconf 80' lang='lat' dir='ltr'>perfecte,</span> <span class='ocrx_word' id='word_1_348' title='bbox 1340 4995 1769 5052; x_wconf 84' lang='lat' dir='ltr'>necessarium</span> 
     </span>
     <span class='ocr_line' id='line_1_51' title="bbox 210 5085 1768 5162; baseline 0 -18"><span class='ocrx_word' id='word_1_349' title='bbox 210 5099 345 5144; x_wconf 84' lang='lat' dir='ltr'>esse</span> <span class='ocrx_word' id='word_1_350' title='bbox 374 5101 758 5162; x_wconf 88' lang='lat' dir='ltr'>cognoscere</span> <span class='ocrx_word' id='word_1_351' title='bbox 790 5085 1115 5146; x_wconf 89' lang='lat' dir='ltr'>decretum</span> <span class='ocrx_word' id='word_1_352' title='bbox 1152 5086 1376 5146; x_wconf 79' lang='lat' dir='ltr'>divinoe</span> <span class='ocrx_word' id='word_1_353' title='bbox 1411 5085 1768 5159; x_wconf 76' lang='lat' dir='ltr'>voluntatiS,</span> 
     </span>
     <span class='ocr_line' id='line_1_52' title="bbox 210 5178 1772 5256; baseline 0 -20"><span class='ocrx_word' id='word_1_354' title='bbox 210 5195 243 5236; x_wconf 90' lang='lat' dir='ltr'>a</span> <span class='ocrx_word' id='word_1_355' title='bbox 272 5196 396 5254; x_wconf 90' lang='lat' dir='ltr'>quo</span> <span class='ocrx_word' id='word_1_356' title='bbox 428 5178 921 5256; x_wconf 75' lang='lat' dir='ltr'>unumquodque</span> <span class='ocrx_word' id='word_1_357' title='bbox 948 5179 1229 5238; x_wconf 84' lang='lat' dir='ltr'>futurum</span> <span class='ocrx_word' id='word_1_358' title='bbox 1256 5183 1370 5250; x_wconf 90' lang='lat' dir='ltr'>est,</span> <span class='ocrx_word' id='word_1_359' title='bbox 1406 5195 1552 5238; x_wconf 83' lang='lat' dir='ltr'>nam</span> <span class='ocrx_word' id='word_1_360' title='bbox 1582 5178 1772 5236; x_wconf 90' lang='lat' dir='ltr'>solius</span> 
     </span>
     <span class='ocr_line' id='line_1_53' title="bbox 208 5269 1767 5348; baseline 0 -20"><span class='ocrx_word' id='word_1_361' title='bbox 208 5269 441 5330; x_wconf 87' lang='lat' dir='ltr'>decreti</span> <span class='ocrx_word' id='word_1_362' title='bbox 466 5269 747 5348; x_wconf 85' lang='lat' dir='ltr'>cognitio</span> <span class='ocrx_word' id='word_1_363' title='bbox 788 5289 901 5348; x_wconf 87' lang='lat' dir='ltr'>per</span> <span class='ocrx_word' id='word_1_364' title='bbox 938 5289 1006 5332; x_wconf 88' lang='lat' dir='ltr'>se</span> <span class='ocrx_word' id='word_1_365' title='bbox 1036 5289 1163 5331; x_wconf 88' lang='lat' dir='ltr'>non</span> <span class='ocrx_word' id='word_1_366' title='bbox 1213 5270 1461 5342; x_wconf 84' lang='lat' dir='ltr'>sufficit,</span> <span class='ocrx_word' id='word_1_367' title='bbox 1502 5275 1568 5330; x_wconf 90' lang='lat' dir='ltr'>ut</span> <span class='ocrx_word' id='word_1_368' title='bbox 1606 5269 1767 5341; x_wconf 79' lang='lat' dir='ltr'>dixi3</span> 
     </span>
     <span class='ocr_line' id='line_1_54' title="bbox 208 5363 1775 5443; baseline 0 -21"><span class='ocrx_word' id='word_1_369' title='bbox 208 5369 541 5422; x_wconf 87' lang='lat' dir='ltr'>esttamen</span> <span class='ocrx_word' id='word_1_370' title='bbox 568 5363 948 5436; x_wconf 84' lang='lat' dir='ltr'>necessaria,</span> <span class='ocrx_word' id='word_1_371' title='bbox 996 5364 1144 5443; x_wconf 88' lang='lat' dir='ltr'>quia</span> <span class='ocrx_word' id='word_1_372' title='bbox 1186 5381 1314 5424; x_wconf 89' lang='lat' dir='ltr'>non</span> <span class='ocrx_word' id='word_1_373' title='bbox 1352 5368 1558 5441; x_wconf 85' lang='lat' dir='ltr'>potest</span> <span class='ocrx_word' id='word_1_374' title='bbox 1592 5363 1775 5422; x_wconf 85' lang='lat' dir='ltr'>aliter</span> 
     </span>
     <span class='ocr_line' id='line_1_55' title="bbox 208 5456 1767 5534; baseline -0.001 -18"><span class='ocrx_word' id='word_1_375' title='bbox 208 5457 499 5534; x_wconf 85' lang='lat' dir='ltr'>cognosci</span> <span class='ocrx_word' id='word_1_376' title='bbox 531 5457 845 5516; x_wconf 84' lang='lat' dir='ltr'>emanatio</span> <span class='ocrx_word' id='word_1_377' title='bbox 874 5458 1133 5518; x_wconf 82' lang='lat' dir='ltr'>effectus</span> <span class='ocrx_word' id='word_1_378' title='bbox 1161 5457 1243 5518; x_wconf 83' lang='lat' dir='ltr'>ab</span> <span class='ocrx_word' id='word_1_379' title='bbox 1279 5456 1524 5534; x_wconf 88' lang='lat' dir='ltr'>integra</span> <span class='ocrx_word' id='word_1_380' title='bbox 1556 5473 1767 5516; x_wconf 89' lang='lat' dir='ltr'>causa.</span> 
     </span>
     <span class='ocr_line' id='line_1_56' title="bbox 210 5548 1774 5632; baseline -0.001 -22"><span class='ocrx_word' id='word_1_381' title='bbox 210 5549 421 5628; x_wconf 87' lang='lat' dir='ltr'>Neque</span> <span class='ocrx_word' id='word_1_382' title='bbox 446 5555 545 5611; x_wconf 86' lang='lat' dir='ltr'>est</span> <span class='ocrx_word' id='word_1_383' title='bbox 574 5549 747 5629; x_wconf 89' lang='lat' dir='ltr'>quod</span> <span class='ocrx_word' id='word_1_384' title='bbox 774 5550 1001 5631; x_wconf 87' lang='lat' dir='ltr'>aliquis</span> <span class='ocrx_word' id='word_1_385' title='bbox 1027 5551 1265 5612; x_wconf 77' lang='lat' dir='ltr'>haereat</span> <span class='ocrx_word' id='word_1_386' title='bbox 1292 5549 1355 5612; x_wconf 90' lang='lat' dir='ltr'>iu</span> <span class='ocrx_word' id='word_1_387' title='bbox 1391 5553 1651 5632; x_wconf 87' lang='lat' dir='ltr'>peccato</span> <span class='ocrx_word' id='word_1_388' title='bbox 1680 5548 1774 5610; x_wconf 86' lang='lat' dir='ltr'>fu-</span> 
     </span>
    </p>
   </div>
   <div class='ocr_carea' id='block_1_11' title="bbox 3299 428 3412 489">
    <p class='ocr_par' dir='ltr' id='par_1_12' title="bbox 3299 428 3412 489">
     <span class='ocr_line' id='line_1_57' title="bbox 3299 428 3412 489; baseline 0 0"><span class='ocrx_word' id='word_1_389' title='bbox 3299 428 3412 489; x_wconf 81' lang='lat'>331</span> 
     </span>
    </p>
   </div>
   <div class='ocr_carea' id='block_1_12' title="bbox 1854 533 3426 2836">
    <p class='ocr_par' dir='ltr' id='par_1_13' title="bbox 1854 533 3426 2836">
     <span class='ocr_line' id='line_1_58' title="bbox 1858 533 3419 612; baseline 0.002 -21"><span class='ocrx_word' id='word_1_390' title='bbox 1858 534 2022 603; x_wconf 88' lang='lat' dir='ltr'>turc,</span> <span class='ocrx_word' id='word_1_391' title='bbox 2057 550 2133 593; x_wconf 91' lang='lat' dir='ltr'>eo</span> <span class='ocrx_word' id='word_1_392' title='bbox 2161 534 2328 611; x_wconf 88' lang='lat' dir='ltr'>quod</span> <span class='ocrx_word' id='word_1_393' title='bbox 2370 552 2498 593; x_wconf 91' lang='lat' dir='ltr'>non</span> <span class='ocrx_word' id='word_1_394' title='bbox 2530 534 2606 594; x_wconf 88' lang='lat' dir='ltr'>sit</span> <span class='ocrx_word' id='word_1_395' title='bbox 2636 534 2715 595; x_wconf 86' lang='lat' dir='ltr'>ab</span> <span class='ocrx_word' id='word_1_396' title='bbox 2757 533 2963 612; x_wconf 83' lang='lat' dir='ltr'>aliquo</span> <span class='ocrx_word' id='word_1_397' title='bbox 2993 534 3242 594; x_wconf 89' lang='lat' dir='ltr'>decreto</span> <span class='ocrx_word' id='word_1_398' title='bbox 3281 534 3419 610; x_wconf 89' lang='lat' dir='ltr'>Dei,</span> 
     </span>
     <span class='ocr_line' id='line_1_59' title="bbox 1856 624 3422 701; baseline 0.005 -18"><span class='ocrx_word' id='word_1_399' title='bbox 1856 628 2160 701; x_wconf 87' lang='lat' dir='ltr'>tanquam</span> <span class='ocrx_word' id='word_1_400' title='bbox 2190 644 2225 685; x_wconf 89' lang='lat' dir='ltr'>a</span> <span class='ocrx_word' id='word_1_401' title='bbox 2248 644 2470 699; x_wconf 88' lang='lat' dir='ltr'>causa;</span> <span class='ocrx_word' id='word_1_402' title='bbox 2502 646 2672 700; x_wconf 89' lang='lat' dir='ltr'>nam,</span> <span class='ocrx_word' id='word_1_403' title='bbox 2701 628 2975 689; x_wconf 86' lang='lat' dir='ltr'>licethoc</span> <span class='ocrx_word' id='word_1_404' title='bbox 2995 624 3072 688; x_wconf 85' lang='lat' dir='ltr'>&#39;sit</span> <span class='ocrx_word' id='word_1_405' title='bbox 3091 647 3310 689; x_wconf 85' lang='lat' dir='ltr'>verum</span> <span class='ocrx_word' id='word_1_406' title='bbox 3335 629 3422 691; x_wconf 89' lang='lat' dir='ltr'>de</span> 
     </span>
     <span class='ocr_line' id='line_1_60' title="bbox 1856 722 3422 801; baseline 0.005 -26"><span class='ocrx_word' id='word_1_407' title='bbox 1856 724 2136 795; x_wconf 76' lang='lat' dir='ltr'>peccam,</span> <span class='ocrx_word' id='word_1_408' title='bbox 2181 725 2250 779; x_wconf 87' lang='lat' dir='ltr'>ut</span> <span class='ocrx_word' id='word_1_409' title='bbox 2291 726 2618 798; x_wconf 89' lang='lat' dir='ltr'>peccatum</span> <span class='ocrx_word' id='word_1_410' title='bbox 2651 724 2765 794; x_wconf 88' lang='lat' dir='ltr'>est,</span> <span class='ocrx_word' id='word_1_411' title='bbox 2819 727 3032 781; x_wconf 89' lang='lat' dir='ltr'>tamen</span> <span class='ocrx_word' id='word_1_412' title='bbox 3065 728 3240 782; x_wconf 88' lang='lat' dir='ltr'>actus</span> <span class='ocrx_word' id='word_1_413' title='bbox 3286 722 3422 801; x_wconf 87' lang='lat' dir='ltr'>ipse</span> 
     </span>
     <span class='ocr_line' id='line_1_61' title="bbox 1858 809 3424 892; baseline 0.004 -24"><span class='ocrx_word' id='word_1_414' title='bbox 1858 809 2036 882; x_wconf 88' lang='lat' dir='ltr'>liber,</span> <span class='ocrx_word' id='word_1_415' title='bbox 2081 829 2206 890; x_wconf 89' lang='lat' dir='ltr'>quo</span> <span class='ocrx_word' id='word_1_416' title='bbox 2235 818 2562 891; x_wconf 89' lang='lat' dir='ltr'>peccatum</span> <span class='ocrx_word' id='word_1_417' title='bbox 2591 813 2682 885; x_wconf 89' lang='lat' dir='ltr'>fit,</span> <span class='ocrx_word' id='word_1_418' title='bbox 2721 821 2785 875; x_wconf 92' lang='lat' dir='ltr'>et</span> <span class='ocrx_word' id='word_1_419' title='bbox 2815 815 2947 873; x_wconf 88' lang='lat' dir='ltr'>sine</span> <span class='ocrx_word' id='word_1_420' title='bbox 2981 833 3104 892; x_wconf 88' lang='lat' dir='ltr'>quo</span> <span class='ocrx_word' id='word_1_421' title='bbox 3149 833 3278 875; x_wconf 88' lang='lat' dir='ltr'>non</span> <span class='ocrx_word' id='word_1_422' title='bbox 3307 815 3424 875; x_wconf 88' lang='lat' dir='ltr'>fie-</span> 
     </span>
     <span class='ocr_line' id='line_1_62' title="bbox 1858 906 3424 987; baseline 0.004 -26"><span class='ocrx_word' id='word_1_423' title='bbox 1858 908 1977 973; x_wconf 87' lang='lat' dir='ltr'>ret,</span> <span class='ocrx_word' id='word_1_424' title='bbox 2011 910 2072 963; x_wconf 86' lang='lat' dir='ltr'>et</span> <span class='ocrx_word' id='word_1_425' title='bbox 2093 912 2276 981; x_wconf 89' lang='lat' dir='ltr'>prout</span> <span class='ocrx_word' id='word_1_426' title='bbox 2301 906 2398 965; x_wconf 90' lang='lat' dir='ltr'>hic</span> <span class='ocrx_word' id='word_1_427' title='bbox 2419 913 2478 967; x_wconf 87' lang='lat' dir='ltr'>et</span> <span class='ocrx_word' id='word_1_428' title='bbox 2499 926 2667 968; x_wconf 90' lang='lat' dir='ltr'>nunc</span> <span class='ocrx_word' id='word_1_429' title='bbox 2699 914 2812 980; x_wconf 88' lang='lat' dir='ltr'>est,</span> <span class='ocrx_word' id='word_1_430' title='bbox 2833 926 2960 967; x_wconf 91' lang='lat' dir='ltr'>non</span> <span class='ocrx_word' id='word_1_431' title='bbox 2983 912 3077 967; x_wconf 90' lang='lat' dir='ltr'>est</span> <span class='ocrx_word' id='word_1_432' title='bbox 3103 906 3424 987; x_wconf 87' lang='lat' dir='ltr'>separabi-</span> 
     </span>
     <span class='ocr_line' id='line_1_63' title="bbox 1858 992 3420 1079; baseline 0.004 -26"><span class='ocrx_word' id='word_1_433' title='bbox 1858 992 1937 1053; x_wconf 88' lang='lat' dir='ltr'>lis</span> <span class='ocrx_word' id='word_1_434' title='bbox 1983 996 2241 1073; x_wconf 85' lang='lat' dir='ltr'>malitia,</span> <span class='ocrx_word' id='word_1_435' title='bbox 2275 1004 2448 1059; x_wconf 86' lang='lat' dir='ltr'>actus</span> <span class='ocrx_word' id='word_1_436' title='bbox 2489 1000 2792 1079; x_wconf 82' lang='lat' dir='ltr'>(inquam)</span> <span class='ocrx_word' id='word_1_437' title='bbox 2819 999 2919 1061; x_wconf 89' lang='lat' dir='ltr'>ille</span> <span class='ocrx_word' id='word_1_438' title='bbox 2950 1006 3042 1061; x_wconf 86' lang='lat' dir='ltr'>est</span> <span class='ocrx_word' id='word_1_439' title='bbox 3086 999 3167 1059; x_wconf 88' lang='lat' dir='ltr'>ab</span> <span class='ocrx_word' id='word_1_440' title='bbox 3210 998 3420 1077; x_wconf 89' lang='lat' dir='ltr'>aliquo</span> 
     </span>
     <span class='ocr_line' id='line_1_64' title="bbox 1862 1087 3424 1173; baseline 0.004 -27"><span class='ocrx_word' id='word_1_441' title='bbox 1862 1087 2114 1149; x_wconf 89' lang='lat' dir='ltr'>decreto</span> <span class='ocrx_word' id='word_1_442' title='bbox 2166 1092 2280 1150; x_wconf 89' lang='lat' dir='ltr'>Dei</span> <span class='ocrx_word' id='word_1_443' title='bbox 2309 1092 2370 1153; x_wconf 91' lang='lat' dir='ltr'>in</span> <span class='ocrx_word' id='word_1_444' title='bbox 2402 1111 2513 1153; x_wconf 86' lang='lat' dir='ltr'>suo</span> <span class='ocrx_word' id='word_1_445' title='bbox 2542 1112 2807 1173; x_wconf 89' lang='lat' dir='ltr'>genere;</span> <span class='ocrx_word' id='word_1_446' title='bbox 2861 1100 2922 1153; x_wconf 89' lang='lat' dir='ltr'>et</span> <span class='ocrx_word' id='word_1_447' title='bbox 2949 1092 3091 1153; x_wconf 89' lang='lat' dir='ltr'>ideo</span> <span class='ocrx_word' id='word_1_448' title='bbox 3119 1092 3283 1153; x_wconf 92' lang='lat' dir='ltr'>illius</span> <span class='ocrx_word' id='word_1_449' title='bbox 3318 1092 3424 1153; x_wconf 87' lang='lat' dir='ltr'>de-</span> 
     </span>
     <span class='ocr_line' id='line_1_65' title="bbox 1854 1182 3426 1265; baseline 0.004 -26"><span class='ocrx_word' id='word_1_450' title='bbox 1854 1182 2006 1240; x_wconf 89' lang='lat' dir='ltr'>creti</span> <span class='ocrx_word' id='word_1_451' title='bbox 2063 1184 2333 1261; x_wconf 87' lang='lat' dir='ltr'>cognitio</span> <span class='ocrx_word' id='word_1_452' title='bbox 2381 1187 2738 1247; x_wconf 86' lang='lat' dir='ltr'>necessaria</span> <span class='ocrx_word' id='word_1_453' title='bbox 2794 1193 2888 1247; x_wconf 89' lang='lat' dir='ltr'>est</span> <span class='ocrx_word' id='word_1_454' title='bbox 2927 1187 3008 1247; x_wconf 92' lang='lat' dir='ltr'>ad</span> <span class='ocrx_word' id='word_1_455' title='bbox 3043 1203 3426 1265; x_wconf 88' lang='lat' dir='ltr'>cognoscen-</span> 
     </span>
     <span class='ocr_line' id='line_1_66' title="bbox 1854 1272 3423 1361; baseline 0.005 -29"><span class='ocrx_word' id='word_1_456' title='bbox 1854 1272 2006 1333; x_wconf 88' lang='lat' dir='ltr'>dum</span> <span class='ocrx_word' id='word_1_457' title='bbox 2061 1277 2350 1339; x_wconf 81' lang='lat' dir='ltr'>effectum</span> <span class='ocrx_word' id='word_1_458' title='bbox 2387 1280 2684 1342; x_wconf 87' lang='lat' dir='ltr'>futurum.</span> <span class='ocrx_word' id='word_1_459' title='bbox 2739 1282 2893 1353; x_wconf 91' lang='lat' dir='ltr'>Imo,</span> <span class='ocrx_word' id='word_1_460' title='bbox 2936 1281 3080 1342; x_wconf 87' lang='lat' dir='ltr'>licet</span> <span class='ocrx_word' id='word_1_461' title='bbox 3109 1280 3423 1361; x_wconf 83' lang='lat' dir='ltr'>fingamus</span> 
     </span>
     <span class='ocr_line' id='line_1_67' title="bbox 1854 1372 3424 1453; baseline 0 -20"><span class='ocrx_word' id='word_1_462' title='bbox 1854 1372 2135 1434; x_wconf 87' lang='lat' dir='ltr'>futurum</span> <span class='ocrx_word' id='word_1_463' title='bbox 2178 1374 2311 1435; x_wconf 87' lang='lat' dir='ltr'>siue</span> <span class='ocrx_word' id='word_1_464' title='bbox 2343 1382 2485 1435; x_wconf 90' lang='lat' dir='ltr'>actu</span> <span class='ocrx_word' id='word_1_465' title='bbox 2519 1375 2779 1453; x_wconf 82' lang='lat' dir='ltr'>positivo</span> <span class='ocrx_word' id='word_1_466' title='bbox 2831 1394 2946 1453; x_wconf 77' lang='lat' dir='ltr'>per</span> <span class='ocrx_word' id='word_1_467' title='bbox 2983 1392 3206 1453; x_wconf 89' lang='lat' dir='ltr'>puram</span> <span class='ocrx_word' id='word_1_468' title='bbox 3237 1374 3424 1433; x_wconf 89' lang='lat' dir='ltr'>omis-</span> 
     </span>
     <span class='ocr_line' id='line_1_68' title="bbox 1867 1466 3423 1546; baseline 0 -19"><span class='ocrx_word' id='word_1_469' title='bbox 1867 1468 2131 1540; x_wconf 87' lang='lat' dir='ltr'>sionem,</span> <span class='ocrx_word' id='word_1_470' title='bbox 2163 1468 2588 1529; x_wconf 85' lang='lat' dir='ltr'>neccssarium</span> <span class='ocrx_word' id='word_1_471' title='bbox 2625 1468 2740 1528; x_wconf 91' lang='lat' dir='ltr'>erit</span> <span class='ocrx_word' id='word_1_472' title='bbox 2777 1484 3284 1546; x_wconf 67' lang='lat' dir='ltr'>praecognoscere</span> <span class='ocrx_word' id='word_1_473' title='bbox 3318 1466 3423 1527; x_wconf 86' lang='lat' dir='ltr'>de-</span> 
     </span>
     <span class='ocr_line' id='line_1_69' title="bbox 1868 1560 3422 1641; baseline -0.001 -21"><span class='ocrx_word' id='word_1_474' title='bbox 1868 1568 2108 1621; x_wconf 87' lang='lat' dir='ltr'>cretum</span> <span class='ocrx_word' id='word_1_475' title='bbox 2136 1562 2213 1622; x_wconf 88' lang='lat' dir='ltr'>de</span> <span class='ocrx_word' id='word_1_476' title='bbox 2240 1562 2344 1621; x_wconf 87' lang='lat' dir='ltr'>tali</span> <span class='ocrx_word' id='word_1_477' title='bbox 2373 1568 2630 1641; x_wconf 87' lang='lat' dir='ltr'>peccato</span> <span class='ocrx_word' id='word_1_478' title='bbox 2655 1561 3096 1641; x_wconf 79' lang='lat' dir='ltr'>permittendo,</span> <span class='ocrx_word' id='word_1_479' title='bbox 3123 1560 3267 1621; x_wconf 88' lang='lat' dir='ltr'>licet</span> <span class='ocrx_word' id='word_1_480' title='bbox 3293 1578 3422 1619; x_wconf 89' lang='lat' dir='ltr'>non</span> 
     </span>
     <span class='ocr_line' id='line_1_70' title="bbox 1869 1653 3417 1735; baseline -0.001 -20"><span class='ocrx_word' id='word_1_481' title='bbox 1869 1655 1948 1715; x_wconf 88' lang='lat' dir='ltr'>sit</span> <span class='ocrx_word' id='word_1_482' title='bbox 1999 1674 2188 1715; x_wconf 90' lang='lat' dir='ltr'>causa</span> <span class='ocrx_word' id='word_1_483' title='bbox 2230 1656 2384 1735; x_wconf 74' lang='lat' dir='ltr'>ejuS,</span> <span class='ocrx_word' id='word_1_484' title='bbox 2452 1656 2562 1717; x_wconf 89' lang='lat' dir='ltr'>sed</span> <span class='ocrx_word' id='word_1_485' title='bbox 2609 1655 2806 1715; x_wconf 89' lang='lat' dir='ltr'>solum</span> <span class='ocrx_word' id='word_1_486' title='bbox 2851 1673 2979 1714; x_wconf 86' lang='lat' dir='ltr'>non</span> <span class='ocrx_word' id='word_1_487' title='bbox 3029 1653 3417 1732; x_wconf 87' lang='lat' dir='ltr'>impediens;</span> 
     </span>
     <span class='ocr_line' id='line_1_71' title="bbox 1870 1742 3416 1825; baseline -0.003 -16"><span class='ocrx_word' id='word_1_488' title='bbox 1870 1767 2019 1809; x_wconf 90' lang='lat' dir='ltr'>nam</span> <span class='ocrx_word' id='word_1_489' title='bbox 2082 1747 2162 1807; x_wconf 89' lang='lat' dir='ltr'>ad</span> <span class='ocrx_word' id='word_1_490' title='bbox 2215 1748 2718 1825; x_wconf 80' lang='lat' dir='ltr'>cognoscendum</span> <span class='ocrx_word' id='word_1_491' title='bbox 2786 1742 3077 1808; x_wconf 78' lang='lat' dir='ltr'>effectum</span> <span class='ocrx_word' id='word_1_492' title='bbox 3118 1747 3416 1820; x_wconf 84' lang='lat' dir='ltr'>futurum,</span> 
     </span>
     <span class='ocr_line' id='line_1_72' title="bbox 1867 1838 3422 1921; baseline -0.001 -20"><span class='ocrx_word' id='word_1_493' title='bbox 1867 1860 1998 1902; x_wconf 89' lang='lat' dir='ltr'>non</span> <span class='ocrx_word' id='word_1_494' title='bbox 2028 1843 2174 1903; x_wconf 90' lang='lat' dir='ltr'>satis</span> <span class='ocrx_word' id='word_1_495' title='bbox 2205 1838 2700 1921; x_wconf 67' lang='lat' dir='ltr'>cst‘cognoscere</span> <span class='ocrx_word' id='word_1_496' title='bbox 2730 1840 3131 1901; x_wconf 87' lang='lat' dir='ltr'>intrinsecam</span> <span class='ocrx_word' id='word_1_497' title='bbox 3165 1858 3422 1901; x_wconf 85' lang='lat' dir='ltr'>causam</span> 
     </span>
     <span class='ocr_line' id='line_1_73' title="bbox 1868 1934 3425 2012; baseline -0.001 -18"><span class='ocrx_word' id='word_1_498' title='bbox 1868 1934 2001 1995; x_wconf 89' lang='lat' dir='ltr'>fore</span> <span class='ocrx_word' id='word_1_499' title='bbox 2041 1934 2120 1995; x_wconf 89' lang='lat' dir='ltr'>ad</span> <span class='ocrx_word' id='word_1_500' title='bbox 2163 1936 2337 1995; x_wconf 87' lang='lat' dir='ltr'>illum</span> <span class='ocrx_word' id='word_1_501' title='bbox 2381 1935 2943 2006; x_wconf 86' lang='lat' dir='ltr'>determinandam,</span> <span class='ocrx_word' id='word_1_502' title='bbox 2974 1934 3023 1993; x_wconf 91' lang='lat' dir='ltr'>si</span> <span class='ocrx_word' id='word_1_503' title='bbox 3064 1952 3192 1993; x_wconf 91' lang='lat' dir='ltr'>non</span> <span class='ocrx_word' id='word_1_504' title='bbox 3232 1934 3425 2012; x_wconf 89' lang='lat' dir='ltr'>impe—</span> 
     </span>
     <span class='ocr_line' id='line_1_74' title="bbox 1869 2026 3426 2107; baseline -0.003 -18"><span class='ocrx_word' id='word_1_505' title='bbox 1869 2028 2096 2101; x_wconf 89' lang='lat' dir='ltr'>diatur,</span> <span class='ocrx_word' id='word_1_506' title='bbox 2141 2028 2254 2088; x_wconf 89' lang='lat' dir='ltr'>scd</span> <span class='ocrx_word' id='word_1_507' title='bbox 2283 2034 2526 2107; x_wconf 89' lang='lat' dir='ltr'>oportet</span> <span class='ocrx_word' id='word_1_508' title='bbox 2555 2028 2744 2088; x_wconf 87' lang='lat' dir='ltr'>etiam</span> <span class='ocrx_word' id='word_1_509' title='bbox 2771 2045 2956 2087; x_wconf 85' lang='lat' dir='ltr'>nosse</span> <span class='ocrx_word' id='word_1_510' title='bbox 2985 2045 3113 2086; x_wconf 91' lang='lat' dir='ltr'>non</span> <span class='ocrx_word' id='word_1_511' title='bbox 3143 2044 3279 2087; x_wconf 89' lang='lat' dir='ltr'>esse</span> <span class='ocrx_word' id='word_1_512' title='bbox 3311 2026 3426 2085; x_wconf 89' lang='lat' dir='ltr'>im-</span> 
     </span>
     <span class='ocr_line' id='line_1_75' title="bbox 1866 2116 3424 2201; baseline -0.003 -20"><span class='ocrx_word' id='word_1_513' title='bbox 1866 2122 2248 2201; x_wconf 88' lang='lat' dir='ltr'>pediendum</span> <span class='ocrx_word' id='word_1_514' title='bbox 2277 2121 2356 2181; x_wconf 90' lang='lat' dir='ltr'>ab</span> <span class='ocrx_word' id='word_1_515' title='bbox 2385 2121 2592 2200; x_wconf 86' lang='lat' dir='ltr'>aliqua</span> <span class='ocrx_word' id='word_1_516' title='bbox 2622 2139 2808 2182; x_wconf 81' lang='lat' dir='ltr'>causa</span> <span class='ocrx_word' id='word_1_517' title='bbox 2857 2120 3225 2192; x_wconf 80' lang='lat' dir='ltr'>extrinseca,</span> <span class='ocrx_word' id='word_1_518' title='bbox 3257 2116 3424 2197; x_wconf 88' lang='lat' dir='ltr'>quod</span> 
     </span>
     <span class='ocr_line' id='line_1_76' title="bbox 1870 2210 3424 2293; baseline -0.004 -18"><span class='ocrx_word' id='word_1_519' title='bbox 1870 2234 1946 2275; x_wconf 86' lang='lat' dir='ltr'>ex</span> <span class='ocrx_word' id='word_1_520' title='bbox 1977 2220 2151 2293; x_wconf 88' lang='lat' dir='ltr'>parte</span> <span class='ocrx_word' id='word_1_521' title='bbox 2181 2214 2292 2274; x_wconf 90' lang='lat' dir='ltr'>Dei</span> <span class='ocrx_word' id='word_1_522' title='bbox 2318 2214 2551 2293; x_wconf 90' lang='lat' dir='ltr'>pendet</span> <span class='ocrx_word' id='word_1_523' title='bbox 2595 2232 2672 2273; x_wconf 89' lang='lat' dir='ltr'>ex</span> <span class='ocrx_word' id='word_1_524' title='bbox 2695 2213 2988 2293; x_wconf 79' lang='lat' dir='ltr'>praedicto</span> <span class='ocrx_word' id='word_1_525' title='bbox 3018 2211 3291 2272; x_wconf 89' lang='lat' dir='ltr'>decreto.</span> <span class='ocrx_word' id='word_1_526' title='bbox 3337 2210 3424 2269; x_wconf 84' lang='lat' dir='ltr'>Ex</span> 
     </span>
     <span class='ocr_line' id='line_1_77' title="bbox 1866 2304 3425 2377; baseline -0.003 -10"><span class='ocrx_word' id='word_1_527' title='bbox 1866 2308 1964 2367; x_wconf 84' lang='lat' dir='ltr'>his</span> <span class='ocrx_word' id='word_1_528' title='bbox 1995 2326 2140 2369; x_wconf 88' lang='lat' dir='ltr'>vero</span> <span class='ocrx_word' id='word_1_529' title='bbox 2167 2308 2424 2368; x_wconf 87' lang='lat' dir='ltr'>ulterius</span> <span class='ocrx_word' id='word_1_530' title='bbox 2451 2308 2661 2368; x_wconf 83' lang='lat' dir='ltr'>inferri</span> <span class='ocrx_word' id='word_1_531' title='bbox 2693 2308 2872 2377; x_wconf 87' lang='lat' dir='ltr'>solet,</span> <span class='ocrx_word' id='word_1_532' title='bbox 2907 2308 3072 2367; x_wconf 88' lang='lat' dir='ltr'>hanc</span> <span class='ocrx_word' id='word_1_533' title='bbox 3099 2304 3425 2365; x_wconf 88' lang='lat' dir='ltr'>scientiam</span> 
     </span>
     <span class='ocr_line' id='line_1_78' title="bbox 1866 2396 3424 2479; baseline -0.004 -18"><span class='ocrx_word' id='word_1_534' title='bbox 1866 2401 2218 2461; x_wconf 84' lang='lat' dir='ltr'>futurorum</span> <span class='ocrx_word' id='word_1_535' title='bbox 2248 2400 2761 2479; x_wconf 88' lang='lat' dir='ltr'>contingentium,</span> <span class='ocrx_word' id='word_1_536' title='bbox 2792 2400 2856 2461; x_wconf 88' lang='lat' dir='ltr'>in</span> <span class='ocrx_word' id='word_1_537' title='bbox 2889 2402 3035 2474; x_wconf 91' lang='lat' dir='ltr'>Deo,</span> <span class='ocrx_word' id='word_1_538' title='bbox 3077 2396 3424 2459; x_wconf 89' lang='lat' dir='ltr'>secundum</span> 
     </span>
     <span class='ocr_line' id='line_1_79' title="bbox 1865 2489 3426 2573; baseline -0.003 -19"><span class='ocrx_word' id='word_1_539' title='bbox 1865 2494 2174 2554; x_wconf 90' lang='lat' dir='ltr'>rationem</span> <span class='ocrx_word' id='word_1_540' title='bbox 2201 2512 2336 2554; x_wconf 89' lang='lat' dir='ltr'>esse</span> <span class='ocrx_word' id='word_1_541' title='bbox 2361 2495 2792 2573; x_wconf 86' lang='lat' dir='ltr'>posteriorem,</span> <span class='ocrx_word' id='word_1_542' title='bbox 2825 2510 3015 2573; x_wconf 88' lang='lat' dir='ltr'>quam</span> <span class='ocrx_word' id='word_1_543' title='bbox 3055 2493 3306 2552; x_wconf 88' lang='lat' dir='ltr'>decreta</span> <span class='ocrx_word' id='word_1_544' title='bbox 3355 2489 3426 2549; x_wconf 88' lang='lat' dir='ltr'>li-</span> 
     </span>
     <span class='ocr_line' id='line_1_80' title="bbox 1865 2584 3422 2667; baseline -0.003 -18"><span class='ocrx_word' id='word_1_545' title='bbox 1865 2589 2019 2649; x_wconf 84' lang='lat' dir='ltr'>bera</span> <span class='ocrx_word' id='word_1_546' title='bbox 2053 2588 2215 2648; x_wconf 88' lang='lat' dir='ltr'>circa</span> <span class='ocrx_word' id='word_1_547' title='bbox 2236 2588 2370 2665; x_wconf 90' lang='lat' dir='ltr'>ipsa</span> <span class='ocrx_word' id='word_1_548' title='bbox 2390 2587 2599 2648; x_wconf 75' lang='lat' dir='ltr'>futma</span> <span class='ocrx_word' id='word_1_549' title='bbox 2624 2586 3067 2667; x_wconf 87' lang='lat' dir='ltr'>contingentia.</span> <span class='ocrx_word' id='word_1_550' title='bbox 3093 2584 3219 2647; x_wconf 89' lang='lat' dir='ltr'>Sed</span> <span class='ocrx_word' id='word_1_551' title='bbox 3251 2602 3330 2644; x_wconf 86' lang='lat' dir='ltr'>an</span> <span class='ocrx_word' id='word_1_552' title='bbox 3361 2588 3422 2645; x_wconf 89' lang='lat' dir='ltr'>et</span> 
     </span>
     <span class='ocr_line' id='line_1_81' title="bbox 1868 2678 3424 2761; baseline -0.003 -21"><span class='ocrx_word' id='word_1_553' title='bbox 1868 2682 2183 2761; x_wconf 88' lang='lat' dir='ltr'>quomodo</span> <span class='ocrx_word' id='word_1_554' title='bbox 2219 2682 2338 2742; x_wconf 88' lang='lat' dir='ltr'>hoc</span> <span class='ocrx_word' id='word_1_555' title='bbox 2367 2682 2467 2755; x_wconf 93' lang='lat' dir='ltr'>sit,</span> <span class='ocrx_word' id='word_1_556' title='bbox 2497 2682 2564 2741; x_wconf 89' lang='lat' dir='ltr'>in</span> <span class='ocrx_word' id='word_1_557' title='bbox 2591 2682 2716 2742; x_wconf 87' lang='lat' dir='ltr'>fine</span> <span class='ocrx_word' id='word_1_558' title='bbox 2747 2678 3064 2759; x_wconf 85' lang='lat' dir='ltr'>sequentis</span> <span class='ocrx_word' id='word_1_559' title='bbox 3091 2678 3232 2738; x_wconf 89' lang='lat' dir='ltr'>libri</span> <span class='ocrx_word' id='word_1_560' title='bbox 3261 2694 3424 2738; x_wconf 90' lang='lat' dir='ltr'>com-</span> 
     </span>
     <span class='ocr_line' id='line_1_82' title="bbox 1866 2774 2446 2836; baseline 0 -1"><span class='ocrx_word' id='word_1_561' title='bbox 1866 2774 2116 2836; x_wconf 88' lang='lat' dir='ltr'>modius</span> <span class='ocrx_word' id='word_1_562' title='bbox 2144 2774 2446 2835; x_wconf 75' lang='lat' dir='ltr'>dicemus,</span> 
     </span>
    </p>
   </div>
   <div class='ocr_carea' id='block_1_13' title="bbox 2447 2962 2836 3027">
    <p class='ocr_par' dir='ltr' id='par_1_14' title="bbox 2447 2962 2836 3027">
     <span class='ocr_line' id='line_1_83' title="bbox 2447 2962 2836 3027; baseline -0.008 -2"><span class='ocrx_word' id='word_1_563' title='bbox 2447 2962 2696 3027; x_wconf 82' lang='lat' dir='ltr'>CAPUT</span> <span class='ocrx_word' id='word_1_564' title='bbox 2736 2963 2836 3024; x_wconf 91' lang='lat' dir='ltr'>IX.</span> 
     </span>
    </p>
   </div>
   <div class='ocr_carea' id='block_1_14' title="bbox 1864 3169 3427 3411">
    <p class='ocr_par' dir='ltr' id='par_1_15' title="bbox 1864 3169 3427 3411">
     <span class='ocr_line' id='line_1_84' title="bbox 1864 3169 3421 3232; baseline -0.007 -7"><span class='ocrx_word' id='word_1_565' title='bbox 1864 3179 2131 3232; x_wconf 76' lang='lat' dir='ltr'>QUOMODO</span> <span class='ocrx_word' id='word_1_566' title='bbox 2187 3175 2589 3223; x_wconf 73' lang='lat' dir='ltr'>raAEscmNTtA</span> <span class='ocrx_word' id='word_1_567' title='bbox 2640 3174 2743 3222; x_wconf 74' lang='lat' dir='ltr'>nm</span> <span class='ocrx_word' id='word_1_568' title='bbox 2807 3169 3253 3219; x_wconf 67' lang='lat' dir='ltr'>NncnssiTATEM</span> <span class='ocrx_word' id='word_1_569' title='bbox 3309 3169 3421 3214; x_wconf 73' lang='lat' dir='ltr'>NON</span> 
     </span>
     <span class='ocr_line' id='line_1_85' title="bbox 1945 3263 3427 3326; baseline -0.007 -9"><span class='ocrx_word' id='word_1_570' title='bbox 1945 3271 2202 3318; x_wconf 73' lang='lat' dir='ltr'>IMPONAT</span> <span class='ocrx_word' id='word_1_571' title='bbox 2233 3269 2587 3315; x_wconf 78' lang='lat' dir='ltr'>EFFEGTlBUS</span> <span class='ocrx_word' id='word_1_572' title='bbox 2613 3266 2886 3326; x_wconf 75' lang='lat' dir='ltr'>FUTUms,</span> <span class='ocrx_word' id='word_1_573' title='bbox 2918 3265 3033 3311; x_wconf 78' lang='lat' dir='ltr'>NEC</span> <span class='ocrx_word' id='word_1_574' title='bbox 3053 3263 3208 3309; x_wconf 75' lang='lat' dir='ltr'>USUM</span> <span class='ocrx_word' id='word_1_575' title='bbox 3228 3263 3427 3307; x_wconf 83' lang='lat' dir='ltr'><strong>LIBER·</strong></span> 
     </span>
     <span class='ocr_line' id='line_1_86' title="bbox 1949 3363 2453 3411; baseline -0.006 -1"><span class='ocrx_word' id='word_1_576' title='bbox 1949 3365 2122 3410; x_wconf 65' lang='lat' dir='ltr'>&#39;ra&#39;rls</span> <span class='ocrx_word' id='word_1_577' title='bbox 2151 3363 2453 3411; x_wconf 71' lang='lat' dir='ltr'>lMPEmA&#39;r.</span> 
     </span>
    </p>
   </div>
   <div class='ocr_carea' id='block_1_15' title="bbox 1854 3499 3428 5629">
    <p class='ocr_par' dir='ltr' id='par_1_16' title="bbox 1854 3499 3428 5629">
     <span class='ocr_line' id='line_1_87' title="bbox 1951 3499 3426 3579; baseline -0.003 -14"><span class='ocrx_word' id='word_1_578' title='bbox 1951 3508 2008 3565; x_wconf 69' lang='lat'>4.</span> <span class='ocrx_word' id='word_1_579' title='bbox 2060 3506 2192 3578; x_wconf 78' lang='lat' dir='ltr'>Qua</span> <span class='ocrx_word' id='word_1_580' title='bbox 2235 3505 2306 3566; x_wconf 78' lang='lat' dir='ltr'>de</span> <span class='ocrx_word' id='word_1_581' title='bbox 2346 3521 2532 3566; x_wconf 74' lang='lat' dir='ltr'>causa</span> <span class='ocrx_word' id='word_1_582' title='bbox 2553 3501 2834 3579; x_wconf 80' lang='lat' dir='ltr'>difficilis</span> <span class='ocrx_word' id='word_1_583' title='bbox 2862 3501 2999 3565; x_wconf 73' lang='lat' dir='ltr'>visa</span> <span class='ocrx_word' id='word_1_584' title='bbox 3019 3501 3106 3564; x_wconf 73' lang='lat' dir='ltr'>sit</span> <span class='ocrx_word' id='word_1_585' title='bbox 3127 3499 3426 3579; x_wconf 80' lang='lat' dir='ltr'>proedicta</span> 
     </span>
     <span class='ocr_line' id='line_1_88' title="bbox 1862 3594 3424 3670; baseline -0.006 -8"><span class='ocrx_word' id='word_1_586' title='bbox 1862 3599 2138 3663; x_wconf 71' lang='lat' dir='ltr'>scientia.</span> <span class='ocrx_word' id='word_1_587' title='bbox 2168 3630 2249 3642; x_wconf 95' lang='lat'><strong>—</strong></span> <span class='ocrx_word' id='word_1_588' title='bbox 2265 3597 2579 3657; x_wconf 83' lang='lat' dir='ltr'>Hactenus</span> <span class='ocrx_word' id='word_1_589' title='bbox 2604 3594 3170 3657; x_wconf 84' lang='lat' dir='ltr'>demonstravimus</span> <span class='ocrx_word' id='word_1_590' title='bbox 3196 3610 3424 3670; x_wconf 87' lang='lat' dir='ltr'>cogno-</span> 
     </span>
     <span class='ocr_line' id='line_1_89' title="bbox 1866 3687 3426 3766; baseline -0.006 -12"><span class='ocrx_word' id='word_1_591' title='bbox 1866 3711 2044 3754; x_wconf 80' lang='lat' dir='ltr'>scere</span> <span class='ocrx_word' id='word_1_592' title='bbox 2064 3693 2257 3752; x_wconf 88' lang='lat' dir='ltr'>Deum</span> <span class='ocrx_word' id='word_1_593' title='bbox 2277 3691 2507 3762; x_wconf 88' lang='lat' dir='ltr'>futura,</span> <span class='ocrx_word' id='word_1_594' title='bbox 2533 3695 2596 3750; x_wconf 89' lang='lat' dir='ltr'>et</span> <span class='ocrx_word' id='word_1_595' title='bbox 2622 3689 2882 3750; x_wconf 89' lang='lat' dir='ltr'>modum</span> <span class='ocrx_word' id='word_1_596' title='bbox 2911 3706 3035 3766; x_wconf 90' lang='lat' dir='ltr'>quo</span> <span class='ocrx_word' id='word_1_597' title='bbox 3053 3687 3160 3746; x_wconf 88' lang='lat' dir='ltr'>illa</span> <span class='ocrx_word' id='word_1_598' title='bbox 3190 3703 3426 3765; x_wconf 86' lang='lat' dir='ltr'>cogno-</span> 
     </span>
     <span class='ocr_line' id='line_1_90' title="bbox 1866 3780 3421 3864; baseline -0.005 -18"><span class='ocrx_word' id='word_1_599' title='bbox 1866 3791 1997 3846; x_wconf 85' lang='lat' dir='ltr'>scat</span> <span class='ocrx_word' id='word_1_600' title='bbox 2017 3785 2448 3864; x_wconf 83' lang='lat' dir='ltr'>explicuimus,</span> <span class='ocrx_word' id='word_1_601' title='bbox 2472 3801 2600 3844; x_wconf 88' lang='lat' dir='ltr'>non</span> <span class='ocrx_word' id='word_1_602' title='bbox 2623 3801 2771 3843; x_wconf 87' lang='lat' dir='ltr'>vero</span> <span class='ocrx_word' id='word_1_603' title='bbox 2788 3780 3182 3842; x_wconf 88' lang='lat' dir='ltr'>difficultates</span> <span class='ocrx_word' id='word_1_604' title='bbox 3205 3799 3282 3840; x_wconf 83' lang='lat' dir='ltr'>ex</span> <span class='ocrx_word' id='word_1_605' title='bbox 3299 3780 3421 3840; x_wconf 90' lang='lat' dir='ltr'>hac</span> 
     </span>
     <span class='ocr_line' id='line_1_91' title="bbox 1864 3872 3426 3956; baseline -0.005 -16"><span class='ocrx_word' id='word_1_606' title='bbox 1864 3879 2126 3940; x_wconf 75' lang='lat' dir='ltr'>veritate</span> <span class='ocrx_word' id='word_1_607' title='bbox 2151 3879 2548 3956; x_wconf 88' lang='lat' dir='ltr'>insurgentes</span> <span class='ocrx_word' id='word_1_608' title='bbox 2573 3874 2989 3947; x_wconf 76' lang='lat' dir='ltr'>dissolvimuS‚</span> <span class='ocrx_word' id='word_1_609' title='bbox 3023 3872 3192 3953; x_wconf 88' lang='lat' dir='ltr'>quod</span> <span class='ocrx_word' id='word_1_610' title='bbox 3221 3873 3284 3932; x_wconf 89' lang='lat' dir='ltr'>in</span> <span class='ocrx_word' id='word_1_611' title='bbox 3305 3873 3426 3932; x_wconf 91' lang='lat' dir='ltr'>hoc</span> 
     </span>
     <span class='ocr_line' id='line_1_92' title="bbox 1867 3967 3424 4050; baseline -0.006 -16"><span class='ocrx_word' id='word_1_612' title='bbox 1867 3973 2070 4050; x_wconf 85' lang='lat' dir='ltr'>capite</span> <span class='ocrx_word' id='word_1_613' title='bbox 2101 3971 2457 4032; x_wconf 78' lang='lat' dir='ltr'>faciendum</span> <span class='ocrx_word' id='word_1_614' title='bbox 2497 3968 2677 4032; x_wconf 84' lang='lat' dir='ltr'>nobis</span> <span class='ocrx_word' id='word_1_615' title='bbox 2707 3973 3014 4047; x_wconf 87' lang='lat' dir='ltr'>superest.</span> <span class='ocrx_word' id='word_1_616' title='bbox 3073 3967 3179 4027; x_wconf 89' lang='lat' dir='ltr'>Est</span> <span class='ocrx_word' id='word_1_617' title='bbox 3215 3971 3424 4026; x_wconf 84' lang='lat' dir='ltr'>autem</span> 
     </span>
     <span class='ocr_line' id='line_1_93' title="bbox 1863 4061 3424 4141; baseline -0.004 -14"><span class='ocrx_word' id='word_1_618' title='bbox 1863 4068 1978 4128; x_wconf 85' lang='lat' dir='ltr'>sita</span> <span class='ocrx_word' id='word_1_619' title='bbox 2021 4072 2150 4126; x_wconf 84' lang='lat' dir='ltr'>tota</span> <span class='ocrx_word' id='word_1_620' title='bbox 2185 4064 2514 4125; x_wconf 86' lang='lat' dir='ltr'>difficultas</span> <span class='ocrx_word' id='word_1_621' title='bbox 2546 4063 2614 4123; x_wconf 92' lang='lat' dir='ltr'>in</span> <span class='ocrx_word' id='word_1_622' title='bbox 2656 4080 2753 4136; x_wconf 89' lang='lat' dir='ltr'>eo,</span> <span class='ocrx_word' id='word_1_623' title='bbox 2788 4061 2958 4141; x_wconf 88' lang='lat' dir='ltr'>quod</span> <span class='ocrx_word' id='word_1_624' title='bbox 3005 4079 3082 4121; x_wconf 83' lang='lat' dir='ltr'>ex</span> <span class='ocrx_word' id='word_1_625' title='bbox 3125 4061 3424 4121; x_wconf 88' lang='lat' dir='ltr'>Cicerone</span> 
     </span>
     <span class='ocr_line' id='line_1_94' title="bbox 1862 4153 3426 4234; baseline -0.003 -16"><span class='ocrx_word' id='word_1_626' title='bbox 1862 4163 1925 4219; x_wconf 89' lang='lat' dir='ltr'>et</span> <span class='ocrx_word' id='word_1_627' title='bbox 1957 4158 2285 4218; x_wconf 84' lang='lat' dir='ltr'>Aristotele</span> <span class='ocrx_word' id='word_1_628' title='bbox 2315 4156 2658 4234; x_wconf 82' lang='lat' dir='ltr'>tetigimuS,</span> <span class='ocrx_word' id='word_1_629' title='bbox 2711 4173 2846 4234; x_wconf 88' lang='lat' dir='ltr'>cap.</span> <span class='ocrx_word' id='word_1_630' title='bbox 2891 4156 2954 4226; x_wconf 77' lang='lat'>2,</span> <span class='ocrx_word' id='word_1_631' title='bbox 2990 4155 3137 4232; x_wconf 89' lang='lat' dir='ltr'>quia</span> <span class='ocrx_word' id='word_1_632' title='bbox 3167 4153 3426 4214; x_wconf 89' lang='lat' dir='ltr'>scientia</span> 
     </span>
     <span class='ocr_line' id='line_1_95' title="bbox 1861 4248 3426 4330; baseline -0.003 -17"><span class='ocrx_word' id='word_1_633' title='bbox 1861 4253 2202 4314; x_wconf 87' lang='lat' dir='ltr'>infallibilis</span> <span class='ocrx_word' id='word_1_634' title='bbox 2240 4255 2300 4312; x_wconf 86' lang='lat' dir='ltr'>et</span> <span class='ocrx_word' id='word_1_635' title='bbox 2343 4255 2535 4324; x_wconf 89' lang='lat' dir='ltr'>certa,</span> <span class='ocrx_word' id='word_1_636' title='bbox 2574 4251 2776 4330; x_wconf 89' lang='lat' dir='ltr'>qualis</span> <span class='ocrx_word' id='word_1_637' title='bbox 2831 4252 2925 4310; x_wconf 88' lang='lat' dir='ltr'>est</span> <span class='ocrx_word' id='word_1_638' title='bbox 2961 4248 3192 4318; x_wconf 87' lang='lat' dir='ltr'>divina,</span> <span class='ocrx_word' id='word_1_639' title='bbox 3239 4265 3426 4326; x_wconf 89' lang='lat' dir='ltr'>repu-</span> 
     </span>
     <span class='ocr_line' id='line_1_96' title="bbox 1858 4341 3420 4432; baseline -0.004 -27"><span class='ocrx_word' id='word_1_640' title='bbox 1858 4364 2054 4432; x_wconf 81' lang='lat' dir='ltr'>gnare</span> <span class='ocrx_word' id='word_1_641' title='bbox 2102 4345 2346 4405; x_wconf 89' lang='lat' dir='ltr'>videtur</span> <span class='ocrx_word' id='word_1_642' title='bbox 2391 4361 2536 4405; x_wconf 88' lang='lat' dir='ltr'>cum</span> <span class='ocrx_word' id='word_1_643' title='bbox 2589 4343 2924 4404; x_wconf 81' lang='lat' dir='ltr'>effectuum</span> <span class='ocrx_word' id='word_1_644' title='bbox 2969 4341 3420 4420; x_wconf 82' lang='lat' dir='ltr'>contingentia.</span> 
     </span>
     <span class='ocr_line' id='line_1_97' title="bbox 1858 4433 3426 4516; baseline -0.008 -11"><span class='ocrx_word' id='word_1_645' title='bbox 1858 4441 2036 4507; x_wconf 89' lang='lat' dir='ltr'>Unde</span> <span class='ocrx_word' id='word_1_646' title='bbox 2077 4439 2310 4499; x_wconf 86' lang='lat' dir='ltr'>factum</span> <span class='ocrx_word' id='word_1_647' title='bbox 2352 4444 2446 4498; x_wconf 90' lang='lat' dir='ltr'>est</span> <span class='ocrx_word' id='word_1_648' title='bbox 2487 4443 2570 4512; x_wconf 90' lang='lat' dir='ltr'>ut,</span> <span class='ocrx_word' id='word_1_649' title='bbox 2607 4437 2765 4497; x_wconf 88' lang='lat' dir='ltr'>sicut</span> <span class='ocrx_word' id='word_1_650' title='bbox 2793 4435 3145 4516; x_wconf 88' lang='lat' dir='ltr'>philosophi</span> <span class='ocrx_word' id='word_1_651' title='bbox 3177 4434 3324 4496; x_wconf 87' lang='lat' dir='ltr'>dicti</span> <span class='ocrx_word' id='word_1_652' title='bbox 3361 4433 3426 4493; x_wconf 91' lang='lat' dir='ltr'>in</span> 
     </span>
     <span class='ocr_line' id='line_1_98' title="bbox 1856 4528 3427 4611; baseline -0.006 -13"><span class='ocrx_word' id='word_1_653' title='bbox 1856 4539 1988 4598; x_wconf 92' lang='lat' dir='ltr'>Deo</span> <span class='ocrx_word' id='word_1_654' title='bbox 2019 4533 2210 4594; x_wconf 88' lang='lat' dir='ltr'>talem</span> <span class='ocrx_word' id='word_1_655' title='bbox 2258 4531 2736 4611; x_wconf 81' lang='lat' dir='ltr'>praescientiam,</span> <span class='ocrx_word' id='word_1_656' title='bbox 2779 4536 2841 4591; x_wconf 88' lang='lat' dir='ltr'>et</span> <span class='ocrx_word' id='word_1_657' title='bbox 2891 4531 2954 4590; x_wconf 91' lang='lat' dir='ltr'>in</span> <span class='ocrx_word' id='word_1_658' title='bbox 2995 4530 3146 4609; x_wconf 89' lang='lat' dir='ltr'>ipsis</span> <span class='ocrx_word' id='word_1_659' title='bbox 3201 4528 3427 4589; x_wconf 87' lang='lat' dir='ltr'>futuris</span> 
     </span>
     <span class='ocr_line' id='line_1_99' title="bbox 1858 4623 3426 4704; baseline -0.005 -14"><span class='ocrx_word' id='word_1_660' title='bbox 1858 4625 2364 4704; x_wconf 83' lang='lat' dir='ltr'>contingentibus</span> <span class='ocrx_word' id='word_1_661' title='bbox 2401 4623 2886 4702; x_wconf 83' lang='lat' dir='ltr'>cognoscibilem</span> <span class='ocrx_word' id='word_1_662' title='bbox 2920 4624 3246 4684; x_wconf 82' lang='lat' dir='ltr'>veritatem</span> <span class='ocrx_word' id='word_1_663' title='bbox 3289 4639 3426 4683; x_wconf 86' lang='lat' dir='ltr'>esse</span> 
     </span>
     <span class='ocr_line' id='line_1_100' title="bbox 1858 4715 3423 4798; baseline -0.003 -17"><span class='ocrx_word' id='word_1_664' title='bbox 1858 4724 2194 4798; x_wconf 89' lang='lat' dir='ltr'>negarunt,</span> <span class='ocrx_word' id='word_1_665' title='bbox 2225 4735 2304 4778; x_wconf 90' lang='lat' dir='ltr'>ne</span> <span class='ocrx_word' id='word_1_666' title='bbox 2333 4735 2546 4778; x_wconf 90' lang='lat' dir='ltr'>rerum</span> <span class='ocrx_word' id='word_1_667' title='bbox 2576 4715 3068 4796; x_wconf 89' lang='lat' dir='ltr'>contingentiam</span> <span class='ocrx_word' id='word_1_668' title='bbox 3095 4722 3423 4796; x_wconf 88' lang='lat' dir='ltr'>negarent,</span> 
     </span>
     <span class='ocr_line' id='line_1_101' title="bbox 1857 4809 3428 4888; baseline -0.003 -15"><span class='ocrx_word' id='word_1_669' title='bbox 1857 4813 1944 4874; x_wconf 89' lang='lat' dir='ltr'>ita</span> <span class='ocrx_word' id='word_1_670' title='bbox 1972 4829 2004 4872; x_wconf 90' lang='lat' dir='ltr'>e</span> <span class='ocrx_word' id='word_1_671' title='bbox 2035 4829 2338 4872; x_wconf 89' lang='lat' dir='ltr'>converso</span> <span class='ocrx_word' id='word_1_672' title='bbox 2365 4811 2469 4870; x_wconf 89' lang='lat' dir='ltr'>alii</span> <span class='ocrx_word' id='word_1_673' title='bbox 2515 4810 2896 4888; x_wconf 88' lang='lat' dir='ltr'>philosophi,</span> <span class='ocrx_word' id='word_1_674' title='bbox 2941 4815 3002 4870; x_wconf 89' lang='lat' dir='ltr'>et</span> <span class='ocrx_word' id='word_1_675' title='bbox 3031 4810 3209 4870; x_wconf 85' lang='lat' dir='ltr'>multi</span> <span class='ocrx_word' id='word_1_676' title='bbox 3237 4809 3428 4869; x_wconf 81' lang='lat' dir='ltr'>haere-</span> 
     </span>
     <span class='ocr_line' id='line_1_102' title="bbox 1857 4902 3426 4982; baseline -0.003 -16"><span class='ocrx_word' id='word_1_677' title='bbox 1857 4905 1984 4976; x_wconf 89' lang='lat' dir='ltr'>tici,</span> <span class='ocrx_word' id='word_1_678' title='bbox 2015 4922 2158 4964; x_wconf 87' lang='lat' dir='ltr'>cum</span> <span class='ocrx_word' id='word_1_679' title='bbox 2186 4903 2504 4966; x_wconf 84' lang='lat' dir='ltr'>fateantur</span> <span class='ocrx_word' id='word_1_680' title='bbox 2532 4921 2669 4963; x_wconf 88' lang='lat' dir='ltr'>esse</span> <span class='ocrx_word' id='word_1_681' title='bbox 2696 4903 3176 4982; x_wconf 82' lang='lat' dir='ltr'>praescientiam,</span> <span class='ocrx_word' id='word_1_682' title='bbox 3209 4903 3288 4963; x_wconf 89' lang='lat' dir='ltr'>ab</span> <span class='ocrx_word' id='word_1_683' title='bbox 3321 4902 3426 4962; x_wconf 89' lang='lat' dir='ltr'>illa</span> 
     </span>
     <span class='ocr_line' id='line_1_103' title="bbox 1854 4995 3426 5076; baseline -0.002 -18"><span class='ocrx_word' id='word_1_684' title='bbox 1854 4996 2091 5058; x_wconf 86' lang='lat' dir='ltr'>destrui</span> <span class='ocrx_word' id='word_1_685' title='bbox 2135 4996 2628 5076; x_wconf 86' lang='lat' dir='ltr'>contingentiam</span> <span class='ocrx_word' id='word_1_686' title='bbox 2661 4999 2722 5056; x_wconf 89' lang='lat' dir='ltr'>et</span> <span class='ocrx_word' id='word_1_687' title='bbox 2751 5015 2938 5056; x_wconf 87' lang='lat' dir='ltr'>usum</span> <span class='ocrx_word' id='word_1_688' title='bbox 2962 4995 3288 5068; x_wconf 79' lang='lat' dir='ltr'>libertatiS,</span> <span class='ocrx_word' id='word_1_689' title='bbox 3326 5013 3426 5056; x_wconf 86' lang='lat' dir='ltr'>re-</span> 
     </span>
     <span class='ocr_line' id='line_1_104' title="bbox 1854 5089 3426 5168; baseline -0.001 -18"><span class='ocrx_word' id='word_1_690' title='bbox 1854 5089 2100 5168; x_wconf 87' lang='lat' dir='ltr'>busque</span> <span class='ocrx_word' id='word_1_691' title='bbox 2129 5091 2423 5150; x_wconf 88' lang='lat' dir='ltr'>omnibus</span> <span class='ocrx_word' id='word_1_692' title='bbox 2475 5089 2729 5151; x_wconf 86' lang='lat' dir='ltr'>fatalem</span> <span class='ocrx_word' id='word_1_693' title='bbox 2771 5089 3108 5167; x_wconf 87' lang='lat' dir='ltr'>quamdam</span> <span class='ocrx_word' id='word_1_694' title='bbox 3153 5089 3426 5149; x_wconf 89' lang='lat' dir='ltr'>necessi-</span> 
     </span>
     <span class='ocr_line' id='line_1_105' title="bbox 1854 5181 3422 5260; baseline 0 -18"><span class='ocrx_word' id='word_1_695' title='bbox 1854 5189 2050 5243; x_wconf 89' lang='lat' dir='ltr'>tatem</span> <span class='ocrx_word' id='word_1_696' title='bbox 2091 5183 2326 5260; x_wconf 89' lang='lat' dir='ltr'>imponi</span> <span class='ocrx_word' id='word_1_697' title='bbox 2371 5189 2800 5256; x_wconf 87' lang='lat' dir='ltr'>asseruerunt,</span> <span class='ocrx_word' id='word_1_698' title='bbox 2850 5189 2920 5242; x_wconf 92' lang='lat' dir='ltr'>ut</span> <span class='ocrx_word' id='word_1_699' title='bbox 2959 5181 3306 5260; x_wconf 86' lang='lat' dir='ltr'>generatim</span> <span class='ocrx_word' id='word_1_700' title='bbox 3343 5182 3422 5242; x_wconf 91' lang='lat' dir='ltr'>de</span> 
     </span>
     <span class='ocr_line' id='line_1_106' title="bbox 1856 5274 3426 5356; baseline 0 -22"><span class='ocrx_word' id='word_1_701' title='bbox 1856 5275 2096 5335; x_wconf 84' lang='lat' dir='ltr'>influxu</span> <span class='ocrx_word' id='word_1_702' title='bbox 2121 5294 2326 5337; x_wconf 79' lang='lat' dir='ltr'>causoe</span> <span class='ocrx_word' id='word_1_703' title='bbox 2355 5278 2570 5356; x_wconf 79' lang='lat' dir='ltr'>primae</span> <span class='ocrx_word' id='word_1_704' title='bbox 2594 5277 2800 5349; x_wconf 86' lang='lat' dir='ltr'>retuli,</span> <span class='ocrx_word' id='word_1_705' title='bbox 2831 5275 2898 5336; x_wconf 90' lang='lat' dir='ltr'>in</span> <span class='ocrx_word' id='word_1_706' title='bbox 2929 5274 3156 5353; x_wconf 90' lang='lat' dir='ltr'>disput.</span> <span class='ocrx_word' id='word_1_707' title='bbox 3193 5277 3269 5335; x_wconf 84' lang='lat'>19</span> <span class='ocrx_word' id='word_1_708' title='bbox 3295 5275 3426 5334; x_wconf 89' lang='lat' dir='ltr'>Me-</span> 
     </span>
     <span class='ocr_line' id='line_1_107' title="bbox 1855 5366 3423 5447; baseline -0.001 -19"><span class='ocrx_word' id='word_1_709' title='bbox 1855 5368 2028 5446; x_wconf 83' lang='lat' dir='ltr'>taph.</span> <span class='ocrx_word' id='word_1_710' title='bbox 2065 5369 2154 5428; x_wconf 89' lang='lat' dir='ltr'>De</span> <span class='ocrx_word' id='word_1_711' title='bbox 2189 5369 2576 5447; x_wconf 83' lang='lat' dir='ltr'>praescieutia</span> <span class='ocrx_word' id='word_1_712' title='bbox 2597 5374 2808 5428; x_wconf 86' lang='lat' dir='ltr'>autem</span> <span class='ocrx_word' id='word_1_713' title='bbox 2840 5368 2902 5427; x_wconf 91' lang='lat' dir='ltr'>in</span> <span class='ocrx_word' id='word_1_714' title='bbox 2933 5366 3186 5446; x_wconf 89' lang='lat' dir='ltr'>speciali</span> <span class='ocrx_word' id='word_1_715' title='bbox 3210 5367 3272 5427; x_wconf 91' lang='lat' dir='ltr'>id</span> <span class='ocrx_word' id='word_1_716' title='bbox 3308 5373 3423 5428; x_wconf 86' lang='lat' dir='ltr'>tra-</span> 
     </span>
     <span class='ocr_line' id='line_1_108' title="bbox 1856 5458 3420 5544; baseline 0 -24"><span class='ocrx_word' id='word_1_717' title='bbox 1856 5459 1946 5520; x_wconf 90' lang='lat' dir='ltr'>dit</span> <span class='ocrx_word' id='word_1_718' title='bbox 1979 5460 2269 5538; x_wconf 89' lang='lat' dir='ltr'>Wiclep.,</span> <span class='ocrx_word' id='word_1_719' title='bbox 2299 5468 2361 5521; x_wconf 91' lang='lat' dir='ltr'>et</span> <span class='ocrx_word' id='word_1_720' title='bbox 2399 5461 2708 5544; x_wconf 85' lang='lat' dir='ltr'>colligitur</span> <span class='ocrx_word' id='word_1_721' title='bbox 2749 5479 2824 5521; x_wconf 84' lang='lat' dir='ltr'>cx</span> <span class='ocrx_word' id='word_1_722' title='bbox 2857 5458 3219 5532; x_wconf 86' lang='lat' dir='ltr'>Waldense,</span> <span class='ocrx_word' id='word_1_723' title='bbox 3253 5465 3420 5522; x_wconf 85' lang='lat' dir='ltr'>tomo</span> 
     </span>
     <span class='ocr_line' id='line_1_109' title="bbox 1861 5553 2328 5629; baseline 0.002 -16"><span class='ocrx_word' id='word_1_724' title='bbox 1861 5555 1886 5613; x_wconf 76' lang='lat' dir='ltr'>l</span> <span class='ocrx_word' id='word_1_725' title='bbox 1898 5596 1921 5629; x_wconf 84' lang='lat'>,</span> <span class='ocrx_word' id='word_1_726' title='bbox 1955 5571 2010 5613; x_wconf 90' lang='lat' dir='ltr'>c.</span> <span class='ocrx_word' id='word_1_727' title='bbox 2037 5553 2116 5616; x_wconf 75' lang='lat'>22</span> <span class='ocrx_word' id='word_1_728' title='bbox 2147 5559 2207 5616; x_wconf 88' lang='lat' dir='ltr'>et</span> <span class='ocrx_word' id='word_1_729' title='bbox 2228 5555 2328 5616; x_wconf 73' lang='lat'>25.</span> 
     </span>
    </p>
   </div>
  </div>
 </body>
</html>
