3850 6225
749 372 920 429 SECT.
961 376 1020 429 n.
1056 378 1142 431 AN
1173 378 1256 431 NE
1265 375 1558 435 cassius
1591 376 1676 431 Ex
1707 371 2151 433 suppositione
2182 372 2306 431 Vnt
2338 374 2587 443 nenne,
2616 374 2750 433 me.

135 473 210 535 de
255 471 422 537 Filio
453 492 562 539 sno
589 520 606 549 ,
651 482 815 550 etc.;
856 484 920 540 et
961 479 1041 541 ed
1075 481 1264 542 Hebr.
1307 482 1346 542 6
1390 499 1404 541 :
1449 480 1710 544 Abraboe

131 582 396 647 namque
415 569 780 648 promittens
817 572 1002 645 Dens,
1049 578 1194 645 etc.,
1232 572 1338 634 ubi
1374 574 1593 636 alludit
1627 574 1710 635 ad

130 658 348 721 locum
379 662 604 723 Genes.
647 665 730 725 23
764 682 778 724 :
831 663 986 739 Quia
1005 666 1210 746 fecisti
1243 686 1370 730 rem
1405 669 1558 731 hanc
1583 714 1598 741 ,
1651 674 1710 733 et

131 770 258 813 non
279 757 610 835 pepercisti
627 757 760 835 filio
789 762 892 821 tno
931 766 1178 840 propter
1203 779 1298 823 me
1316 807 1332 833 ‚
1375 762 1709 825 benedicam

129 846 268 921 tibi,
307 854 422 909 etc.
471 849 650 913 Unde
692 851 852 911 Psal.
892 855 1004 914 104
1035 871 1049 913 ε
1091 854 1329 917 Memor
1353 854 1476 933 fnit
1502 854 1572 917 in
1599 875 1710 919 sce-

129 941 343 1003 cnlnm
370 944 714 1007 testamenti
746 945 868 1018 sni,
919 947 1080 1011 verbi
1111 948 1268 1028 quod
1297 948 1612 1011 mandavit
1642 950 1712 1011 in

129 1035 308 1096 mille
323 1034 750 1117 generationes,
775 1039 932 1119 qnod
955 1038 1254 1121 disposuit
1279 1043 1362 1105 ad
1377 1040 1708 1119 Abrabam,

133 1131 260 1187 etc.
309 1128 485 1189 Unde
527 1132 860 1209 promissio
880 1178 896 1205 ,
945 1139 1392 1208 testamentm,
1432 1136 1535 1197 vel
1564 1155 1712 1215 pac-

131 1224 277 1280 tum
300 1266 315 1293 ,
355 1220 534 1299 juxta
589 1242 989 1287 communem
1045 1228 1378 1307 Scripturae
1431 1230 1708 1309 phrasim

129 1320 422 1375 vocatur.
454 1315 689 1377 Dicitur
717 1317 906 1379 etiam
933 1321 1210 1397 verbum,
1251 1321 1494 1383 habens
1529 1323 1707 1401 quasi

129 1408 266 1467 vim
304 1408 582 1469 mandati
629 1416 691 1471 et
735 1412 894 1492 legis
921 1431 1046 1493 qua
1075 1414 1350 1493 seipsum
1372 1416 1702 1495 obligavit3

133 1508 210 1561 ut
235 1502 464 1561 l‘salm.
501 1505 612 1565 131
644 1522 659 1563 :
701 1506 958 1570 Jnravit
984 1506 1284 1571 Dominus
1311 1509 1519 1573 David
1541 1512 1708 1573 veri-

128 1600 350 1667 tatem,
381 1600 441 1658 et
465 1612 586 1659 non
607 1599 1020 1679 frustrabitur
1045 1617 1196 1664 eam.
1225 1602 1316 1663 De
1335 1604 1553 1679 fructu
1573 1620 1709 1665 cen-

127 1688 260 1749 tris
299 1687 392 1749 tui
417 1707 640 1767 ponam
680 1710 864 1771 snper
893 1694 1086 1757 sedem
1123 1698 1310 1759 tuam.
1357 1696 1434 1756 Et
1472 1694 1708 1756 similes

128 1781 590 1858 promissiones
636 1790 782 1846 sunt
826 1786 1192 1865 frequentes
1231 1788 1296 1849 in
1343 1788 1704 1867 Scriptura;

127 1891 302 1950 quas
327 1892 464 1935 esse
492 1894 674 1937 veras
701 1880 1148 1956 promissiones
1171 1884 1413 1943 certum
1437 1881 1708 1959 videtur,

127 1974 276 2027 tum
307 1986 386 2029 ex
411 1970 791 2049 proprietate
825 1973 1040 2047 verbi,
1087 1974 1257 2053 quod
1291 1974 1358 2037 in
1397 1975 1708 2053 significa-

121 2062 310 2123 tione
341 2064 588 2141 propria
616 2066 1051 2145 accipiendum
1077 2074 1194 2143 est,
1222 2068 1342 2129 nisi
1367 2068 1710 2131 necessitas

123 2158 326 2234 cogat
353 2157 443 2217 uti
471 2158 836 2237 metaphora
856 2205 872 2232 ,
905 2178 1046 2239 quae
1075 2161 1419 2223 necessitas
1450 2162 1550 2223 hic
1579 2180 1708 2223 non

125 2253 264 2319 est;
315 2254 450 2309 tum
491 2250 680 2311 etiam
726 2270 802 2313 ex
833 2254 1094 2315 materia
1129 2272 1268 2333 quae
1303 2255 1556 2315 moralis
1587 2260 1704 2329 est,

124 2342 196 2401 id
221 2348 344 2415 est,
371 2345 690 2422 pertinens
715 2345 796 2405 ad
818 2364 1028 2408 mores
1047 2347 1374 2409 hominum
1401 2354 1708 2409 eteorum

125 2454 316 2515 spem
343 2437 859 2513 confirmandam,
887 2447 950 2502 et
977 2441 1119 2503 ideo
1148 2441 1476 2521 oportebat
1497 2442 1578 2503 ad
1597 2460 1708 2503 eos

125 2528 308 2607 loqui
333 2529 400 2589 in
419 2532 670 2610 propria
691 2533 1144 2611 significatione
1166 2536 1539 2609 verborum3
1569 2538 1706 2596 tum

123 2627 446 2701 praeterea
506 2642 584 2687 ex
633 2626 1029 2689 multitudine
1080 2630 1582 2691 testimoniorum
1639 2628 1704 2691 in

124 2716 368 2795 quibus
394 2718 632 2779 nullum
663 2720 912 2799 signum
942 2723 1325 2801 metaphoras
1355 2723 1698 2797 invenitur3

121 2811 264 2871 imo
291 2798 458 2889 sinpe
481 2811 796 2874 adduntur
824 2814 946 2875 alia
973 2815 1190 2888 verba,
1218 2834 1358 2894 quas
1377 2816 1708 2877 veritatem

121 2906 714 2986 proprietatemque
739 2908 1078 2970 verborum
1107 2908 1489 2983 ostendunt,
1533 2914 1602 2971 ut
1626 2908 1710 2969 ad

123 2998 328 3057 Hehr.
367 3002 483 3061 40:
515 3000 848 3065 Teneamus
874 3002 1000 3083 spei
1025 3008 1252 3066 nostra»
1275 3004 1708 3079 consessionem

121 3091 634 3168 indeclinabilem,
653 3094 856 3173 fidelis
879 3100 970 3158 est
993 3096 1152 3160 enim
1178 3096 1284 3176 qni
1309 3096 1663 3176 repromisit
1682 3122 1709 3168 ,·

123 3193 192 3247 et
227 3185 314 3251 ad
359 3187 620 3248 Roman.
663 3189 746 3248 4:
791 3189 938 3252 Ideo
982 3207 1056 3252 en
1091 3191 1236 3266 fide,
1277 3195 1347 3251 nt
1388 3191 1712 3253 secundnm

121 3280 416 3360 qratiam
439 3281 630 3356 firma
649 3283 738 3346 sit
753 3279 1082 3363 promissio
1105 3283 1270 3344 omni
1290 3283 1505 3344 semini
1518 3307 1546 3355 ,·
1575 3288 1712 3343 tum

123 3373 414 3452 denique
467 3391 544 3434 ex
597 3375 914 3436 communi
975 3375 1490 3454 interpretatione
1553 3377 1714 3438 San-

123 3475 404 3538 ctorum,
437 3472 498 3527 et
540 3483 729 3528 sensu
767 3467 952 3528 totius
974 3467 1288 3540 Ecclesiae,
1326 3486 1402 3530 ex
1437 3468 1710 3528 Concilio

129 3560 535 3631 Tridentino,
581 3579 735 3622 sess.
769 3562 832 3635 6,
876 3579 1014 3639 cap.
1046 3563 1144 3635 16,
1183 3561 1470 3634 dicentis,
1506 3562 1710 3641 justis

122 3653 522 3734 propositam
543 3673 670 3718 esse
693 3653 882 3716 citam
908 3660 1220 3724 meritam,
1252 3659 1544 3734 tanquam
1565 3673 1710 3735 qra-

127 3750 290 3812 tiam
321 3748 478 3825 filiis
503 3767 616 3831 per
644 3747 952 3813 Christum
979 3749 1030 3810 J
1027 3767 1192 3812 unm
1217 3748 1584 3829 promissam
1599 3793 1616 3821 ,
1652 3753 1710 3812 et

126 3849 430 3922 tanquam
463 3844 784 3906 mercedem
811 3841 1011 3923 ipsius
1046 3843 1165 3904 Dei
1193 3841 1594 3922 promissione
1617 3843 1709 3904 bo-

124 3939 236 3998 nis
256 3935 532 4017 ipsorum
555 3935 827 4016 operibns
850 3940 908 3999 et
925 3937 1163 4000 meritis
1183 3936 1542 4001 reddendam
1562 3936 1712 4016 fide-

125 4030 304 4092 liter.
359 4029 507 4100 Quae
537 4030 728 4091 verba
757 4028 1018 4089 inferius
1045 4028 1476 4107 expendemus
1501 4073 1516 4100 ,
1561 4032 1707 4091 sunt

125 4122 308 4182 enim
331 4122 512 4182 valde
540 4121 837 4182 notanda.
867 4121 1020 4182 Cum
1043 4139 1194 4200 ergo
1216 4121 1384 4181 Deus
1406 4119 1587 4180 nohis
1612 4138 1709 4182 re-

124 4215 440 4276 volaverit
485 4233 552 4275 se
609 4214 1010 4294 promittere,
1060 4219 1122 4276 et
1164 4213 1356 4274 verba
1401 4213 1537 4292 ejus
1575 4232 1706 4276 non

125 4314 284 4370 sunt
326 4307 484 4368 falsa
527 4313 638 4368 aut
675 4307 886 4368 inania
909 4353 926 4380 ,
976 4307 1087 4368 sed
1119 4325 1270 4368 vera
1304 4312 1367 4368 et
1402 4307 1703 4383 efficacia,

125 4405 388 4464 constat
413 4404 613 4464 Deum
640 4419 788 4464 vere
815 4401 1202 4480 promittere.

219 4499 280 4556 7.
323 4496 614 4567 Quamvis
643 4500 854 4558 autem
884 4495 1246 4575 hujusmodi
1275 4495 1536 4560 actualis
1562 4515 1710 4576 pro-

127 4589 356 4650 missio
377 4633 396 4662 ,
442 4607 518 4650 eo
545 4587 716 4666 quod
743 4607 822 4650 ex
845 4589 1046 4650 libera
1076 4588 1186 4648 Dei
1209 4588 1530 4650 voluntate
1557 4607 1712 4669 pen-

135 4687 294 4746 deat
315 4730 330 4756 ,
373 4701 500 4744 non
529 4684 727 4764 possit
751 4684 996 4745 ratione
1026 4683 1439 4745 demonstrari
1470 4683 1708 4762 absque

131 4778 528 4842 revelatione
563 4821 578 4850 ,
624 4784 836 4840 tamen
867 4777 1038 4856 quod
1069 4776 1138 4836 in
1163 4777 1295 4838 Deo
1327 4777 1406 4838 sit
1433 4783 1710 4857 potestas

131 4873 226 4935 ad
253 4870 744 4951 promittendum
777 4915 794 4943 ,
845 4876 909 4932 et
937 4869 1108 4948 quod
1135 4869 1494 4949 hujusmodi
1533 4876 1710 4932 actus

137 4967 206 5028 ei
241 4981 372 5024 non
417 4968 726 5043 repugnet
743 5009 760 5036 ,
809 4963 1138 5026 sufficienti
1181 4963 1422 5025 ratione
1463 4963 1708 5027 ostendi

135 5064 376 5141 potest.
406 5057 610 5118 Primo
633 5056 916 5136 quidem,
945 5057 1114 5135 quia,
1141 5056 1194 5118 si
1217 5055 1454 5118 donare
1479 5061 1704 5135 potest,

139 5171 264 5214 eur
291 5168 418 5212 non
447 5151 510 5210 et
533 5149 920 5229 promittere,
955 5167 1102 5210 cum
1128 5155 1394 5228 uterque
1425 5149 1506 5210 sit
1533 5153 1708 5211 actus

137 5241 534 5306 liberalitatis
561 5247 626 5304 et
651 5242 935 5315 dominii,
959 5248 1024 5304 et
1049 5243 1378 5322 promissio
1407 5240 1608 5304 soleat
1631 5241 1714 5303 ad

143 5337 558 5400 donationem
605 5335 903 5410 ordinari,
951 5339 1060 5396 aut
1104 5333 1420 5414 praemitti,
1461 5333 1716 5414 quando

143 5430 408 5492 donatio
445 5429 510 5492 in
543 5428 750 5492 futuro
787 5433 1070 5508 tempore
1097 5428 1386 5491 facienda
1419 5431 1556 5489 est?
1595 5429 1716 5488 Ex-

139 5527 326 5612 pedit
352 5531 562 5587 autem
591 5543 756 5605 saepe
781 5531 1037 5606 propter
1055 5524 1260 5603 justas
1287 5541 1512 5584 causas
1541 5523 1714 5584 illam

3238 372 3359 439 ΜΒ

1789 481 1967 560 prius
2016 482 2397 561 praemittere
2431 526 2448 559 ,
2504 499 2647 561 quoe
2694 500 2903 545 cause
2952 484 3145 547 etiam
3192 480 3361 545 inter

1788 576 1989 636 Deum
2028 581 2093 636 et
2128 576 2449 637 hominem
2488 580 2751 655 possunt
2788 576 3197 648 intercedere,
3242 593 3359 637 οω-

1789 687 1912 747 que
1952 670 2333 746 gravissimae
2355 713 2371 742 ,
2422 668 2717 731 nimirum
2737 715 2754 744 ‚
2802 676 2871 731 ut
2900 670 3171 731 hominis
3196 668 3357 731 fides

1791 781 1943 841 erga
1970 763 2173 823 Deum
2204 767 2595 843 exerceatur,
2634 768 2699 823 et
2728 780 2873 843 spes
2904 764 3202 843 erigatur,
3241 762 3359 823 ha·

1788 856 2059 934 beatque
2090 855 2341 916 firmum
2374 854 2857 919 fundamentum
2883 903 2903 932 ,
2950 862 3137 934 atque
3168 855 3355 919 etiam
3414 864 3419 871 ·

1791 958 1862 1012 ut
1899 951 2171 1012 charitas
2218 952 2520 1013 excitetur
2550 970 2564 1012 :
2598 970 2752 1029 ergo
2794 972 2872 1014 ex
2911 958 3087 1033 parte
3120 952 3232 1013 Dei
3262 955 3359 1012 est

1791 1044 2057 1105 facultas
2084 1044 2166 1105 ad
2196 1045 2685 1124 promittendum
2702 1089 2718 1118 ,
2754 1052 2818 1107 et
2848 1064 2923 1107 ex
2952 1051 3127 1125 parte
3155 1044 3359 1106 homi-

1791 1155 1945 1197 num
1970 1137 2283 1199 sufficiens
2310 1138 2653 1199 necessitas
2676 1139 3163 1219 promissionum
3194 1138 3355 1217 ejus.

1790 1231 2005 1309 Neque
2046 1230 2109 1291 in
2158 1248 2233 1291 ea
2275 1231 2519 1292 actione
2560 1231 2794 1310 aliquid
2834 1232 3169 1295 intervenit
3202 1230 3359 1291 indi-

1791 1340 1985 1401 gnum
2031 1322 2201 1397 Deo,
2252 1320 2351 1383 vel
2408 1322 2945 1401 imperfectionem
2993 1322 3351 1395 includens;

1789 1433 1941 1474 nam
1969 1414 2301 1493 promissio
2332 1421 2395 1477 et
2422 1416 2617 1495 patris
2648 1416 2729 1477 ad
2751 1416 2949 1477 filium
2966 1462 2983 1491 ,
3028 1422 3091 1479 et
3119 1415 3357 1477 domini

1789 1507 1871 1567 ad
1895 1526 2171 1583 servum,
2198 1513 2260 1567 et
2282 1507 2578 1589 principis
2604 1509 2687 1569 ad
2714 1509 3054 1581 subditum,
3084 1526 3225 1569 esse
3246 1526 3357 1587 po-

1787 1606 1943 1673 test;
1988 1618 2139 1678 ergo
2182 1603 2246 1661 et
2286 1603 2563 1680 supremi
2600 1602 2848 1663 Domini
2888 1602 2971 1663 ad
3002 1606 3357 1663 creaturam

1791 1712 1995 1755 suam.
2026 1693 2269 1755 Etenim
2298 1711 2442 1755 cum
2479 1694 2807 1773 promissio
2844 1695 2925 1755 sit
2954 1698 3132 1756 actus
3160 1692 3359 1754 domi-

1789 1788 1908 1861 nii,
1944 1805 2071 1849 non
2100 1794 2410 1867 repugnat
2438 1805 2733 1866 supremo
2762 1789 3061 1861 Domino,
3092 1786 3205 1849 sed
3242 1804 3357 1866 po·-

1789 1882 1912 1943 tius
1944 1881 2060 1942 erit
2102 1880 2168 1941 in
2192 1880 2301 1941 illo
2338 1880 2714 1961 perfectior;
2760 1900 2969 1961 neque
3004 1881 3172 1942 enim
3215 1879 3357 1941 talis

1789 1974 2120 2053 promissio
2151 1974 2459 2036 diminuet
2485 1975 2829 2037 dominium
2857 1976 2995 2056 ejus
3022 1995 3039 2047 ;
3076 1992 3245 2047 nam,
3280 1973 3357 2035 si-

1791 2073 1896 2128 cut
1938 2069 2107 2129 Deus
2152 2067 2447 2129 donando
2494 2087 2623 2130 nou
2672 2069 2895 2131 amittit
2932 2086 3115 2129 suum
3158 2066 3358 2127 domi-

1788 2162 1991 2234 nium,
2034 2160 2147 2223 sed
2176 2167 2367 2241 auget
2394 2163 2601 2241 potius
2626 2162 2943 2225 extensive
2969 2162 3045 2241 (si
3072 2162 3157 2223 ita
3186 2159 3357 2239 loqui

1787 2255 1982 2333 licet),
2014 2254 2097 2316 ita
2127 2256 2317 2316 etiam
2350 2256 2792 2334 promittendo.
2832 2256 2987 2317 Item
3015 2272 3133 2316 nec
3162 2253 3357 2315 domi-

1789 2349 1965 2410 nium
1992 2354 2395 2411 externarum
2418 2366 2631 2411 rerum
2659 2349 2885 2429 perdit,
2921 2355 2990 2410 ut
3014 2367 3129 2428 per
3150 2366 3217 2409 se
3248 2365 3357 2409 no-

1787 2446 1920 2503 tum
1962 2448 2097 2513 est:
2144 2460 2265 2503 nec
2294 2460 2475 2502 suam
2518 2442 2831 2503 internam
2862 2441 3213 2503 libertatem
3244 2440 3363 2501 mi-

1787 2535 1924 2595 nuit
1944 2582 1959 2609 ,
1996 2534 2113 2597 sed
2140 2535 2435 2614 supponit
2474 2535 2645 2596 illam
2674 2536 2739 2595 in
2778 2554 2893 2595 sua
2918 2535 3117 2597 libera
3148 2535 3357 2597 deter-
3473 2594 3479 2603 ,

1786 2628 2131 2689 minatione
2186 2646 2323 2689 esse
2368 2624 2857 2702 immutabilem‘,
2903 2628 3073 2707 quod
3116 2627 3359 2707 perfec-

1789 2721 1977 2783 tionis
2016 2728 2138 2796 est,
2186 2726 2254 2783 ut
2280 2720 2467 2782 latius
2497 2722 2685 2800 paulo
2716 2721 2974 2783 inferius
3014 2720 3358 2783 declarabi-

1789 2820 1921 2889 tur;
1960 2834 2131 2895 ergo·

1869 2910 1930 2969 8.
1978 2908 2309 2987 Reliquum
2348 2913 2443 2968 est
2488 2914 2553 2967 ul
2610 2907 2779 2969 aliud
2829 2908 3205 2987 principium
3262 2926 3359 2969 os-

1790 3001 2147 3075 tendamus,
2190 3000 2504 3075 nimirum,
2547 3002 2747 3062 Deum
2788 3020 2866 3063 ex
2906 3002 2965 3061 vi
2994 3002 3185 3080 hujus
3210 3019 3357 3079 pro-

1790 3095 2104 3158 missionis
2136 3094 2273 3157 fieri
2295 3113 2441 3156 vere
2468 3113 2541 3156 ac
2565 3095 2817 3174 proprie
2862 3094 3210 3157 debitorem
3238 3094 3357 3154 im-

1790 3190 2004 3270 plendi
2038 3190 2438 3270 promissum.
2472 3189 2651 3260 Quod
2676 3207 2753 3250 ex
2784 3189 3022 3251 eisdem
3040 3189 3174 3251 sere
3198 3188 3358 3252 Scri·-

1793 3290 1991 3364 pturae
2022 3284 2173 3344 locis
2200 3282 2471 3363 primum
2498 3282 2741 3344 ostendi
2763 3289 2995 3362 potest;
3018 3281 3161 3344 ideo
3186 3281 3357 3344 enim

1794 3379 1858 3439 in
1895 3379 1987 3438 eis
2040 3375 2441 3456 conjungitur
2476 3375 2743 3438 fidelitas
2795 3393 2909 3436 seu
2954 3376 3183 3436 veritas
3211 3393 3357 3437 cum

1792 3469 2231 3550 promissione,
2266 3475 2333 3531 ut
2380 3467 2771 3541 ostendatur,
2804 3467 2968 3530 tacta
2995 3467 3359 3547 promissio-

1789 3581 1894 3633 ne,
1921 3565 2123 3624 Deum
2166 3562 2303 3623 fieri
2331 3561 2681 3624 debitorem
2736 3579 2813 3622 ex
2858 3562 2923 3621 vi
2948 3559 3265 3622 fidelitatis
3294 3563 3361 3620 et

1789 3656 2087 3717 veritatis
2129 3655 2307 3718 Unde
2360 3661 2457 3716 est
2505 3655 2661 3716 illud
2689 3655 2770 3715 ad
2804 3654 2995 3716 Hebr.
3054 3652 3297 3714 decimo
3334 3669 3349 3712 ε

1792 3750 2122 3812 Teneamns
2168 3754 2395 3812 nostroe
2433 3748 2561 3829 spei
2602 3747 3079 3810 indeclinabilem
3127 3749 3357 3824 confes-

1788 3843 2016 3904 sionem
2030 3867 2057 3914 ,·
2082 3841 2281 3922 fidelis
2314 3840 2472 3904 enim
2500 3846 2591 3905 est
2617 3841 2721 3922 qni
2747 3841 3099 3920 repromisit
3109 3865 3135 3912 ;
3166 3843 3231 3900 et
3256 3855 3357 3899 ca-

1788 3933 1916 4014 pite
1970 3939 2145 3996 sexto
2196 3953 2210 3993 ι
2256 3932 2684 3997 Abundantius·
2710 3933 2913 3996 volens
2956 3934 3125 3995 Dens
3162 3934 3359 3994 osten-

1792 4025 1924 4090 de're
1976 4024 2445 4108 pollicitationis
2493 4026 2825 4088 haeredibus
2878 4023 3355 4088 immobilitatem

1789 4118 2033 4182 consilii
2058 4118 2179 4192 sni,
2226 4119 2596 4200 interposuit
2628 4118 3097 4198 jusjurandum,
3140 4121 3215 4179 nt
3240 4133 3356 4196 per

1787 4214 1943 4276 duas
1987 4231 2087 4276 res
2132 4213 2461 4277 immobiles
2486 4257 2509 4289 ‚
2573 4213 2789 4294 quibus
2837 4209 3199 4292 impossibile
3262 4211 3357 4272 est

1787 4306 2035 4370 mentiri
2070 4307 2296 4377 Deum,
2353 4305 2759 4385 fortissimum
2809 4305 3096 4368 solatium
3146 4303 3357 4366 habea·

1788 4418 1949 4464 onus.
1983 4399 2219 4472 Quibus
2245 4399 2451 4460 verbis
2490 4397 2863 4472 ostenditur,
2906 4397 3071 4460 facta
3094 4395 3356 4476 promis·

1791 4495 1991 4570 sione,
2036 4493 2123 4554 ita
2148 4510 2406 4554 manere
2434 4493 2637 4554 Deum
2666 4491 3007 4554 obnoxium
3034 4489 3352 4565 solutioni,

1792 4593 1864 4649 ut
1891 4605 2021 4649 non
2056 4586 2255 4666 possit
2283 4586 2703 4658 retrocedere,
2746 4603 2866 4646 nec
2903 4601 3038 4646 rem
3090 4583 3357 4663 promis-

1791 4699 1926 4744 sam
1960 4699 2221 4760 negare‚
2251 4681 2405 4760 quin
2444 4699 2481 4740 a
2512 4679 2773 4741 veritate
2799 4684 2861 4740 et
2890 4677 3191 4740 fidelitate
3240 4696 3357 4740 sua

1789 4774 2078 4847 deficiat;
2105 4775 2227 4835 hoc
2274 4779 2485 4834 autem
2526 4771 2809 4852 nihilque
2862 4771 3032 4834 aliud
3074 4777 3169 4834 est
3216 4789 3355 4834 esse

1792 4869 2165 4931 debitorem.
2188 4869 2265 4932 Et
2288 4867 2437 4947 quia
2470 4873 2601 4930 tam
2624 4865 3007 4945 impossibile
3038 4871 3133 4928 est
3152 4867 3355 4928 Deum

1788 4959 2061 5023 deficere
2100 4980 2137 5022 a
2186 4960 2447 5022 veritate
2476 4978 2589 5020 sua
2609 5002 2626 5033 ,
2658 4977 2849 5039 quam
2892 4959 3181 5021 desinere
3216 4976 3354 5021 esse

1789 5055 2013 5129 Deum,
2046 5053 2189 5116 ideo
2216 5053 2304 5115 ait
2328 5053 2578 5129 Paulus,
2606 5052 2689 5114 ad
2710 5053 3109 5116 Timotheum
3134 5055 3174 5114 2
3196 5072 3209 5113 :
3234 5053 3359 5116 Ille

1783 5147 1985 5227 fidelis
2022 5153 2337 5228 pmtanet
2354 5191 2372 5222 ‚
2414 5146 2681 5230 seipswm
2720 5165 2939 5231 separe
2981 5164 3101 5210 non
3129 5149 3351 5226 potest.

1797 5241 1995 5313 Quem
2034 5241 2241 5302 locum
2270 5241 2583 5320 attingens
2622 5241 2977 5319 Dionysius,
3022 5239 3223 5317 capite
3256 5255 3357 5300 oc*

1795 5339 1939 5394 tavo
1970 5333 2049 5396 de
2078 5333 2279 5394 Divin.
2302 5351 2503 5408 nom.,
2532 5333 2735 5410 inquit
2762 5351 2777 5392 ε
2802 5331 3087 5414 Seipwm
3112 5347 3353 5412 negare,

1797 5445 1838 5489 a
1863 5427 2115 5492 tei-itate
2142 5428 2313 5490 desid
2337 5445 2403 5489 re
2427 5432 2559 5500 est,·
2582 5444 2765 5506 porro
2794 5425 2957 5488 Dens
2983 5422 3209 5488 veritas
3237 5428 3352 5497 est,

1797 5525 1855 5583 et
1888 5538 1929 5584 a
1955 5521 2210 5584 veritate
2242 5521 2469 5594 cedere,
2498 5521 2677 5582 aDeo
2707 5521 2799 5580 est
2825 5516 3031 5581 cadere
3046 5543 3073 5589 ;
3100 5522 3171 5580 at
3190 5519 3357 5581 Dens
