3850 6225
669 401 806 454 CAP.
841 403 947 457 vll.
983 405 1066 456 AN
1099 404 1532 460 PRAEoEFlmA'r
1563 407 1722 460 DEUS
1755 406 1959 460 OMNES
1993 407 2192 461 Ac'rus
2222 407 2525 470 MORALES,
2560 405 2697 460 mc,

119 503 308 565 tcriale
333 503 584 582 peccati,
621 505 768 584 quia
791 505 1013 566 eadem
1043 513 1139 568 est
1163 510 1511 570 essentialis
1537 511 1642 572 de-

119 597 424 676 pendentia
459 617 498 658 a
527 599 656 658 Deo
683 598 750 658 in
777 599 896 661 hoc
925 601 1078 661 etin
1109 601 1262 678 illis3
1295 604 1642 666 substantia

114 709 244 750 vero
283 691 470 767 ipsius
505 707 838 752 concursus
883 692 976 770 (ut
1013 694 1100 755 sic
1147 694 1376 776 dicam)
1408 703 1504 759 est
1547 697 1641 758 di-

115 801 291 854 versa,
323 788 382 844 et
425 782 490 843 in
536 790 676 844 actu
718 784 884 846 bono
921 789 1096 849 tanto
1144 795 1236 850 est
1281 788 1636 868 perfectior,

111 879 320 954 quanto
350 876 480 955 ipse
511 877 730 938 melior
759 885 854 940 est
880 898 1070 958 quam
1097 886 1272 943 actus
1299 884 1526 944 malus.

182 972 267 1029 14.
313 967 712 1040 Quoi-nundum
733 972 1039 1036 instantia
1063 977 1395 1053 refutatur.
1412 1009 1496 1024 —-
1513 976 1638 1038 Sed

109 1063 232 1122 hinc
269 1066 516 1122 sumunt
551 1060 809 1140 quidam
839 1066 1232 1128 occasionem
1255 1069 1632 1148 replicandi3

109 1155 234 1234 quia
260 1154 456 1214 omnis
487 1161 664 1216 actus
697 1157 901 1218 bonus
936 1161 1258 1223 moraliter
1296 1162 1490 1224 habet
1525 1163 1638 1226 ali.-

107 1247 256 1326 quod
279 1247 602 1326 praemium
635 1250 804 1328 apud
829 1253 1054 1326 Deum,
1079 1255 1258 1332 juxta
1287 1255 1636 1318 doctrinam

107 1340 425 1420 Augustini,
444 1343 482 1402 5
504 1340 585 1402 de
609 1342 812 1417 Civit„
841 1363 896 1406 c.
919 1348 1018 1420 12,
1044 1353 1108 1409 et
1124 1349 1195 1408 D.
1224 1349 1448 1410 Thom.
1481 1353 1538 1411 1.
1571 1353 1634 1424 2,

107 1455 158 1512 q.
187 1437 277 1508 22,
303 1441 362 1496 et
385 1453 448 1514 q.
476 1439 620 1510 114,
645 1443 763 1498 art.
797 1439 936 1512 ult.;
971 1459 1122 1520 ergo
1149 1443 1355 1504 omnis
1378 1444 1520 1505 talis
1539 1463 1643 1507 ac-

109 1535 189 1588 tus
212 1535 296 1589 est
332 1545 408 1588 ex
436 1529 836 1594 ordinatione
864 1538 927 1595 et
950 1535 1360 1615 praefinitione
1400 1537 1631 1613 divina,

107 1623 210 1684 imo
257 1643 327 1684 ex
355 1627 766 1703 praemotione
793 1629 932 1703 Dei3
981 1630 1149 1710 quia,
1189 1631 1366 1710 juxta
1415 1633 1636 1694 doctri-

107 1735 229 1776 nam
253 1717 368 1778 divi
407 1719 668 1779 Thomae
702 1723 762 1781 1.
813 1723 877 1794 2,
921 1728 1143 1802 quaest.
1183 1725 1324 1800 114,
1353 1733 1469 1788 art.
1502 1731 1532 1788 1
1577 1733 1640 1790 et

107 1812 156 1880 2,
179 1817 336 1872 actus
371 1810 636 1873 humani
663 1831 789 1874 non
821 1815 1056 1879 habent
1093 1819 1384 1879 meritum
1427 1837 1639 1881 coram

107 1907 231 1974 Deo,
259 1903 372 1964 nisi
399 1911 718 1984 quatenus
733 1914 878 1969 sunt
903 1927 981 1968 ex
1003 1911 1522 1988 praeordinatione
1545 1913 1639 1974 di-

107 1997 241 2057 vina.
287 1997 406 2059 Sed
429 1999 556 2060 hoc
587 1999 822 2060 nullius
847 2003 1150 2063 momenti
1178 2009 1311 2078 est;
1345 2005 1490 2084 quia
1531 2006 1636 2066 illa

109 2090 502 2167 praeordinatio
561 2091 776 2153 divina
824 2113 954 2154 non
993 2096 1336 2176 requiritur
1361 2098 1425 2158 in
1464 2099 1638 2160 omni

107 2183 292 2243 merito
317 2184 712 2263 imperfecto,
743 2186 856 2247 sed
883 2186 1086 2248 solum
1126 2189 1192 2249 in
1223 2190 1448 2252 merito
1495 2209 1638 2272 per-

109 2275 242 2335 fecto
271 2283 328 2337 et
363 2277 442 2338 de
477 2279 804 2359 condigno
831 2325 846 2352 ,
894 2280 974 2342 de
1003 2300 1130 2360 quo
1157 2282 1338 2344 divus
1364 2284 1636 2346 Thomas

109 2367 190 2427 illo
223 2368 348 2430 loco
385 2369 776 2450 disputabat.
817 2375 889 2436 In
913 2374 1011 2434 his
1038 2378 1252 2436 autem
1298 2376 1480 2438 bonis
1533 2395 1637 2438 ac-

107 2461 243 2522 tibus
261 2480 424 2524 mere
446 2466 870 2539 naturalibuS,
886 2485 1014 2528 non
1043 2473 1138 2529 est
1157 2469 1284 2531 tale
1315 2471 1632 2544 meritum,

107 2553 195 2613 sed
219 2555 406 2616 solum
450 2558 788 2638 cujusdam
843 2559 1148 2622 decentioe
1181 2567 1244 2624 et
1290 2564 1637 2642 proportio-

102 2649 198 2706 niS.
241 2649 343 2708 Illa
383 2651 582 2712 etiam
621 2652 1062 2730 praeordinatio
1093 2653 1300 2716 divina
1316 2700 1332 2729 ,
1365 2675 1504 2736 quae
1554 2657 1635 2718 ad

103 2741 352 2802 meritum
391 2744 760 2823 requiritur,
791 2763 922 2806 non
951 2752 1048 2808 est
1072 2748 1636 2826 praedeteminatio

107 2833 348 2911 physica,
389 2843 496 2899 aut
541 2837 922 2916 praefinitio;
974 2839 1114 2919 quis
1151 2842 1320 2902 enim
1357 2843 1475 2904 hoc
1515 2862 1634 2904 un-

105 2945 262 3006 quam
288 2931 621 3011 cogitavit?
641 2951 854 3012 quaeve
883 2935 1042 2994 ratio
1067 2935 1247 2997 reddi
1271 2941 1498 3016 potest,
1523 2957 1638 3000 cur

105 3021 214 3081 haee
229 3023 302 3083 ad
321 3025 621 3086 meritum
657 3025 982 3106 exigatur?
1008 3028 1452 3092 Praeordinatio
1483 3050 1633 3113 ergo

103 3114 185 3175 illa
233 3124 318 3179 est
367 3119 588 3180 divina
635 3119 759 3193 lex,
788 3126 1075 3201 pactum,
1107 3140 1220 3184 seu
1275 3127 1630 3203 promissio,

107 3226 204 3285 qua
241 3211 358 3273 tale
409 3213 724 3273 bravium·
749 3216 1075 3294 proposuit
1123 3218 1526 3294 certantibus,
1573 3227 1636 3282 et

107 3319 359 3365 coronam
399 3323 472 3368 ac
514 3307 883 3369 mercedem
919 3308 1109 3369 talem
1135 3309 1300 3372 bene
1339 3314 1634 3375 merenti-

105 3394 200 3455 bus
221 3398 588 3476 repromisit.

169 3491 249 3549 15.
303 3491 552 3555 Ultima·
601 3491 869 3556 evasioni
909 3498 1274 3559 occurritur.
1301 3500 1632 3562 -Ultimo

106 3580 336 3659 objicere
359 3590 570 3663 potest
601 3586 741 3664 quis
763 3594 976 3649 contra
1006 3590 1364 3668 praedictam
1385 3600 1634 3655 senten-

103 3673 244 3747 tiam,
273 3694 342 3736 ex
371 3696 446 3739 ea
475 3679 688 3757 sequi,
719 3679 994 3742 divinam
1020 3683 1474 3762 providentiam
1501 3704 1631 3755 non

103 3782 213 3827 esse
249 3770 494 3831 omnino
537 3770 934 3851 infallibilem
954 3820 970 3847 ,
1017 3782 1253 3837 certam
1282 3783 1346 3838 et
1369 3778 1631 3839 inevita-

99 3857 276 3937 bilem,
299 3870 356 3923 et
371 3864 670 3943 impediri
699 3884 908 3945 posse,
932 3869 1100 3947 quod
1125 3876 1218 3931 est
1247 3876 1462 3933 contra
1491 3891 1630 3952 per·

99 3952 390 4017 tectionem
417 3958 653 4022 divinoe
681 3959 1106 4037 providentiae.
1142 3965 1316 4026 Patet
1343 3967 1622 4044 sequela,

103 4046 219 4123 quia
245 4068 370 4128 quae
399 4068 528 4113 non
577 4058 724 4113 sunt
753 4071 792 4113 a
819 4052 944 4114 Deo
974 4056 1304 4133 praefinita,
1351 4066 1496 4121 sunt
1533 4060 1627 4121 in-

103 4146 260 4215 certa,
287 4150 344 4205 et
387 4145 612 4207 evitari
637 4153 930 4225 possunt;
969 4149 1081 4210 sed
1107 4157 1282 4212 actus
1309 4151 1455 4213 boni
1487 4170 1624 4215 mo-

101 4231 236 4295 rales
257 4252 378 4297 non
423 4244 576 4299 sunt
618 4257 657 4299 a
709 4241 840 4301 Deo
881 4242 1201 4321 praeflniti3
1245 4263 1396 4325 ergo
1422 4247 1626 4325 provi-

103 4324 297 4402 dentia,
334 4348 522 4409 quam
551 4332 722 4393 Deus
751 4334 830 4395 de
858 4335 980 4396 illis
1023 4336 1232 4411 habet,
1267 4344 1362 4400 est
1385 4338 1622 4402 incerta

104 4422 150 4477 et
175 4422 472 4485 evitabilis,
507 4427 589 4486 Et
617 4424 1044 4501 confirmatur,
1079 4430 1226 4507 quia
1255 4430 1463 4492 divina
1483 4449 1624 4511 pro-

101 4510 336 4575 videntia
363 4535 477 4597 per
501 4518 623 4579 hos
651 4524 828 4581 actus
853 4520 1064 4601 dirigit
1088 4540 1227 4585 rem
1255 4522 1320 4583 in
1349 4524 1622 4603 aliquem

101 4600 292 4679 finem3
325 4626 490 4689 ergo,
535 4611 590 4671 si
617 4611 758 4672 illos
801 4630 932 4674 non
959 4614 1245 4695 praefinit,
1286 4622 1494 4695 potest
1533 4625 1622 4680 ta-

103 4692 164 4754 lis
185 4702 556 4775 providentia
585 4704 859 4768 deficere
886 4724 923 4766 a
953 4724 1066 4767 suo
1095 4707 1253 4781 fine;
1287 4714 1350 4771 et
1372 4711 1492 4772 hoc
1528 4716 1624 4773 est

104 4791 514 4887 providentiam
551 4814 690 4859 esse
731 4798 1034 4860 incertam
1051 4845 1068 4873 ,
1109 4800 1465 4863 evitabilem
1511 4822 1624 4865 seu

105 4883 508 4979 impedibilem.
540 4890 981 4970 Respondetur
1011 4892 1166 4953 nihil
1200 4894 1449 4970 horum,
1481 4913 1622 4974 quai

107 4972 412 5074 luseruntur
431 5024 450 5053 ,
491 4982 557 5043 in
609 4983 820 5063 rigore
869 4985 1076 5065 sequi;
1137 4992 1198 5049 et
1227 4987 1437 5068 aliqua
1482 5006 1620 5050 esse

107 5068 424 5145 simpliciter
451 5073 631 5149 falsa,
663 5076 788 5137 alia
815 5094 968 5139 vero
989 5078 1282 5160 ambigua
1312 5086 1374 5141 et
1401 5080 1614 5143 dubia.

105 5154 268 5233 Igitur
303 5162 378 5225 de
423 5168 790 5231 certitudine
836 5176 898 5231 et
924 5170 1354 5235 infallibilitate
1395 5174 1619 5237 divinae

109 5252 498 5334 providentiis,
539 5261 899 5343 simpliciter
921 5262 1262 5343 loquendo,
1293 5286 1412 5329 nec
1438 5268 1619 5330 dubi-

109 5344 205 5402 tari
225 5354 447 5426 potest,
482 5369 686 5434 neque
743 5374 822 5417 ex
866 5355 1046 5418 dictis
1095 5359 1376 5439 sequitur
1410 5360 1618 5440 aliqua

111 5433 398 5503 dubitandi
439 5446 632 5522 ratio;
665 5449 814 5529 quia
859 5449 1164 5513 certitudo
1194 5458 1258 5513 et
1285 5452 1622 5516 infallibili-

113 5532 190 5587 tas
211 5532 284 5592 ad
311 5533 680 5602 intellectum
709 5542 1062 5621 pertinent3
1096 5545 1482 5607 ostendimus
1510 5564 1622 5608 au-

390 5659 473 5703 11.

3174 405 3292 466 145

1723 515 1854 572 tem
1878 513 2077 572 Deum
2106 529 2249 572 cum
2276 509 2723 589 perfectissima
2754 509 3139 588 praescientia
3164 529 3295 572 om-

1723 605 1910 666 nibus
1936 605 2289 684 providere,
2320 620 2695 682 semperque
2718 603 2818 662 vel
2845 603 3161 679 ordinare,
3187 606 3290 665 vel

1723 699 2111 774 permittere,
2144 702 2254 758 aut
2276 697 2437 758 velle
2497 702 2567 757 ut
2602 694 2836 775 aliquid
2879 695 2990 756 fiat
3028 696 3147 757 hoc
3188 697 3293 759 vel

1723 790 1828 851 illo
1873 792 2063 852 modo
2088 837 2103 866 ‚
2164 789 2563 853 infallibiliter
2604 808 2677 850 ac
2738 788 3080 850 certissime
3128 807 3293 868 prae-

1725 884 1931 944 sciens
1977 903 2059 944 au
2090 889 2457 945 eventurum
2496 883 2593 944 sit.
2630 883 2705 942 Et
2735 883 2853 943 hoc
2904 881 3093 943 modo
3137 882 3293 944 dixit

1724 976 1796 1035 D.
1826 977 2123 1050 Thomas,
2176 980 2203 1037 1
2250 993 2343 1054 p.‚
2377 981 2598 1055 quaest.
2633 975 2734 1047 23,
2780 975 2955 1035 artic.
2987 977 3048 1048 6,
3080 976 3286 1054 provi-

1723 1069 1952 1130 dentiae
1996 1070 2281 1132 ordinem
2339 1087 2476 1131 esse
2518 1067 2925 1130 infallibilem.
2971 1068 3151 1141 Quod
3195 1076 3291 1131 est

1721 1153 2117 1224 verissimum
2145 1162 2461 1242 loquendo
2518 1162 2596 1224 de
2643 1155 3056 1241 providentia,
3104 1167 3291 1242 prout

1725 1262 1819 1319 est
1872 1257 1939 1318 in
1992 1258 2147 1330 Deo,
2206 1263 2271 1320 et
2323 1261 2509 1335 prout
2550 1256 2719 1316 illam
2770 1255 3241 1318 consideramus
3268 1302 3285 1326 ,

1722 1349 1975 1430 quando
2005 1349 2082 1410 de
2130 1350 2239 1411 illa
2286 1349 2646 1428 simpliciter
2686 1347 3022 1428 loquimur.
3076 1348 3139 1410 Si
3175 1367 3289 1409 au·-

1723 1451 1848 1506 tem
1903 1443 2397 1524 praescindamus
2452 1444 2517 1504 in
2563 1442 2955 1523 providentia
3000 1441 3288 1503 volunta-

1719 1545 1850 1599 tem
1878 1557 1916 1598 a
1945 1537 2358 1617 praescientia,
2381 1543 2443 1598 et
2468 1553 2501 1598 e
2524 1534 2859 1609 contrario,
2880 1552 3091 1614 neque
3122 1553 3198 1596 ex
3220 1535 3284 1595 vi

1720 1631 1912 1692 solius
1958 1631 2299 1693 voluntatis
2332 1631 2449 1691 erit
2498 1645 2749 1709 semper
2801 1633 2972 1689 certo
3024 1627 3284 1689 effectus

1716 1723 1987 1798 futurus,
2024 1724 2143 1786 nisi
2168 1723 2631 1803 praescientiam
2662 1720 3012 1802 adjungas3
3046 1738 3165 1782 nec
3206 1737 3285 1782 ex

1717 1819 1780 1880 vi
1808 1817 2212 1898 praescientioe
2242 1818 2359 1880 erit
2376 1815 2681 1878 certitudo
2708 1815 2787 1876 de
2816 1815 3045 1877 effectu
3072 1813 3283 1877 futuro

1717 1909 2026 1983 absolute,
2074 1910 2187 1971 sed
2224 1915 2469 1971 tantum
2509 1907 2931 1971 conditionate
2956 1953 2974 1982 ,
3018 1907 3137 1968 nisi
3177 1905 3283 1970 ad-

1710 2003 1945 2084 jungas
1970 2002 2358 2064 voluntatem
2402 2005 2779 2063 statuentem
2836 1999 3072 2080 aliquid
3118 1999 3283 2062 circa

1717 2115 2013 2170 causam;
2073 2096 2330 2169 scilicet,
2390 2095 2557 2176 quod
2608 2093 3021 2156 constituatur
3074 2093 3139 2154 in
3174 2092 3281 2154 tali

1716 2191 2181 2268 opportunitate
2236 2189 2319 2250 ad
2366 2187 2756 2268 operandum
2804 2205 2949 2249 cum
2990 2187 3281 2248 omnibus

1716 2281 2167 2344 sufficientibus
2184 2281 2429 2343 mediiS.
2464 2283 2681 2360 Neque
2710 2281 2775 2342 in
2804 2280 2925 2342 hoc
2953 2285 3047 2342 est
3072 2279 3281 2360 aliqua

1715 2373 2069 2448 difficultaS,
2099 2393 2217 2435 nec
2246 2375 2452 2436 minor
2478 2372 2797 2454 perfectio·

1713 2559 1886 2626 Num
1911 2560 2123 2624 divina
2149 2559 2533 2643 providentia
2556 2559 2883 2635 evitabilis,
2914 2577 3055 2622 mam
3089 2559 3279 2622 inevi-

2239 2654 2448 2718 tabilis
2486 2654 2753 2718 dicenda.

1797 2841 1894 2900 16.
1927 2838 2413 2920 Adpropositam
2430 2837 2937 2921 quoestiunoulam
2947 2837 3277 2922 responsio.

1712 2965 1795 2980 —
1813 2933 2050 2994 Rursus
2075 2950 2156 2993 an
2203 2930 2593 3012 providentia
2634 2931 2845 2994 divina
2896 2931 3161 2994 dicenda
3202 2932 3283 2995 sit

1713 3025 2084 3088 inevitabilis
2112 3043 2337 3098 necne,
2361 3030 2585 3086 tractat
2606 3025 2730 3087 late
2746 3025 3099 3105 caietanus,
3127 3029 3157 3088 1
3185 3045 3277 3106 p.‚

1715 3126 1933 3200 quaest.
1966 3122 2065 3195 22,
2090 3118 2267 3181 artic.
2298 3121 2361 3193 4,
2392 3124 2453 3180 et
2480 3137 2615 3180 rem
2642 3119 2773 3181 fere
2804 3118 3151 3183 indecisam
3179 3138 3283 3181 re·-

1711 3212 1937 3292 linquit
1962 3234 1977 3287 ;
2022 3218 2201 3293 putat
2224 3213 2391 3274 enim
2418 3230 2557 3274 esse
2594 3213 2873 3276 humano
2902 3213 3156 3294 ingenio
3182 3214 3280 3275 in-

1713 3306 2168 3387 explicabilem.
2206 3308 2292 3366 Ac
2322 3306 2579 3367 tandem
2610 3307 2698 3367 ait
2735 3324 2854 3369 nec
2894 3306 3273 3380 evitabilem,

1711 3418 1830 3461 nec
1856 3399 2282 3460 inevitabilem
2322 3398 2655 3461 dicendam
2694 3405 2855 3473 esse,
2888 3400 3001 3461 sed
3041 3398 3279 3479 aliquid

1711 3493 1894 3554 altius
1930 3498 1993 3553 et
2026 3491 2423 3565 eminentius,
2454 3492 2825 3553 abstrahens
2852 3492 2933 3554 ab
2964 3498 3271 3573 utroque;

1711 3592 1775 3647 et
1793 3585 2066 3647 consulit
2095 3586 2251 3648 utin
2274 3586 2397 3647 hoc
2424 3585 2776 3647 intellectus
2804 3586 3107 3665 quiescat,
3139 3604 3269 3647 non

1711 3678 2024 3741 evidentia
2070 3679 2348 3740 veritatis
2400 3680 2719 3760 inspectae,
2784 3680 2899 3740 sed
2946 3678 3273 3741 altitudine

1709 3770 2125 3833 inaccessibili
2174 3770 2451 3833 veritatis
2480 3772 2760 3833 occultae.
2791 3771 2937 3845 Sed,
2968 3771 3117 3835 licet
3148 3772 3271 3833 hoc

1709 3863 1810 3943 pie
1841 3870 1903 3925 et
1924 3863 2216 3945 religiose
2243 3863 2485 3925 dicatur
2506 3865 2571 3925 in
2596 3863 2692 3925 his
2714 3864 2906 3925 rebus
2930 3882 3087 3945 quas
3116 3864 3275 3927 fides

1709 3958 1912 4033 docet,
1958 3975 2352 4039 quarumque
2384 3958 2729 4019 obscuritas
2750 3964 2813 4019 et
2840 3958 3169 4021 difficultas
3197 3978 3274 4020 ex

1709 4053 1893 4115 certis
1913 4053 2233 4133 principiis
2248 4070 2285 4112 a
2301 4051 2426 4113 fide
2448 4051 2690 4114 traditis
2708 4054 3007 4126 nascitur,
3030 4060 3269 4127 tamen,

1705 4146 1814 4207 ubi
1840 4145 1999 4208 fides
2029 4144 2265 4225 aliquid
2290 4144 2652 4225 hujusmodi
2667 4163 2794 4205 non
2816 4144 3022 4219 docet,
3049 4162 3275 4206 curan-

1707 4239 1858 4301 dum
1877 4247 1972 4301 est
1985 4237 2223 4301 doctori
2242 4238 2563 4318 Theologo
2584 4244 2646 4299 et
2668 4237 2862 4313 fideli,
2881 4256 3011 4299 non
3032 4254 3271 4317 augere

1705 4334 1883 4394 novis
1905 4332 2372 4395 difficultatibus
2414 4336 2477 4393 et
2525 4331 3010 4392 obscuritatibus
3059 4348 3163 4392 res
3198 4329 3271 4391 fi-

1706 4426 1832 4501 dei,
1881 4445 1999 4488 nec
2027 4444 2187 4487 nova
2218 4425 2517 4505 mysteria
2544 4424 2931 4503 contingere,
2975 4442 3113 4503 quae
3150 4440 3270 4485 nec

1702 4538 1818 4601 per
1857 4520 2163 4600 principia
2200 4517 2347 4580 fidei
2404 4516 2657 4597 probari
2704 4516 2968 4598 possint,
3014 4535 3135 4578 nec
3164 4535 3273 4578 eo·-

1703 4632 1844 4675 rum
1865 4614 2073 4675 valeat
2101 4611 2260 4674 ratio
2279 4612 2457 4674 reddi
2481 4630 2497 4684 ;
2529 4611 2654 4671 imo
2669 4612 2773 4672 vix
2794 4610 3038 4690 possint
3058 4617 3271 4672 mente

1706 4708 1969 4789 concipi.
2001 4708 2150 4769 Tale
2179 4714 2389 4769 autem
2420 4705 2555 4767 sine
2578 4703 2769 4766 dubio
2798 4710 2914 4777 est,
2949 4704 3121 4785 quod
3149 4705 3270 4765 Ca-

1701 4801 1950 4881 jetanus
1999 4802 2105 4876 ait,
2137 4800 2397 4861 effectus
2424 4799 2677 4872 liber-oe,
2716 4798 2822 4877 qui
2852 4798 2970 4859 sub
2992 4796 3269 4859 divinam

1703 4893 2159 4975 providentiam
2190 4893 2442 4967 cadunt,
2469 4910 2588 4953 nec
2610 4891 2931 4953 evitabiles
2956 4908 3117 4963 esse,
3148 4908 3269 4953 nec

1703 4987 2116 5050 inevitabiles.
2176 4985 2501 5059 Quomodo
2534 4985 2702 5046 enim
2741 4984 3001 5065 intelligi
3039 4988 3265 5065 potest,

1705 5081 1899 5162 quod,
1931 5086 2217 5159 respectu
2250 5071 2537 5161 ejusdem
2582 5078 2676 5140 rei
2701 5078 3149 5151 determinatae,
3183 5078 3275 5138 al-

1705 5182 1908 5237 terum
1935 5194 1969 5237 e
2001 5174 2496 5237 contradictoriis
2522 5190 2652 5235 non
2672 5171 3063 5235 verificetur?
3086 5172 3268 5243 Nam,

1705 5268 1756 5329 si
1793 5268 1937 5330 talis
1966 5269 2225 5329 effectus
2254 5285 2381 5327 non
2409 5273 2503 5327 est
2532 5264 2860 5340 evitabilis,
2900 5281 3107 5343 neque
3138 5264 3273 5324 ine-

1703 5362 1971 5423 vitabilis
1993 5408 2008 5436 ,
2043 5380 2195 5440 ergo
2236 5378 2367 5422 non
2401 5363 2497 5421 est
2527 5358 2866 5431 evitabilis;
2904 5375 3050 5419 nam
3078 5374 3115 5417 a
3168 5372 3273 5417 co-

1701 5456 1978 5535 pulativa
2006 5454 2087 5515 ad
2116 5453 2379 5514 alteram
2406 5458 2647 5531 partem
2673 5452 2907 5531 optima
2932 5454 3023 5511 est
3039 5448 3267 5519 illatio;

1707 5550 1756 5609 si
1789 5554 2003 5610 autem
2027 5564 2155 5608 non
2186 5552 2281 5606 est
2309 5543 2633 5618 evitabilis,
2666 5552 2727 5607 et
2769 5543 2997 5633 alioqui
3026 5541 3270 5601 futurus

2860 5651 2938 5711 10
