3850 6225
641 400 775 454 cAP.
812 401 982 455 xvnl.
1018 402 1435 457 EXPONUNTUR
1466 403 1547 455 m·
1578 400 2033 455 CONCILIANTUR
2067 402 2258 455 Vama
2290 402 2560 466 vntum,
2596 402 2729 455 ETC.

94 609 429 689 Reponitur
472 608 807 689 Augustini
860 612 1269 675 testimoni-um
1317 630 1391 675 σω
1442 630 1633 693 qua-s-

311 704 471 767 tione
496 706 753 767 secunda
776 706 859 768 ad
886 702 1379 787 Simplicianum.

166 878 217 935 3.
261 875 353 937 Ad
380 876 655 955 primum
688 882 751 938 et
780 876 1029 939 difficile
1054 880 1479 941 testimonium
1504 882 1631 942 Au·-

101 969 324 1047 gustini,
356 970 679 1042 Bellarm.,
711 971 819 1031 lib.
851 974 891 1033 2
918 972 997 1033 de
1023 971 1191 1033 Grat.
1230 976 1293 1034 et
1319 973 1427 1034 lib.
1461 975 1626 1045 arb„

99 1082 216 1141 cap.
248 1064 341 1133 15,
370 1062 685 1123 existimat
707 1064 1125 1145 Augustinnm
1150 1066 1213 1124 in
1240 1067 1344 1127 illo
1374 1067 1629 1145 quidem

99 1155 214 1213 loco
239 1154 403 1214 illam
448 1155 741 1217 docuisse
782 1157 1178 1230 sententiam,
1224 1165 1441 1237 postea
1478 1178 1629 1219 vero

100 1266 219 1309 eam
268 1254 637 1310 retractasse
665 1270 681 1321 ;
740 1268 889 1311 nam
941 1251 1315 1330 quaestiones
1366 1254 1503 1313 illas
1550 1252 1633 1313 ad

100 1342 535 1419 simplicianum
554 1343 771 1422 ,iunior
796 1345 1068 1423 scripsit;
1114 1346 1325 1407 senior
1350 1365 1500 1407 vero
1545 1347 1632 1407 ef-

98 1424 268 1493 fectus
310 1434 557 1514 scripsit
621 1436 703 1495 ad
754 1438 995 1497 Sixtum
1042 1443 1107 1497 et
1160 1438 1243 1499 ad
1298 1439 1629 1501 Paulinum

101 1529 251 1605 epist.
278 1530 389 1587 105
415 1534 478 1589 et
500 1530 639 1603 106,
670 1534 732 1590 et
754 1529 947 1591 libros
962 1530 1039 1591 de
1062 1532 1357 1594 Proedest.
1389 1534 1627 1607 Sanct.,

64 1622 77 1635 ⁶
100 1620 161 1679 tle
184 1621 327 1680 Don.
360 1638 639 1699 persev„
671 1622 749 1683 de
780 1624 1059 1703 Corrept.
1096 1630 1159 1685 et
1184 1632 1373 1703 grat„
1402 1628 1465 1686 in
1494 1628 1631 1706 qui-

98 1714 195 1773 bus
230 1714 603 1774 contrariam
636 1714 823 1776 docet
871 1717 1267 1778 sententiam.
1302 1720 1631 1781 Verumta-

98 1824 219 1866 men
262 1808 389 1867 haec
434 1809 769 1887 responsio
808 1810 1143 1871 nonnullas
1194 1812 1427 1891 patitur
1471 1813 1630 1873 diffi-

100 1901 341 1961 cultates
374 1902 589 1961 Prima
631 1906 749 1974 est,
782 1901 931 1981 quia
976 1904 1387 1983 Augustinus,
1429 1905 1541 1966 lib.
1591 1909 1621 1966 1

98 1993 159 2053 de
182 1993 457 2055 Praedest.
508 1996 826 2067 Sanctor.,
858 2013 998 2075 cap.
1030 1999 1092 2067 4,
1126 1998 1509 2059 mentionem
1534 1998 1628 2059 fa·-

98 2086 237 2145 ciens
260 2087 417 2147 illius
458 2089 833 2165 quaestionis
859 2088 940 2148 ad
964 2089 1457 2169 Simplicianum,
1486 2109 1627 2151 eam

96 2180 325 2239 maxime
351 2181 781 2253 commendat,
812 2200 963 2242 nam
994 2183 1059 2241 in
1087 2200 1163 2243 ea
1192 2182 1339 2243 dicit
1385 2183 1629 2245 labora-

102 2279 203 2331 tum
239 2292 367 2334 esse
396 2292 513 2353 pro
552 2273 753 2335 libero
798 2275 1075 2349 arbitrie,
1109 2286 1171 2336 et
1208 2276 1475 2354 gratiam
1513 2277 1627 2337 Dei

100 2365 313 2438 vicisse3
362 2373 423 2426 et
459 2366 693 2427 similia
720 2367 911 2427 habet
932 2367 1042 2428 lib.
1082 2370 1123 2429 2
1151 2370 1449 2442 Re·tract.,
1482 2387 1622 2449 cap.

102 2462 147 2529 1,
180 2458 269 2517 ubi
295 2462 485 2519 totam
518 2459 937 2538 quaestionem
964 2460 1317 2540 approbare
1351 2461 1623 2535 videtur,

100 2568 215 2611 cum
258 2553 403 2613 nihil
442 2570 523 2613 ex
577 2571 659 2613 ea
696 2558 1011 2614 retractet.
1062 2553 1351 2615 Secundo
1396 2555 1623 2629 obstat,

100 2646 219 2723 quia
250 2646 533 2707 eumdem
562 2646 825 2707 modum
850 2647 1173 2725 loquendi,
1205 2664 1396 2726 quem
1438 2649 1629 2711 habet

102 2740 439 2817 Augustinus
460 2740 529 2799 in
566 2738 679 2799 illa
708 2740 1077 2818 quaestione,
1100 2740 1349 2802 videtur
1373 2760 1623 2803 servare

101 2832 151 2889 in
166 2832 565 2911 superioribus
580 2831 783 2901 libris,
802 2833 991 2893 etiam
1018 2832 1083 2893 in
1106 2833 1225 2893 illis
1240 2834 1393 2894 locis
1416 2835 1480 2893 in
1502 2836 1633 2913 qui-

102 2922 195 2981 bus
210 2924 463 2985 maxime
475 2924 730 2985 videtur
750 2940 987 3002 ponere
1012 2926 1381 2987 electionem
1404 2927 1486 2986 ad
1504 2928 1634 3005 glo-

102 3016 229 3077 riam
256 3023 389 3078 ante
438 3017 705 3090 merita3
756 3036 907 3077 nam
938 3018 1097 3079 libro
1128 3019 1207 3079 de
1240 3018 1517 3099 Corrept.
1570 3026 1633 3081 et

104 3110 287 3186 gratia,
316 3129 449 3192 cap.
502 3113 565 3184 7,
606 3111 699 3174 sic
742 3110 945 3192 inquit
971 3130 985 3172 ε
1016 3113 1224 3176 Electa:
1266 3120 1446 3188 sunt,
1487 3115 1633 3196 quia

104 3206 379 3267 secuudum
408 3205 799 3288 propositum
821 3206 1021 3268 vocati
1053 3211 1221 3280 sunt,
1253 3207 1631 3290 propositum

107 3301 265 3357 autem
301 3315 411 3358 non
448 3315 657 3370 suum,
692 3299 800 3360 sed
824 3298 973 3372 Des}
1002 3304 1066 3360 et
1108 3299 1306 3360 infra:
1340 3301 1459 3362 Illi
1490 3317 1631 3380 erqo

106 3387 261 3460 electi,
283 3395 351 3452 nt
380 3407 539 3470 ηερε
564 3390 798 3454 dictum
832 3395 945 3462 est,
984 3392 1091 3470 qui
1134 3409 1305 3455 secun
1314 3394 1457 3454 dum
1489 3409 1629 3474 pro-

98 3481 321 3558 positum
344 3485 561 3557 vocati,
592 3483 705 3563 qui
748 3483 933 3545 etiam
978 3483 1401 3564 proedestinati
1450 3491 1627 3565 atque

102 3573 361 3648 prendit,-
387 3593 539 3656 ergo
590 3575 784 3636 etiam
812 3576 931 3636 hoc
968 3576 1105 3637 loco
1135 3576 1441 3656 significat
1475 3596 1624 3657 pro—

106 3667 329 3740 positum
373 3667 645 3730 vocandi
706 3667 1081 3730 antecedere
1138 3670 1507 3732 electionem
1557 3677 1619 3733 et

106 3759 441 3823 vocationem
470 3779 846 3839 congruam,
875 3779 989 3822 seu
1017 3762 1309 3824 effectum
1338 3764 1479 3824 talis
1513 3783 1619 3825 vo-

106 3851 319 3913 cationis
342 3856 702 3931 praevisum,
734 3871 873 3915 esse
912 3854 1221 3918 rationem
1270 3857 1613 3918 electionis,

106 3941 249 4003 Unde
276 3945 521 4008 inferius
571 3946 655 4007 de
696 3947 980 4026 reprobis
1018 3947 1141 4008 ait:
1189 3949 1335 4013 Non
1363 3953 1507 4010 sunt
1532 3967 1621 4012 se-

108 4038 319 4098 cundem
358 4040 737 4122 propositum
770 4040 993 4113 vocati,
1042 4058 1114 4103 ae
1144 4058 1258 4122 per
1294 4043 1401 4104 Ιιοσ
1438 4059 1621 4122 ‘neque

109 4126 262 4190 electi.
288 4133 359 4192 Et
395 4134 499 4195 lib.
548 4132 633 4194 de
682 4133 978 4193 Praedest.
1034 4134 1275 4204 Sanet.,
1320 4151 1458 4213 cap.
1495 4137 1611 4196 17:

108 4219 483 4304 Intelliyamus
522 4225 798 4304 (inquit)
843 4226 1208 4289 vocatiouem
1231 4271 1248 4299 ‚
1298 4245 1415 4308 qua
1453 4229 1618 4304 fiunt

110 4311 262 4388 electi,
306 4317 367 4378 id
394 4325 511 4391 est,
558 4317 737 4399 digni
771 4323 843 4378 ut
892 4318 1223 4398 eligantur.
1268 4321 1345 4381 Et
1390 4321 1613 4382 eodem

110 4407 259 4466 modo
289 4409 429 4472 dixit
478 4413 767 4490 Prosper,
819 4410 927 4470 lib.
979 4413 1019 4472 2
1072 4410 1149 4473 de
1201 4413 1351 4473 Voc.
1410 4419 1609 4491 gent.,

110 4512 217 4574 cap.
248 4503 335 4573 lo,
364 4503 511 4564 alias
540 4506 617 4565 35
644 4522 659 4564 z
698 4502 971 4566 Frustra
997 4505 1227 4567 dicitur
1252 4507 1411 4586 quod
1448 4507 1611 4569 ratio

112 4595 344 4666 operandi
372 4613 487 4656 non
507 4595 595 4659 sit
629 4598 699 4656 iu
724 4595 946 4671 electis,
992 4615 1127 4660 eum
1160 4595 1339 4660 etiam
1374 4599 1458 4660 ad
1504 4599 1611 4662 hoo

112 4690 375 4760 operentur
392 4693 463 4752 ut
486 4689 655 4754 electi
676 4691 825 4752 sint.

173 4775 223 4832 4.
262 4778 577 4842 Possumus
596 4801 749 4862 ergo
774 4783 954 4845 aliter
971 4784 1353 4864 respondere
1371 4786 1612 4864 Augus-

118 4861 271 4926 tinum
293 4871 611 4952 aliquando
630 4882 907 4938 mutasse
928 4877 1029 4938 vel
1049 4878 1325 4938 variasse
1352 4878 1611 4954 loquen-

116 4955 165 5014 di
185 4963 428 5038 modum,
459 4975 589 5030 esto
616 4971 925 5032 sententia
956 4971 1093 5049 ejus
1112 4971 1345 5050 ubique
1386 4972 1463 5033 sit
1494 4989 1605 5032 ea-

116 5046 247 5113 dem.
276 5057 497 5136 Duplex
524 5063 691 5122 enim
718 5063 942 5124 electio
974 5062 1271 5142 distingui
1300 5070 1506 5142 potest
1530 5081 1607 5126 ex

119 5143 297 5206 eodem
316 5152 669 5230 AugustinO,
696 5161 939 5217 tractat.
977 5157 1057 5217 68
1096 5157 1165 5216 in
1195 5157 1377 5217 Joan.
1406 5175 1419 5215 :
1453 5175 1602 5229 una,

116 5249 205 5308 per
247 5243 481 5304 modum
528 5247 923 5322 intentionis;
980 5249 1127 5320 alia,
1184 5267 1299 5328 per
1346 5249 1607 5310 modum

118 5335 460 5398 executionis·
500 5339 607 5400 Illa
650 5359 801 5420 ergo
838 5342 1155 5404 antecedit
1182 5342 1435 5416 merita3
1475 5344 1605 5404 haec

117 5433 233 5480 vero
256 5423 316 5484 fit
342 5445 413 5488 ex
434 5433 684 5494 meritis.
716 5435 1061 5514 Exponitur
1105 5452 1256 5513 ergo
1312 5434 1605 5521 Augusti-

118 5525 213 5571 nus
235 5519 382 5596 quod
424 5521 487 5582 in
524 5524 621 5586 illa
648 5528 991 5606 quaestione
1022 5527 1104 5590 ad
1132 5526 1604 5608 Simplicianum

3155 396 3276 457 259

1710 500 2003 581 loquatur
2029 500 2108 561 de
2138 501 2440 563 electione
2473 502 2814 574 exocaliva,
2833 502 3035 580 qualis
3057 509 3150 563 est
3168 503 3274 563 illa

1710 592 1789 655 de
1819 612 1946 673 qua
1972 593 2218 669 dicitur,
2249 595 2465 656 Matth.
2494 596 2568 655 13
2597 613 2612 655 ε
2640 596 2978 675 Eleyerunt
3012 595 3185 659 bonos
3205 594 3274 657 'in

1709 704 1884 761 vasa,
1919 688 2114 751 malos
2171 694 2371 751 autem
2423 694 2594 763 foras
2641 688 2978 760 miserenu-
3025 688 3088 747 in
3137 687 3274 747 aliis

1709 799 1859 842 vero
1892 782 2046 843 locis
2086 781 2379 861 loquatur
2432 781 2512 841 de
2561 780 2908 841 intentione
2957 781 3276 842 electionis

1710 892 1823 935 seu
1852 874 2442 953 praedestinationis.
2477 872 2602 935 Sed
2636 873 2781 933 huic
2813 873 3278 952 interpretatio-

1708 967 1776 1027 ni
1803 968 2031 1040 obstat,
2064 967 2237 1047 quod
2277 967 2497 1028 electio
2530 966 2852 1028 executiva
2898 973 2992 1027 est
3040 973 3277 1047 tempo-

1708 1062 1880 1132 raliS‚
1908 1079 2058 1122 nam
2097 1066 2192 1122 est
2230 1062 2515 1123 executio
2547 1066 2796 1121 aeternae
2829 1060 3172 1133 electionis,
3207 1066 3277 1121 ut

1714 1160 1958 1215 constat
2005 1174 2082 1215 ex
2110 1155 2246 1233 ipso
2277 1154 2649 1233 Augustino,
2702 1153 2867 1215 dicto
2914 1159 3158 1214 tractat.
3197 1155 3278 1213 68

1714 1249 1775 1309 in
1812 1250 1996 1311 Joan.
2035 1250 2114 1309 At
2149 1267 2325 1321 vere,
2371 1250 2436 1307 in
2487 1249 2673 1309 citato
2716 1248 2854 1308 loco
2901 1248 2984 1307 ad
3031 1248 3278 1326 Simpli-

1710 1343 1984 1414 cianum,
2013 1348 2228 1420 aperte
2267 1342 2544 1421 loquitur
2584 1342 2968 1421 Augustinus
2997 1342 3076 1402 de
3115 1341 3278 1401 elec-

1712 1436 1880 1497 tione
1910 1440 2170 1507 aeterna,
2190 1454 2338 1496 nam
2361 1434 2613 1497 adducit
2633 1436 3058 1496 testimonium
3073 1436 3272 1506 Pauli,

1713 1530 1793 1589 ad
1821 1530 2048 1607 Ephes.
2089 1533 2110 1590 l
2143 1548 2158 1589 ε
2190 1530 2404 1609 Eleyit
2438 1546 2546 1591 nos
2597 1529 2668 1589 in.
2711 1529 2847 1609 ipso
2885 1532 3023 1591 ante
3067 1529 3278 1589 mundi

1712 1623 2219 1694 constitutionem,
2245 1628 2308 1681 et
2327 1624 2435 1694 ait,
2453 1621 2802 1681 secundum
2823 1618 3280 1700 praescientiam

1713 1732 1849 1774 esse
1906 1714 2406 1793 intelligendum.
2449 1714 2886 1793 Respondetur
2931 1719 3166 1787 tamen,
3211 1714 3280 1775 in

1708 1805 1978 1883 ipsamet
2009 1810 2243 1867 aeterna
2276 1807 2579 1868 electione
2613 1823 2800 1884 posse
2829 1805 2966 1866 illas
2993 1806 3153 1867 duas
3178 1826 3276 1867 ra-

1708 1900 1913 1960 tiones
1961 1899 2280 1979 distingui,
2319 1905 2390 1960 ut
2437 1900 2625 1959 etiam
2679 1898 2970 1959 Bellarm.
3015 1901 3276 1970 notavit,

1711 1992 1913 2071 capite
1935 1992 2180 2053 decimo
2201 1998 2448 2071 quarte,
2475 1991 2607 2066 ubi,
2633 1992 3280 2071 interpretanslocum

1711 2086 2058 2147 Ambrosii:
2101 2086 2258 2161 Quos
2273 2085 2592 2167 praescicit
2615 2086 2733 2148 sibi
2759 2088 2990 2149 devotos
3013 2091 3282 2165 futuros,

1709 2179 1872 2257 ipsos
1910 2179 2089 2261 clepit
2115 2180 2196 2242 ad
2219 2186 2448 2243 ceter-na
2473 2178 2754 2261 prmum,
2789 2180 3058 2258 primum
3091 2199 3282 2259 expo-

1710 2270 1803 2331 nit
1830 2270 1909 2332 de
1941 2272 2244 2333 electione
2274 2271 2639 2351 temporali;
2671 2273 2898 2333 deinde
2929 2273 3100 2334 addit
3125 2274 3282 2335 elec-

1708 2367 1948 2426 tionem
1999 2371 2300 2427 aeternam
2353 2366 2601 2427 duobus
2649 2367 2852 2427 modis
2899 2368 3280 2429 considerari

1710 2476 1924 2537 posse:
1972 2478 2100 2520 uno
2131 2459 2344 2531 mode,
2377 2466 2447 2521 ut
2475 2465 2570 2520 est
2615 2459 2876 2521 intentio
2919 2461 3108 2522 dandi
3145 2462 3280 2541 glo-

1708 2552 1899 2624 riam;
1920 2552 2044 2612 alio
2071 2553 2283 2623 mode,
2303 2556 2374 2613 ut
2402 2558 2497 2614 est
2522 2552 2846 2631 dispositio
2871 2554 3275 2625 executionis,

1710 2651 1773 2706 et
1806 2646 1984 2723 quasi
2017 2646 2300 2706 executio
2335 2645 2400 2706 in
2445 2651 2656 2705 mente
2688 2645 2918 2705 divina.
2952 2647 3146 2707 Priori
3176 2664 3280 2706 ra-

1714 2737 1908 2809 tione,
1944 2738 2165 2817 inquit,
2200 2737 2510 2799 antecedit
2535 2738 2780 2811 electio,
2821 2739 2966 2815 quia
2999 2739 3192 2818 gloria
3215 2740 3282 2799 in

1716 2848 1950 2909 genere
2004 2849 2207 2891 causae
2254 2830 2460 2891 finalis
2509 2837 2604 2891 est
2655 2832 2826 2909 prior
2879 2850 3070 2910 quam
3111 2832 3278 2893 bona

1718 2943 1944 3003 opera;
1978 2925 2304 3003 posteriori
2337 2931 2548 2986 autem
2583 2925 2808 3000 modo,
2853 2926 3276 3005 subsequitur,

1718 3024 1781 3078 et
1808 3018 1886 3077 de
1915 3017 2224 3079 electione
2259 3018 2376 3079 sub
2404 3018 2521 3079 hac
2549 3018 2879 3096 posteriori
2916 3020 3158 3079 ratione
3187 3018 3284 3078 in-

1710 3117 2093 3190 terpretatur
2139 3110 2304 3173 dicta
2351 3110 2548 3172 verba
2579 3110 2913 3188 Ambrosii,
2964 3120 3026 3175 et
3072 3111 3282 3173 subdit

1714 3205 1939 3265 eodem
1975 3205 2166 3266 modo
2199 3223 2380 3284 posse
2421 3205 2584 3266 dicta
2630 3205 2880 3266 Pati-um
2926 3206 3278 3268 Graecorum

1712 3297 1964 3376 exponi,
2007 3303 2069 3358 et
2116 3315 2260 3357 cum
2308 3299 2657 3377 Augustino
2697 3299 3033 3360 conciliari.
3087 3300 3278 3361 Miror

1710 3409 1861 3471 ergo
1902 3410 2016 3452 cur
2059 3410 2190 3452 non
2219 3391 2442 3453 eodem
2467 3393 2656 3454 modo
2704 3394 3124 3473 Augustinum
3167 3412 3276 3454 ex-

1706 3485 1856 3564 poni
1887 3491 1950 3546 et
1979 3503 2196 3546 seeum
2223 3484 2540 3546 conciliari
2573 3504 2756 3564 posse
2786 3486 3030 3548 viderit.

1786 3581 1844 3638 5.
1892 3578 2246 3639 Praesertim
2269 3597 2414 3639 cum
2445 3579 2642 3640 multa
2683 3579 2806 3640 sint
2845 3597 2984 3658 quae
3017 3581 3162 3640 huie
3185 3580 3274 3640 sa-

1700 3677 1891 3731 veant
1926 3671 2318 3749 expositioni.
2358 3671 2656 3748 Primum,
2699 3674 2868 3752 quod
2887 3674 3270 3752 Augustinus

1703 3764 1786 3824 ibi
1812 3764 1935 3824 hoc
1961 3763 2150 3824 sumit
2182 3764 2578 3843 principium,
2627 3765 2692 3824 in
2735 3784 2860 3844 quo
2898 3772 3093 3827 totam
3121 3765 3272 3826 doc-

1702 3855 1930 3916 trinam
1949 3855 2202 3916 fundat:
2228 3855 2420 3920 Nemo
2440 3856 2708 3938 eligitur,
2732 3857 2856 3920 nisi
2869 3859 3011 3938 jam
3031 3858 3270 3920 distans

1702 3949 1773 4010 ab
1802 3949 1912 4010 illo
1937 3949 2044 4030 qui
2076 3944 2379 4026 rejicitur.
2415 3947 2592 4018 Quod
2619 3947 2697 4008 de
2728 3951 2896 4009 omni
2932 3949 3262 4022 electione,

1702 4041 1891 4101 etiam
1920 4041 2000 4100 de
2029 4039 2132 4098 illa
2161 4057 2300 4117 quae
2328 4043 2422 4100 est
2448 4058 2563 4118 per
2588 4040 2846 4100 modum
2876 4042 3261 4115 intentioniS,

1698 4133 2082 4193 intellectum
2103 4177 2124 4208 ,
2169 4149 2391 4193 verum
2449 4149 2588 4194 esse
2621 4150 2752 4193 non
2807 4140 3058 4212 potest;
3107 4134 3263 4194 alias

1699 4224 1887 4286 etiam
1908 4225 2128 4285 elect10
2145 4223 2228 4284 ad
2245 4225 2512 4303 primam
2538 4226 2804 4304 gratiam
2822 4227 3142 4286 efficacem
3161 4225 3262 4287 vel

1696 4318 2092 4378 vocationem
2138 4334 2480 4396 congruam
2534 4323 2917 4398 supponeret
2966 4318 3264 4380 differen-

1693 4411 1847 4471 tiam
1868 4411 2008 4488 ejus
2035 4410 2134 4470 cui
2159 4409 2366 4484 datur,
2387 4410 2468 4470 ab
2487 4429 2562 4472 eo
2591 4411 2688 4472 cui
2715 4429 2842 4472 non
2863 4411 3068 4487 datur,
3093 4413 3262 4493 quod

1694 4508 1937 4564 constat
1961 4521 2099 4564 esse
2122 4502 2373 4573 falsum,
2401 4505 2592 4564 etiam
2617 4505 2682 4564 in
2709 4504 2994 4566 doctrina
3021 4508 3264 4586 Augus-

1690 4597 1825 4658 tini.
1873 4595 2027 4668 Quia
2067 4595 2173 4656 illa
2213 4597 2456 4656 vocatio
2509 4615 2638 4658 non
2687 4598 2982 4677 supponit
3023 4598 3263 4660 distan-

1689 4691 1867 4766 tiam,
1902 4690 2016 4750 sed
2055 4688 2229 4762 facit;
2263 4689 2417 4750 alias
2448 4689 2701 4750 daretur
2739 4709 2817 4752 ex
2841 4697 3018 4771 parte
3045 4699 3259 4754 nostra

1691 4801 1883 4844 causa
1923 4783 2114 4844 totius
2167 4782 2757 4862 praedestinationiS,
2808 4784 2996 4846 etiam
3051 4785 3260 4864 quoad

1689 4877 1964 4956 primum
1998 4878 2313 4937 effectum.
2342 4877 2537 4956 Igitur
2572 4895 2834 4937 necesse
2876 4883 2972 4937 est
3001 4877 3257 4958 intelligi

1688 4969 1767 5030 de
1798 4969 2104 5029 electione
2125 4967 2336 5046 quoad
2360 4969 2642 5031 ordinem
2669 4970 2767 5030 vel
2787 4970 3258 5049 dispositionem

1688 5062 2093 5124 executionis.
2123 5062 2358 5124 Deinde
2388 5063 2471 5122 ibi
2512 5063 2837 5143 distinguit
2875 5066 3257 5144 Augustinus

1688 5155 2058 5216 electionem
2087 5173 2124 5216 a
2163 5157 2503 5234 proposito,
2534 5162 2596 5216 et
2621 5156 2898 5236 loquitur
2924 5159 3001 5218 de
3032 5175 3258 5236 propo-

1688 5248 1836 5320 sito,
1888 5247 2060 5326 quod
2114 5254 2211 5310 est
2249 5249 2428 5310 radix
2479 5251 2823 5310 vocationis
2865 5268 3157 5330 congruoe
3195 5257 3257 5312 et

1688 5342 1980 5415 efficaciS,
2007 5343 2175 5420 quod
2201 5361 2329 5403 non
2349 5349 2554 5422 potest
2581 5362 2720 5404 esse
2753 5344 2942 5416 aliud,
2970 5345 3088 5404 nisi
3117 5361 3256 5422 pro-

1686 5435 1960 5514 positum
1996 5435 2188 5496 dandi
2221 5435 2505 5514 gloriam,
2537 5443 2611 5497 ut
2641 5455 2720 5498 ex
2765 5442 3056 5496 contextu
3109 5455 3258 5498 con-

1685 5533 1827 5604 stat,
1863 5535 1923 5590 et
1973 5547 2164 5610 supra
2194 5534 2516 5590 ostensum
2546 5533 2679 5608 estj,
2725 5546 2876 5609 ergo
2916 5527 3068 5589 illud
3115 5547 3261 5612 pro-
