3850 6225
505 389 622 454 172

501 502 742 560 rentur.
779 495 906 558 Sed
955 494 1038 556 ad
1090 493 1210 554 hoc
1244 493 1486 554 dicetur
1528 493 1593 554 id
1647 511 1784 554 esse
1819 511 2063 568 verum,

501 596 638 652 tum
667 591 731 652 in
747 590 1070 652 effectibus
1085 593 1148 649 et
1163 587 1512 648 actionibus
1527 588 2063 656 connaturalibus,

503 691 638 746 tum
667 683 854 745 etiam
876 683 943 742 in
968 681 1570 762 supernaturalibUS,
1613 681 1867 760 quando
1915 697 2069 758 ope·

503 797 652 840 rans
679 783 773 839 est
799 777 866 836 in
899 779 1062 837 statu
1087 773 1386 855 perfecto,
1419 780 1478 834 et
1512 773 1906 834 connaturali
1932 792 2069 834 mo·-

505 871 588 932 do
623 877 942 950 operatur,
975 875 1036 930 et
1063 867 1350 948 producit
1375 866 1616 928 fructus
1639 866 1894 946 justitias
1936 867 2071 946 jam

505 969 770 1043 receptae
795 983 810 1035 ;
835 962 1087 1042 quando
1109 978 1261 1023 vero
1283 960 1460 1022 estin
1485 965 1657 1031 statu
1677 959 2067 1040 imperfecto,

509 1064 571 1121 et
613 1058 822 1136 potius
881 1055 1190 1118 contrario
1219 1055 1335 1134 ipsi
1358 1054 1635 1136 justitiae,
1670 1072 1814 1114 cum
1859 1057 2072 1114 careat

507 1153 733 1212 virtute
769 1150 1126 1224 intrinseca,
1165 1167 1356 1228 quam
1399 1166 1526 1208 non
1557 1153 1650 1208 est
1674 1151 2065 1226 recepturus,

509 1245 628 1306 nisi
665 1261 779 1322 per
805 1243 1121 1322 propriam
1159 1248 1222 1302 et
1250 1242 1784 1321 proportionatam
1811 1237 2069 1317 disposi—

507 1338 775 1410 tionem,
815 1337 963 1414 quia
1012 1337 1267 1396 hoc·est
1295 1334 1496 1414 magis
1545 1332 1908 1413 expedienS,
1940 1349 2071 1391 ma-

510 1432 730 1510 gisque
783 1435 1278 1490 consentaneum
1345 1427 1568 1488 divinae
1621 1425 2027 1506 providentioe
2048 1469 2065 1496 ,

509 1531 660 1587 tuuc
695 1542 826 1584 non
853 1527 1058 1602 potest
1085 1521 1314 1583 clevari
1357 1539 1472 1599 per
1513 1519 1919 1580 intrinsecam
1948 1516 2072 1576 vir-

507 1622 708 1680 tutem
759 1615 1186 1687 habitualem;
1234 1613 1494 1676 actualis
1547 1615 1714 1674 vero·
1753 1610 1926 1671 nulla
1978 1616 2073 1670 est

510 1710 850 1782 sufficIenS,
893 1716 956 1770 et
992 1709 1135 1772 ideo
1164 1723 1299 1768 non
1339 1713 1434 1768 est
1463 1707 1762 1779 alienum,
1795 1705 1906 1765 sed
1930 1721 2073 1764 con·

509 1809 881 1866 sentaneum
926 1802 1149 1863 divinae
1189 1801 1620 1881 providentiae,
1665 1803 1735 1859 ut
1789 1799 1852 1858 in
1901 1797 2071 1859 omni

511 1897 727 1959 ordine
773 1903 836 1957 et
879 1913 1114 1976 genere
1147 1895 1461 1956 actionum
1519 1911 1633 1972 per
1660 1911 1727 1953 se
1786 1890 2078 1970 suppleat

511 1991 688 2071 quod
709 1995 1008 2051 creaturae
1047 1989 1244 2049 deest.

593 2085 691 2144 17.
737 2083 898 2144 Illud
929 2083 1118 2144 etiam
1153 2083 1217 2142 in
1245 2082 1365 2142 hac
1395 2079 1689 2160 opinione
1717 2077 1965 2140 difficile
1984 2076 2076 2136 vi-

513 2177 647 2238 deri
678 2181 904 2255 potest,
939 2175 1106 2254 quod
1150 2176 1329 2253 juxta
1359 2175 1525 2234 illam
1557 2173 1756 2251 gratia
1797 2172 1931 2232 haec
1964 2169 2076 2229 ad-

503 2271 734 2349 juvans
767 2289 892 2330 non
929 2275 1024 2331 est
1075 2268 1312 2346 aliquid
1343 2273 1647 2339 creatum,
1679 2264 1791 2326 sed
1831 2263 2076 2324 increa-

507 2369 679 2435 tum3
711 2364 880 2424 etita
907 2381 1034 2422 non
1067 2361 1184 2422 erit
1213 2360 1448 2439 aliquid
1473 2360 1789 2420 inhaerens
1817 2357 2069 2429 animat,

509 2459 688 2537 cujus
730 2456 1086 2536 oppositum
1115 2455 1422 2534 significat
1448 2452 1790 2514 Concilium
1817 2449 2073 2510 Triden-

507 2552 730 2620 tinum,
757 2569 912 2610 sess.
945 2550 1007 2623 6,
1041 2567 1178 2627 cap.
1211 2551 1272 2618 5,
1305 2547 1520 2608 dicens
1568 2545 1890 2606 hominem
1938 2561 2077 2602 mo-

507 2645 640 2706 veri
661 2662 698 2703 a
725 2644 880 2716 Deo,
911 2649 982 2702 ut
1007 2659 1126 2720 per
1163 2641 1300 2720 ejus
1325 2639 1720 2712 excitantem,
1754 2643 1943 2714 atque
1968 2634 2075 2695 ad-

501 2737 834 2817 juvantem
871 2735 1136 2814 gratiam
1183 2734 1264 2795 ad
1307 2734 1608 2813 justitiam
1648 2749 1714 2791 se
1760 2730 2071 2808 disponat.

513 2829 640 2892 Sed
665 2830 786 2889 hoc
821 2829 1009 2888 etiam
1041 2846 1170 2888 non
1201 2833 1296 2888 est
1319 2825 1532 2905 magni
1559 2823 1895 2893 momenti3
1945 2827 2076 2881 'tum

509 2923 656 3001 quia
679 2923 810 3001 jam
835 2940 1024 3000 supra
1039 2921 1309 2981 diximus
1323 2939 1450 2980 non
1473 2937 1609 2980 esse
1629 2915 2076 2978 inconveniens

507 3017 783 3094 aliquam
799 3016 1064 3095 gratiam
1093 3014 1498 3092 adjuvantem
1523 3029 1660 3072 esse
1690 3011 2071 3079 increatam3

509 3117 644 3171 tum
673 3110 862 3171 etiam
886 3108 1057 3187 quia,
1075 3107 1219 3169 licet
1237 3107 1367 3167 haec
1387 3105 1586 3184 gratia
1606 3105 1675 3165 in
1703 3109 1846 3165 actu
1873 3101 2077 3181 primo

511 3204 906 3267 considerata
957 3204 1036 3264 sit
1081 3202 1232 3280 quid
1275 3202 1621 3262 increatum
1649 3244 1668 3273 ,
1723 3198 1869 3276 quia
1923 3194 2077 3255 nihil

511 3302 607 3357 est
637 3296 808 3358 aliud
837 3313 1030 3374 quam
1057 3298 1224 3356 Deus
1245 3295 1402 3373 ipse,
1439 3299 1504 3353 ut
1523 3291 1821 3353 assistens
1847 3290 2073 3349 animm

511 3408 702 3469 quam
749 3390 832 3449 ad
875 3406 1054 3449 suam
1101 3388 1576 3449 conversionem
1619 3384 1927 3456 excitavit,
1962 3400 2075 3460 pa·-

509 3489 685 3543 ratus
725 3500 866 3543 eam
903 3482 1348 3561 specialissime
1371 3482 1617 3560 juvare,
1655 3484 1716 3539 ct
1745 3476 2073 3537 sublevare

511 3578 592 3639 ad
621 3576 968 3656 perfectum
997 3574 1540 3654 supernaturalem
1561 3578 1772 3633 actum
1796 3571 2075 3631 efficien-

511 3670 698 3743 dum,
745 3670 798 3731 si
849 3672 988 3748 ipsa
1032 3668 1352 3747 cooperari
1397 3667 1704 3739 volnerit;
1745 3672 1959 3726 tamen
2013 3664 2075 3724 in

511 3768 656 3823 actu
687 3762 964 3823 secundo
1005 3762 1140 3840 ipsa
1169 3762 1354 3835 actio,
1385 3766 1454 3821 ut
1477 3759 1826 3837 procedens
1853 3776 1890 3817 a
1919 3759 2075 3831 De0,

513 3856 632 3917 sub
658 3856 777 3917 hac
808 3855 1064 3935 speciali
1089 3854 1328 3915 ratione
1359 3852 1774 3921 considerata,
1801 3857 1896 3913 est
1923 3850 2074 3929 quid

512 3951 815 4020 creatum,
845 3954 910 4009 et
937 3952 1140 4027 potest
1179 3946 1366 4007 etiam
1394 3946 1594 4026 gratia
1621 3945 1931 4023 adjuvans
1964 3962 2074 4023 ap·

511 4042 730 4121 pellari
751 4086 766 4115 ,
812 4042 990 4121 juxta
1038 4039 1386 4101 doctrinam
1425 4056 1614 4117 supra
1643 4037 1957 4098 traditam.
2000 4038 2075 4097 Et

509 4133 594 4193 ita
625 4133 816 4195 etiam
857 4150 1232 4212 responsum
1269 4136 1366 4192 est
1393 4131 1474 4191 ad
1503 4131 1848 4191 Concilium
1879 4148 1892 4189 ε
1927 4148 2077 4189 con-

512 4228 666 4289 cedo
712 4228 977 4307 gratiam
1009 4228 1414 4308 adjuvantem
1445 4244 1582 4287 esse
1613 4225 1850 4303 aliquid
1885 4225 2077 4285 inhae-

509 4340 656 4384 rens
677 4323 980 4383 voluntati
1011 4322 1420 4400 (quanquam
1467 4320 1810 4381 Concilium
1853 4319 1916 4379 id
1970 4338 2078 4379 ex-

511 4433 726 4495 presse
765 4432 896 4474 non
923 4414 1090 4475 dicat
1119 4416 1163 4491 ),
1199 4430 1348 4473 nam
1377 4419 1440 4473 et
1483 4430 1827 4473 concursus
1858 4430 2077 4491 super-

511 4506 816 4569 naturalis
841 4507 950 4567 Dei
979 4507 1045 4566 in
1069 4506 1202 4584 ipsa
1231 4506 1548 4585 recipitur,
1581 4512 1642 4567 et
1683 4508 1881 4585 gratia
1911 4506 2073 4565 exci-

517 4609 654 4663 tans
679 4604 898 4680 postea
913 4600 1232 4662 moraliter
1243 4600 1422 4679 juvat
1440 4618 1454 4671 ς
1471 4616 1600 4659 non
1623 4604 1834 4660 tamen
1859 4617 2077 4661 neces·

513 4714 580 4755 se
608 4704 726 4767 est,
757 4700 825 4756 ut
841 4711 1028 4755 omne
1057 4693 1431 4773 principium
1457 4691 1761 4771 adjuvans
1777 4693 2077 4755 inhaereat

514 4788 634 4867 ipsi
665 4786 991 4859 voluntati,
1023 4803 1232 4864 neque
1284 4786 1404 4845 hoc
1441 4785 1634 4847 habet
1687 4786 1753 4846 in
1801 4786 2073 4847 Concilio

513 4881 1015 4942 fundamentum.
1045 4880 1151 4939 Est
1179 4896 1330 4957 ergo
1361 4880 1491 4939 haec
1523 4878 1732 4957 opinio
1763 4879 1911 4940 satis
1932 4898 2071 4957 pro-

515 4974 760 5035 habilis,
795 4974 1096 5035 Nolumus
1110 4962 1325 5031 tamen
1359 4990 1527 5031 nunc
1561 4970 1886 5032 definitum
1910 4971 2073 5031 inter

516 5066 632 5127 has
673 5066 1014 5127 sententias
1057 5064 1222 5124 ferre
1265 5064 1571 5141 judicium
1605 5084 1619 5137 ς
1665 5083 1870 5143 neque
1904 5065 2073 5125 enim

515 5178 588 5220 ea
619 5159 696 5221 de
727 5176 916 5220 causa
945 5156 1278 5236 propositas
1311 5162 1455 5217 sunt
1481 5177 1496 5229 ;
1539 5158 1650 5217 sed
1675 5163 1740 5218 ut
1768 5174 1894 5236 prae
1925 5177 2076 5218 ocu-

507 5252 584 5313 lis
613 5252 968 5313 habeantur
995 5266 1216 5333 omnes
1247 5250 1438 5322 modi,
1473 5251 1702 5328 quibus
1736 5251 2075 5330 probabili-

509 5350 606 5405 ter
644 5349 850 5423 potest
879 5342 1080 5423 gratia
1117 5340 1434 5420 acuamus
1459 5342 1786 5415 declarari,
1821 5348 1888 5404 ut
1932 5360 2077 5421 pos-

511 5442 616 5498 tea
659 5436 902 5497 facilius
932 5441 994 5496 et
1027 5434 1378 5495 evidentius
1425 5442 1709 5496 constare
1747 5438 1965 5515 possit,
1996 5454 2079 5495 an

514 5532 596 5591 sit
633 5529 985 5592 necessaria
1019 5526 1100 5587 ad
1132 5534 1308 5589 actus
1336 5530 1844 5609 supernaturales
1871 5530 2080 5608 aliqua

1331 393 1542 449 opusc.
1579 397 1618 458 ι,
1651 395 1770 447 Lis.
1807 395 1892 448 111.
1930 379 2317 449 oss'ixuxmus
2350 397 2582 450 mvnvs
2613 395 2876 450 caum.

2149 495 2347 573 gratia
2370 494 2625 576 physice
2657 493 3215 574 praedeteminans
3240 490 3497 550 liberum
3538 491 3679 550 arbi-

2146 588 2357 650 trium.

2754 773 3002 834 CAPUT
3048 773 3117 832 V.

2150 1023 2287 1076 Qum
2326 1021 2416 1067 st‘r
2460 1019 2682 1068 canu
2720 1017 3105 1065 Pnzmlmts
3134 1050 3147 1074 ,
3188 1017 3581 1063 coxcomntn‘s
3618 1019 3683 1062 ET

2234 1115 2601 1168 SUBSEQUENS
2622 1143 2643 1173 ‚
2686 1112 2948 1159 ornms
2988 1113 3065 1160 ΒΤ
3104 1111 3437 1158 coornnffls
3456 1141 3475 1170 ,
3516 1111 3684 1156 MOM-

2230 1211 2411 1258 mun
2450 1209 2570 1258 Am·
2608 1207 2852 1254 mmmm
2891 1206 3256 1254 concultatus
3268 1212 3287 1266 3
3333 1205 3409 1250 m·
3444 1205 3685 1258 ottonom

2228 1305 2362 1352 ΠΕΟ
2408 1302 2599 1350 OMNIA
2646 1301 2729 1346 An
2780 1300 3150 1348 sum-:monim
3202 1297 3547 1346 DIVISIONBM
3596 1299 3687 1342 RE-

2230 1395 2569 1446 vomiturus.

2234 1627 2289 1685 1.
2341 1619 2567 1684 Gratia
2591 1617 2963 1701 proerem'ens
2994 1635 3127 1697 quoe
3164 1621 3221 1680 σε
3258 1615 3595 1697 quotuplex.
3622 1649 3689 1662 —

2155 1718 2251 1779 Ad
2272 1717 2438 1776 hanc
2466 1712 2833 1774 divisionem
2866 1709 3075 1770 auxilii
3106 1709 3317 1788 gratiae
3345 1709 3409 1768 in
3438 1711 3690 1770 excitans

2156 1817 2217 1872 et
2244 1809 2548 1888 adjuvans
2574 1803 2787 1867 reduci
2826 1809 3089 1884 possunt
3124 1820 3345 1863 omnes
3372 1801 3532 1874 aliae,
3572 1821 3689 1881 quae

2154 1905 2233 1966 de
2262 1900 2599 1964 auxiliante
2632 1897 2829 1978 gratia
2858 1915 2897 1957 a
2923 1895 3261 1973 Theologis
3290 1895 3445 1954 tradi
3476 1895 3685 1960 solent:

2156 2001 2217 2056 et
2260 1995 2403 2056 ideo
2468 1991 2811 2052 Concilium
2868 1989 3301 2050 Tridentinum
3364 1988 3497 2048 fere
3548 1989 3689 2048 hanc

2156 2089 2355 2150 solam
2382 2085 2611 2164 tetigit,
2650 2087 2866 2162 utpote
2902 2082 3129 2142 virtute
3154 2081 3573 2142 includentem
3596 2101 3692 2140 ca*-

2154 2189 2343 2243 teras.
2362 2179 2495 2240 Alia
2512 2195 2661 2258 ergo
2680 2175 2899 2236 divisio
2918 2173 3232 2236 estauxilii
3250 2173 3312 2232 in
3324 2173 3690 2252 praeveniens

2157 2281 2221 2337 et
2247 2272 2690 2342 concomitans;
2724 2269 3023 2330 auxilium
3054 2273 3269 2328 autem
3296 2265 3686 2344 praevenienS,

2156 2367 2207 2428 si
2235 2366 2312 2426 sit
2340 2365 2767 2433 intrinsecum,
2798 2367 2859 2422 et
2887 2361 3037 2438 ipsis
3064 2359 3288 2420 auimae
3308 2358 3597 2438 potentiis
3620 2359 3691 2416 in-

2152 2460 2425 2530 haerens,
2472 2475 2544 2518 ac
2568 2475 2676 2518 eas
2704 2455 2985 2534 proxime
3016 2470 3276 2513 movens
3304 2451 3385 2512 ad
3414 2469 3694 2530 superna-

2155 2553 2388 2614 turales
2416 2557 2615 2621 actm,
2660 2549 2825 2609 idem
2858 2551 2953 2608 est
2980 2545 3151 2625 quod
3178 2545 3373 2624 gratis
3398 2545 3689 2607 excitans:

2155 2653 2217 2707 et
2240 2645 2323 2706 ita
2342 2643 2687 2706 Concilium
2702 2641 3137 2702 Tridentinum
3164 2655 3357 2716 supra
3380 2637 3541 2698 dicto
3570 2656 3688 2714 cap.

2156 2741 2197 2800 6
2222 2785 2237 2811 ,
2288 2755 2431 2798 cum
2484 2736 2739 2798 dixisset
2780 2733 3106 2795 exordium
3156 2731 3412 2811 justitiae
3464 2731 3617 2790 sumi
3664 2749 3693 2788 a
3806 2715 3808 2780 ἶ

2156 2831 2574 2912 praeveniente
2606 2829 2825 2908 gratia,
2866 2827 2929 2888 id
2959 2826 3289 2886 declarans
3322 2825 3469 2886 dicit
3513 2844 3527 2884 :
3576 2825 3691 2886 Hoc

2158 2931 2251 2990 est
2290 2925 2363 2990 ab
2407 2925 2541 3004 ejus
2580 2921 2907 2994 vocatione,
2953 2937 3143 2997 quam
3172 2919 3399 2979 statim
3438 2917 3691 2978 declarat

2159 3038 2271 3098 per
2314 3018 2685 3078 excitantem
2717 3014 2981 3092 gratiam
3012 3031 3027 3083 ς
3076 3015 3139 3072 et
3164 3011 3335 3072 idem
3370 3017 3607 3072 constat
3630 3029 3691 3070 ex

2158 3131 2383 3174 canon.
2420 3114 2457 3172 3
2490 3116 2551 3171 et
2578 3111 2639 3171 4.
2670 3107 2805 3169 Dixi
2834 3111 3045 3167 autem
3072 3125 3083 3164 :
3120 3103 3183 3167 Si
3209 3105 3288 3166 sit
3314 3105 3693 3166 intrinsecum

2158 3212 2219 3267 et
2253 3204 2575 3285 proprium
2618 3201 2918 3261 auxilium
2952 3218 2965 3259 :
3012 3200 3155 3277 quia
3190 3206 3336 3259 sunt
3363 3199 3555 3258 multa
3594 3198 3693 3257 alia

2156 3298 2460 3359 beneficia
2498 3296 2732 3375 gratioe,
2766 3293 2993 3372 quibus
3021 3295 3187 3353 Deus
3214 3292 3531 3352 hominem
3558 3310 3695 3370 pra·—

2154 3394 2345 3461 venit,
2378 3408 2538 3469 quse,
2578 3387 2923 3465 generatim
2952 3385 3293 3463 loquendo,
3316 3386 3437 3445 sub
3463 3386 3692 3445 nomine

2158 3485 2368 3561 gratiae
2426 3480 2861 3562 praevenientis
2930 3480 3385 3557 comprehendi
3434 3482 3689 3557 possunt.

2156 3574 2527 3657 Hujusmodi
2556 3580 2651 3635 est
2679 3579 2877 3633 totum
2900 3572 3049 3631 illud
3074 3572 3363 3651 specialis
3392 3570 3693 3650 providen-

2158 3670 2257 3732 tiae
2287 3688 2509 3749 geum,
2536 3685 2662 3746 quo
2689 3668 2857 3727 Deus
2880 3664 3224 3737 hominem,
3260 3682 3451 3743 quem
3482 3664 3697 3741 specia-

2157 3763 2298 3824 liter
2340 3766 2530 3827 amat,
2586 3757 2879 3829 custodit,
2938 3756 3213 3837 protegit
3266 3764 3329 3817 et
3374 3760 3691 3835 promovet.

2158 3854 2497 3915 avertendo
2525 3849 2823 3932 peccandi
2862 3849 3261 3921 occasiones,
3306 3853 3367 3909 et
3398 3844 3695 3907 offerendo

2152 3948 2315 4007 bene
2355 3945 2655 4026 operandi
2695 3942 3245 4022 opportunitatem,
3282 3946 3393 4001 aut
3416 3936 3695 3999 beneficia

2154 4039 2363 4100 divina
2389 4038 2727 4117 recipiendi
2774 4060 2787 4101 ε
2830 4049 2899 4103 ut
2930 4060 3007 4103 ex
3038 4038 3110 4099 D.
3141 4035 3381 4095 Thoma
3424 4031 3575 4092 sumi
3608 4048 3695 4107 po-

2155 4138 2297 4205 test,
2340 4132 2481 4193 libr.
2516 4133 2553 4193 3
2596 4139 2759 4194 cont.
2794 4135 3003 4205 Gent.‚
3058 4148 3195 4207 cap.
3236 4128 3376 4199 162,
3426 4124 3539 4185 sub
3572 4123 3691 4186 fin..

2156 4226 2194 4306 ἓ
2224 4228 2363 4289 Ποῦ
2386 4230 2625 4296 autenm
2644 4244 2769 4303 quo
2800 4228 2987 4289 modo
3020 4221 3389 4302 baptismuS‚
3422 4220 3486 4277 in
3522 4214 3695 4275 infan-

2157 4320 2244 4379 tia
2282 4325 2572 4396 receptus
2600 4364 2617 4389 ,
2672 4321 2872 4393 gratia
2900 4314 3291 4399 praeveniens
3330 4311 3451 4371 dici
3492 4312 3690 4387 potest.

2156 4414 2311 4484 Imo,
2356 4412 2621 4490 ipsamet
2646 4412 2853 4474 divina
2880 4412 3123 4482 electi0‚
3172 4414 3234 4468 et
3256 4400 3694 4485 praedestinatio
3802 4430 3804 4493 ζ

2158 4504 2223 4564 in
2252 4504 2371 4563 hac
2408 4505 2813 4583 generalitate
2856 4503 3163 4566 sermonis
3200 4504 3406 4578 potest
3436 4495 3550 4555 sub
3578 4512 3695 4572 gra·
3802 4506 3804 4531 ι

2159 4598 2245 4657 tia
2272 4598 2691 4675 praeveniente
2718 4594 3187 4677 comprehendi.
3225 4591 3371 4664 Quae
3400 4594 3603 4649 autem
3630 4584 3695 4642 ad

2158 4708 2291 4751 rem
2323 4698 2694 4768 praesentem
2716 4696 2979 4771 spectat,
3004 4688 3207 4750 solum
3230 4691 3320 4745 est
3351 4682 3547 4763 gratia
3570 4696 3697 4757 prae-

2156 4784 2439 4855 venien3‚
2482 4802 2596 4863 per
2624 4802 2692 4845 se
2722 4791 2785 4846 et
2811 4784 3145 4845 intrinsece
3187 4776 3533 4848 auxilians;
3575 4770 3695 4830 dici-

2153 4881 2257 4936 tur
2286 4881 2497 4937 autem
2524 4876 2941 4955 praevenienS‚
2970 4874 3117 4953 quia
3140 4871 3397 4932 omnino
3423 4861 3694 4946 praevenit

2152 4974 2437 5029 nostrum
2464 4987 2842 5030 consensum
2870 4974 3279 5043 nostramque
3309 4962 3566 5023 liberam
3588 4956 3691 5017 dis-

2152 5060 2555 5139 positionem,
2608 5060 2777 5141 quod
2830 5062 3014 5121 etiam
3066 5058 3257 5118 habet
3308 5054 3512 5133 gratia
3562 5044 3693 5109 exci-

2152 5157 2319 5227 tans,
2360 5160 2429 5215 ut
2457 5156 2604 5217 dixi.

2240 5252 2297 5309 2.
2350 5248 2571 5314 Gratia
2592 5250 2970 5329 subsequens.
3044 5278 3105 5291 -
3142 5244 3275 5316 Quo
3308 5241 3377 5302 fit
3418 5244 3485 5299 ut
3522 5232 3693 5315 gratia
3800 5312 3802 5315 Α

2160 5344 2585 5404 concomitans
2628 5342 2910 5415 dicatur,
2960 5358 3099 5419 quae
3134 5342 3421 5397 nostrum
3456 5332 3693 5391 liberum
3800 5362 3802 5411 j

2160 5453 2541 5496 consensum
2578 5434 3033 5496 concomitatur
3056 5478 3075 5507 ,
3138 5429 3437 5491 nimirum
3478 5440 3587 5483 nos
3622 5415 3691 5477 ad
3800 5444 3802 5509 ζ

2160 5529 2335 5589 illum
2387 5528 2807 5608 praestandum
2861 5524 3238 5606 adjuvando.
3310 5521 3509 5590 Unde,
3564 5515 3695 5575 sicut
3800 5530 3802 5613 Ξ
