3850 6225
506 350 629 413 280

504 457 857 538 intelligunt
920 460 1091 522 illam
1150 462 1415 541 gratiam
1446 508 1461 535 ,
1532 480 1675 542 quae
1738 466 1837 523 est
1892 460 2066 540 prin-

502 552 735 632 cipium
790 554 1099 633 adjuvans
1149 555 1249 616 vel
1301 555 1557 617 elevans
1604 555 1927 615 hominem
1985 552 2068 613 ad

506 647 935 726 operationem
988 649 1553 727 supernaturalem,
1586 647 1699 709 sed
1750 647 2070 709 actualem

504 758 879 803 concursum
914 741 1023 801 Dei
1066 742 1133 803 in
1160 761 1393 820 genere
1444 743 1685 821 gratiae,
1742 760 1935 821 quem
1961 758 2070 803 ne-

504 852 680 895 eesse
732 840 827 895 est
878 852 1015 895 esse
1058 836 1363 915 majorem
1404 835 1469 897 in
1516 854 1615 908 eo,
1670 834 1777 914 qui
1822 852 1890 895 re
1937 834 2074 913 ipsa

502 927 809 990 intensius
856 933 1171 1006 operatur,
1219 935 1288 989 ut
1334 947 1526 1007 supra
1580 933 1901 989 ostensum
1953 932 2068 989 est.

584 1025 643 1083 9.
693 1020 973 1101 objectio.
1017 1054 1100 1067 -
1132 1022 1485 1101 Responsio.
1520 1056 1597 1069 -
1620 1017 1799 1083 Dices
1829 1020 2073 1097 :gratia

502 1122 600 1179 est
624 1115 1015 1195 potissimum
1052 1114 1426 1195 principium
1456 1114 1874 1195 operationis3
1918 1132 2072 1193 ergo

500 1229 629 1271 non
660 1215 861 1289 potest
881 1209 1158 1287 operatio
1185 1227 1321 1270 esse
1348 1209 1652 1271 intensior
1676 1209 1742 1270 in
1764 1208 1923 1269 eoin
1945 1225 2072 1285 quo

502 1303 701 1385 gratia
724 1320 837 1381 per
866 1301 1123 1363 modum
1142 1302 1426 1381 principii
1452 1308 1545 1365 est
1578 1302 1927 1375 remissior;
1959 1300 2072 1362 sed

502 1396 745 1457 vocatio
774 1401 867 1458 est
896 1412 1095 1455 unum
1124 1413 1200 1455 ex
1234 1396 1551 1473 principiis
1598 1394 2064 1467 conversionis;

502 1508 655 1568 ergo
686 1506 813 1548 non
858 1491 1061 1566 potest
1100 1505 1245 1547 cum
1274 1488 1501 1549 minori
1546 1490 1875 1551 vocatione
1929 1506 2076 1549 con-

504 1584 706 1651 versio
737 1601 875 1644 esse
918 1581 1221 1643 intensior
1250 1588 1311 1642 et
1344 1584 1567 1662 major.
1599 1581 2068 1661 Respondetur:

504 1678 613 1756 qui
644 1695 788 1737 cum
818 1675 1114 1755 Cajetano
1161 1674 1515 1736 existimant
1550 1694 1693 1737 cum
1725 1676 1954 1737 minori
1983 1675 2074 1735 lu-

504 1770 673 1831 mine
718 1769 929 1849 gloriae
970 1786 1151 1847 posse
1176 1785 1373 1828 unum
1408 1768 1793 1831 intellectum
1818 1774 2075 1829 natura-

505 1863 647 1924 liter
698 1861 1135 1940 perfectiorem
1182 1861 1517 1939 perfectius
1570 1862 1785 1923 videre
1836 1862 2070 1934 Deum,

462 1969 471 1978 “
506 1956 676 2018 idem
712 1954 890 2015 facile
920 1953 1129 2015 dicent
1160 1953 1239 2015 de
1284 1954 1563 2033 quolibet
1596 1961 1739 2017 actu
1772 1972 2074 2033 superna-

506 2048 691 2111 turali
742 2052 987 2108 servata
1040 2047 1473 2127 proportione3
1509 2055 1573 2110 et
1626 2048 1709 2109 ita
1752 2048 1835 2109 ad
1884 2066 2074 2127 argu-

506 2145 789 2201 mentum
830 2138 1151 2217 negabunt
1188 2141 1747 2219 consequentiam;
1786 2140 1958 2219 quia,
1999 2140 2074 2200 li-

508 2239 608 2295 cet
646 2232 845 2312 gratia
882 2232 961 2293 sit
1000 2232 1401 2312 principalius
1434 2234 1829 2312 principium,
1859 2239 2072 2293 tamen

509 2327 699 2389 etiam
740 2326 1035 2404 potentiae
1066 2325 1290 2387 animoe
1322 2326 1559 2405 aliquid
1576 2326 1925 2397 conferunt,
1953 2344 2072 2385 un-

506 2419 587 2481 de
619 2438 697 2479 ex
722 2420 839 2479 hac
868 2425 1043 2497 parte
1070 2425 1281 2498 posset
1312 2438 1595 2481 crescere
1624 2420 1903 2480 effectus,
1955 2420 2076 2479 Ve-

504 2518 863 2575 rumtamen
919 2512 1021 2572 illa
1054 2512 1335 2573 doctrina
1362 2513 1641 2592 Cajetani
1664 2512 1821 2573 falsa
1853 2518 1978 2584 est,
2013 2518 2076 2573 et

506 2606 571 2667 in
599 2606 893 2683 praesenti
920 2624 1049 2667 non
1078 2612 1171 2667 est
1204 2606 1595 2677 necessaria;
1630 2623 1757 2667 non
1786 2605 1953 2665 enim
1983 2604 2077 2665 di-

504 2699 725 2773 cimus,
760 2717 837 2759 ex
857 2699 1105 2760 duobus
1134 2700 1509 2760 habentibus
1534 2698 1911 2777 inaequalem
1941 2717 2078 2776 gra-

504 2793 655 2855 tiam
682 2811 796 2871 per
822 2792 1079 2855 modum
1108 2792 1389 2873 principii
1418 2810 1601 2870 posse
1626 2810 1796 2866 eum,
1826 2792 1934 2870 qui
1961 2790 2078 2853 mi-

503 2904 727 2949 norem
770 2885 983 2961 habet,
1028 2884 1334 2947 intensius
1380 2885 1649 2964 operari,
1688 2884 1739 2945 si
1784 2884 1942 2945 alter
1993 2884 2074 2945 ad

500 2979 921 3057 aequalitatem
950 2984 1247 3057 operetur
1276 2996 1419 3039 cum
1450 2984 1579 3041 tota
1612 2998 1725 3039 sua
1752 2978 1977 3057 gratia,
2011 2984 2074 3039 et

500 3079 631 3136 tola
662 3073 969 3135 activitate
994 3072 1157 3134 illius
1183 3118 1198 3143 ,
1250 3072 1317 3132 in
1362 3088 1487 3150 quo
1517 3072 1649 3133 solo
1676 3090 1827 3133 casu
1856 3088 2072 3151 proce-

502 3167 593 3229 dit
620 3167 886 3246 objectio
912 3167 1095 3228 facta.
1130 3165 1302 3228 Sicut
1328 3184 1455 3226 non
1482 3169 1687 3244 potest
1734 3165 1841 3244 qui
1880 3164 2072 3226 habet

502 3261 715 3324 lumen
737 3261 947 3340 glorioe
964 3261 1175 3322 minus
1196 3259 1537 3334 intensum,
1558 3260 1866 3321 intensius
1894 3259 2072 3320 vide-

498 3372 569 3416 re
586 3371 777 3433 quam
795 3353 975 3426 alter,
994 3354 1103 3433 qui
1122 3353 1315 3414 habet
1328 3352 1543 3412 lumen
1566 3353 1895 3426 intensius,
1922 3351 2072 3430 quia

500 3447 603 3508 hic
646 3463 894 3525 semper
935 3447 1126 3508 habet
1164 3446 1469 3508 visionem
1500 3463 1614 3506 suo
1657 3445 1877 3507 lumini
1906 3445 2069 3506 adae-

500 3546 780 3620 quatam,
812 3543 875 3600 et
900 3539 1062 3600 Deus
1080 3539 1173 3617 (ut
1200 3537 1633 3617 supponimus)
1664 3557 1792 3600 non
1822 3539 2072 3618 supplet

496 3634 812 3698 desectum
864 3632 1115 3694 luminis
1162 3633 1371 3711 aliquo
1416 3631 1647 3693 auxilio
1694 3633 2068 3706 extrinseco,

497 3726 598 3788 vel
626 3744 740 3804 per
769 3741 837 3786 se
866 3727 1093 3804 ipsum.
1127 3725 1361 3786 Eodem
1392 3744 1543 3805 ergo
1570 3726 1758 3786 modo
1788 3725 2066 3804 philoso-

495 3820 820 3901 phandum
854 3825 949 3882 est
982 3819 1061 3880 de
1091 3821 1367 3899 quolibet
1396 3827 1537 3882 actu
1574 3820 2063 3900 supernaturali.

496 3915 653 3988 Quia
676 3933 827 3976 vero
870 3915 933 3976 in
973 3915 1215 3976 actibus
1252 3915 1464 3976 liberis
1491 3915 1795 3994 contingit
1818 3920 1911 3988 ut,
1960 3915 2068 3994 qui

494 4009 801 4089 majorem
826 4008 951 4070 vim
980 4008 1192 4080 habet,
1232 4027 1361 4070 non
1392 4009 1741 4071 secundum
1772 4014 1968 4070 totam
1996 4008 2067 4069 il·

490 4101 621 4164 lam
650 4107 967 4180 operetur,
1003 4102 1147 4164 ideo
1174 4101 1308 4162 fieri
1340 4120 1525 4180 posse
1556 4101 1821 4163 dicimus
1840 4107 1932 4174 ut,
1959 4101 2067 4180 qui

492 4195 801 4256 minorem
822 4195 1037 4269 habet,
1066 4194 1371 4256 intensius
1392 4201 1689 4274 operetur
1707 4214 1722 4269 ;
1748 4212 1897 4256 nam
1920 4195 2066 4256 licet

490 4286 557 4348 in
580 4293 725 4348 actu
748 4287 949 4366 primo
968 4287 1275 4349 minorem
1298 4287 1551 4358 habeat,
1583 4287 1647 4348 in
1670 4294 1814 4348 actu
1840 4305 2066 4349 secun-

490 4379 573 4442 do
603 4380 857 4441 adhibet
880 4381 1203 4460 majorem,
1230 4381 1379 4459 quia
1402 4383 1605 4461 magis
1638 4381 1837 4443 influit
1870 4381 1936 4440 in
1959 4400 2064 4442 ac-

490 4481 647 4538 tum.
679 4475 805 4537 Sed
830 4475 933 4536 hic
962 4493 1254 4536 excessus
1284 4493 1411 4538 non
1454 4483 1549 4538 est
1572 4477 1635 4537 in
1660 4476 1795 4556 ipso
1832 4475 2062 4555 princi-

494 4568 623 4648 pio,
662 4567 773 4628 sed
807 4567 871 4628 in
898 4568 1123 4628 actuali
1152 4569 1541 4647 operatione.

578 4665 671 4722 ¹0.
722 4661 933 4724 Tertia
984 4663 1261 4724 assertio.
1286 4692 1367 4706 —
1410 4661 1785 4722 Addendum
1842 4663 2059 4724 ultimo

492 4761 589 4817 est
642 4773 807 4829 eum,
864 4754 969 4834 qui
1018 4756 1418 4829 convertitur,
1473 4774 1724 4836 semper
1778 4758 2058 4838 recipere

488 4850 792 4928 majorem
823 4847 1087 4927 gratiam
1124 4849 1609 4927 praevenientem
1642 4868 1751 4912 seu
1786 4853 2062 4913 excitan-

490 4949 617 5004 tem
652 4942 715 5001 iu
758 4941 999 5002 ratione
1036 4941 1291 5002 moralis
1336 4940 1645 5014 beneficii,
1690 4948 1751 5002 et
1804 4942 2057 5022 gratuiti

488 5035 639 5098 doni
666 5033 876 5096 divini.
910 5034 1043 5094 Hoc
1074 5033 1461 5094 declaratum
1500 5038 1594 5098 est
1620 5035 1799 5113 juxta
1828 5035 2060 5098 doctri-

490 5144 637 5188 nam
668 5126 957 5204 superius
988 5125 1283 5186 traditam
1327 5126 1407 5187 de
1458 5127 1781 5189 vocatione
1822 5128 2059 5190 efficaci

488 5239 569 5282 ex
594 5223 809 5282 mente
830 5218 1184 5296 Augustini,
1204 5237 1354 5278 nam
1378 5217 1481 5280 ille
1508 5219 1616 5298 qui
1650 5222 2052 5296 convertitur,

490 5329 741 5391 semper
783 5311 977 5372 habet
1014 5329 1361 5390 congruam
1408 5313 1831 5389 vocationem,
1866 5333 2058 5394 quam

492 5425 619 5467 non
660 5404 853 5466 habet
877 5404 931 5465 is
958 5409 1066 5482 qui
1095 5422 1227 5465 non
1252 5404 1667 5477 convertitur3
1698 5405 1811 5467 sed
1834 5423 2058 5484 quam-

488 5499 581 5560 vis
618 5497 941 5579 contingat
965 5499 1081 5560 has
1108 5496 1465 5560 vocationes
1494 5497 1753 5578 physice
1782 5497 1938 5560 etin
1963 5517 2056 5562 es·

1335 357 1549 411 OPUSC.
1588 360 1625 419 Ι.
1662 358 1779 413 Lm.
1817 358 1900 411 ΙΙΙ.
1937 356 2018 409 DE
2051 354 2326 409 Auxluls
2354 356 2589 409 mvmAE
2619 358 2884 413 enum.

2147 478 2216 523 se
2247 460 2406 522 entis
2434 478 2572 521 esse
2603 461 2904 541 aequales,
2929 469 3142 525 tamen
3167 464 3230 523 in
3259 462 3494 523 ratione
3518 461 3666 524 bene-

2145 552 2268 613 ficii
2289 598 2308 619 ,
2363 554 2682 615 moraliter
2730 555 3048 635 loquendo
3071 602 3087 629 ,
3139 556 3328 634 longe
3377 555 3564 633 majus
3596 566 3668 619 est

2153 664 2349 705 unum
2403 664 2595 725 quam
2635 648 2842 721 aliud;
2901 650 3028 710 imo
3083 648 3398 711 interdum
3449 649 3666 723 vocatio,

2153 738 2412 819 physice
2443 741 2654 801 minus
2683 742 2982 821 perfecta,
3015 743 3132 805 erit
3167 742 3482 803 moraliter
3507 744 3668 822 majus

2151 831 2554 909 beneficium,
2577 835 2724 913 quia
2755 854 2896 897 esse
2923 842 3128 915 potest
3169 836 3374 913 magis
3415 853 3668 914 congrua,

2155 926 2448 987 omnibus
2481 928 2796 1006 pensatis;
2833 935 2896 990 et
2923 946 3003 989 ex
3037 928 3262 1009 majori
3289 928 3401 989 Dei
3445 927 3670 991 benero-

2151 1016 2344 1080 lentia
2372 1018 2672 1098 profecta.
2711 1023 2890 1095 Nam,
2925 1024 2996 1081 ut
3032 1022 3098 1082 in
3143 1020 3556 1100 superioribus
3585 1024 3672 1085 de-

2151 1110 2544 1187 claravimus,
2587 1112 2944 1191 hujusmodi
2994 1114 3238 1175 vocatio
3275 1132 3356 1175 ex
3391 1120 3553 1192 parte
3589 1118 3670 1177 Dei

2153 1221 2405 1282 semper
2451 1204 2734 1284 procedit
2761 1224 2842 1267 ex
2867 1206 3168 1285 peculiari
3199 1206 3502 1267 electione
3527 1214 3581 1268 et
3603 1210 3673 1267 in-

2151 1298 2450 1371 tentione,
2483 1317 2610 1378 qua
2639 1300 2974 1361 efficaciter
2999 1300 3278 1361 decrevit.
3301 1299 3452 1363 dare
3475 1301 3567 1361 tali
3587 1302 3674 1363 ho—

2152 1392 2306 1453 mini
2355 1392 2580 1465 fidem,
2618 1393 2716 1453 vel
2767 1393 3240 1473 poenitentiam;
3293 1393 3408 1455 sed
3451 1394 3572 1454 haec
3605 1404 3674 1457 est

2155 1485 2490 1565 singularis
2519 1486 2956 1549 benevolentia
2983 1488 3122 1559 Dei,
3153 1505 3568 1566 magnumque
3593 1489 3677 1549 be-

2155 1578 2483 1651 neficium,
2531 1579 2703 1657 quod
2743 1598 2872 1641 non
2909 1580 3149 1641 confert
3199 1580 3406 1653 alteri,
3445 1582 3538 1641 cui
3577 1601 3676 1642 non

2155 1670 2264 1733 dat
2287 1688 2633 1749 congruam
2653 1673 3068 1733 vocationem.
3097 1673 3413 1745 Similiter,
3435 1675 3577 1733 ratio
3599 1674 3678 1734 be-

2155 1764 2360 1825 neficii
2379 1765 2700 1825 moraliter
2727 1766 2998 1827 maxime
3022 1770 3328 1846 pensatur
3349 1784 3430 1826 ex
3453 1768 3678 1828 occasio-

2155 1874 2262 1931 ne,
2295 1861 2358 1917 et
2387 1861 2696 1935 tempore,
2745 1875 2818 1917 ac
2871 1857 3054 1917 modo
3095 1876 3222 1937 quo
3263 1856 3366 1929 fit;
3399 1858 3677 1937 magisque

2157 1967 2234 2009 ex
2275 1948 2372 2009 his
2399 1949 2877 2011 circumstantiis
2905 1951 3264 2027 aestimatur,
3295 1968 3484 2030 quam
3509 1969 3578 2011 ex
3599 1952 3677 2012 ab·

2155 2041 2358 2101 soluta
2387 2043 2768 2121 quantitate;
2793 2044 3158 2123 praesertim,
3187 2043 3443 2123 quando
3471 2044 3576 2105 inae
3593 2046 3678 2105 cir-

2153 2136 2538 2197 cumstantioe
2585 2137 2863 2213 praevisoe
2915 2142 3062 2196 sunt
3109 2154 3148 2195 a
3195 2135 3606 2207 benefactore,
3633 2144 3679 2198 et

2152 2228 2450 2308 peculiari
2475 2228 2818 2291 intentione
2838 2230 3206 2303 observatae,
3225 2229 3310 2289 ob
3324 2231 3678 2291 commodum

2155 2322 2292 2401 ejus
2317 2321 2417 2382 cui
2459 2321 2832 2383 beneficium
2865 2322 3142 2395 confert3
3191 2323 3277 2383 ita
3321 2340 3468 2383 vero
3511 2329 3596 2383 est
3633 2324 3678 2383 in

2154 2415 2472 2495 praesenti,
2507 2421 2577 2474 ut
2625 2416 2687 2476 in
2729 2415 3153 2494 superioribus
3187 2415 3562 2477 declaratum
3585 2424 3674 2477 est.

2157 2509 2458 2582 Quocirca
2483 2554 2500 2583 ,
2555 2511 2702 2589 quia
2747 2511 2946 2589 gratia
2987 2510 3350 2589 simpliciter
3395 2510 3550 2571 dicta
3579 2530 3678 2571 non

2157 2602 2358 2663 solum
2389 2602 2536 2663 dicit
2553 2604 2904 2665 absolutam
2931 2621 3091 2677 rem,
3125 2622 3264 2682 quae-
3295 2606 3482 2683 gratis
3509 2605 3675 2676 datur,

2159 2698 2272 2761 sed
2302 2699 2490 2761 etiam
2517 2700 2826 2761 rationem
2853 2698 3138 2760 beneficii
3168 2704 3230 2759 et
3251 2698 3500 2759 moralis
3525 2699 3678 2759 hene-

2157 2792 2444 2853 volentiae
2499 2792 2770 2854 maxime
2831 2792 3111 2865 includit,
3165 2792 3310 2853 ideo
3365 2791 3678 2871 simpliciter

2154 2884 2273 2947 dici
2303 2891 2510 2964 potest
2539 2904 2792 2947 omnem
2825 2886 3000 2947 illum
3027 2885 3132 2965 qui
3165 2885 3558 2957 convertitur,
3573 2904 3678 2945 ma-

2143 2979 2354 3058 jorem
2379 2980 2640 3058 gratiam
2667 2978 3148 3057 praevenientem
3191 2978 3498 3057 recipere,
3523 2997 3678 3057 quam

2153 3090 2300 3135 eum
2337 3073 2442 3153 qui
2473 3091 2600 3134 non
2635 3073 3036 3146 convertitur,
3071 3078 3138 3134 ut
3174 3072 3510 3153 prudenter
3535 3079 3678 3133 nota-

2151 3166 2240 3227 vit
2265 3167 2698 3238 Bellarminus‚
2735 3167 2842 3228 lib.
2877 3169 2917 3228 6
2945 3165 3024 3228 de
3051 3168 3222 3230 Grat.
3253 3173 3320 3230 et
3346 3168 3514 3230 liber.
3543 3168 3676 3239 arb,

2153 3279 2291 3339 cap.
2325 3260 2568 3322 decimo
2597 3261 2836 3339 quinto.

2189 3509 2522 3590 Responsio
2563 3511 2645 3572 ad
2678 3511 2943 3574 rationes
2979 3513 3048 3572 iu
3080 3512 3390 3594 principio
3415 3516 3643 3594 positas.

2234 3732 2330 3792 11.
2375 3711 2788 3796 Declarantm·
2812 3735 2988 3796 verba
3015 3735 3211 3798 Paula·
3229 3761 3253 3794 .·
3281 3734 3430 3806 Quis
3455 3735 3602 3795 enim
3629 3739 3676 3793 te

2149 3822 2584 3886 discernit'l—
2608 3825 2704 3886 Ad
2744 3826 3170 3890 difficultatem
3215 3847 3368 3907 ergo
3397 3829 3454 3888 in
3487 3827 3678 3906 princ-i-

2147 3917 2252 3994 pio
2285 3916 2575 3996 positam,
2607 3919 2671 3978 in
2718 3938 2842 3997 qua
2871 3920 3156 3994 infertur,
3201 3941 3280 3982 ex
3325 3928 3530 3982 nostra
3559 3920 3679 3980 doc-

2147 4009 2311 4072 trina
2343 4011 2548 4089 sequi,
2588 4029 2664 4072 ex
2705 4013 2954 4076 duobus
2995 4013 3440 4094 recipientibus
3477 4013 3680 4092 aequale

2147 4103 2448 4164 auxilium
2477 4105 2889 4183 praeveniens,
2911 4106 3046 4168 fieri
3073 4125 3256 4187 posse
3285 4114 3358 4169 ut
3389 4125 3544 4168 unus
3563 4125 3680 4166 con-

2145 4203 2446 4270 vertatur,
2475 4203 2538 4258 et
2563 4197 2723 4260 alius
2749 4199 2812 4260 in
2847 4207 3108 4279 peccato
3137 4207 3394 4264 maneat
3413 4247 3430 4272 ,
3456 4217 3677 4280 respon-

2145 4289 2350 4362 detur,
2396 4289 2450 4350 si
2495 4309 2894 4371 consequens
2933 4294 3318 4373 intelligatur
3367 4295 3446 4355 de
3487 4293 3675 4354 auxilio

2143 4383 2209 4444 in
2257 4383 2498 4445 ratione
2559 4385 2776 4463 gratiae
2841 4393 2906 4448 et
2975 4386 3304 4460 beneficii,
3365 4385 3676 4466 negandam

2144 4494 2284 4538 esse
2317 4477 2664 4556 sequelam,
2699 4484 2768 4539 ut
2811 4479 3200 4542 declaratum
3229 4486 3349 4542 est.
3399 4481 3462 4542 Si
3499 4487 3672 4540 autem

2143 4567 2208 4628 in
2255 4587 2488 4649 genere
2521 4577 2584 4632 et
2625 4572 2972 4649 quantitate
3001 4572 3298 4634 motionis
3335 4592 3446 4636 seu
3482 4574 3675 4634 excita-

2141 4661 2348 4736 tionis,
2393 4662 2480 4724 sic
2521 4663 2992 4724 concedendam
3046 4683 3188 4726 esse
3237 4666 3574 4747 sequelam.
3607 4663 3676 4724 Ad

2143 4755 2408 4834 primam
2437 4759 2651 4816 autem
2681 4756 3222 4837 impugnationem
3245 4757 3672 4836 consequentis,

2141 4847 2210 4908 in
2239 4847 2662 4926 superioribus
2701 4849 2826 4910 late
2861 4850 3238 4929 explicatum
3283 4859 3382 4914 est
3407 4851 3552 4914 illud
3586 4857 3674 4910 tes-

2139 4940 2506 5002 timonium:
2545 4941 2692 5016 Quis
2719 4943 2878 5004 caim
2925 4947 2982 5007 te
3027 4945 3322 5008 disces-uit
3343 4947 3372 5006 3
3411 4947 3514 5008 Est
3539 4944 3674 5006 enim

2141 5032 2310 5094 Deus
2345 5033 2451 5112 qui
2481 5033 2780 5096 discernit
2815 5035 2937 5096 suh
2977 5036 3188 5116 aliqua
3233 5039 3478 5102 ratione
3513 5038 3672 5106 solus,

2141 5126 2261 5186 sub
2299 5125 2420 5186 alia
2451 5144 2600 5187 vero
2629 5127 3078 5208 principaliter,
3111 5149 3239 5192 non
3279 5139 3490 5194 tamen
3514 5131 3670 5192 solus

2142 5221 2346 5284 Primo
2373 5221 2544 5282 enim
2571 5223 2636 5282 in
2677 5223 2894 5285 ordine
2927 5226 3289 5299 intentionis
3316 5247 3430 5290 seu
3447 5227 3676 5307 prades-

2136 5315 2456 5376 tinationis
2501 5315 2672 5377 solus
2713 5319 2880 5378 Deus
2909 5319 3228 5393 discernit,
3257 5322 3408 5399 quia
3431 5323 3557 5382 sola
3583 5336 3674 5379 sua

2136 5409 2406 5485 gratuita
2439 5410 2754 5472 voluntate
2787 5411 3061 5476 decrevit
3091 5415 3550 5488 huncsalvare,
3591 5411 3670 5472 vel

2135 5500 2390 5564 fidelem
2417 5503 2626 5566 facere
2651 5512 2762 5566 aut
2785 5514 3092 5570 sanctum.
3121 5508 3356 5572 Deinde
3381 5509 3442 5572 iu
3471 5525 3668 5589 genere
