3850 6225
612 398 741 451 cAP.
786 394 922 453 xlx.
954 396 1231 451 SATISFl‘l‘
1263 396 1616 459 QUIBUSDAM
1652 394 1835 449 Novts
1866 395 2336 449 OBJECTIONIBUS
2369 394 2632 461 CONTRA,
2668 396 2802 451 ETC.

146 505 495 585 Augustinus
521 499 595 561 de
624 500 923 573 electione
965 499 1173 578 quoad
1210 499 1667 572 executionem,

145 616 307 682 quam
327 596 529 677 quoad
554 594 991 656 intentionem.

212 695 263 753 8.
306 693 499 767 Atque
541 706 617 749 ex
660 688 759 749 his
796 688 979 749 facile
1019 695 1417 768 exponuntur
1459 688 1671 749 omnia

150 788 269 851 talia
296 782 634 845 testimonia
664 782 988 861 Augustini
1019 782 1083 842 in
1109 782 1413 861 principio
1447 783 1665 854 citata;

150 898 291 951 nam,
320 894 454 937 cum
480 874 543 933 in
592 891 879 935 sermone
928 876 1191 955 septimo
1223 876 1301 937 de
1334 876 1517 937 Verb.
1551 878 1673 938 Do-

152 974 303 1045 min.,
336 969 421 1029 ait
459 967 825 1029 electionem
870 986 1008 1029 esse
1051 975 1113 1030 et
1141 969 1489 1031 secundum
1532 988 1674 1050 gra-

152 1069 294 1136 tiam,
322 1068 379 1123 et
406 1060 749 1121 secundum
770 1061 1098 1140 justitiam,
1122 1082 1345 1125 sensus
1375 1069 1491 1137 est,
1521 1082 1671 1143 quo-

151 1157 217 1219 ad
246 1154 635 1216 intentionem
664 1172 803 1215 esse
842 1157 1057 1235 gratiae
1086 1163 1147 1217 et
1174 1158 1367 1218 solius
1394 1158 1675 1219 volunta-

152 1253 211 1313 tis
234 1249 353 1323 Dei,
380 1246 699 1327 quoniam,
722 1255 795 1309 ut
817 1249 1049 1310 ibidem
1074 1250 1242 1325 dicit,
1270 1270 1429 1331 quos
1452 1252 1668 1324 voluit,

149 1347 241 1405 hos
263 1342 465 1420 elegit;
498 1342 709 1419 quoad
736 1343 1169 1405 executionem
1198 1364 1349 1406 vero
1381 1364 1520 1406 esse
1541 1346 1673 1424 jus·

150 1438 289 1507 titiae;
320 1440 377 1495 et
411 1433 621 1513 quoad
662 1435 781 1497 hoc
812 1436 961 1497 dicit
986 1437 1125 1498 illos
1155 1438 1322 1519 eligi,
1355 1440 1465 1517 qui
1492 1439 1569 1499 de
1600 1457 1669 1500 se

149 1550 251 1591 non
276 1534 674 1609 praesumunt.
704 1530 967 1603 Rursus,
994 1531 1238 1609 quoties
1268 1532 1673 1611 praedestina-

150 1624 269 1685 tioni
295 1628 395 1683 aut
418 1621 710 1683 electioni
748 1622 1133 1703 Augustinus
1166 1626 1491 1705 conjungit
1516 1643 1674 1705 prae·

150 1718 431 1778 scientiam
470 1716 867 1789 meritorum,
896 1718 997 1777 vel
1024 1718 1299 1795 loquitur
1328 1719 1407 1780 de
1446 1736 1675 1781 execu-

150 1812 317 1881 tione,
364 1808 459 1869 vel
508 1812 681 1870 certe
729 1810 1019 1890 adjungit
1072 1812 1549 1891 praescientiam,
1606 1818 1674 1874 ut

151 1906 597 1980 consequentem
628 1902 1019 1977 electionem,
1049 1922 1179 1965 non
1200 1911 1271 1966 ut
1298 1904 1674 1967 anteceden-

150 2004 277 2066 tem;
316 2012 482 2067 nam,
514 2000 583 2055 ut
632 2013 797 2075 saepe
834 1996 942 2070 ait,
972 1996 1279 2075 praescivit
1310 2000 1475 2059 Deus
1502 1999 1673 2077 quod

148 2091 315 2149 fuerat
336 2089 463 2166 ipse
490 2087 799 2163 facturus,
828 2091 1213 2169 praescientia
1238 2091 1531 2151 nimirum
1563 2093 1673 2152 ab·

149 2183 332 2255 soluta,
364 2188 503 2242 ante
530 2200 727 2260 quam
754 2201 1015 2245 necesse
1058 2189 1151 2245 est
1190 2190 1260 2245 ut
1286 2186 1675 2263 praecesserit

146 2275 555 2346 conditionata;
610 2277 757 2354 quia
802 2295 931 2337 non
968 2284 1183 2355 posset
1221 2280 1388 2339 Deus
1440 2279 1671 2359 eligere

144 2367 415 2429 hominem
454 2367 535 2429 ad
564 2368 759 2429 fidem
788 2375 851 2431 et
884 2370 1129 2442 merita,
1159 2371 1279 2431 nisi
1322 2379 1469 2433 ante
1512 2373 1673 2434 elec—

146 2461 337 2520 tionem
379 2461 758 2538 praesciisset
810 2462 1073 2525 modum
1122 2482 1247 2542 quo
1296 2472 1565 2544 poterat,
1620 2466 1671 2526 si

147 2553 315 2621 vellet,
340 2552 525 2614 fidem
550 2553 709 2615 dare
740 2560 803 2617 et
828 2555 1083 2627 merita;
1106 2562 1169 2617 et
1196 2558 1315 2619 hoc
1348 2559 1555 2637 ipsum
1580 2562 1674 2619 est

148 2664 477 2724 cognoscere
498 2647 609 2707 illa
632 2654 703 2708 ut
720 2648 929 2710 futura
952 2650 1068 2710 sub
1094 2651 1469 2713 conditione.
1493 2652 1670 2715 Unde

150 2739 211 2799 de
234 2740 336 2799 hac
364 2737 547 2799 etiam
578 2740 841 2803 scientia
871 2760 1039 2821 saepe
1070 2744 1451 2825 Augustinus
1479 2745 1675 2825 loqui-

150 2838 245 2891 tur.
280 2832 345 2891 Et
374 2850 448 2892 ex
474 2833 571 2893 his
620 2834 939 2913 principiis
966 2835 1148 2897 facile
1182 2838 1297 2899 erit
1336 2838 1674 2917 unicuique

152 2930 335 2985 caetera
379 2926 737 2988 testimonia
787 2947 1122 3007 exponere,
1170 2948 1253 2990 ne
1296 2931 1363 2990 in
1414 2932 1675 3011 singulis

152 3019 373 3096 amplius
400 3020 726 3081 immorari
756 3027 1080 3101 oporteat;
1117 3024 1255 3101 plus
1288 3024 1453 3085 enim
1484 3044 1674 3104 quam

154 3113 547 3186 existimarem,
580 3116 653 3176 in
678 3117 795 3177 hac
826 3117 1243 3196 disputatione
1283 3119 1361 3179 de
1400 3121 1675 3199 praedes-

150 3209 401 3270 tinatione
442 3229 584 3270 sum
632 3230 1024 3290 progressae,
1058 3215 1339 3291 quamvis
1368 3233 1495 3275 non
1540 3216 1673 3276 sine

153 3319 337 3372 causa;
376 3319 521 3362 nam
564 3310 861 3366 auctores
900 3308 1223 3366 contrariae
1256 3310 1577 3370 sententiae
1608 3310 1675 3369 in

153 3394 244 3454 hac
276 3396 701 3459 infallibilitate
739 3399 1303 3479 praedestinationis
1334 3408 1394 3462 et
1424 3403 1676 3464 electio-

154 3487 227 3546 nis
251 3492 431 3550 totum
460 3490 597 3553 fere
644 3492 971 3554 sententiae
998 3493 1479 3557 fundamentum
1526 3515 1675 3557 con-

154 3579 388 3642 stituunt.

668 3803 920 3867 CAPUT
960 3805 1115 3867 xtx.

160 4036 373 4084 sansmr
411 4041 747 4093 QmBUSDAM
771 4041 948 4086 NOVIS
976 4041 1410 4088 OBJECTIONIBUS
1440 4043 1669 4090 CONTRA

311 4134 641 4181 noemma
684 4133 1157 4180 PRAEGEDENTIUM
1197 4135 1477 4181 cArrrtm.

222 4327 343 4389 Post
384 4329 735 4392 confectum
780 4331 900 4392 hoc
952 4349 1131 4410 opus,
1165 4331 1334 4393 aliud
1377 4349 1580 4410 nuper
1610 4333 1673 4392 in

160 4420 325 4481 lucem
362 4423 591 4484 editum
618 4423 705 4483 ad
730 4440 957 4484 manus
986 4430 1231 4484 nostras
1259 4425 1569 4503 pervenit,
1608 4425 1674 4484 in

160 4531 259 4590 quo
283 4517 569 4576 sententia
596 4517 728 4588 illa,
765 4534 957 4594 quam
978 4518 1047 4578 in
1075 4518 1173 4578 his
1214 4518 1520 4595 capitibus
1544 4536 1673 4579 ma-

162 4607 235 4684 gis
278 4609 665 4686 probavimus
722 4609 801 4672 de
857 4610 1159 4672 electione
1206 4611 1675 4689 praedestinato-

162 4719 273 4761 rum
304 4710 435 4764 ante
480 4705 741 4784 praevisa
792 4705 1039 4780 merita,
1070 4706 1257 4764 variis
1310 4704 1513 4765 modis
1556 4705 1673 4764 im-

163 4802 443 4871 pugnatur,
466 4803 529 4858 et
552 4798 864 4858 contraria
890 4803 959 4858 ut
984 4815 1133 4858 vera
1154 4797 1485 4858 stabilitur.
1508 4797 1674 4868 Qua-

164 4904 275 4946 rum
296 4889 823 4969 impugnationum
853 4907 1161 4952 summam
1194 4891 1341 4950 huic
1383 4890 1519 4950 loco
1568 4890 1673 4950 ad-

168 4979 388 5042 dendam
417 4984 781 5052 existimavi,
820 4991 881 5045 et
917 4991 1167 5062 quantae
1206 4990 1352 5045 sunt
1386 4984 1675 5044 efficacioe

168 5071 389 5136 breviter
412 5077 763 5149 ostendere,
820 5084 887 5139 ut
930 5078 1183 5146 veritas,
1231 5095 1422 5156 quam
1454 5095 1675 5138 omnes

168 5166 363 5228 sincere
384 5169 769 5248 inquirimus,
798 5172 1095 5232 illustrior
1116 5171 1249 5231 fiat.

229 5262 276 5318 l.
315 5261 412 5324 Εω
438 5281 497 5324 eo
524 5265 681 5344 quod
711 5263 1097 5345 Auyustinus
1128 5270 1275 5346 aqut
1312 5281 1411 5326 con
1424 5267 1525 5326 tra
1565 5263 1678 5326 Se-

165 5349 559 5434 mipelayianos,
600 5357 891 5438 collimant
918 5358 1182 5420 doctores
1210 5358 1457 5437 quidam
1500 5357 1678 5418 illum

166 5459 259 5504 non
294 5444 442 5526 loqui
464 5449 531 5510 de
570 5449 841 5514 electione
866 5451 949 5513 ad
984 5448 1268 5532 qloriam.
1294 5481 1378 5494 --
1402 5449 1679 5510 Primum

169 5533 323 5611 igitur
359 5539 676 5622 diligenter
704 5550 763 5606 et
806 5544 1047 5606 erudite
1078 5543 1429 5604 laboratum
1476 5549 1571 5604 est
1612 5542 1679 5606 in

3194 388 3304 453 261

1754 497 2121 577 explicando
2151 515 2362 559 errore
2392 498 2894 572 Massiliensium,
2935 504 2998 561 et
3033 498 3314 577 Semipe-

1750 591 2167 671 lagianorum,
2202 610 2318 653 seu
2347 609 2564 653 eorum
2595 594 2700 671 qui
2729 593 3007 671 reliquias
3031 592 3314 671 Pelagia-

1752 704 1978 746 norum
2007 685 2298 765 appellati
2329 692 2494 759 sunt,
2536 704 2680 747 cum
2715 688 2963 766 quibus,
3012 693 3153 766 post
3191 686 3315 747 vic-

1752 780 1978 841 toriam
2021 780 2100 841 de
2155 780 2505 859 Pelagianis
2558 781 2880 842 obtentam
2907 826 2922 853 ,
2979 778 3313 857 disputatio

1754 879 2002 953 sumpta
2039 880 2133 934 est
2179 875 2258 935 ab
2292 874 2666 951 Augustino,
2695 875 3045 954 praesertim
3089 874 3153 933 in
3199 873 3308 932 lib.

1752 966 1831 1027 de
1863 965 2408 1028 Praedestinatione
2443 968 2834 1041 Sanctorum,
2870 973 2931 1029 et
2957 986 2990 1027 a
3009 968 3312 1045 Prospero

1752 1064 1816 1119 et
1862 1058 2119 1133 Hilari0,
2168 1050 2487 1139 discipulis
2531 1061 2697 1139 ejus;
2735 1068 2802 1123 ut
2839 1062 2984 1121 hinc
3020 1061 3312 1139 colligant

1752 1151 1834 1214 de
1880 1154 2002 1213 hac
2045 1172 2138 1225 re,
2178 1154 2496 1226 nimirum,
2538 1174 2622 1215 an
2665 1156 2951 1217 homines
3007 1154 3318 1234 eligantur

1754 1246 1835 1306 ad
1854 1246 2118 1325 gloriam
2144 1265 2220 1307 ex
2249 1248 2508 1321 meritiS‚
2533 1248 2772 1309 nullam
2801 1248 2992 1310 fuisse
3024 1236 3319 1327 Augusti-

1752 1356 1833 1398 no
1874 1341 2366 1401 controversiam
2404 1360 2546 1401 cum
2575 1342 2926 1420 pelagianis
2963 1347 3069 1402 aut
3099 1358 3318 1401 eorum

1749 1431 2067 1510 reliquiis;
2102 1432 2369 1511 ideoque
2393 1452 2714 1513 nunquam
2735 1434 2926 1495 fuisse
2951 1434 3114 1495 illius
3137 1451 3311 1493 men-

1750 1528 1881 1585 tem
1924 1524 2188 1599 docere‚
2222 1525 2512 1587 homines
2553 1526 2698 1605 eligi
2743 1526 2826 1587 ad
2870 1526 3132 1607 gloriam
3181 1526 3315 1585 sine

1752 1618 2028 1697 praevisis
2056 1618 2316 1694 meritiS,
2349 1620 2463 1681 sed
2492 1620 2572 1681 ad
2609 1620 2876 1697 gratiam
2909 1625 2972 1681 et
3019 1619 3314 1679 sanctita-

1754 1718 1902 1786 tem,
1937 1715 1997 1772 et
2025 1713 2337 1792 praecipue
2360 1714 2441 1774 ad
2460 1713 2730 1793 primum
2757 1712 2970 1792 gratim
2989 1711 3312 1781 auxilium,

1755 1810 1901 1865 ante
1931 1806 2098 1883 quod
2129 1807 2338 1867 nullus
2365 1812 2570 1886 potest
2609 1825 2746 1867 esse
2786 1806 2849 1865 in
2883 1806 3135 1867 homine
3181 1824 3318 1865 mo-

1754 1904 1876 1972 tus,
1912 1917 2037 1978 quo
2079 1899 2231 1959 illud
2260 1918 2298 1959 a
2326 1901 2457 1960 Deo
2487 1898 2780 1979 impetret
2809 1917 2922 1960 seu
2967 1904 3309 1970 mereatur,

1752 1992 1817 2051 in
1846 2010 1970 2070 quo
1993 1992 2474 2071 Semipelagiani
2499 1992 2702 2053 solum
2725 1992 2805 2053 ab
2827 1994 3172 2073 Augustino
3197 1992 3317 2052 dis-

1754 2085 2076 2158 sidebant;
2106 2090 2295 2165 atque
2323 2086 2406 2147 ita
2430 2086 2612 2147 nobis
2645 2087 2952 2148 suadeant
2975 2087 3048 2147 D.
3078 2088 3317 2165 Augus-

1752 2179 1954 2239 tinum
1983 2198 2309 2259 nunquam
2342 2180 2652 2253 docuisse,
2680 2180 3152 2259 praedestinatos
3171 2178 3318 2241 fuis-

1752 2292 1821 2333 se
1853 2271 2085 2335 electos
2123 2274 2205 2335 ad
2229 2274 2492 2354 gloriam
2521 2280 2666 2335 ante
2693 2275 3060 2335 meritorum
3097 2273 3318 2353 praevi-

1754 2365 2018 2439 sionem,
2051 2384 2256 2445 neque
2291 2368 2408 2429 hoc
2435 2368 2750 2447 pertinere
2779 2367 2862 2429 ad
2889 2368 3153 2447 gratiam
3177 2366 3310 2444 Dei,

1754 2476 1946 2538 quam
1976 2460 2108 2538 ipse
2146 2460 2546 2523 defendebat.

1832 2553 1891 2613 2.
1947 2551 2078 2615 Sed
2097 2554 2168 2615 id
2193 2571 2314 2615 non
2351 2557 2507 2619 satis
2558 2556 2694 2619 beno
2747 2556 3314 2639 collimant—Ego

1752 2662 1901 2707 vero
1931 2664 2257 2725 nunquam
2288 2647 2564 2709 dubitavi
2594 2648 2658 2709 in
2689 2668 2764 2710 ea
2797 2669 2866 2711 re
2910 2649 3101 2709 fuisse
3143 2647 3319 2709 dissi-

1756 2740 1930 2799 dium
1961 2740 2603 2819 Semipelagianorum
2633 2761 2776 2804 cum
2829 2742 3199 2821 Angustiae,
3247 2746 3318 2802 ut

1753 2833 2046 2906 brevitor,
2079 2841 2383 2913 quantum
2410 2836 2556 2897 huic
2594 2838 2766 2916 operi
2807 2838 2955 2898 satis
2987 2854 3124 2897 esse
3149 2835 3317 2914 judi-

1756 2927 1911 2998 cavi,
1965 2928 2274 3006 superiuS,
2304 2928 2424 2989 hoc
2455 2930 2636 3002 libre,
2685 2948 2824 3009 cap.
2857 2932 2917 3001 2,
2955 2946 3130 2989 num.
3170 2930 3210 2989 4
3255 2933 3318 2988 et

1756 3021 2187 3097 sequentibus,
2236 3020 2566 3081 declaravi.
2618 3023 3061 3084 Necessitatem
3103 3027 3316 3083 autem

1754 3114 1920 3174 illius
1973 3114 2428 3176 consecutionis
2478 3134 2601 3177 non
2660 3117 2876 3189 video;
2935 3116 3112 3194 quasi
3166 3131 3314 3174 vero

1754 3207 1908 3268 nihil
1951 3207 2032 3268 de
2083 3209 2262 3268 donis
2319 3205 2533 3286 gratiae
2593 3216 2701 3271 aut
2755 3208 3316 3289 praedestinationis

1754 3302 1869 3362 Dei
1895 3302 2178 3362 docuerit
2193 3305 2600 3383 AugustinuS,
2621 3305 2741 3365 nisi
2761 3323 2898 3383 quoe
2914 3304 3146 3366 directe
3169 3307 3316 3363 sunt

1756 3396 2066 3456 contraria
2101 3397 2414 3457 erroribus
2458 3414 2617 3475 quos
2658 3397 3066 3476 impugnavit.
3109 3395 3313 3458 Facile

1756 3507 1906 3568 ergo
1958 3491 2299 3551 concedam
2355 3491 2760 3570 (quanquam
2812 3491 2916 3552 alii
2971 3488 3314 3570 rigorosius

1756 3586 2087 3662 censeant)
2138 3586 2554 3664 Augustinum
2617 3603 2749 3646 non
2803 3584 3090 3647 docuisse
3151 3585 3312 3644 hanc

1755 3677 2135 3737 sententiam
2153 3683 2454 3756 tanquam
2480 3679 2546 3738 in
2572 3677 2697 3740 fide
2727 3685 2984 3751 certam,
3016 3695 3224 3756 neque
3251 3676 3314 3737 in

1750 3769 1871 3844 his,
1904 3775 2122 3830 contra
2169 3789 2328 3849 quos
2352 3771 2686 3843 scribebat,
2717 3772 3095 3851 oppositum,
3127 3776 3195 3831 ut
3224 3762 3326 3831 e't't·

1752 3881 1961 3924 rorem
1995 3864 2368 3936 damnasse;
2419 3881 2582 3942 nego
2611 3871 2821 3926 tamen
2870 3865 3016 3925 inde
3068 3863 3205 3924 fieri
3248 3867 3317 3924 ut

1753 3974 2078 4035 nunquam
2126 3957 2290 4018 hanc
2341 3958 2717 4019 sententiam
2775 3956 3078 4020 docuerit.
3133 3959 3314 4032 Nam,

1750 4049 2077 4111 tractando
2107 4051 2560 4112 controversias
2595 4051 2750 4112 alias
2791 4069 2934 4112 eum
2987 4049 3313 4117 haereticis,

1750 4143 1850 4204 vel
1880 4142 2210 4204 Catholicis
2242 4161 2373 4204 non
2395 4146 2648 4206 omnino
2681 4149 2850 4206 recte
2882 4143 3313 4213 sentientibuS,

1755 4243 2218 4314 consequenter
2237 4236 2434 4298 multa
2461 4237 2645 4300 docet
2673 4243 2736 4299 et
2765 4243 2985 4298 tractat
3008 4254 3147 4316 quae
3175 4253 3319 4296 cum

1755 4330 1874 4390 illis
1912 4347 2194 4390 connexa
2239 4338 2404 4402 sunt,
2448 4331 2732 4408 quamvis
2763 4349 2891 4391 non
2934 4331 3058 4391 s²nt
3099 4330 3184 4390 ita
3225 4329 3321 4390 di-

1753 4430 1920 4486 recte
1953 4424 2212 4484 intenta.
2233 4424 2601 4502 Hujusmodi
2632 4431 2844 4486 autem
2875 4432 2968 4487 est
2985 4443 3084 4485 res
3103 4425 3234 4485 liaec
3257 4423 3320 4483 in

1755 4537 1879 4598 qua
1914 4535 2083 4579 nunc
2119 4536 2465 4580 versamur.
2497 4519 2652 4590 Quia
2686 4522 3073 4599 Augustinus
3115 4518 3322 4580 inten-

1754 4613 1863 4684 dit,
1888 4612 2228 4692 specialem
2244 4613 2415 4673 illam
2442 4614 2921 4692 providentiam,
2945 4632 3132 4694 quam
3159 4615 3322 4674 Deus

1753 4705 1946 4766 habet
1972 4723 2116 4765 cum
2152 4705 2635 4784 praedestinatiS,
2668 4714 2868 4768 ortam
2899 4725 3038 4767 esse
3073 4725 3150 4767 ex
3179 4724 3321 4784 spe-

1754 4797 1891 4858 ciali
1941 4797 2214 4876 quadam
2257 4797 2588 4860 dilectione
2621 4800 2856 4862 efficaci
2895 4807 2957 4861 et
3006 4800 3318 4870 absoluta,

1755 4909 1880 4968 qua
1925 4891 2064 4952 illos
2091 4898 2460 4970 prosecutus
2482 4899 2597 4968 est,
2616 4911 2744 4954 non
2767 4911 2844 4954 ex
2873 4894 3149 4973 ipsorum
3169 4911 3325 4971 prae-

1755 4984 1903 5044 visis
1931 4982 2190 5057 meritiS,
2214 4985 2325 5044 sed
2348 5003 2425 5045 ex
2453 5004 2564 5046 sua
2587 4987 2856 5062 gratuita
2883 4986 3232 5052 volunta-tm
3265 4989 3326 5043 et

1758 5076 2184 5138 indifferenter
2201 5078 2502 5156 loquitur,
2519 5077 2733 5140 dicens
2751 5079 2914 5140 hanc
2929 5078 3322 5139 dilectionem

1761 5187 1873 5230 seu
1916 5170 2283 5232 electionem
2318 5172 2510 5232 fuisse
2539 5171 2620 5230 nd
2652 5172 2917 5249 gloriam
2953 5177 3014 5232 ct
3061 5169 3142 5229 ad
3187 5185 3327 5246 gra·

1758 5264 1931 5338 tiam,
1972 5263 2095 5336 vel,
2127 5269 2196 5324 ut
2221 5265 2488 5343 propriis
2537 5264 2674 5342 ejus
2727 5264 3004 5324 terminis
3047 5268 3318 5332 utamur,

1757 5361 1829 5418 ut
1864 5357 1992 5418 sint
2031 5359 2252 5430 sancti,
2285 5362 2344 5420 et
2377 5361 2627 5436 reynent
2671 5374 2804 5419 cum
2854 5356 3126 5424 Christo,
3169 5359 3226 5416 et
3257 5357 3328 5414 ut

1760 5450 2099 5524 salvent-ur,
2138 5468 2244 5514 seu
2288 5453 2479 5515 vitam
2529 5455 2817 5513 oeternam
2864 5455 3323 5530 consequantur.

1761 5543 1867 5605 Hae
1895 5561 2169 5623 namque
2199 5544 2544 5606 locutiones
2594 5561 2814 5604 omnes
2859 5543 3028 5624 apud
3078 5543 3322 5623 Augus-
