3850 6225
498 422 592 476 est
625 434 702 477 ex
729 434 820 489 se,
867 412 1063 495 possit
1100 412 1288 473 etiam
1321 430 1467 473 cum
1497 412 1601 473 illa
1629 411 1924 493 conjungi
1956 430 2062 473 ca-

497 510 700 572 rentia
724 516 921 585 actuS,
953 509 1003 569 si
1031 506 1285 585 aliquod
1317 524 1392 567 ex
1415 506 1727 585 praedictis
1747 506 2060 585 requisitis

499 604 836 665 auferatur.
869 605 946 664 At
971 603 1100 662 haec
1124 617 1262 678 quae
1287 600 1543 661 libertas
1572 604 1706 661 est?
1730 602 1857 662 Hoc
1883 616 2062 659 nam-

497 716 619 777 que
645 698 832 758 etiam
861 696 991 776 igni
1017 694 1350 756 convenire
1376 699 1612 773 potest;
1639 694 1722 755 ita
1753 692 1922 755 enim
1958 710 2064 753 ca-

496 790 726 863 lefacit,
768 795 1072 869 praesente
1129 786 1323 866 ligne,
1369 792 1439 847 ut
1473 786 1668 865 possit
1721 804 1968 847 cessare
2010 784 2060 845 si

496 883 738 962 lignum
765 888 1182 943 removeatur.
1213 881 1441 941 Beatus
1469 880 1618 941 item
1647 880 1845 940 Deum
1891 878 2059 939 clare

495 977 700 1037 visum
727 976 810 1036 ita
845 982 1038 1047 amat,
1079 979 1150 1033 ut
1200 974 1394 1052 possit
1425 972 1504 1032 ab
1553 989 1767 1033 amore
1811 977 2061 1033 cessare

497 1069 549 1130 si
567 1068 806 1129 visione
835 1068 1129 1147 privetur.
1157 1068 1290 1127 Imo
1320 1065 1507 1127 etiam
1537 1065 1590 1125 si
1617 1065 1824 1144 ipsum
1851 1069 2061 1125 actum

496 1162 798 1234 involvaS‚
831 1159 940 1239 qui
981 1165 1122 1221 actu
1153 1165 1343 1233 amat,
1368 1166 1573 1237 potest
1600 1158 1806 1219 odisse
1832 1158 1898 1217 in
1923 1176 2061 1217 sen-

496 1274 571 1315 su
623 1254 841 1329 diviso,
891 1253 1047 1314 sicut
1093 1270 1196 1313 res
1251 1251 1392 1312 alba
1434 1258 1807 1330 potestesse
1851 1252 2054 1330 nigra.

495 1350 632 1409 Non
663 1353 757 1407 est
778 1365 930 1427 ergo
959 1347 1044 1407 ita
1072 1344 1478 1424 intelligenda
1506 1350 1783 1423 potestas
1816 1342 2062 1402 indiffe-

495 1458 642 1502 rens
687 1440 752 1501 in
779 1460 900 1501 usu
936 1440 1158 1511 libero,
1209 1438 1323 1499 sed
1368 1438 1454 1498 ita
1482 1442 1572 1510 ut,
1619 1438 1922 1498 existente
1953 1434 2059 1495 illa

497 1535 750 1596 omnino
790 1535 854 1594 in
903 1533 1144 1595 ratione
1188 1538 1364 1593 actus
1403 1532 1609 1611 primi,
1647 1549 1723 1591 ex
1763 1529 2059 1589 facultate

496 1628 630 1708 ipsa
661 1634 722 1689 et
757 1645 834 1687 ex
867 1627 1156 1687 omnibus
1187 1623 1630 1705 praerequisitis
1683 1622 1763 1683 ad
1792 1640 2059 1701 operan-

497 1721 670 1795 dum,
695 1739 842 1781 vere
871 1738 943 1780 ac
965 1720 1219 1781 realiter
1245 1719 1605 1797 contingere
1635 1717 1831 1795 possit
1857 1721 1923 1776 ut
1950 1734 2059 1775 vo-

495 1814 704 1875 luntas
739 1814 889 1874 velit
932 1818 1196 1873 autnon
1245 1812 1427 1872 velit:
1463 1818 1548 1883 et,
1579 1811 1697 1870 nisi
1727 1810 1846 1871 hoc
1885 1808 2059 1869 dica-

495 1925 658 1981 muS,
690 1906 934 1967 difficile
965 1924 1116 1967 sane
1149 1905 1264 1966 erit
1289 1906 1354 1964 in
1385 1904 1626 1965 actibus
1673 1908 1901 1963 nostrae
1946 1919 2057 1961 vo-

493 2000 750 2061 luntatis
800 1999 1151 2060 libertatem
1203 1998 1400 2071 tueri,
1461 1996 1858 2075 quantumvis
1909 2012 2054 2055 eam

495 2094 976 2173 proclamemus.
1029 2094 1154 2153 Nec
1191 2110 1342 2151 vero
1374 2090 1521 2151 hinc
1566 2088 1791 2150 inferat
1831 2086 2057 2165 aliquis

494 2188 702 2248 minus
730 2187 1007 2248 eruditus
1038 2185 1274 2247 nullam
1303 2184 1743 2244 necessitatem
1771 2181 1838 2241 in
1865 2198 2057 2241 sensu

494 2279 838 2360 composito
884 2298 1068 2360 posse
1109 2277 1291 2338 simul
1339 2294 1476 2337 esse
1532 2293 1676 2336 cum
1729 2274 2055 2348 libertate,

495 2380 603 2433 aut
626 2392 659 2433 e
691 2390 1016 2445 converSO,
1044 2388 1440 2451 quacumque
1471 2368 1898 2448 suppositione
1924 2365 2059 2427 fac-

495 2471 582 2539 ta,
614 2483 798 2544 posse
827 2466 1210 2526 zoluntatem
1239 2463 1594 2542 oppositum
1615 2460 1798 2520 simul
1823 2458 2053 2519 facere.

497 2560 626 2620 Hoc
668 2560 836 2619 enim
865 2562 960 2619 est
994 2577 1070 2620 ex
1097 2555 1460 2637 particulari
1489 2554 1780 2634 colligere
1809 2553 2057 2612 univcr-

497 2653 712 2715 salcm.
751 2653 863 2713 Hic
894 2670 1046 2729 ergo
1073 2651 1275 2711 solum
1303 2650 1549 2729 agimus
1573 2648 1651 2708 de
1685 2646 2060 2727 suppositio-

496 2764 576 2806 ne
607 2745 1041 2820 antecedente,
1093 2762 1232 2823 quae
1265 2746 1664 2821 comparatur
1717 2740 1799 2800 ad
1847 2744 2060 2799 actum

495 2840 829 2901 voluntatis
859 2857 971 2917 per
999 2837 1256 2898 modum
1285 2842 1460 2896 actus
1489 2833 1707 2913 primi:
1743 2833 1908 2893 etde
1940 2834 2058 2893 hac

496 2932 842 2994 certissima
869 2930 1088 3011 regula
1115 2929 1378 3001 videtur,
1418 2928 1546 2989 tolli
1597 2928 1974 2998 libertatem,
2006 2924 2060 2985 si

498 3026 602 3087 illa
628 3025 846 3105 posita,
875 3025 1161 3085 voluntas
1191 3041 1318 3082 non
1345 3022 1542 3101 possit
1563 3022 1628 3080 in
1662 3020 2053 3099 oppositum3

500 3127 562 3182 et
581 3139 614 3181 e
640 3137 963 3192 converso,
999 3137 1125 3178 non
1157 3118 1442 3179 obstante
1469 3115 1575 3177 tali
1607 3113 2056 3194 suppositione,

498 3214 562 3274 in
591 3231 782 3274 sensu
807 3213 1148 3291 composito
1179 3229 1363 3290 posse
1395 3229 1522 3270 non
1564 3209 1834 3288 operari,
1864 3213 1937 3266 ut
1984 3224 2060 3266 ex

497 3307 778 3368 doctrina
823 3305 1098 3366 Anselmi
1131 3310 1398 3375 constat,
1435 3305 1498 3364 et
1529 3300 1692 3362 infra
1736 3319 1812 3361 ex
1843 3299 2063 3360 Conci-

499 3399 582 3460 lio
610 3399 970 3460 Tridentino
1021 3397 1205 3457 latius
1247 3395 1633 3476 probabitur.
1675 3395 1870 3456 Secus
1913 3409 2061 3453 vero

503 3494 619 3556 erit
657 3495 706 3554 si
754 3491 1096 3572 suppositio
1139 3491 1216 3552 sit
1256 3506 1648 3568 consequens
1697 3485 2061 3560 formaliter,

499 3587 600 3650 vel
625 3587 873 3659 virtute,
897 3603 1258 3665 supponens
1277 3582 1585 3645 actualem
1599 3580 2066 3643 determinatio-

499 3698 648 3741 nem
674 3678 950 3740 futuram
974 3678 1150 3738 istius
1171 3675 1465 3756 potentiae
1489 3674 1730 3746 libcrae,
1761 3677 1829 3734 ut
1853 3691 1967 3752 per
1995 3689 2062 3732 se

504 3778 599 3834 est
631 3773 893 3847 clarum,
929 3771 1084 3833 etin
1111 3770 1398 3831 discursu
1437 3766 1626 3829 totius
1665 3767 1872 3848 operis
1913 3783 2064 3827 con-

505 3865 712 3926 stabit.

1085 3972 1340 4040 CAPUT
1375 3976 1476 4037 Ν.

506 4163 716 4218 omum
749 4161 1048 4209 Annorum
1075 4159 1465 4220 VOLUNTATIS,
1493 4157 1755 4204 Tamus!
1782 4155 2061 4212 munzun,

585 4257 923 4305 mmmm-TE
943 4253 1224 4332 ‘munzun
1247 4253 1414 4300 Anno
1437 4253 1514 4299 m·
1541 4253 1723 4300 1³11le
1745 4250 1957 4310 GAUSA,
1986 4251 2065 4297 ΠΤ

587 4351 816 4397 rituum
843 4349 1020 4395 021le
1056 4347 1228 4394 acmo
1253 4347 1458 4394 CAUSAE
1477 4345 1775 4392 SECUNDAE.

592 4524 617 4581 1
637 4565 651 4580 .
715 4519 1002 4587 Voluntas
1020 4522 1228 4578 nostra
1243 4516 1420 4578 eciam
1437 4516 1504 4577 in
1520 4515 1846 4577 actionibus
1854 4516 2071 4597 pendet

511 4633 550 4677 a
569 4615 710 4676 Deo.
732 4611 1154 4690 -Incipimus
1177 4609 1310 4688 jam
1332 4607 1650 4669 declarare
1674 4607 2071 4668 concordiam

509 4704 812 4768 libertatis
839 4709 1064 4764 nostroe
1091 4719 1234 4762 cum
1277 4701 1589 4762 essentiali
1625 4699 2067 4780 dependentia,

513 4818 700 4879 quam
727 4817 764 4859 a
789 4799 920 4858 Deo
949 4802 1020 4858 ut
1055 4816 1090 4857 a
1121 4796 1322 4876 prima
1346 4813 1535 4856 causa
1561 4793 1770 4870 habet,
1800 4795 2069 4874 ideoque

511 4911 576 4954 1n
615 4893 735 4953 hoc
764 4891 966 4970 capite
993 4889 1425 4970 proemittimus
1450 4906 1549 4963 ea,
1580 4889 1643 4948 in
1679 4889 1903 4966 quibus
1933 4907 2069 4950 om-

511 5003 624 5048 nes
640 4984 972 5046 convenire
997 5001 1256 5044 necesse
1287 4987 1402 5054 est,
1426 4987 1495 5042 ut
1514 4980 1602 5042 sic
1625 4987 1894 5060 punctus
1917 4999 2071 5042 con-

511 5079 826 5141 troversioe
850 5083 1062 5156 aperte
1103 5076 1506 5158 intelligatur,
1545 5080 1606 5136 et
1626 5075 1758 5136 sine
1801 5077 2071 5156 aequivo-

513 5171 758 5235 catione
793 5175 1109 5232 tractetur.

599 5263 777 5328 Sent.
803 5263 1081 5326 Dwrand.
1105 5264 1252 5337 ἐπῇ,
1275 5263 1421 5325 dist.
1455 5265 1516 5338 1,
1549 5279 1608 5344 q.
1637 5265 1674 5324 5
1702 5262 2063 5346 exploditur.

513 5359 650 5421 Dm·
653 5357 820 5429 and„
853 5358 922 5418 in
951 5357 1012 5430 2,
1045 5355 1104 5418 d.
1139 5357 1238 5431 32,
1285 5373 1343 5437 q.
1383 5358 1442 5417 1.
1456 5387 1537 5402 -
1554 5356 1840 5430 Quoelibet
1867 5363 2071 5421 creata

513 5451 712 5518 virtus
747 5451 860 5512 Dei
885 5465 1178 5512 concursu
1205 5450 1288 5512 ad
1313 5449 1637 5530 quamlibet
1665 5452 1957 5516 actionem
1978 5454 2069 5514 in-

1244 311 1452 365 OPUSC.
1491 315 1530 375 1,
1563 312 1682 366 Lm.
1721 314 1760 365 1.
1797 312 1882 365 DE
1915 312 2234 366 CONCURSU
2268 312 2370 365 DE!
2404 312 2529 365 CUM
2562 311 2953 367 VOLUNTATE.

2141 412 2723 493 dimin—Principio
2752 411 3082 472 statuimus
3102 416 3171 473 ut
3199 416 3461 485 certum,
3482 412 3722 473 volun-

2140 508 2333 565 tatem
2362 500 2641 566 nostra‘m
2668 504 2946 583 pendere
2977 522 3013 563 a
3046 504 3198 577 De0,
3246 522 3375 565 non
3402 504 3608 565 solum
3644 505 3719 564 in

2142 597 2279 659 fieri
2310 604 2372 659 et
2400 598 2781 673 conservari,
2815 604 2883 661 ut
2910 599 3108 671 aiunt,
3124 598 3249 659 -sed
3280 598 3467 661 etiam
3491 600 3555 659 in
3578 617 3721 659 om-

2144 691 2205 751 ni
2248 693 2493 754 actione
2520 710 2654 753 sua.
2687 694 2758 753 In
2786 712 2911 773 qua
2934 712 3001 753 re
3047 692 3127 753 ab
3157 692 3451 753 omnibus
3482 692 3721 773 proha-

2142 784 2219 845 tis
2260 785 2595 865 Theologis
2640 804 2769 847 non
2812 785 3013 847 solum
3058 785 3561 864 reprehenditur,
3596 784 3723 845 sed

2145 877 2333 937 etiam
2358 881 2427 938 ut
2466 896 2641 939 error
2675 879 2742 939 in
2771 878 2896 939 fide
2932 878 3211 958 rejicitur
3246 877 3553 939 sententia
3581 878 3723 939 Du-

2141 970 2343 1043 randi‚
2376 970 2479 1049 qui
2510 971 2657 1032 dicit
2686 982 3061 1045 creaturam,
3093 976 3163 1033 ut
3192 978 3486 1050 operetur
3512 972 3723 1033 actio-

2140 1082 2222 1124 ne
2254 1081 2381 1123 suae
2426 1064 2692 1125 naturali
2742 1064 2952 1126 virtuti
2996 1066 3491 1144 proportionata,
3530 1065 3719 1125 nullu

2140 1155 2251 1217 Dei
2273 1156 2500 1219 auxilio
2529 1157 2838 1237 indigere,
2871 1157 2983 1218 sed
3010 1158 3211 1217 solum
3235 1158 3391 1218 utin
3425 1178 3537 1219 suo
3567 1176 3721 1219 esse

2144 1268 2181 1311 a
2207 1251 2337 1311 Deo
2382 1258 2805 1313 conservetur.
2862 1254 2937 1313 Et
2983 1253 3103 1313 hac
3142 1253 3382 1313 ratione
3428 1253 3727 1314 declarat

2140 1344 2268 1417 ille,
2310 1346 2625 1421 quomodo
2672 1347 2833 1407 actio
2877 1346 3314 1425 peccaminosa
3344 1348 3603 1408 omnino
3634 1347 3725 1407 sit

2143 1456 2219 1499 ex
2246 1438 2450 1512 nobiS,
2484 1444 2547 1499 et
2570 1440 2746 1500 nullo
2776 1439 2965 1500 modo
2998 1458 3035 1499 a
3061 1442 3215 1500 Deo.

2218 1532 2279 1591 2.
2326 1530 2436 1593 Ex
2486 1532 2839 1614 Scripturie
2872 1534 3193 1615 probatur.
3225 1566 3307 1579 —
3336 1536 3529 1599 Deum
3576 1553 3723 1597 cum

2138 1625 2354 1705 quavis
2386 1628 2645 1689 secunda
2664 1644 2849 1689 eausa
2878 1628 2959 1690 ad
2983 1628 3371 1705 efficiendum
3400 1646 3723 1692 concurre-

2135 1733 2225 1784 re,
2244 1718 2544 1799 probatur
2576 1736 2651 1781 ece
2680 1722 2857 1800 parte
2885 1721 3128 1799 effectus
3160 1738 3233 1781 ex
3265 1722 3381 1783 tali
3404 1722 3723 1801 effectione

2137 1810 2799 1871 dimanantis.—Vera
2819 1819 3031 1873 tamen
3060 1819 3121 1873 et
3141 1819 3311 1874 certa
3340 1813 3623 1875 doctrina
3648 1814 3721 1872 in

2136 1920 2261 1981 qua
2302 1904 2680 1965 conveniunt
2717 1904 2939 1984 reliqui
2990 1926 3231 1981 omneS,
3268 1909 3456 1969 etiam
3490 1907 3720 1985 quide

2139 1995 2369 2057 auxilio
2384 1998 2493 2057 Dei
2523 1998 2783 2073 efficaci,
2803 1998 2901 2060 vel
2918 2000 3104 2061 modo
3125 2000 3313 2061 divini
3339 2020 3717 2073 concurSuS,

2142 2086 2325 2149 aliter
2355 2094 2417 2149 et
2438 2089 2617 2149 aliter
2634 2092 2930 2167 sentiunt,
2978 2098 3095 2165 est,
3130 2112 3381 2153 omnem
3412 2092 3721 2154 virtutem

2141 2187 2440 2258 creatam,
2466 2188 2657 2262 atque
2684 2184 2871 2245 etiam
2918 2185 3305 2246 voluntatem
3331 2187 3617 2259 liberam,
3648 2192 3723 2246 et

2142 2276 2223 2337 ad
2260 2282 2433 2336 actus
2462 2275 2713 2351 liberoS,
2762 2284 2991 2357 praeter
3028 2280 3563 2340 conservationem
3611 2280 3723 2339 sui

2142 2387 2303 2443 esse,
2333 2388 2525 2447 quam
2554 2388 2590 2429 a
2616 2373 2745 2431 Deo
2774 2370 2984 2444 habet,
3014 2372 3297 2450 indigere
3328 2374 3554 2434 actuali
3596 2376 3723 2435 Dei

2140 2462 2370 2523 auxilio
2410 2464 2512 2523 vel
2564 2482 2890 2539 concursu,
2948 2483 3075 2545 quo
3128 2466 3268 2525 talis
3320 2472 3497 2527 actus
3532 2486 3716 2539 vere,

2140 2554 2412 2635 proprie,
2438 2574 2512 2615 ac
2530 2575 2645 2635 per
2660 2574 2725 2616 se
2756 2576 2792 2616 a
2812 2558 2941 2617 Deo
2964 2556 3091 2617 fiat.
3126 2559 3299 2619 Hanc
3330 2562 3723 2619 sententiam

2146 2648 2405 2721 docent,
2438 2667 2567 2710 non
2609 2655 2849 2709 tantum
2884 2650 3186 2731 Theologi
3224 2652 3312 2729 (in
3341 2654 3402 2723 2,
3439 2652 3500 2712 d.
3554 2655 3615 2727 1,
3650 2659 3725 2712 et

2148 2744 2259 2813 373
2291 2741 2469 2802 divus
2495 2742 2787 2817 ThomaS,
2822 2746 2848 2803 1
2881 2761 2971 2822 p.‚
3020 2750 3237 2823 quaest.
3282 2748 3396 2806 103
3448 2751 3508 2806 et
3549 2748 3718 2817 105ς

2142 2838 2201 2897 1.
2234 2838 2297 2903 2,
2324 2852 2385 2913 q.
2428 2836 2567 2911 109,
2596 2839 2715 2896 art.
2747 2839 2804 2909 1,
2834 2838 2871 2895 7
2906 2841 2969 2896 et
2998 2838 3057 2909 3,
3113 2844 3176 2897 et
3204 2836 3725 2916 frequentissime

2142 2928 2341 3007 alias),
2374 2928 2487 2989 sed
2516 2929 2703 2988 etiam
2732 2929 3120 3011 Philosophi;
3156 2939 3346 3011 quam
3374 2951 3503 2993 non
3524 2951 3728 3011 opor-

2140 3026 2229 3082 tet
2259 3022 2357 3082 hic
2371 3021 2507 3081 fuse
2540 3022 2805 3101 probare
2828 3040 2845 3095 ;
2871 3042 3070 3103 pauca
3102 3030 3312 3085 tamen
3342 3026 3727 3105 attingenda

2142 3121 2308 3189 sunt,
2342 3133 2481 3194 quae
2512 3116 2595 3177 ad
2625 3135 2699 3176 ea
2728 3135 2868 3196 quae
2895 3117 3198 3192 dicemus,
3226 3119 3567 3200 plurimum
3598 3121 3727 3180 de-

2143 3209 2435 3270 servient.
2460 3209 2550 3268 Ex
2574 3209 2892 3289 Scriptura
2914 3229 3113 3271 unum
3153 3213 3254 3272 vel
3284 3212 3549 3273 alterum
3580 3220 3727 3274 tes-

2144 3301 2471 3362 timonium
2500 3301 2786 3374 sufficiat,
2822 3305 2851 3362 1
2884 3303 2963 3363 ad
3008 3303 3281 3366 Corinth.
3334 3307 3445 3366 12:
3478 3303 3727 3388 Opera-

2143 3400 2249 3459 tur
2272 3396 2472 3457 omnia
2510 3397 2579 3457 in
2614 3397 2923 3470 omnibus;
2960 3399 3079 3458 Isa.
3110 3399 3226 3458 26:
3276 3397 3493 3462 Omnia
3526 3418 3727 3482 opera

2143 3493 2354 3555 nostra
2382 3493 2661 3568 operatus
2702 3507 2765 3551 es
2792 3490 2859 3551 in
2886 3491 3076 3564 nobis,
3122 3491 3396 3554 Domine.
3452 3491 3633 3564 Quod
3660 3493 3721 3553 si

2145 3582 2285 3660 quis
2314 3582 2447 3642 haec
2476 3583 2827 3643 testimonia
2856 3583 2935 3644 de
2972 3583 3118 3645 solis
3144 3584 3438 3664 operibus
3487 3587 3723 3664 gratiae

2144 3677 2243 3736 vel
2280 3677 2855 3755 supernaturalibus
2908 3684 3197 3758 exponat,
3224 3679 3495 3759 primum
3544 3679 3725 3740 dice—

2144 3789 2285 3830 mus
2306 3770 2495 3830 verba
2510 3771 2831 3849 generalia
2852 3789 2988 3831 esse
3009 3790 3023 3844 ;
3046 3769 3272 3833 deinde
3302 3771 3437 3833 aliis
3465 3773 3533 3833 in
3552 3772 3723 3834 locis

2146 3881 2502 3924 sermonem
2534 3882 2670 3923 esse
2705 3864 2767 3923 in
2803 3864 3008 3943 specie
3046 3863 3124 3925 de
3152 3865 3449 3945 operibus
3468 3866 3723 3926 ordinis

2145 3955 2468 4029 naturaliS‚
2488 3961 2559 4016 ut
2574 3958 2707 4016 Act.
2735 3959 2809 4016 17
2828 3975 2840 4014 :
2858 3957 2939 4018 In
2954 3957 3085 4039 ipso
3103 3956 3386 4032 vivimus,
3404 3975 3726 4020 movemur

2145 4053 2203 4112 et
2230 4067 2459 4121 sumus,
2491 4049 2603 4109 ubi
2626 4048 2773 4110 satis
2798 4055 3041 4112 constat
3068 4069 3427 4112 sermonem
3456 4071 3599 4114 esse
3630 4055 3723 4114 de

2145 4143 2397 4222 propria
2425 4159 2498 4203 ac
2542 4159 2657 4221 per
2684 4161 2751 4204 se
2779 4143 3128 4206 efficientia.
3162 4143 3284 4206 Sed
3312 4145 3721 4224 apertissime

2146 4235 2267 4296 hoc
2293 4235 2665 4297 describitur
2690 4236 2831 4298 Job.
2858 4238 2962 4296 10:
2994 4237 3227 4301 Manus
3255 4243 3396 4311 tuce,
3428 4239 3717 4314 Domine,

2144 4333 2412 4410 fecerunt
2430 4347 2539 4405 me,
2563 4335 2621 4392 et
2626 4329 3088 4408 plasmaverunt
3110 4347 3217 4404 me,
3244 4337 3398 4404 etc.;
3426 4335 3487 4392 et
3508 4331 3677 4392 infra
3700 4353 3717 4392 ι

2147 4423 2366 4486 Nonne
2392 4423 2551 4486 simet
2579 4423 2675 4486 lac
2698 4423 2967 4486 mulsisti
2986 4441 3078 4486 me
3095 4423 3125 4484 ,Ρ
3174 4424 3306 4495 Οιιο
3334 4443 3524 4485 sensu
3554 4426 3728 4488 dixit

2152 4517 2339 4577 etiam
2393 4515 2898 4578 Macbabaeorum
2942 4524 3164 4592 mater,
3211 4517 3315 4578 lib.
3358 4521 3420 4591 2,
3450 4539 3589 4600 cap.
3634 4523 3719 4580 7:

2156 4609 2555 4692 Sinqnlornm
2575 4613 2837 4674 membra
2861 4629 2975 4673 non
3003 4628 3106 4694 eqo
3129 4613 3269 4694 ipsa
3312 4615 3598 4698 compegi.
3643 4615 3725 4674 In

2152 4704 2248 4764 his
2288 4705 2457 4764 enim
2484 4703 2635 4765 locis
2676 4705 2953 4766 actiones
2996 4707 3266 4767 maxime
3318 4707 3586 4786 propriae
3620 4726 3729 4767 se·

2151 4798 2499 4858 cundorum
2540 4799 2885 4878 agentium,
2919 4805 2989 4860 ut
3028 4806 3173 4860 sunt
3218 4799 3537 4879 dispositio
3582 4819 3729 4861 ma-

2147 4891 2340 4964 teria»,
2369 4897 2431 4952 et
2458 4892 2834 4971 organisatio
2862 4894 3159 4972 corporis,
3176 4893 3303 4954 Deo
3328 4891 3721 4955 tribuuntur.

2149 4984 2393 5064 Optima
2445 4985 2715 5065 denique
2767 4989 2913 5046 sunt
2947 4986 3137 5048 verba
3167 4987 3388 5048 Christi
3436 4988 3723 5062 Domini,

2149 5078 2331 5139 Joan.
2357 5081 2395 5140 5
2422 5097 2436 5140 ε
2468 5077 2662 5142 Pater
2686 5097 2854 5142 meus
2890 5097 3075 5162 usqne
3104 5082 3273 5143 modo
3314 5088 3623 5160 operatur,
3656 5089 3729 5146 ec

2151 5189 2251 5253 eqo
2302 5189 2531 5254 operor.
2576 5173 2646 5233 In
2689 5172 2785 5233 his
2824 5173 2991 5234 enim
3040 5173 3249 5235 docuit
3291 5174 3567 5236 Christus
3614 5179 3729 5251 (ut

2152 5264 2366 5326 Patres
2396 5268 2737 5345 exponunt,
2754 5265 3092 5346 Gregorius
3118 5268 3561 5343 NazianzenuS,
3594 5269 3729 5347 Cy-

2150 5357 2347 5432 rinus,
2379 5360 2878 5438 ClirysostomuS,
2912 5379 3069 5440 quos
3100 5361 3287 5422 refert
3318 5367 3379 5422 et
3432 5361 3727 5422 imitatur

2152 5452 2331 5514 Card.
2350 5455 2575 5528 Tolet.‚
2604 5455 2785 5516 Joan.
2810 5457 2872 5529 5;
2894 5455 3294 5537 AugustinuS,
3324 5457 3397 5516 17
3420 5456 3479 5516 in
3496 5457 3683 5518 Joan.
3700 5501 3723 5532 ‚
