3850 6225
683 466 852 517 SEcT.
890 466 950 517 ll.
987 465 1069 516 AN
1103 466 1475 518 NECESSITAS
1508 467 1594 519 Ex
1625 465 2066 517 SUPPOSITIONE
2100 465 2221 517 VEL
2252 463 2493 529 DEBITO,
2530 462 2664 516 ETC.

64 563 110 623 le
139 582 156 633 ς
197 566 266 623 at
305 582 458 625 vero
489 565 874 643 propositum
908 563 1132 625 divinae
1156 565 1490 626 voluntatis
1524 566 1634 625 im·

65 654 370 719 mutabile
403 675 660 736 prorsus
709 662 803 717 est
839 657 902 717 in
947 676 1020 717 eo
1073 657 1242 737 quod
1286 658 1482 719 semel
1514 664 1633 717 sta-

67 750 194 817 tuit,
254 756 316 810 et
345 769 419 811 eo
447 749 636 811 modo
683 769 806 830 quo
853 748 1006 811 illud
1047 752 1283 825 statuit,
1317 756 1379 810 et
1405 752 1632 811 veritas

66 843 196 921 ejus
232 842 572 903 infallibilis
599 862 614 915 ;
664 862 814 923 ergo
843 862 1052 922 neque
1087 844 1326 923 indiget
1349 843 1470 903 alia
1490 862 1632 923 pro·

65 937 386 1011 missione,
436 955 642 1015 neque
680 943 774 998 est
820 957 1018 1017 capax
1065 940 1237 1017 eJUS,
1276 940 1422 1017 quia
1464 938 1634 1017 quod

66 1030 452 1091 immutabile
488 1035 733 1091 estnon
763 1035 968 1109 potest
993 1031 1444 1091 immutabilius
1469 1030 1629 1105 fieri,

65 1123 208 1201 quia
250 1126 414 1185 Deus
448 1124 509 1183 in
541 1124 670 1183 suis
713 1125 1023 1185 attributis
1069 1130 1476 1203 augmentum
1505 1143 1632 1183 non

65 1216 310 1295 recipit.
333 1218 406 1277 Et
430 1216 784 1277 declaratur
807 1236 842 1276 a
867 1218 1050 1277 simili
1076 1237 1090 1291 ;
1118 1236 1266 1278 nam
1283 1218 1360 1277 de
1388 1216 1628 1278 Christo

65 1310 358 1381 Domine,
393 1310 582 1370 etiam
611 1316 680 1369 ut
709 1310 983 1382 homine,
1014 1310 1101 1371 ait
1147 1312 1214 1371 D.
1246 1312 1520 1371 Thomas
1564 1310 1624 1371 2.

65 1404 120 1473 9.,
156 1408 382 1478 quaest.
415 1402 515 1475 88,
549 1408 666 1462 art.
708 1405 767 1477 4,
799 1402 880 1463 ad
909 1404 968 1475 3,
1002 1402 1158 1463 nibil
1185 1404 1453 1477 vovisse,
1483 1403 1630 1481 quia

67 1494 343 1555 habebat
380 1495 762 1556 voluntatem
803 1496 1117 1557 firmatam
1165 1496 1229 1557 in
1281 1497 1482 1569 bono;
1528 1514 1629 1557 ea-

65 1586 212 1646 dem
242 1594 458 1649 autem
491 1595 584 1649 est
628 1589 785 1649 ratio
829 1589 906 1649 de
936 1594 1079 1651 voto
1122 1594 1182 1650 et
1219 1589 1295 1649 de
1331 1606 1632 1669 quacum-

65 1698 185 1757 que
247 1679 664 1759 promissione
696 1728 712 1751 ,
770 1686 898 1741 tam
957 1689 1246 1761 respectu
1300 1681 1633 1761 aequalium

64 1792 258 1851 quam
297 1780 590 1853 respectu
617 1773 1004 1847 inferiorum,
1032 1775 1083 1834 si
1127 1774 1349 1835 eadem
1375 1774 1635 1834 firmitas

65 1867 122 1923 in
167 1866 541 1942 operatione
576 1874 990 1945 supponatur,
1017 1873 1262 1929 servata
1291 1867 1633 1947 proportio-

61 1976 136 2017 ne
167 1978 182 2029 ;
239 1978 394 2040 ergo
427 1978 462 2020 a
488 1959 728 2021 fortiori
757 1960 966 2021 divina
995 1961 1282 2022 voluntas
1322 1979 1450 2021 non
1480 1960 1636 2021 indi-

61 2060 160 2131 get
209 2052 467 2130 speciali
511 2052 926 2131 promissione
971 2054 1374 2133 superaddita
1404 2071 1634 2133 propo-

61 2146 174 2203 sito
227 2150 290 2205 et
341 2145 606 2225 simplici
652 2147 1004 2219 assertioni,
1038 2166 1180 2207 cum
1219 2166 1294 2207 ex
1336 2146 1394 2207 vi
1441 2148 1632 2207 solius

63 2238 365 2317 simplicis
392 2240 755 2301 assertionis
784 2238 1026 2299 firmata
1058 2239 1530 2301 immutabiliter
1562 2238 1639 2300 sit

67 2331 146 2389 ad
183 2331 379 2391 talem
411 2331 742 2393 actionem.
787 2333 1066 2394 Tandem
1095 2333 1159 2393 in
1189 2334 1355 2393 hunc
1381 2333 1638 2394 modum

67 2426 451 2498 declaratur,
493 2444 640 2485 nam
691 2427 754 2487 in
806 2427 1082 2487 humana
1119 2426 1438 2487 voluntate
1496 2444 1640 2505 pro-

69 2518 284 2578 missio
313 2526 542 2597 praeter
562 2522 952 2599 propositum
977 2519 1148 2580 addit
1167 2518 1507 2597 quamdam
1535 2537 1639 2579 ve-

69 2611 183 2670 luti
213 2612 633 2672 voluntariam
675 2614 884 2693 legem
925 2632 1112 2692 quam
1155 2613 1342 2672 homo
1381 2610 1492 2671 sibi
1525 2611 1640 2671 im-

69 2704 270 2783 ponit,
298 2710 505 2785 etqua
533 2724 596 2765 se
624 2706 856 2785 obligat
875 2705 956 2766 ad
996 2705 1230 2783 aliquid
1256 2704 1636 2777 faciendum,

69 2804 138 2857 ut
166 2796 442 2859 sumitur
475 2816 550 2858 ex
576 2800 649 2858 D.
685 2799 924 2859 Thoma
957 2801 1016 2859 2.
1045 2801 1107 2870 2,
1140 2800 1355 2877 quaest.
1387 2798 1486 2870 88,
1519 2804 1632 2858 art..

73 2895 98 2952 1
143 2897 208 2951 et
235 2893 334 2951 10.
361 2892 730 2970 Hujusmodi
769 2899 982 2953 autem
1007 2892 1163 2953 ratio
1197 2898 1258 2952 et
1295 2890 1521 2951 modus
1550 2891 1640 2952 le-

69 2985 166 3063 gis
197 2990 516 3064 repugnat
543 2983 766 3045 divinae
807 2984 1132 3057 voluntati,
1164 2984 1308 3063 quia
1351 2985 1454 3045 lex
1510 3003 1636 3045 non

67 3078 442 3156 imponitur,
479 3077 600 3138 nisi
632 3078 952 3158 supposita
979 3077 1186 3158 aliqua
1220 3076 1632 3138 indifferentia

71 3171 152 3230 ad
205 3170 633 3232 inclinandam
683 3173 1066 3234 voluntatem
1126 3171 1206 3232 ad
1277 3171 1640 3232 alterutram

69 3271 358 3342 partem,
413 3265 634 3324 saltem
677 3283 791 3343 per
833 3265 1092 3326 modum
1137 3265 1532 3344 obligationis
1582 3269 1644 3325 et

69 3358 348 3438 regulae;
389 3358 680 3418 voluntas
726 3365 938 3418 autem
971 3359 1200 3434 divina,
1258 3357 1401 3419 licet
1438 3358 1516 3419 sit
1551 3358 1644 3418 in-

67 3451 376 3512 differens
418 3458 561 3512 ante
590 3451 1003 3530 propositum,
1059 3459 1264 3512 tamen
1307 3469 1383 3511 ex
1415 3451 1474 3511 vi
1502 3469 1644 3530 pro-

67 3546 256 3624 positi
290 3545 374 3605 ita
403 3551 616 3606 manet
659 3544 1070 3606 determinata
1101 3591 1122 3619 ‚
1173 3550 1242 3606 ut
1279 3564 1406 3604 non
1449 3544 1645 3624 possit

69 3638 307 3698 mutari
357 3639 461 3698 vel
510 3638 941 3711 retrocedere;
990 3656 1138 3718 ergo
1165 3657 1294 3698 non
1340 3637 1532 3698 habet
1574 3637 1642 3696 in

69 3751 146 3791 ea
198 3733 410 3791 locum
463 3731 586 3792 alia
627 3732 978 3792 voluntaria
1028 3731 1152 3805 lex,
1183 3731 1284 3792 vel
1329 3733 1508 3808 quasi
1535 3731 1640 3792 lex

69 3843 198 3903 qua
241 3823 558 3903 obligetur
603 3825 682 3885 ad
738 3825 1126 3905 implendum
1184 3826 1354 3904 quod
1409 3842 1640 3905 propo-

67 3920 216 3980 suit.
257 3918 386 3980 Sed
434 3917 516 3978 ad
557 3937 873 3979 summum
917 3918 1106 3979 habet
1156 3918 1364 3978 locum
1407 3919 1470 3977 in
1509 3919 1640 3978 Deo

68 4013 251 4090 quasi
299 4010 602 4071 naturalis
647 4009 750 4071 lex
789 4011 1088 4082 veritatis,
1124 4028 1263 4090 quae
1291 4011 1474 4072 estin
1512 4009 1640 4070 dic-

71 4106 311 4166 tamine
363 4105 458 4166 sui
519 4103 868 4167 intellectus
923 4105 1176 4166 omnino
1227 4104 1584 4166 necessario
1616 4149 1636 4180 ,

67 4218 194 4278 quo
205 4197 456 4276 judicat
479 4199 642 4259 Deus
672 4197 762 4272 id,
790 4197 959 4277 quod
988 4216 1054 4258 se
1098 4197 1407 4258 facturum
1445 4197 1642 4259 semel

66 4292 367 4366 asseruit,
398 4292 650 4353 omnino
685 4309 820 4352 esse
852 4290 934 4351 ad
962 4291 1250 4353 effectum
1294 4291 1642 4370 perducen-

65 4385 248 4456 dum,
283 4388 356 4445 ut
394 4403 508 4444 sua
539 4385 768 4446 veritas
793 4383 1035 4463 integra
1067 4389 1128 4444 et
1172 4383 1364 4443 illaesa
1396 4402 1642 4462 perma-

65 4482 217 4538 neat
247 4497 262 4550 ;
313 4495 463 4556 ergo
489 4475 817 4556 promissio
860 4475 1064 4536 divina
1092 4476 1245 4536 nihil
1279 4475 1452 4536 addit
1481 4495 1642 4556 pree-

65 4577 160 4630 ter
203 4571 599 4650 propositum
629 4576 690 4632 et
735 4571 896 4631 hanc
927 4569 1339 4630 assertionem
1383 4570 1638 4630 omnino

65 4682 290 4724 veram
321 4669 382 4724 et
411 4662 820 4724 infallibilem.

148 4759 251 4816 Π.
300 4757 646 4820 Disco-imon
686 4757 849 4821 inter
887 4759 1212 4821 humanam
1258 4758 1638 4838 divinamque

65 4852 465 4912 assertionem
515 4850 868 4931 simplicem.
895 4849 1130 4912 —Sed
1167 4852 1298 4930 jam
1351 4856 1638 4930 superest

65 4941 376 5004 solvenda
438 4941 768 5005 difficultas
826 4961 1016 5022 supra
1063 4944 1286 5022 posita.
1341 4945 1637 5005 Videmur

65 5035 240 5094 enim
287 5035 375 5094 illi
422 5036 854 5112 succumbere,
885 5041 946 5098 et
980 5034 1304 5099 destruere
1346 5037 1639 5098 assertio-

65 5147 210 5188 nem
240 5127 422 5206 prius
458 5129 760 5208 positam;
797 5149 968 5204 nam,
1003 5131 1053 5191 si
1099 5131 1166 5192 in
1202 5132 1332 5191 Deo
1377 5149 1505 5190 non
1545 5133 1638 5190 est

63 5220 406 5298 promissio
458 5239 494 5280 a
540 5221 802 5300 simplici
857 5223 1202 5284 assertione
1255 5223 1523 5296 diversa,
1567 5226 1638 5284 ut

63 5332 235 5374 nunc
282 5312 573 5389 dicimuS,
617 5316 933 5394 quomodo
975 5335 1191 5377 verum
1239 5322 1333 5377 est
1374 5317 1438 5375 in
1481 5316 1636 5376 divi-

61 5425 214 5466 nam
239 5408 631 5470 voluntatem
668 5407 895 5470 cadere
941 5409 1220 5470 debitum
1266 5410 1365 5471 vel
1403 5409 1636 5488 obliga-

65 5501 304 5562 tionem
338 5521 417 5562 cx
447 5501 860 5581 promissione
892 5507 1132 5564 ortam?
1162 5503 1502 5565 Dicendum
1542 5509 1636 5564 est

61 5594 278 5674 igitur,
311 5595 380 5654 in
408 5594 612 5655 forma
655 5595 1119 5674 respondenda,
1153 5615 1282 5657 non
1327 5601 1494 5658 recte
1546 5597 1636 5656 in-

3066 529 3073 537 ,
3151 460 3270 521 419

1711 564 1858 625 ferri
1898 582 1934 623 a
1985 562 2249 646 simplici
2295 563 2639 623 assertione
2686 562 2961 625 humana
3012 562 3092 623 ad
3124 562 3275 624 divi-

1712 676 1899 728 nam;
1948 656 2225 718 concedo
2266 658 2435 719 enim
2480 656 2887 716 assertionem
2929 656 3275 735 simplicem

1712 750 1983 811 hominis
2010 768 2140 810 non
2179 749 2477 809 inducere
2521 749 2793 827 aliquam
2830 747 3274 827 obligationem

1714 844 1777 903 in
1813 844 2214 917 conscientia,
2250 845 2378 905 sive
2407 842 2690 904 naturale
2732 841 3035 915 debitum,
3072 848 3141 903 ut
3165 843 3277 903 Ju-

1715 938 2007 998 ristarum
2027 956 2202 999 more
2226 937 2557 1015 loquamur
2577 955 2592 1008 ;
2612 955 2660 1017 ,a
2670 934 3037 1021 ssertionpm
3066 940 3279 995 autem

1715 1029 1989 1091 divinam
2049 1030 2366 1091 includere
2414 1029 2699 1089 naturale
2752 1027 3068 1105 quoddam
3106 1026 3280 1087 debi-

1715 1128 1847 1183 tum
1890 1123 2173 1203 ejusdem
2205 1122 2461 1184 rationis
2494 1139 2639 1183 cum
2681 1120 2890 1180 debito
2918 1118 3280 1198 promissio-

1711 1216 1809 1276 nis
1853 1235 1868 1277 :
1922 1223 2109 1295 atque
2174 1217 2293 1279 hac
2350 1216 2591 1275 ratione
2650 1214 2949 1276 eminenti
3002 1212 3279 1293 quodam

1711 1310 1899 1371 modo
1945 1310 2177 1371 habere
2202 1310 2327 1370 vim
2360 1315 2422 1370 et
2456 1307 2799 1369 efficaciam
2824 1306 3272 1385 promissionis.

1719 1561 2005 1645 Simplex
2040 1563 2292 1626 assertio
2335 1565 2599 1626 human-a
2640 1580 2821 1643 quam
2863 1563 3278 1645 obliyationem

2366 1658 2633 1720 inducat.

1801 1868 1895 1927 18.
1944 1868 2071 1927 Hoc
2116 1872 2185 1927 ut
2227 1866 2564 1939 declarem,
2594 1866 2675 1925 ab
2703 1866 2996 1926 humanis
3039 1866 3279 1927 actibus

1716 1978 1828 2021 seu
1864 1960 2192 2019 virtutibus
2226 1958 2577 2019 inchoando
2599 2006 2614 2030 ‚
2650 1977 2935 2039 suppono
2976 1959 3281 2039 imprimis

1715 2052 2058 2132 simplicem
2089 2053 2497 2115 assertionem
2533 2054 2803 2113 hominis
2848 2053 2923 2113 de
2954 2070 3022 2113 re
3048 2052 3283 2113 facien-

1719 2146 1821 2219 da,
1869 2152 1977 2206 aut
2016 2145 2320 2206 beneficio
2348 2145 2740 2223 praestando,
2789 2146 2915 2206 duo
2971 2146 3281 2223 respicere

1719 2257 1924 2317 posse,
1961 2238 2216 2310 scilicet,
2248 2256 2523 2317 praesens
2548 2238 2959 2317 propositum,
3000 2244 3061 2299 et
3102 2238 3284 2298 effec-

1721 2339 1853 2391 tum
1892 2331 2171 2389 futurum
2219 2350 2296 2391 ex
2340 2331 2400 2391 vi
2449 2330 2587 2391 talis
2619 2332 2939 2409 propositi.
2975 2334 3285 2409 Respectu

1721 2424 1931 2503 primi,
1964 2423 2224 2484 includIt
2246 2425 2577 2485 intrinsece
2608 2424 3077 2503 obligationem,
3112 2443 3193 2485 ex
3222 2423 3282 2484 vi

1719 2517 2017 2587 veritatiS,
2047 2516 2325 2577 habendi
2362 2517 2485 2576 tale
2516 2516 2936 2596 propositum,
2970 2516 3154 2595 quale
3185 2534 3285 2577 re-

1721 2611 1909 2691 quirit
1943 2612 2097 2671 illud
2136 2630 2315 2689 opuS,
2348 2610 2517 2689 quod
2544 2611 2971 2688 praestandum
3000 2630 3111 2671 seu
3158 2611 3285 2671 effi·

1722 2704 2015 2765 ciendum
2056 2704 2393 2777 asseritur;
2430 2710 2719 2783 respectu
2746 2723 2893 2764 vero
2918 2694 3108 2765 futuri
3134 2721 3287 2781 ope-

1719 2798 1827 2870 ris,
1861 2816 1989 2857 non
2029 2796 2287 2875 requirit
2321 2797 2549 2875 veritas
2594 2798 2954 2877 hujusmodi
3001 2796 3288 2857 assertio·-

1721 2880 1848 2962 nis:
1900 2889 2068 2969 quod
2118 2896 2335 2969 postea
2375 2890 2527 2950 illud
2562 2909 2717 2969 opus
2769 2892 3024 2951 omnino
3065 2908 3286 2951 execu-

1719 2986 1871 3045 tioni
1905 2984 2261 3045 mandetur.
2287 2984 2366 3045 Ut
2394 2984 2559 3044 enim
2590 2984 2786 3062 inquit
2817 2986 2889 3045 D.
2918 2984 3189 3043 Thomas
3216 2985 3279 3043 2.

1721 3078 1782 3152 2,
1817 3083 2035 3154 quaest.
2071 3077 2172 3150 89,
2220 3076 2392 3138 artic.
2433 3080 2493 3151 7,
2529 3075 2610 3137 ad
2640 3080 2695 3149 1,
2730 3074 2959 3156 sufficit
3000 3078 3083 3140 ad
3124 3076 3284 3139 veri-

1723 3175 1908 3234 tatem
1936 3170 2117 3244 verbi‚
2150 3171 2310 3252 quod
2334 3171 2561 3254 aliquis
2596 3171 2757 3233 dieat
2782 3171 2852 3232 id
2882 3172 3039 3251 quod
3068 3187 3287 3250 propo-

1723 3262 1815 3325 nit
1862 3281 1924 3326 ee
1958 3269 2267 3338 facturum
2288 3307 2303 3333 ‚
2350 3264 2493 3344 quia
2517 3264 2659 3341 jam
2696 3264 2801 3328 Ῑιοο
2844 3281 3051 3326 verum
3086 3269 3176 3327 est
3218 3265 3287 3326 in

1724 3353 1840 3421 sud
1869 3375 2075 3432 eausa,
2124 3358 2353 3420 seilicet
2392 3357 2460 3418 iu
2504 3358 2813 3440 proposito
2840 3357 3123 3434 facientis
3148 3403 3165 3431 ,
3204 3358 3284 3418 de

1723 3469 1850 3529 quo
1880 3449 2189 3512 videndus
2231 3456 2326 3512 est
2368 3451 2701 3531 Cajetanus
2725 3496 2742 3525 ,
2771 3455 2923 3512 tom.
2960 3453 2989 3512 1
3025 3453 3281 3530 opusc„

1724 3549 1967 3606 tractat.
1999 3543 2317 3624 trigesimo
2358 3543 2560 3622 primo
2581 3589 2596 3618 ,
2627 3543 2733 3623 qui
2773 3551 2867 3606 est
2898 3545 3113 3606 decem
3145 3563 3288 3624 sep-

1721 3642 1846 3698 tem
1877 3654 2161 3714 respons.
2198 3637 2261 3697 in
2292 3637 2577 3716 septima.
2610 3636 2784 3697 Adde
2816 3655 2945 3697 non
2974 3639 3153 3700 aliter
3187 3656 3288 3698 as-

1723 3730 1844 3790 seri
1880 3748 1957 3790 ex
1984 3730 2041 3790 vi
2078 3729 2373 3808 simplicis
2404 3729 2764 3790 assertionis
2796 3729 3087 3790 humanae
3124 3777 3139 3802 ‚
3183 3729 3285 3791 cui

1720 3841 1834 3882 nec
1868 3823 2109 3882 ratione
2151 3822 2516 3900 juramenti,
2565 3841 2682 3884 nec
2720 3824 2962 3884 ratione
3021 3823 3284 3903 promis-

1719 3915 1911 3974 sionis
1958 3913 2320 3995 adjungitur
2358 3915 2654 3994 obligatio
2696 3916 3045 3989 efficiendi,
3098 3923 3169 3977 ut
3218 3916 3284 3974 in

1718 4025 1788 4068 re
1820 4008 1955 4088 ipsa
1991 4015 2053 4069 et
2089 4008 2153 4068 in
2202 4009 2571 4069 executione
2600 4027 2749 4070 vera
2782 4009 2859 4070 sit
2888 4009 2991 4069 illa
3022 4009 3282 4070 assertio

1723 4103 1802 4164 de
1827 4103 2061 4178 future,
2101 4107 2169 4163 ut
2209 4103 2463 4182 respicit
2490 4104 2782 4165 effectum
2811 4105 2879 4163 in
2914 4121 3005 4177 se,
3051 4109 3113 4164 et
3154 4121 3283 4164 non

1720 4201 1965 4256 tantum
1993 4196 2057 4255 in
2086 4214 2313 4268 causa;
2352 4195 2579 4274 quibus
2608 4196 2885 4270 seclusiS‚
2916 4196 3157 4257 nullum
3190 4200 3285 4256 est

1721 4287 2099 4367 principium
2126 4287 2223 4348 vel
2260 4294 2446 4368 caput
2480 4307 2557 4349 ex
2613 4307 2736 4368 quo
2790 4287 2983 4368 possit
3026 4287 3169 4348 oriri
3216 4287 3281 4348 in

1723 4383 1976 4444 homine
2015 4400 2165 4443 vera
2211 4388 2273 4443 et
2313 4383 2617 4444 naturalis
2653 4383 2945 4462 obligatio
2988 4401 3284 4462 perseve-

1719 4474 1899 4536 randi
1944 4476 2008 4535 in
2038 4473 2201 4536 dicto
2244 4475 2605 4555 proposito;
2638 4482 2699 4536 et
2744 4477 2828 4536 ita
2870 4481 3286 4537 commumter

1721 4570 1951 4631 docent
1986 4569 2354 4648 Scriptores
2402 4568 2723 4648 Significat
2755 4571 3087 4649 Gajetanus
3116 4571 3176 4630 2.
3215 4572 3277 4642 2,

1719 4667 1938 4742 quaest.
1982 4664 2095 4738 88,
2139 4665 2312 4726 artic.
2367 4667 2430 4738 1,
2484 4670 2546 4725 et
2584 4665 2811 4725 clarius
2846 4671 3064 4744 quaest.
3111 4666 3229 4732 113
3266 4709 3283 4736 ,

1717 4757 1892 4817 artic.
1931 4760 1989 4830 1,
2032 4761 2093 4817 et
2136 4757 2200 4816 in
2244 4757 2711 4830 Summ.,verb.
2735 4758 3028 4838 Perfidia.
3057 4755 3284 4819 Tenuit

1718 4851 1864 4911 Soto
1895 4851 1957 4909 in
1995 4851 2057 4922 4,
2092 4848 2359 4934 distinct.
2408 4851 2511 4927 20,
2553 4853 2767 4929 quaest.
2798 4851 2861 4924 2,
2891 4851 3063 4911 artie.
3111 4853 3174 4925 2,
3222 4855 3283 4912 et

1719 4943 1887 5004 idem
1918 4943 2111 5004 sensit
2140 4943 2353 5004 relect.
2374 4944 2453 5005 de
2472 4945 2671 5018 Secr.,
2700 4946 2933 5026 memb.
2964 4950 3023 5020 1,
3052 4952 3278 5025 quaest.

1721 5039 1780 5108 1,
1810 5036 1954 5096 licet
1986 5042 2227 5114 postea,
2261 5036 2328 5096 in
2352 5035 2461 5096 lib.
2496 5040 2532 5097 7
2557 5036 2635 5097 de
2659 5038 2891 5110 Justit.,
2921 5039 3281 5117 oppositum

1719 5128 2019 5190 docuerit.
2062 5129 2237 5191 Idem
2279 5131 2543 5191 sumitur
2586 5149 2663 5192 ex
2702 5131 3041 5210 Sylvestm,
3088 5131 3281 5192 verbo

1717 5223 1997 5300 Pactum,
2023 5221 2060 5304 ἓ
2085 5225 2123 5285 3
2152 5230 2213 5286 et
2238 5227 2299 5295 4,
2329 5230 2389 5285 et
2425 5243 2501 5284 ex
2526 5225 2601 5285 iis
2629 5243 2765 5304 quae
2792 5225 2959 5298 citat,
2998 5225 3047 5284 si
3078 5228 3281 5284 atten-

1715 5319 1777 5377 te
1827 5317 2092 5395 legatur.
2145 5320 2343 5379 Tenet
2387 5319 2715 5392 MatienzO,
2766 5318 2903 5378 libr.
2959 5320 2997 5388 5
3044 5320 3276 5398 Recop.

1717 5410 1841 5488 leg.
1887 5409 2172 5490 Hispan„
2221 5413 2312 5472 tit.
2348 5413 2444 5485 10,
2479 5412 2585 5473 lib.
2618 5415 2679 5485 7,
2707 5413 2895 5490 gloss·
2928 5414 2989 5484 2,
3026 5431 3061 5470 a
3095 5431 3277 5473 num.

1719 5505 1794 5564 15
1825 5521 2027 5582 usque
2076 5504 2155 5564 ad
2196 5506 2301 5576 ΞΟ,
2332 5511 2391 5565 et
2421 5504 2577 5566 titul.
2615 5507 2711 5576 16,
2744 5505 2850 5566 lib.
2897 5508 2957 5578 2,
2988 5505 3173 5584 gloss.
3210 5507 3273 5578 4,

1717 5615 1892 5659 num.
1924 5600 1965 5658 2
1997 5602 2057 5659 et
2088 5601 2183 5660 11.
2218 5601 2294 5659 At
2317 5617 2491 5676 vero,
2537 5599 2787 5680 quando
2818 5599 2923 5660 tali
2952 5599 3281 5663 assertioni
