<?xml version="1.0" encoding="UTF-8"?>
<!DOCTYPE html PUBLIC "-//W3C//DTD XHTML 1.0 Transitional//EN"
    "http://www.w3.org/TR/xhtml1/DTD/xhtml1-transitional.dtd">
<html xmlns="http://www.w3.org/1999/xhtml" xml:lang="en" lang="en">
 <head>
  <title>
</title>
<meta http-equiv="Content-Type" content="text/html;charset=utf-8" />
  <meta name='ocr-system' content='tesseract 3.04.00' />
  <meta name='ocr-capabilities' content='ocr_page ocr_carea ocr_par ocr_line ocrx_word'/>
</head>
<body>
  <div class='ocr_page' id='page_1' title='image "./rpfranciscisuar01duvagoog_0016.png"; bbox 0 0 3850 6225; ppageno 0'>
   <div class='ocr_carea' id='block_1_1' title="bbox 566 330 2391 419">
    <p class='ocr_par' dir='ltr' id='par_1_1' title="bbox 566 330 2391 419">
     <span class='ocr_line' id='line_1_1' title="bbox 566 330 2391 419; baseline -0.003 0"><span class='ocrx_word' id='word_1_1' title='bbox 566 330 620 419; x_wconf 65' lang='grc' dir='ltr'><em>ε’</em></span> <span class='ocrx_word' id='word_1_2' title='bbox 1933 350 2391 415; x_wconf 73' lang='lat' dir='ltr'><em>PROOEMIUM.</em></span> 
     </span>
    </p>
   </div>
   <div class='ocr_carea' id='block_1_2' title="bbox 551 478 3826 4878">
    <p class='ocr_par' dir='ltr' id='par_1_2' title="bbox 566 478 3764 847">
     <span class='ocr_line' id='line_1_2' title="bbox 566 478 3756 577; baseline 0 -24"><span class='ocrx_word' id='word_1_3' title='bbox 566 484 846 556; x_wconf 89' lang='lat' dir='ltr'><em>ritatem</em></span> <span class='ocrx_word' id='word_1_4' title='bbox 887 482 1308 573; x_wconf 85' lang='lat' dir='ltr'><em>necessaria,</em></span> <span class='ocrx_word' id='word_1_5' title='bbox 1338 483 1530 555; x_wconf 90' lang='lat' dir='ltr'><em>nullo</em></span> <span class='ocrx_word' id='word_1_6' title='bbox 1566 482 1676 556; x_wconf 92' lang='lat' dir='ltr'><em>vel</em></span> <span class='ocrx_word' id='word_1_7' title='bbox 1709 480 2032 569; x_wconf 88' lang='lat' dir='ltr'><em>levitatis,</em></span> <span class='ocrx_word' id='word_1_8' title='bbox 2070 480 2181 554; x_wconf 92' lang='lat' dir='ltr'><em>vel</em></span> <span class='ocrx_word' id='word_1_9' title='bbox 2210 480 2617 576; x_wconf 83' lang='lat' dir='ltr'><em>pertinaciae</em></span> <span class='ocrx_word' id='word_1_10' title='bbox 2651 480 2907 564; x_wconf 78' lang='lat' dir='ltr'><em>studia,</em></span> <span class='ocrx_word' id='word_1_11' title='bbox 2951 478 3177 554; x_wconf 90' lang='lat' dir='ltr'><em>aliove</em></span> <span class='ocrx_word' id='word_1_12' title='bbox 3214 480 3441 553; x_wconf 89' lang='lat' dir='ltr'><em>animi</em></span> <span class='ocrx_word' id='word_1_13' title='bbox 3466 479 3756 577; x_wconf 85' lang='lat' dir='ltr'><em>impetu,</em></span> 
     </span>
     <span class='ocr_line' id='line_1_3' title="bbox 567 578 3764 677; baseline 0.001 -26"><span class='ocrx_word' id='word_1_14' title='bbox 567 596 866 653; x_wconf 80' lang='lat' dir='ltr'><strong><em>mentem</em></strong></span> <span class='ocrx_word' id='word_1_15' title='bbox 921 594 1233 653; x_wconf 88' lang='lat' dir='ltr'><em>nostram</em></span> <span class='ocrx_word' id='word_1_16' title='bbox 1271 580 1528 653; x_wconf 81' lang='lat' dir='ltr'><strong><em>adduci</em></strong></span> <span class='ocrx_word' id='word_1_17' title='bbox 1559 578 1876 677; x_wconf 88' lang='lat' dir='ltr'><em>patiatur</em></span> <span class='ocrx_word' id='word_1_18' title='bbox 1901 606 1930 665; x_wconf 89' lang='lat'><em>;</em></span> <span class='ocrx_word' id='word_1_19' title='bbox 1986 604 2069 653; x_wconf 89' lang='lat' dir='ltr'><em>ac</em></span> <span class='ocrx_word' id='word_1_20' title='bbox 2116 579 2413 676; x_wconf 90' lang='lat' dir='ltr'><em>denique</em></span> <span class='ocrx_word' id='word_1_21' title='bbox 2450 594 2528 652; x_wconf 88' lang='lat' dir='ltr'><em>ut</em></span> <span class='ocrx_word' id='word_1_22' title='bbox 2582 603 2757 677; x_wconf 91' lang='lat' dir='ltr'><em>pure</em></span> <span class='ocrx_word' id='word_1_23' title='bbox 2802 578 3206 675; x_wconf 77' lang='lat' dir='ltr'><em>sincereque</em></span> <span class='ocrx_word' id='word_1_24' title='bbox 3254 578 3349 651; x_wconf 91' lang='lat' dir='ltr'><em>ad</em></span> <span class='ocrx_word' id='word_1_25' title='bbox 3398 578 3764 653; x_wconf 88' lang='lat' dir='ltr'><em>veritatem</em></span> 
     </span>
     <span class='ocr_line' id='line_1_4' title="bbox 569 676 3763 774; baseline 0 -25"><span class='ocrx_word' id='word_1_26' title='bbox 569 676 796 771; x_wconf 83' lang='lat' dir='ltr'><em>ipsam</em></span> <span class='ocrx_word' id='word_1_27' title='bbox 837 678 1193 751; x_wconf 88' lang='lat' dir='ltr'><em>oculorum</em></span> <span class='ocrx_word' id='word_1_28' title='bbox 1227 678 1454 752; x_wconf 89' lang='lat' dir='ltr'><em>aciem</em></span> <span class='ocrx_word' id='word_1_29' title='bbox 1497 678 1878 762; x_wconf 80' lang='lat' dir='ltr'><em>intendere,</em></span> <span class='ocrx_word' id='word_1_30' title='bbox 1932 678 2293 774; x_wconf 79' lang='lat' dir='ltr'><em>ipsamque</em></span> <span class='ocrx_word' id='word_1_31' title='bbox 2324 701 2476 749; x_wconf 89' lang='lat' dir='ltr'><em>rem</em></span> <span class='ocrx_word' id='word_1_32' title='bbox 2518 677 2830 751; x_wconf 88' lang='lat' dir='ltr'><em>invenire</em></span> <span class='ocrx_word' id='word_1_33' title='bbox 2866 700 2949 749; x_wconf 88' lang='lat' dir='ltr'><em>ac</em></span> <span class='ocrx_word' id='word_1_34' title='bbox 2992 677 3469 749; x_wconf 87' lang='lat' dir='ltr'><em>demonstrare</em></span> <span class='ocrx_word' id='word_1_35' title='bbox 3514 700 3763 750; x_wconf 89' lang='lat' dir='ltr'><em>conce-</em></span> 
     </span>
     <span class='ocr_line' id='line_1_5' title="bbox 567 775 712 847; baseline 0 0"><span class='ocrx_word' id='word_1_36' title='bbox 567 775 712 847; x_wconf 91' lang='lat' dir='ltr'><em>dat.</em></span> 
     </span>
    </p>

    <p class='ocr_par' dir='ltr' id='par_1_3' title="bbox 555 870 3826 2625">
     <span class='ocr_line' id='line_1_6' title="bbox 669 870 3761 971; baseline 0.001 -26"><span class='ocrx_word' id='word_1_37' title='bbox 669 872 1001 961; x_wconf 91' lang='lat' dir='ltr'><em>Quamvis</em></span> <span class='ocrx_word' id='word_1_38' title='bbox 1055 887 1288 946; x_wconf 89' lang='lat' dir='ltr'><em>autem</em></span> <span class='ocrx_word' id='word_1_39' title='bbox 1342 874 1516 947; x_wconf 84' lang='lat' dir='ltr'><em>mihi</em></span> <span class='ocrx_word' id='word_1_40' title='bbox 1571 874 2007 971; x_wconf 89' lang='lat' dir='ltr'><em>propositum</em></span> <span class='ocrx_word' id='word_1_41' title='bbox 2054 871 2272 969; x_wconf 78' lang='lat' dir='ltr'><em>fuerit</em></span> <span class='ocrx_word' id='word_1_42' title='bbox 2332 871 2571 945; x_wconf 91' lang='lat' dir='ltr'><em>omnia</em></span> <span class='ocrx_word' id='word_1_43' title='bbox 2632 872 2933 947; x_wconf 83' lang='lat' dir='ltr'><em>breviter</em></span> <span class='ocrx_word' id='word_1_44' title='bbox 2982 870 3474 968; x_wconf 78' lang='lat' dir='ltr'><em>perstrinqere,</em></span> <span class='ocrx_word' id='word_1_45' title='bbox 3530 886 3761 947; x_wconf 87' lang='lat' dir='ltr'><em>tamen</em></span> 
     </span>
     <span class='ocr_line' id='line_1_7' title="bbox 567 968 3759 1067; baseline 0 -24"><span class='ocrx_word' id='word_1_46' title='bbox 567 989 808 1067; x_wconf 86' lang='lat' dir='ltr'><em>postea</em></span> <span class='ocrx_word' id='word_1_47' title='bbox 838 971 1062 1043; x_wconf 83' lang='lat' dir='ltr'><em>visum</em></span> <span class='ocrx_word' id='word_1_48' title='bbox 1089 985 1192 1043; x_wconf 88' lang='lat' dir='ltr'><em>est</em></span> <span class='ocrx_word' id='word_1_49' title='bbox 1222 974 1443 1047; x_wconf 87' lang='lat' dir='ltr'><em>satius</em></span> <span class='ocrx_word' id='word_1_50' title='bbox 1479 998 1636 1045; x_wconf 90' lang='lat' dir='ltr'><em>eum</em></span> <span class='ocrx_word' id='word_1_51' title='bbox 1666 973 1953 1045; x_wconf 90' lang='lat' dir='ltr'><em>modum</em></span> <span class='ocrx_word' id='word_1_52' title='bbox 2007 968 2359 1053; x_wconf 80' lang='lat' dir='ltr'><em>adhibere,</em></span> <span class='ocrx_word' id='word_1_53' title='bbox 2394 984 2473 1043; x_wconf 89' lang='lat' dir='ltr'><em>ut</em></span> <span class='ocrx_word' id='word_1_54' title='bbox 2524 994 2651 1043; x_wconf 91' lang='lat' dir='ltr'><em>nec</em></span> <span class='ocrx_word' id='word_1_55' title='bbox 2696 970 3000 1043; x_wconf 82' lang='lat' dir='ltr'><em>dicerem</em></span> <span class='ocrx_word' id='word_1_56' title='bbox 3028 971 3413 1065; x_wconf 79' lang='lat' dir='ltr'><em>superflua,</em></span> <span class='ocrx_word' id='word_1_57' title='bbox 3468 995 3599 1043; x_wconf 88' lang='lat' dir='ltr'><em>nec</em></span> <span class='ocrx_word' id='word_1_58' title='bbox 3652 987 3759 1045; x_wconf 85' lang='lat' dir='ltr'><em>ta.-</em></span> 
     </span>
     <span class='ocr_line' id='line_1_8' title="bbox 568 1067 3759 1179; baseline 0.001 -39"><span class='ocrx_word' id='word_1_59' title='bbox 568 1092 798 1141; x_wconf 89' lang='lat' dir='ltr'><em>cerem</em></span> <span class='ocrx_word' id='word_1_60' title='bbox 833 1069 1227 1141; x_wconf 86' lang='lat' dir='ltr'><em>necessaria</em></span> <span class='ocrx_word' id='word_1_61' title='bbox 1245 1096 1274 1156; x_wconf 89' lang='lat'><em>;</em></span> <span class='ocrx_word' id='word_1_62' title='bbox 1301 1070 1425 1143; x_wconf 88' lang='lat' dir='ltr'><em>sed</em></span> <span class='ocrx_word' id='word_1_63' title='bbox 1464 1070 1566 1143; x_wconf 89' lang='lat' dir='ltr'><em>ita</em></span> <span class='ocrx_word' id='word_1_64' title='bbox 1592 1093 1810 1143; x_wconf 90' lang='lat' dir='ltr'><em>essem</em></span> <span class='ocrx_word' id='word_1_65' title='bbox 1846 1070 2112 1167; x_wconf 76' lang='lat' dir='ltr'><em>lonyus,</em></span> <span class='ocrx_word' id='word_1_66' title='bbox 2154 1082 2231 1140; x_wconf 88' lang='lat' dir='ltr'><em>ut</em></span> <span class='ocrx_word' id='word_1_67' title='bbox 2256 1092 2493 1141; x_wconf 88' lang='lat' dir='ltr'><em>omnes</em></span> <span class='ocrx_word' id='word_1_68' title='bbox 2521 1069 2671 1142; x_wconf 89' lang='lat' dir='ltr'><em>sine</em></span> <span class='ocrx_word' id='word_1_69' title='bbox 2701 1068 2990 1165; x_wconf 87' lang='lat' dir='ltr'><em>fastidio</em></span> <span class='ocrx_word' id='word_1_70' title='bbox 3028 1068 3378 1179; x_wconf 73' lang='lat' dir='ltr'><em>leqerent;</em></span> <span class='ocrx_word' id='word_1_71' title='bbox 3410 1067 3511 1142; x_wconf 89' lang='lat' dir='ltr'><em>ita</em></span> <span class='ocrx_word' id='word_1_72' title='bbox 3542 1092 3759 1143; x_wconf 87' lang='lat' dir='ltr'><em>essem</em></span> 
     </span>
     <span class='ocr_line' id='line_1_9' title="bbox 569 1164 3762 1264; baseline 0 -25"><span class='ocrx_word' id='word_1_73' title='bbox 569 1165 819 1257; x_wconf 90' lang='lat' dir='ltr'><em>brevis,</em></span> <span class='ocrx_word' id='word_1_74' title='bbox 854 1182 932 1237; x_wconf 89' lang='lat' dir='ltr'><em>ut</em></span> <span class='ocrx_word' id='word_1_75' title='bbox 968 1165 1146 1238; x_wconf 82' lang='lat' dir='ltr'><em>nihil</em></span> <span class='ocrx_word' id='word_1_76' title='bbox 1194 1167 1378 1264; x_wconf 88' lang='lat' dir='ltr'><em>quod</em></span> <span class='ocrx_word' id='word_1_77' title='bbox 1431 1170 1523 1240; x_wconf 91' lang='lat' dir='ltr'><em>ad</em></span> <span class='ocrx_word' id='word_1_78' title='bbox 1561 1166 1667 1240; x_wconf 90' lang='lat' dir='ltr'><em>rei</em></span> <span class='ocrx_word' id='word_1_79' title='bbox 1721 1166 2261 1263; x_wconf 76' lang='lat' dir='ltr'><em>explicationem</em></span> <span class='ocrx_word' id='word_1_80' title='bbox 2316 1164 2721 1261; x_wconf 75' lang='lat' dir='ltr'><em>pertineret,</em></span> <span class='ocrx_word' id='word_1_81' title='bbox 2758 1180 3307 1263; x_wconf 65' lang='lat' dir='ltr'><em>praetermissum</em></span> <span class='ocrx_word' id='word_1_82' title='bbox 3357 1190 3503 1239; x_wconf 89' lang='lat' dir='ltr'><em>esse</em></span> <span class='ocrx_word' id='word_1_83' title='bbox 3560 1167 3762 1241; x_wconf 87' lang='lat' dir='ltr'><em>vide-</em></span> 
     </span>
     <span class='ocr_line' id='line_1_10' title="bbox 565 1262 3760 1362; baseline 0.001 -27"><span class='ocrx_word' id='word_1_84' title='bbox 565 1276 782 1337; x_wconf 86' lang='lat' dir='ltr'><em>retur.</em></span> <span class='ocrx_word' id='word_1_85' title='bbox 827 1262 1049 1360; x_wconf 86' lang='lat' dir='ltr'><em>quue</em></span> <span class='ocrx_word' id='word_1_86' title='bbox 1073 1288 1153 1337; x_wconf 91' lang='lat' dir='ltr'><em>eo</em></span> <span class='ocrx_word' id='word_1_87' title='bbox 1192 1264 1594 1361; x_wconf 75' lang='lat' dir='ltr'><em>diliqentius</em></span> <span class='ocrx_word' id='word_1_88' title='bbox 1625 1264 1919 1361; x_wconf 76' lang='lat' dir='ltr'><em>faciam,</em></span> <span class='ocrx_word' id='word_1_89' title='bbox 1962 1289 2096 1362; x_wconf 91' lang='lat' dir='ltr'><em>quo</em></span> <span class='ocrx_word' id='word_1_90' title='bbox 2134 1264 2357 1361; x_wconf 78' lang='lat' dir='ltr'><em>maqis</em></span> <span class='ocrx_word' id='word_1_91' title='bbox 2409 1276 2511 1337; x_wconf 98' lang='grc' dir='ltr'><em>εει</em></span> <span class='ocrx_word' id='word_1_92' title='bbox 2546 1263 2852 1339; x_wconf 89' lang='lat' dir='ltr'><em>lubricus</em></span> <span class='ocrx_word' id='word_1_93' title='bbox 2894 1263 2969 1336; x_wconf 89' lang='lat' dir='ltr'><em>in</em></span> <span class='ocrx_word' id='word_1_94' title='bbox 3008 1264 3136 1335; x_wconf 86' lang='lat' dir='ltr'><em>lzoe</em></span> <span class='ocrx_word' id='word_1_95' title='bbox 3170 1278 3579 1360; x_wconf 75' lang='lat' dir='ltr'><em>arqumento</em></span> <span class='ocrx_word' id='word_1_96' title='bbox 3616 1264 3760 1361; x_wconf 89' lang='lat' dir='ltr'><em>ipse</em></span> 
     </span>
     <span class='ocr_line' id='line_1_11' title="bbox 569 1360 3759 1459; baseline 0.001 -26"><span class='ocrx_word' id='word_1_97' title='bbox 569 1360 895 1458; x_wconf 91' lang='lat' dir='ltr'><em>loquendi</em></span> <span class='ocrx_word' id='word_1_98' title='bbox 948 1362 1218 1445; x_wconf 89' lang='lat' dir='ltr'><em>modus,</em></span> <span class='ocrx_word' id='word_1_99' title='bbox 1259 1363 1434 1436; x_wconf 81' lang='lat' dir='ltr'><em>adeo</em></span> <span class='ocrx_word' id='word_1_100' title='bbox 1472 1375 1550 1435; x_wconf 89' lang='lat' dir='ltr'><em>ut</em></span> <span class='ocrx_word' id='word_1_101' title='bbox 1597 1386 1685 1435; x_wconf 77' lang='lat' dir='ltr'><em>ex</em></span> <span class='ocrx_word' id='word_1_102' title='bbox 1736 1362 1945 1435; x_wconf 90' lang='lat' dir='ltr'><em>unius</em></span> <span class='ocrx_word' id='word_1_103' title='bbox 1986 1362 2180 1437; x_wconf 90' lang='lat' dir='ltr'><em>verbi</em></span> <span class='ocrx_word' id='word_1_104' title='bbox 2228 1360 2682 1458; x_wconf 75' lang='lat' dir='ltr'><em>ambiquitate</em></span> <span class='ocrx_word' id='word_1_105' title='bbox 2718 1385 2992 1437; x_wconf 84' lang='lat' dir='ltr'><em>errores</em></span> <span class='ocrx_word' id='word_1_106' title='bbox 3045 1360 3522 1435; x_wconf 75' lang='lat' dir='ltr'><em>intolerabiles</em></span> <span class='ocrx_word' id='word_1_107' title='bbox 3577 1388 3759 1459; x_wconf 87' lang='lat' dir='ltr'><em>soepe</em></span> 
     </span>
     <span class='ocr_line' id='line_1_12' title="bbox 563 1457 3826 1557; baseline 0.002 -28"><span class='ocrx_word' id='word_1_108' title='bbox 563 1458 962 1555; x_wconf 74' lang='lat' dir='ltr'><em>qiqnantur.</em></span> <span class='ocrx_word' id='word_1_109' title='bbox 993 1458 1089 1532; x_wconf 91' lang='lat' dir='ltr'><em>Et</em></span> <span class='ocrx_word' id='word_1_110' title='bbox 1117 1458 1449 1557; x_wconf 89' lang='lat' dir='ltr'><em>quoniam</em></span> <span class='ocrx_word' id='word_1_111' title='bbox 1476 1461 1661 1557; x_wconf 90' lang='lat' dir='ltr'><em>quod</em></span> <span class='ocrx_word' id='word_1_112' title='bbox 1699 1460 1841 1533; x_wconf 91' lang='lat' dir='ltr'><em>leve</em></span> <span class='ocrx_word' id='word_1_113' title='bbox 1891 1476 1993 1532; x_wconf 90' lang='lat' dir='ltr'><em>est</em></span> <span class='ocrx_word' id='word_1_114' title='bbox 2026 1460 2103 1533; x_wconf 91' lang='lat' dir='ltr'><em>in</em></span> <span class='ocrx_word' id='word_1_115' title='bbox 2150 1459 2615 1557; x_wconf 84' lang='lat' dir='ltr'><em>philosophia,</em></span> <span class='ocrx_word' id='word_1_116' title='bbox 2655 1457 3386 1556; x_wconf 76' lang='lat' dir='ltr'><em>pestilentissimarum</em></span> <span class='ocrx_word' id='word_1_117' title='bbox 3418 1459 3759 1533; x_wconf 79' lang='lat' dir='ltr'><em>haeresum</em></span> <span class='ocrx_word' id='word_1_118' title='bbox 3825 1512 3826 1519; x_wconf 16' lang='grc' dir='ltr'><strong><em>ε</em></strong></span> 
     </span>
     <span class='ocr_line' id='line_1_13' title="bbox 562 1555 3759 1655; baseline 0.001 -28"><span class='ocrx_word' id='word_1_119' title='bbox 562 1556 644 1652; x_wconf 83' lang='lat' dir='ltr'><em>fit</em></span> <span class='ocrx_word' id='word_1_120' title='bbox 678 1558 1027 1629; x_wconf 88' lang='lat' dir='ltr'><em>interdum</em></span> <span class='ocrx_word' id='word_1_121' title='bbox 1059 1558 1518 1630; x_wconf 90' lang='lat' dir='ltr'><em>seminarium</em></span> <span class='ocrx_word' id='word_1_122' title='bbox 1563 1558 1636 1629; x_wconf 90' lang='lat' dir='ltr'><em>in</em></span> <span class='ocrx_word' id='word_1_123' title='bbox 1668 1556 2064 1654; x_wconf 77' lang='lat' dir='ltr'><em>Theoloqia,</em></span> <span class='ocrx_word' id='word_1_124' title='bbox 2103 1582 2191 1630; x_wconf 87' lang='lat' dir='ltr'><em>ne</em></span> <span class='ocrx_word' id='word_1_125' title='bbox 2224 1557 2300 1630; x_wconf 92' lang='lat' dir='ltr'><em>id</em></span> <span class='ocrx_word' id='word_1_126' title='bbox 2333 1556 2616 1653; x_wconf 88' lang='lat' dir='ltr'><em>quidem</em></span> <span class='ocrx_word' id='word_1_127' title='bbox 2648 1556 2798 1630; x_wconf 91' lang='lat' dir='ltr'><em>sine</em></span> <span class='ocrx_word' id='word_1_128' title='bbox 2820 1555 3021 1652; x_wconf 83' lang='lat' dir='ltr'><em>justa</em></span> <span class='ocrx_word' id='word_1_129' title='bbox 3054 1555 3523 1652; x_wconf 82' lang='lat' dir='ltr'><em>disputatione</em></span> <span class='ocrx_word' id='word_1_130' title='bbox 3566 1582 3759 1655; x_wconf 82' lang='lat' dir='ltr'><em>prae-</em></span> 
     </span>
     <span class='ocr_line' id='line_1_14' title="bbox 568 1653 3761 1752; baseline 0.001 -27"><span class='ocrx_word' id='word_1_131' title='bbox 568 1654 974 1727; x_wconf 91' lang='lat' dir='ltr'><em>tereundum</em></span> <span class='ocrx_word' id='word_1_132' title='bbox 1009 1670 1135 1737; x_wconf 89' lang='lat' dir='ltr'><em>est,</em></span> <span class='ocrx_word' id='word_1_133' title='bbox 1167 1656 1289 1728; x_wconf 90' lang='lat' dir='ltr'><em>sed</em></span> <span class='ocrx_word' id='word_1_134' title='bbox 1302 1669 1641 1751; x_wconf 89' lang='lat' dir='ltr'><em>quantum</em></span> <span class='ocrx_word' id='word_1_135' title='bbox 1666 1653 1840 1727; x_wconf 88' lang='lat' dir='ltr'><em>satis</em></span> <span class='ocrx_word' id='word_1_136' title='bbox 1867 1653 2005 1728; x_wconf 92' lang='lat' dir='ltr'><em>erit</em></span> <span class='ocrx_word' id='word_1_137' title='bbox 2032 1655 2538 1752; x_wconf 71' lang='lat' dir='ltr'><em>attingendum,</em></span> <span class='ocrx_word' id='word_1_138' title='bbox 2572 1668 2650 1727; x_wconf 89' lang='lat' dir='ltr'><em>ut</em></span> <span class='ocrx_word' id='word_1_139' title='bbox 2672 1669 2740 1727; x_wconf 90' lang='lat' dir='ltr'><em>et</em></span> <span class='ocrx_word' id='word_1_140' title='bbox 2758 1654 3103 1729; x_wconf 85' lang='lat' dir='ltr'><em>doctiores</em></span> <span class='ocrx_word' id='word_1_141' title='bbox 3116 1653 3533 1727; x_wconf 83' lang='lat' dir='ltr'><em>memoriam</em></span> <span class='ocrx_word' id='word_1_142' title='bbox 3559 1680 3761 1728; x_wconf 89' lang='lat' dir='ltr'><em>reno-</em></span> 
     </span>
     <span class='ocr_line' id='line_1_15' title="bbox 562 1750 3761 1849; baseline 0.001 -26"><span class='ocrx_word' id='word_1_143' title='bbox 562 1776 750 1833; x_wconf 89' lang='lat' dir='ltr'><em>vare,</em></span> <span class='ocrx_word' id='word_1_144' title='bbox 787 1766 854 1823; x_wconf 91' lang='lat' dir='ltr'><em>et</em></span> <span class='ocrx_word' id='word_1_145' title='bbox 886 1750 1116 1825; x_wconf 88' lang='lat' dir='ltr'><em>minus</em></span> <span class='ocrx_word' id='word_1_146' title='bbox 1149 1751 1358 1847; x_wconf 88' lang='lat' dir='ltr'><em>periti</em></span> <span class='ocrx_word' id='word_1_147' title='bbox 1406 1754 1491 1825; x_wconf 89' lang='lat' dir='ltr'><em>de</em></span> <span class='ocrx_word' id='word_1_148' title='bbox 1516 1777 1591 1825; x_wconf 91' lang='lat' dir='ltr'><em>re</em></span> <span class='ocrx_word' id='word_1_149' title='bbox 1630 1754 1838 1848; x_wconf 87' lang='lat' dir='ltr'><em>plane</em></span> <span class='ocrx_word' id='word_1_150' title='bbox 1872 1754 2128 1826; x_wconf 89' lang='lat' dir='ltr'><em>instrui</em></span> <span class='ocrx_word' id='word_1_151' title='bbox 2162 1752 2451 1847; x_wconf 83' lang='lat' dir='ltr'><em>possint.</em></span> <span class='ocrx_word' id='word_1_152' title='bbox 2511 1752 2769 1842; x_wconf 84' lang='lat' dir='ltr'><em>Quare,</em></span> <span class='ocrx_word' id='word_1_153' title='bbox 2831 1753 3148 1849; x_wconf 88' lang='lat' dir='ltr'><em>quamvis</em></span> <span class='ocrx_word' id='word_1_154' title='bbox 3194 1752 3401 1847; x_wconf 82' lang='lat' dir='ltr'><em>hujus</em></span> <span class='ocrx_word' id='word_1_155' title='bbox 3434 1752 3761 1848; x_wconf 87' lang='lat' dir='ltr'><em>disputa·</em></span> 
     </span>
     <span class='ocr_line' id='line_1_16' title="bbox 566 1849 3759 1947; baseline 0.001 -27"><span class='ocrx_word' id='word_1_156' title='bbox 566 1850 774 1922; x_wconf 86' lang='lat' dir='ltr'><em>tionis</em></span> <span class='ocrx_word' id='word_1_157' title='bbox 813 1849 1243 1945; x_wconf 87' lang='lat' dir='ltr'><em>praecipuum</em></span> <span class='ocrx_word' id='word_1_158' title='bbox 1279 1866 1488 1947; x_wconf 89' lang='lat' dir='ltr'><em>caput</em></span> <span class='ocrx_word' id='word_1_159' title='bbox 1531 1851 1622 1922; x_wconf 88' lang='lat' dir='ltr'><em>sit</em></span> <span class='ocrx_word' id='word_1_160' title='bbox 1668 1850 1926 1947; x_wconf 73' lang='lat' dir='ltr'><em>efficax</em></span> <span class='ocrx_word' id='word_1_161' title='bbox 1962 1851 2335 1938; x_wconf 79' lang='lat' dir='ltr'><em>auxilium,</em></span> <span class='ocrx_word' id='word_1_162' title='bbox 2388 1865 2646 1940; x_wconf 90' lang='lat' dir='ltr'><em>tamen,</em></span> <span class='ocrx_word' id='word_1_163' title='bbox 2700 1849 2868 1947; x_wconf 91' lang='lat' dir='ltr'><em>quia</em></span> <span class='ocrx_word' id='word_1_164' title='bbox 2913 1854 3039 1924; x_wconf 83' lang='lat' dir='ltr'><em>hoc</em></span> <span class='ocrx_word' id='word_1_165' title='bbox 3086 1850 3316 1945; x_wconf 89' lang='lat' dir='ltr'><em>ipsum</em></span> <span class='ocrx_word' id='word_1_166' title='bbox 3365 1874 3759 1923; x_wconf 70' lang='lat' dir='ltr'><em>connexum</em></span> 
     </span>
     <span class='ocr_line' id='line_1_17' title="bbox 563 1946 3759 2045; baseline 0.001 -26"><span class='ocrx_word' id='word_1_167' title='bbox 563 1946 1134 2043; x_wconf 76' lang='lat' dir='ltr'><em>implicatumque</em></span> <span class='ocrx_word' id='word_1_168' title='bbox 1177 1959 1277 2021; x_wconf 88' lang='lat' dir='ltr'><em>est</em></span> <span class='ocrx_word' id='word_1_169' title='bbox 1312 1974 1471 2020; x_wconf 87' lang='lat' dir='ltr'><em>cum</em></span> <span class='ocrx_word' id='word_1_170' title='bbox 1507 1948 1945 2044; x_wconf 74' lang='lat' dir='ltr'><em>qeneralibus</em></span> <span class='ocrx_word' id='word_1_171' title='bbox 1975 1947 2345 2045; x_wconf 89' lang='lat' dir='ltr'><em>principiis</em></span> <span class='ocrx_word' id='word_1_172' title='bbox 2394 1948 2479 2021; x_wconf 89' lang='lat' dir='ltr'><em>de</em></span> <span class='ocrx_word' id='word_1_173' title='bbox 2514 1947 2764 2043; x_wconf 87' lang='lat' dir='ltr'><em>primae</em></span> <span class='ocrx_word' id='word_1_174' title='bbox 2814 1972 3043 2021; x_wconf 87' lang='lat' dir='ltr'><em>causoe</em></span> <span class='ocrx_word' id='word_1_175' title='bbox 3080 1970 3417 2020; x_wconf 87' lang='lat' dir='ltr'><em>concursu</em></span> <span class='ocrx_word' id='word_1_176' title='bbox 3456 1973 3541 2021; x_wconf 88' lang='lat' dir='ltr'><em>ae</em></span> <span class='ocrx_word' id='word_1_177' title='bbox 3581 1973 3759 2043; x_wconf 85' lang='lat' dir='ltr'><em>pro-</em></span> 
     </span>
     <span class='ocr_line' id='line_1_18' title="bbox 560 2044 3750 2144; baseline 0 -28"><span class='ocrx_word' id='word_1_178' title='bbox 560 2045 897 2131; x_wconf 85' lang='lat' dir='ltr'><em>videntia,</em></span> <span class='ocrx_word' id='word_1_179' title='bbox 937 2059 1003 2116; x_wconf 93' lang='lat' dir='ltr'><em>et</em></span> <span class='ocrx_word' id='word_1_180' title='bbox 1036 2044 1204 2141; x_wconf 91' lang='lat' dir='ltr'><em>quia</em></span> <span class='ocrx_word' id='word_1_181' title='bbox 1250 2046 1335 2119; x_wconf 93' lang='lat' dir='ltr'><em>de</em></span> <span class='ocrx_word' id='word_1_182' title='bbox 1371 2046 1642 2119; x_wconf 85' lang='lat' dir='ltr'><em>actibus</em></span> <span class='ocrx_word' id='word_1_183' title='bbox 1693 2046 1927 2118; x_wconf 90' lang='lat' dir='ltr'><em>liberis</em></span> <span class='ocrx_word' id='word_1_184' title='bbox 1972 2045 2213 2144; x_wconf 89' lang='lat' dir='ltr'><em>aliqua</em></span> <span class='ocrx_word' id='word_1_185' title='bbox 2260 2045 2405 2118; x_wconf 86' lang='lat' dir='ltr'><em>alia</em></span> <span class='ocrx_word' id='word_1_186' title='bbox 2431 2046 2755 2143; x_wconf 80' lang='lat' dir='ltr'><em>doqmata</em></span> <span class='ocrx_word' id='word_1_187' title='bbox 2796 2045 3137 2142; x_wconf 90' lang='lat' dir='ltr'><em>permista</em></span> <span class='ocrx_word' id='word_1_188' title='bbox 3181 2068 3326 2117; x_wconf 90' lang='lat' dir='ltr'><em>esse</em></span> <span class='ocrx_word' id='word_1_189' title='bbox 3370 2046 3750 2129; x_wconf 75' lang='lat' dir='ltr'><em>cernimuS,</em></span> 
     </span>
     <span class='ocr_line' id='line_1_19' title="bbox 562 2142 3757 2240; baseline 0.001 -27"><span class='ocrx_word' id='word_1_190' title='bbox 562 2144 1004 2215; x_wconf 89' lang='lat' dir='ltr'><em>commodum</em></span> <span class='ocrx_word' id='word_1_191' title='bbox 1038 2142 1238 2216; x_wconf 87' lang='lat' dir='ltr'><em>nobis</em></span> <span class='ocrx_word' id='word_1_192' title='bbox 1271 2144 1495 2216; x_wconf 88' lang='lat' dir='ltr'><em>visum</em></span> <span class='ocrx_word' id='word_1_193' title='bbox 1546 2157 1646 2217; x_wconf 93' lang='lat' dir='ltr'><em>est</em></span> <span class='ocrx_word' id='word_1_194' title='bbox 1684 2158 1900 2215; x_wconf 89' lang='lat' dir='ltr'><em>totum</em></span> <span class='ocrx_word' id='word_1_195' title='bbox 1937 2144 2061 2217; x_wconf 83' lang='lat' dir='ltr'><em>hoc</em></span> <span class='ocrx_word' id='word_1_196' title='bbox 2098 2168 2271 2240; x_wconf 87' lang='lat' dir='ltr'><em>opus</em></span> <span class='ocrx_word' id='word_1_197' title='bbox 2308 2142 2527 2217; x_wconf 87' lang='lat' dir='ltr'><em>tribus</em></span> <span class='ocrx_word' id='word_1_198' title='bbox 2576 2142 2773 2217; x_wconf 86' lang='lat' dir='ltr'><em>libris</em></span> <span class='ocrx_word' id='word_1_199' title='bbox 2808 2142 3415 2238; x_wconf 72' lang='lat' dir='ltr'><em>comprehendere,</em></span> <span class='ocrx_word' id='word_1_200' title='bbox 3456 2167 3757 2239; x_wconf 86' lang='lat' dir='ltr'><em>quorum</em></span> 
     </span>
     <span class='ocr_line' id='line_1_20' title="bbox 558 2238 3760 2333; baseline 0 -21"><span class='ocrx_word' id='word_1_201' title='bbox 558 2240 830 2333; x_wconf 90' lang='lat' dir='ltr'><em>primus</em></span> <span class='ocrx_word' id='word_1_202' title='bbox 881 2240 974 2311; x_wconf 90' lang='lat' dir='ltr'><em>sit</em></span> <span class='ocrx_word' id='word_1_203' title='bbox 1025 2240 1343 2313; x_wconf 88' lang='lat' dir='ltr'><em>universe</em></span> <span class='ocrx_word' id='word_1_204' title='bbox 1381 2242 1466 2313; x_wconf 88' lang='lat' dir='ltr'><em>de</em></span> <span class='ocrx_word' id='word_1_205' title='bbox 1500 2241 1704 2313; x_wconf 86' lang='lat' dir='ltr'><em>modo</em></span> <span class='ocrx_word' id='word_1_206' title='bbox 1761 2242 2223 2315; x_wconf 88' lang='lat' dir='ltr'><em>concurrendi</em></span> <span class='ocrx_word' id='word_1_207' title='bbox 2264 2239 2397 2315; x_wconf 91' lang='lat' dir='ltr'><em>Dei</em></span> <span class='ocrx_word' id='word_1_208' title='bbox 2434 2266 2593 2313; x_wconf 91' lang='lat' dir='ltr'><em>cum</em></span> <span class='ocrx_word' id='word_1_209' title='bbox 2642 2266 2856 2314; x_wconf 86' lang='lat' dir='ltr'><em>causa</em></span> <span class='ocrx_word' id='word_1_210' title='bbox 2900 2242 3205 2314; x_wconf 88' lang='lat' dir='ltr'><em>secunda</em></span> <span class='ocrx_word' id='word_1_211' title='bbox 3260 2238 3481 2313; x_wconf 88' lang='lat' dir='ltr'><em>libera</em></span> <span class='ocrx_word' id='word_1_212' title='bbox 3495 2266 3525 2325; x_wconf 93' lang='lat'><em>,·</em></span> <span class='ocrx_word' id='word_1_213' title='bbox 3571 2241 3760 2315; x_wconf 85' lang='lat' dir='ltr'><em>alter</em></span> 
     </span>
     <span class='ocr_line' id='line_1_21' title="bbox 558 2336 3752 2435; baseline 0 -26"><span class='ocrx_word' id='word_1_214' title='bbox 558 2361 719 2409; x_wconf 91' lang='lat' dir='ltr'><em>vero</em></span> <span class='ocrx_word' id='word_1_215' title='bbox 753 2337 837 2408; x_wconf 94' lang='lat' dir='ltr'><em>de</em></span> <span class='ocrx_word' id='word_1_216' title='bbox 869 2336 978 2408; x_wconf 83' lang='lat' dir='ltr'><em>his</em></span> <span class='ocrx_word' id='word_1_217' title='bbox 1010 2361 1165 2433; x_wconf 84' lang='lat' dir='ltr'><em>quoe</em></span> <span class='ocrx_word' id='word_1_218' title='bbox 1188 2338 1539 2433; x_wconf 84' lang='lat' dir='ltr'><em>pertinent</em></span> <span class='ocrx_word' id='word_1_219' title='bbox 1571 2339 1663 2411; x_wconf 88' lang='lat' dir='ltr'><em>ad</em></span> <span class='ocrx_word' id='word_1_220' title='bbox 1702 2352 1896 2411; x_wconf 89' lang='lat' dir='ltr'><em>actus</em></span> <span class='ocrx_word' id='word_1_221' title='bbox 1930 2339 2197 2411; x_wconf 86' lang='lat' dir='ltr'><em>ordinis</em></span> <span class='ocrx_word' id='word_1_222' title='bbox 2224 2338 2598 2425; x_wconf 88' lang='lat' dir='ltr'><em>naturalis,</em></span> <span class='ocrx_word' id='word_1_223' title='bbox 2628 2353 2769 2411; x_wconf 89' lang='lat' dir='ltr'><em>tam</em></span> <span class='ocrx_word' id='word_1_224' title='bbox 2814 2339 3028 2412; x_wconf 88' lang='lat' dir='ltr'><em>bonos</em></span> <span class='ocrx_word' id='word_1_225' title='bbox 3070 2362 3281 2435; x_wconf 89' lang='lat' dir='ltr'><em>quam</em></span> <span class='ocrx_word' id='word_1_226' title='bbox 3308 2339 3529 2411; x_wconf 90' lang='lat' dir='ltr'><em>malos</em></span> <span class='ocrx_word' id='word_1_227' title='bbox 3546 2365 3575 2423; x_wconf 91' lang='lat'><em>;</em></span> <span class='ocrx_word' id='word_1_228' title='bbox 3614 2352 3752 2410; x_wconf 79' lang='lat' dir='ltr'><em>ter·</em></span> 
     </span>
     <span class='ocr_line' id='line_1_22' title="bbox 562 2434 3753 2535; baseline 0.002 -32"><span class='ocrx_word' id='word_1_229' title='bbox 562 2434 697 2506; x_wconf 90' lang='lat' dir='ltr'><em>tius</em></span> <span class='ocrx_word' id='word_1_230' title='bbox 732 2434 982 2507; x_wconf 90' lang='lat' dir='ltr'><em>deinde</em></span> <span class='ocrx_word' id='word_1_231' title='bbox 1014 2435 1100 2508; x_wconf 91' lang='lat' dir='ltr'><em>de</em></span> <span class='ocrx_word' id='word_1_232' title='bbox 1135 2436 1243 2509; x_wconf 84' lang='lat' dir='ltr'><em>his</em></span> <span class='ocrx_word' id='word_1_233' title='bbox 1271 2435 1588 2509; x_wconf 88' lang='lat' dir='ltr'><em>omnibus</em></span> <span class='ocrx_word' id='word_1_234' title='bbox 1622 2461 1776 2533; x_wconf 87' lang='lat' dir='ltr'><em>quoe</em></span> <span class='ocrx_word' id='word_1_235' title='bbox 1821 2437 1913 2509; x_wconf 89' lang='lat' dir='ltr'><em>ad</em></span> <span class='ocrx_word' id='word_1_236' title='bbox 1952 2435 2597 2535; x_wconf 73' lang='lat' dir='ltr'><em>qratiamspectant</em></span> <span class='ocrx_word' id='word_1_237' title='bbox 2623 2438 3010 2535; x_wconf 65' lang='lat' dir='ltr'><em>effic-acm,</em></span> <span class='ocrx_word' id='word_1_238' title='bbox 3044 2450 3113 2510; x_wconf 91' lang='lat' dir='ltr'><em>et</em></span> <span class='ocrx_word' id='word_1_239' title='bbox 3142 2438 3753 2531; x_wconf 73' lang='lat' dir='ltr'><em>supernaturalem</em></span> 
     </span>
     <span class='ocr_line' id='line_1_23' title="bbox 555 2532 1093 2625; baseline 0 -22"><span class='ocrx_word' id='word_1_240' title='bbox 555 2532 1093 2625; x_wconf 88' lang='lat' dir='ltr'><em>providentiam.</em></span> 
     </span>
    </p>

    <p class='ocr_par' dir='ltr' id='par_1_4' title="bbox 551 2628 3753 3678">
     <span class='ocr_line' id='line_1_24' title="bbox 657 2628 3748 2730; baseline 0.001 -29"><span class='ocrx_word' id='word_1_241' title='bbox 657 2628 1082 2726; x_wconf 78' lang='lat' dir='ltr'><em>Disputandi</em></span> <span class='ocrx_word' id='word_1_242' title='bbox 1109 2645 1340 2704; x_wconf 91' lang='lat' dir='ltr'><em>autem</em></span> <span class='ocrx_word' id='word_1_243' title='bbox 1371 2632 1617 2704; x_wconf 87' lang='lat' dir='ltr'><em>modus</em></span> <span class='ocrx_word' id='word_1_244' title='bbox 1663 2632 1725 2705; x_wconf 89' lang='lat' dir='ltr'><em>is</em></span> <span class='ocrx_word' id='word_1_245' title='bbox 1757 2630 1919 2719; x_wconf 89' lang='lat' dir='ltr'><em>erit,</em></span> <span class='ocrx_word' id='word_1_246' title='bbox 1958 2632 2079 2728; x_wconf 91' lang='lat' dir='ltr'><em>qui</em></span> <span class='ocrx_word' id='word_1_247' title='bbox 2121 2631 2476 2728; x_wconf 86' lang='lat' dir='ltr'><em>proposito</em></span> <span class='ocrx_word' id='word_1_248' title='bbox 2510 2630 2638 2730; x_wconf 77' lang='lat' dir='ltr'><em>fini</em></span> <span class='ocrx_word' id='word_1_249' title='bbox 2683 2630 2993 2705; x_wconf 70' lang='lat' dir='ltr'><em>mamime</em></span> <span class='ocrx_word' id='word_1_250' title='bbox 3045 2646 3543 2705; x_wconf 83' lang='lat' dir='ltr'><em>consentaneus</em></span> <span class='ocrx_word' id='word_1_251' title='bbox 3598 2656 3748 2705; x_wconf 87' lang='lat' dir='ltr'><em>esse</em></span> 
     </span>
     <span class='ocr_line' id='line_1_25' title="bbox 555 2726 3752 2841; baseline 0.001 -42"><span class='ocrx_word' id='word_1_252' title='bbox 555 2726 928 2815; x_wconf 78' lang='lat' dir='ltr'><em>videbitur,</em></span> <span class='ocrx_word' id='word_1_253' title='bbox 967 2741 1033 2799; x_wconf 93' lang='lat' dir='ltr'><em>et</em></span> <span class='ocrx_word' id='word_1_254' title='bbox 1069 2752 1202 2825; x_wconf 90' lang='lat' dir='ltr'><em>quo</em></span> <span class='ocrx_word' id='word_1_255' title='bbox 1241 2727 1498 2802; x_wconf 90' lang='lat' dir='ltr'><em>veritas</em></span> <span class='ocrx_word' id='word_1_256' title='bbox 1541 2730 1695 2825; x_wconf 86' lang='lat' dir='ltr'><em>ipsa</em></span> <span class='ocrx_word' id='word_1_257' title='bbox 1726 2730 1950 2841; x_wconf 74' lang='lat' dir='ltr'><em>maqis</em></span> <span class='ocrx_word' id='word_1_258' title='bbox 1984 2730 2348 2803; x_wconf 86' lang='lat' dir='ltr'><em>elucescat.</em></span> <span class='ocrx_word' id='word_1_259' title='bbox 2382 2728 2750 2826; x_wconf 85' lang='lat' dir='ltr'><em>Imprimis</em></span> <span class='ocrx_word' id='word_1_260' title='bbox 2795 2728 3010 2825; x_wconf 75' lang='lat' dir='ltr'><em>iqitur</em></span> <span class='ocrx_word' id='word_1_261' title='bbox 3058 2728 3315 2803; x_wconf 83' lang='lat' dir='ltr'><em>divinae</em></span> <span class='ocrx_word' id='word_1_262' title='bbox 3361 2728 3752 2824; x_wconf 83' lang='lat' dir='ltr'><em>Scripturae</em></span> 
     </span>
     <span class='ocr_line' id='line_1_26' title="bbox 560 2824 3753 2927; baseline 0.002 -32"><span class='ocrx_word' id='word_1_263' title='bbox 560 2824 980 2927; x_wconf 71' lang='lat' dir='ltr'><em>testimonia,</em></span> <span class='ocrx_word' id='word_1_264' title='bbox 1019 2825 1442 2922; x_wconf 83' lang='lat' dir='ltr'><em>Pontificum</em></span> <span class='ocrx_word' id='word_1_265' title='bbox 1477 2842 1543 2899; x_wconf 90' lang='lat' dir='ltr'><em>et</em></span> <span class='ocrx_word' id='word_1_266' title='bbox 1603 2824 2077 2901; x_wconf 82' lang='lat' dir='ltr'><em>Conciltorum</em></span> <span class='ocrx_word' id='word_1_267' title='bbox 2118 2828 2577 2924; x_wconf 82' lang='lat' dir='ltr'><em>definitiones,</em></span> <span class='ocrx_word' id='word_1_268' title='bbox 2635 2843 2703 2900; x_wconf 93' lang='grc' dir='ltr'><strong><em>ει</em></strong></span> <span class='ocrx_word' id='word_1_269' title='bbox 2750 2827 2941 2900; x_wconf 87' lang='lat' dir='ltr'><em>dicta</em></span> <span class='ocrx_word' id='word_1_270' title='bbox 2990 2841 3391 2900; x_wconf 88' lang='lat' dir='ltr'><em>sanctorum</em></span> <span class='ocrx_word' id='word_1_271' title='bbox 3446 2825 3753 2900; x_wconf 85' lang='lat' dir='ltr'><em>Patrum</em></span> 
     </span>
     <span class='ocr_line' id='line_1_27' title="bbox 554 2921 3747 3022; baseline 0.002 -30"><span class='ocrx_word' id='word_1_272' title='bbox 554 2921 924 3019; x_wconf 76' lang='lat' dir='ltr'><em>diliqenter</em></span> <span class='ocrx_word' id='word_1_273' title='bbox 961 2925 1446 3018; x_wconf 78' lang='lat' dir='ltr'><em>expendemus.</em></span> <span class='ocrx_word' id='word_1_274' title='bbox 1495 2922 1841 3011; x_wconf 85' lang='lat' dir='ltr'><em>Quoniam</em></span> <span class='ocrx_word' id='word_1_275' title='bbox 1877 2949 2036 2998; x_wconf 88' lang='lat' dir='ltr'><em>vero</em></span> <span class='ocrx_word' id='word_1_276' title='bbox 2090 2926 2408 2999; x_wconf 86' lang='lat' dir='ltr'><em>doctrina</em></span> <span class='ocrx_word' id='word_1_277' title='bbox 2436 2926 2581 2998; x_wconf 85' lang='lat' dir='ltr'><em>haec</em></span> <span class='ocrx_word' id='word_1_278' title='bbox 2635 2924 2719 2997; x_wconf 92' lang='lat' dir='ltr'><em>de</em></span> <span class='ocrx_word' id='word_1_279' title='bbox 2772 2924 3005 3022; x_wconf 75' lang='lat' dir='ltr'><em>qratia</em></span> <span class='ocrx_word' id='word_1_280' title='bbox 3038 2941 3106 2999; x_wconf 93' lang='lat' dir='ltr'><em>et</em></span> <span class='ocrx_word' id='word_1_281' title='bbox 3150 2924 3369 2998; x_wconf 87' lang='lat' dir='ltr'><em>libero</em></span> <span class='ocrx_word' id='word_1_282' title='bbox 3416 2924 3747 3016; x_wconf 88' lang='lat' dir='ltr'><em>arbitrio,</em></span> 
     </span>
     <span class='ocr_line' id='line_1_28' title="bbox 552 3018 3753 3120; baseline 0.002 -30"><span class='ocrx_word' id='word_1_283' title='bbox 552 3018 732 3091; x_wconf 88' lang='lat' dir='ltr'><em>sicut</em></span> <span class='ocrx_word' id='word_1_284' title='bbox 779 3021 904 3091; x_wconf 84' lang='lat' dir='ltr'><em>hoc</em></span> <span class='ocrx_word' id='word_1_285' title='bbox 948 3034 1253 3116; x_wconf 82' lang='lat' dir='ltr'><em>tempore</em></span> <span class='ocrx_word' id='word_1_286' title='bbox 1281 3021 1765 3094; x_wconf 84' lang='lat' dir='ltr'><em>hoereticorum</em></span> <span class='ocrx_word' id='word_1_287' title='bbox 1809 3021 2160 3095; x_wconf 88' lang='lat' dir='ltr'><em>industria</em></span> <span class='ocrx_word' id='word_1_288' title='bbox 2193 3023 2555 3097; x_wconf 87' lang='lat' dir='ltr'><em>obscurari</em></span> <span class='ocrx_word' id='word_1_289' title='bbox 2600 3038 2827 3119; x_wconf 89' lang='lat' dir='ltr'><em>coepta</em></span> <span class='ocrx_word' id='word_1_290' title='bbox 2854 3037 3031 3114; x_wconf 88' lang='lat' dir='ltr'><em>erat,</em></span> <span class='ocrx_word' id='word_1_291' title='bbox 3085 3021 3187 3095; x_wconf 90' lang='lat' dir='ltr'><em>ita</em></span> <span class='ocrx_word' id='word_1_292' title='bbox 3226 3022 3467 3097; x_wconf 85' lang='lat' dir='ltr'><em>divina</em></span> <span class='ocrx_word' id='word_1_293' title='bbox 3500 3026 3753 3120; x_wconf 88' lang='lat' dir='ltr'><em>provi-</em></span> 
     </span>
     <span class='ocr_line' id='line_1_29' title="bbox 556 3117 3750 3218; baseline 0.001 -30"><span class='ocrx_word' id='word_1_294' title='bbox 556 3117 794 3189; x_wconf 89' lang='lat' dir='ltr'><em>dentia</em></span> <span class='ocrx_word' id='word_1_295' title='bbox 825 3117 898 3189; x_wconf 88' lang='lat' dir='ltr'><em>in</em></span> <span class='ocrx_word' id='word_1_296' title='bbox 930 3117 1338 3192; x_wconf 82' lang='lat' dir='ltr'><em>Tridentino</em></span> <span class='ocrx_word' id='word_1_297' title='bbox 1372 3117 1430 3192; x_wconf 91' lang='lat' dir='ltr'><em>S·</em></span> <span class='ocrx_word' id='word_1_298' title='bbox 1474 3121 1679 3204; x_wconf 88' lang='lat' dir='ltr'><em>nod0‚</em></span> <span class='ocrx_word' id='word_1_299' title='bbox 1722 3119 1985 3193; x_wconf 86' lang='lat' dir='ltr'><em>clarius</em></span> <span class='ocrx_word' id='word_1_300' title='bbox 2012 3136 2077 3192; x_wconf 89' lang='lat' dir='ltr'><em>et</em></span> <span class='ocrx_word' id='word_1_301' title='bbox 2109 3122 2450 3194; x_wconf 85' lang='lat' dir='ltr'><em>illustrius</em></span> <span class='ocrx_word' id='word_1_302' title='bbox 2479 3145 2692 3218; x_wconf 88' lang='lat' dir='ltr'><em>quam</em></span> <span class='ocrx_word' id='word_1_303' title='bbox 2718 3137 2926 3196; x_wconf 89' lang='lat' dir='ltr'><em>antea</em></span> <span class='ocrx_word' id='word_1_304' title='bbox 2946 3121 3191 3218; x_wconf 77' lang='lat' dir='ltr'><em>fuerit,</em></span> <span class='ocrx_word' id='word_1_305' title='bbox 3216 3120 3565 3216; x_wconf 77' lang='lat' dir='ltr'><em>explicata</em></span> <span class='ocrx_word' id='word_1_306' title='bbox 3597 3136 3707 3194; x_wconf 87' lang='lat' dir='ltr'><em>est</em></span> <span class='ocrx_word' id='word_1_307' title='bbox 3722 3149 3750 3207; x_wconf 81' lang='lat'><em>,-</em></span> 
     </span>
     <span class='ocr_line' id='line_1_30' title="bbox 551 3214 3751 3310; baseline 0.001 -22"><span class='ocrx_word' id='word_1_308' title='bbox 551 3215 790 3289; x_wconf 91' lang='lat' dir='ltr'><em>sedulo</em></span> <span class='ocrx_word' id='word_1_309' title='bbox 815 3214 1214 3288; x_wconf 81' lang='lat' dir='ltr'><em>curabimus</em></span> <span class='ocrx_word' id='word_1_310' title='bbox 1242 3231 1341 3301; x_wconf 92' lang='lat' dir='ltr'><em>ut,</em></span> <span class='ocrx_word' id='word_1_311' title='bbox 1373 3240 1416 3289; x_wconf 98' lang='lat' dir='ltr'><em>a</em></span> <span class='ocrx_word' id='word_1_312' title='bbox 1490 3217 1833 3291; x_wconf 81' lang='lat' dir='ltr'><em>haereticis</em></span> <span class='ocrx_word' id='word_1_313' title='bbox 1868 3232 2012 3290; x_wconf 86' lang='lat' dir='ltr'><em>tum</em></span> <span class='ocrx_word' id='word_1_314' title='bbox 2044 3243 2121 3292; x_wconf 91' lang='lat' dir='ltr'><em>re</em></span> <span class='ocrx_word' id='word_1_315' title='bbox 2147 3234 2215 3292; x_wconf 91' lang='lat' dir='ltr'><em>et</em></span> <span class='ocrx_word' id='word_1_316' title='bbox 2239 3218 2608 3310; x_wconf 84' lang='lat' dir='ltr'><em>sententia,</em></span> <span class='ocrx_word' id='word_1_317' title='bbox 2650 3234 2796 3292; x_wconf 88' lang='lat' dir='ltr'><em>tum</em></span> <span class='ocrx_word' id='word_1_318' title='bbox 2828 3219 3054 3293; x_wconf 89' lang='lat' dir='ltr'><em>verbis</em></span> <span class='ocrx_word' id='word_1_319' title='bbox 3082 3217 3297 3292; x_wconf 89' lang='lat' dir='ltr'><em>etiam</em></span> <span class='ocrx_word' id='word_1_320' title='bbox 3330 3233 3399 3291; x_wconf 90' lang='lat' dir='ltr'><em>et</em></span> <span class='ocrx_word' id='word_1_321' title='bbox 3428 3219 3751 3292; x_wconf 88' lang='lat' dir='ltr'><em>oratione</em></span> 
     </span>
     <span class='ocr_line' id='line_1_31' title="bbox 554 3311 3749 3412; baseline 0.002 -28"><span class='ocrx_word' id='word_1_322' title='bbox 554 3311 1004 3396; x_wconf 83' lang='lat' dir='ltr'><em>discedentes,</em></span> <span class='ocrx_word' id='word_1_323' title='bbox 1037 3312 1336 3387; x_wconf 85' lang='lat' dir='ltr'><em>Concilii</em></span> <span class='ocrx_word' id='word_1_324' title='bbox 1377 3311 1766 3388; x_wconf 88' lang='lat' dir='ltr'><em>Tridentini</em></span> <span class='ocrx_word' id='word_1_325' title='bbox 1800 3329 2099 3388; x_wconf 90' lang='lat' dir='ltr'><em>mentem</em></span> <span class='ocrx_word' id='word_1_326' title='bbox 2136 3332 2205 3390; x_wconf 90' lang='lat' dir='ltr'><em>et</em></span> <span class='ocrx_word' id='word_1_327' title='bbox 2256 3317 2491 3406; x_wconf 80' lang='lat' dir='ltr'><em>verba,</em></span> <span class='ocrx_word' id='word_1_328' title='bbox 2538 3341 2621 3392; x_wconf 90' lang='lat' dir='ltr'><em>ac</em></span> <span class='ocrx_word' id='word_1_329' title='bbox 2670 3316 3021 3412; x_wconf 85' lang='lat' dir='ltr'><em>proecipue</em></span> <span class='ocrx_word' id='word_1_330' title='bbox 3071 3316 3205 3390; x_wconf 89' lang='lat' dir='ltr'><em>duo</em></span> <span class='ocrx_word' id='word_1_331' title='bbox 3256 3315 3365 3389; x_wconf 89' lang='lat' dir='ltr'><em>vel</em></span> <span class='ocrx_word' id='word_1_332' title='bbox 3420 3315 3557 3388; x_wconf 89' lang='lat' dir='ltr'><em>tria</em></span> <span class='ocrx_word' id='word_1_333' title='bbox 3590 3316 3749 3412; x_wconf 83' lang='lat' dir='ltr'><em>ejus</em></span> 
     </span>
     <span class='ocr_line' id='line_1_32' title="bbox 554 3410 3750 3512; baseline 0.002 -31"><span class='ocrx_word' id='word_1_334' title='bbox 554 3410 860 3501; x_wconf 88' lang='lat' dir='ltr'><em>decreta,</em></span> <span class='ocrx_word' id='word_1_335' title='bbox 909 3435 1064 3508; x_wconf 85' lang='lat' dir='ltr'><em>quae</em></span> <span class='ocrx_word' id='word_1_336' title='bbox 1129 3410 1332 3506; x_wconf 81' lang='lat' dir='ltr'><em>liujus</em></span> <span class='ocrx_word' id='word_1_337' title='bbox 1381 3411 1698 3485; x_wconf 71' lang='lat' dir='ltr'><em>materiae</em></span> <span class='ocrx_word' id='word_1_338' title='bbox 1761 3427 1921 3486; x_wconf 89' lang='lat' dir='ltr'><em>sunt</em></span> <span class='ocrx_word' id='word_1_339' title='bbox 1970 3414 2334 3507; x_wconf 84' lang='lat' dir='ltr'><em>potissima</em></span> <span class='ocrx_word' id='word_1_340' title='bbox 2397 3416 2883 3511; x_wconf 78' lang='lat' dir='ltr'><em>fundamenta,</em></span> <span class='ocrx_word' id='word_1_341' title='bbox 2956 3413 3486 3512; x_wconf 76' lang='lat' dir='ltr'><em>diliqentissime</em></span> <span class='ocrx_word' id='word_1_342' title='bbox 3548 3437 3750 3486; x_wconf 85' lang='lat' dir='ltr'><em>asse-</em></span> 
     </span>
     <span class='ocr_line' id='line_1_33' title="bbox 555 3509 3741 3678; baseline 0.001 -98"><span class='ocrx_word' id='word_1_343' title='bbox 555 3531 856 3678; x_wconf 52' lang='lat' dir='ltr'><em>wamur</em></span> <span class='ocrx_word' id='word_1_344' title='bbox 887 3522 954 3580; x_wconf 92' lang='lat' dir='ltr'><em>et</em></span> <span class='ocrx_word' id='word_1_345' title='bbox 985 3509 1443 3600; x_wconf 88' lang='lat' dir='ltr'><em>declaremus,</em></span> <span class='ocrx_word' id='word_1_346' title='bbox 1471 3524 1820 3606; x_wconf 90' lang='lat' dir='ltr'><em>totamque</em></span> <span class='ocrx_word' id='word_1_347' title='bbox 1849 3511 2243 3584; x_wconf 86' lang='lat' dir='ltr'><em>doctrinam</em></span> <span class='ocrx_word' id='word_1_348' title='bbox 2270 3515 2447 3586; x_wconf 80' lang='lat' dir='ltr'><em>lianc</em></span> <span class='ocrx_word' id='word_1_349' title='bbox 2478 3511 2553 3585; x_wconf 90' lang='lat' dir='ltr'><em>in</em></span> <span class='ocrx_word' id='word_1_350' title='bbox 2586 3511 2687 3585; x_wconf 92' lang='lat' dir='ltr'><em>eis</em></span> <span class='ocrx_word' id='word_1_351' title='bbox 2722 3511 3043 3586; x_wconf 81' lang='lat' dir='ltr'><em>innixam</em></span> <span class='ocrx_word' id='word_1_352' title='bbox 3074 3535 3219 3584; x_wconf 86' lang='lat' dir='ltr'><em>esse</em></span> <span class='ocrx_word' id='word_1_353' title='bbox 3269 3511 3741 3584; x_wconf 85' lang='lat' dir='ltr'><em>ostendamus.</em></span> 
     </span>
    </p>

    <p class='ocr_par' dir='ltr' id='par_1_5' title="bbox 552 3604 3753 4878">
     <span class='ocr_line' id='line_1_34' title="bbox 627 3604 3749 3706; baseline 0.001 -29"><span class='ocrx_word' id='word_1_354' title='bbox 627 3629 714 3677; x_wconf 90' lang='lat' dir='ltr'><em>on</em></span> <span class='ocrx_word' id='word_1_355' title='bbox 752 3604 1146 3678; x_wconf 88' lang='lat' dir='ltr'><em>omittemus</em></span> <span class='ocrx_word' id='word_1_356' title='bbox 1183 3622 1412 3678; x_wconf 87' lang='lat' dir='ltr'><em>tamen</em></span> <span class='ocrx_word' id='word_1_357' title='bbox 1444 3607 1612 3704; x_wconf 89' lang='lat' dir='ltr'><em>quin</em></span> <span class='ocrx_word' id='word_1_358' title='bbox 1647 3607 1720 3679; x_wconf 88' lang='lat' dir='ltr'><em>in</em></span> <span class='ocrx_word' id='word_1_359' title='bbox 1746 3608 1951 3680; x_wconf 87' lang='lat' dir='ltr'><em>rebus</em></span> <span class='ocrx_word' id='word_1_360' title='bbox 1979 3608 2271 3706; x_wconf 80' lang='lat' dir='ltr'><em>sinqulis</em></span> <span class='ocrx_word' id='word_1_361' title='bbox 2294 3607 2881 3682; x_wconf 75' lang='lat' dir='ltr'><em>scholasticorum</em></span> <span class='ocrx_word' id='word_1_362' title='bbox 2908 3607 3281 3682; x_wconf 88' lang='lat' dir='ltr'><em>Doctorum</em></span> <span class='ocrx_word' id='word_1_363' title='bbox 3306 3633 3749 3682; x_wconf 87' lang='lat' dir='ltr'><em>communem</em></span> 
     </span>
     <span class='ocr_line' id='line_1_35' title="bbox 557 3703 3750 3818; baseline 0.001 -44"><span class='ocrx_word' id='word_1_364' title='bbox 557 3725 960 3774; x_wconf 89' lang='lat' dir='ltr'><em>consensum</em></span> <span class='ocrx_word' id='word_1_365' title='bbox 991 3704 1293 3799; x_wconf 80' lang='lat' dir='ltr'><em>fideliter</em></span> <span class='ocrx_word' id='word_1_366' title='bbox 1323 3705 1768 3800; x_wconf 84' lang='lat' dir='ltr'><em>proferamus</em></span> <span class='ocrx_word' id='word_1_367' title='bbox 1801 3719 1870 3777; x_wconf 92' lang='lat' dir='ltr'><em>et</em></span> <span class='ocrx_word' id='word_1_368' title='bbox 1897 3706 2321 3800; x_wconf 88' lang='lat' dir='ltr'><em>aperiamus,</em></span> <span class='ocrx_word' id='word_1_369' title='bbox 2360 3707 2691 3804; x_wconf 91' lang='lat' dir='ltr'><em>quoniam</em></span> <span class='ocrx_word' id='word_1_370' title='bbox 2726 3705 2798 3779; x_wconf 90' lang='lat' dir='ltr'><em>in</em></span> <span class='ocrx_word' id='word_1_371' title='bbox 2833 3703 3228 3818; x_wconf 74' lang='lat' dir='ltr'><em>hujusmodi</em></span> <span class='ocrx_word' id='word_1_372' title='bbox 3255 3705 3750 3780; x_wconf 89' lang='lat' dir='ltr'><em>controversiis</em></span> 
     </span>
     <span class='ocr_line' id='line_1_36' title="bbox 559 3798 3751 3900; baseline 0.001 -30"><span class='ocrx_word' id='word_1_373' title='bbox 559 3798 810 3872; x_wconf 91' lang='lat' dir='ltr'><em>merito</em></span> <span class='ocrx_word' id='word_1_374' title='bbox 843 3799 981 3873; x_wconf 88' lang='lat' dir='ltr'><em>sibi</em></span> <span class='ocrx_word' id='word_1_375' title='bbox 1015 3825 1341 3898; x_wconf 75' lang='lat' dir='ltr'><em>rnaqnum</em></span> <span class='ocrx_word' id='word_1_376' title='bbox 1379 3801 1817 3875; x_wconf 89' lang='lat' dir='ltr'><em>auctoritatis</em></span> <span class='ocrx_word' id='word_1_377' title='bbox 1848 3803 2120 3899; x_wconf 89' lang='lat' dir='ltr'><em>pondus</em></span> <span class='ocrx_word' id='word_1_378' title='bbox 2169 3803 2575 3878; x_wconf 88' lang='lat' dir='ltr'><em>vindicavit.</em></span> <span class='ocrx_word' id='word_1_379' title='bbox 2622 3803 2729 3878; x_wconf 83' lang='lat' dir='ltr'><em>Ac</em></span> <span class='ocrx_word' id='word_1_380' title='bbox 2776 3804 3072 3900; x_wconf 82' lang='lat' dir='ltr'><em>dentque</em></span> <span class='ocrx_word' id='word_1_381' title='bbox 3110 3828 3355 3877; x_wconf 86' lang='lat' dir='ltr'><em>earum</em></span> <span class='ocrx_word' id='word_1_382' title='bbox 3388 3803 3751 3876; x_wconf 89' lang='lat' dir='ltr'><em>rationum</em></span> 
     </span>
     <span class='ocr_line' id='line_1_37' title="bbox 559 3899 3749 4012; baseline 0.001 -44"><span class='ocrx_word' id='word_1_383' title='bbox 559 3911 909 3970; x_wconf 89' lang='lat' dir='ltr'><em>momenta</em></span> <span class='ocrx_word' id='word_1_384' title='bbox 933 3915 1257 3972; x_wconf 89' lang='lat' dir='ltr'><em>accurate</em></span> <span class='ocrx_word' id='word_1_385' title='bbox 1289 3899 1856 3996; x_wconf 87' lang='lat' dir='ltr'><em>ponderabimus,</em></span> <span class='ocrx_word' id='word_1_386' title='bbox 1897 3925 2052 3997; x_wconf 87' lang='lat' dir='ltr'><em>quoe</em></span> <span class='ocrx_word' id='word_1_387' title='bbox 2092 3899 2589 3999; x_wconf 74' lang='lat' dir='ltr'><em>Theoloqorum</em></span> <span class='ocrx_word' id='word_1_388' title='bbox 2624 3915 2787 3976; x_wconf 89' lang='lat' dir='ltr'><em>sunt</em></span> <span class='ocrx_word' id='word_1_389' title='bbox 2816 3900 3149 4012; x_wconf 80' lang='lat' dir='ltr'><em>proprioe,</em></span> <span class='ocrx_word' id='word_1_390' title='bbox 3204 3899 3280 3974; x_wconf 88' lang='lat' dir='ltr'><em>id</em></span> <span class='ocrx_word' id='word_1_391' title='bbox 3314 3915 3441 3991; x_wconf 86' lang='lat' dir='ltr'><em>est,</em></span> <span class='ocrx_word' id='word_1_392' title='bbox 3475 3925 3632 3998; x_wconf 85' lang='lat' dir='ltr'><em>quoe</em></span> <span class='ocrx_word' id='word_1_393' title='bbox 3670 3903 3749 3973; x_wconf 85' lang='lat' dir='ltr'><em>in</em></span> 
     </span>
     <span class='ocr_line' id='line_1_38' title="bbox 555 3993 3749 4096; baseline 0.001 -31"><span class='ocrx_word' id='word_1_394' title='bbox 555 3993 930 4090; x_wconf 85' lang='lat' dir='ltr'><em>principiis</em></span> <span class='ocrx_word' id='word_1_395' title='bbox 955 3995 1124 4094; x_wconf 76' lang='lat' dir='ltr'><em>fidei</em></span> <span class='ocrx_word' id='word_1_396' title='bbox 1154 3997 1494 4088; x_wconf 87' lang='lat' dir='ltr'><em>nituntur,</em></span> <span class='ocrx_word' id='word_1_397' title='bbox 1535 4021 1748 4095; x_wconf 90' lang='lat' dir='ltr'><em>eoque</em></span> <span class='ocrx_word' id='word_1_398' title='bbox 1787 4023 1938 4072; x_wconf 87' lang='lat' dir='ltr'><em>rem</em></span> <span class='ocrx_word' id='word_1_399' title='bbox 1970 3999 2309 4073; x_wconf 87' lang='lat' dir='ltr'><em>deducere</em></span> <span class='ocrx_word' id='word_1_400' title='bbox 2334 4014 2701 4090; x_wconf 88' lang='lat' dir='ltr'><em>conantur,</em></span> <span class='ocrx_word' id='word_1_401' title='bbox 2738 4014 2817 4072; x_wconf 89' lang='lat' dir='ltr'><em>ut</em></span> <span class='ocrx_word' id='word_1_402' title='bbox 2839 3999 3009 4096; x_wconf 80' lang='lat' dir='ltr'><em>quid</em></span> <span class='ocrx_word' id='word_1_403' title='bbox 3043 3999 3121 4074; x_wconf 91' lang='lat' dir='ltr'><em>in</em></span> <span class='ocrx_word' id='word_1_404' title='bbox 3146 3997 3250 4072; x_wconf 89' lang='lat' dir='ltr'><em>eis</em></span> <span class='ocrx_word' id='word_1_405' title='bbox 3282 3998 3530 4072; x_wconf 77' lang='lat' dir='ltr'><em>virtute</em></span> <span class='ocrx_word' id='word_1_406' title='bbox 3568 4023 3749 4072; x_wconf 87' lang='lat' dir='ltr'><em>con-</em></span> 
     </span>
     <span class='ocr_line' id='line_1_39' title="bbox 561 4089 3743 4192; baseline 0.002 -30"><span class='ocrx_word' id='word_1_407' title='bbox 561 4089 890 4180; x_wconf 87' lang='lat' dir='ltr'><em>tineatur,</em></span> <span class='ocrx_word' id='word_1_408' title='bbox 924 4094 1174 4190; x_wconf 89' lang='lat' dir='ltr'><em>quidve</em></span> <span class='ocrx_word' id='word_1_409' title='bbox 1211 4095 1382 4192; x_wconf 89' lang='lat' dir='ltr'><em>ipsis</em></span> <span class='ocrx_word' id='word_1_410' title='bbox 1399 4108 1760 4192; x_wconf 77' lang='lat' dir='ltr'><em>repuqnet,</em></span> <span class='ocrx_word' id='word_1_411' title='bbox 1802 4098 2191 4170; x_wconf 85' lang='lat' dir='ltr'><em>ostendant.</em></span> <span class='ocrx_word' id='word_1_412' title='bbox 2240 4095 2421 4185; x_wconf 87' lang='lat' dir='ltr'><em>Quia</em></span> <span class='ocrx_word' id='word_1_413' title='bbox 2446 4121 2606 4170; x_wconf 90' lang='lat' dir='ltr'><em>vero</em></span> <span class='ocrx_word' id='word_1_414' title='bbox 2641 4095 2717 4170; x_wconf 89' lang='lat' dir='ltr'><em>S.</em></span> <span class='ocrx_word' id='word_1_415' title='bbox 2761 4095 2852 4170; x_wconf 91' lang='lat' dir='ltr'><em>D.</em></span> <span class='ocrx_word' id='word_1_416' title='bbox 2883 4095 2975 4170; x_wconf 89' lang='lat' dir='ltr'><em>N.</em></span> <span class='ocrx_word' id='word_1_417' title='bbox 3006 4095 3347 4172; x_wconf 81' lang='lat' dir='ltr'><em>Clementi</em></span> <span class='ocrx_word' id='word_1_418' title='bbox 3371 4094 3594 4170; x_wconf 87' lang='lat' dir='ltr'><em>visum</em></span> <span class='ocrx_word' id='word_1_419' title='bbox 3632 4109 3743 4168; x_wconf 83' lang='lat' dir='ltr'><em>est</em></span> 
     </span>
     <span class='ocr_line' id='line_1_40' title="bbox 556 4190 3751 4292; baseline 0.002 -32"><span class='ocrx_word' id='word_1_420' title='bbox 556 4211 742 4260; x_wconf 89' lang='lat' dir='ltr'><em>nunc</em></span> <span class='ocrx_word' id='word_1_421' title='bbox 782 4190 1007 4264; x_wconf 91' lang='lat' dir='ltr'><em>denuo</em></span> <span class='ocrx_word' id='word_1_422' title='bbox 1042 4191 1220 4264; x_wconf 82' lang='lat' dir='ltr'><em>nihil</em></span> <span class='ocrx_word' id='word_1_423' title='bbox 1257 4193 1332 4266; x_wconf 93' lang='lat' dir='ltr'><em>in</em></span> <span class='ocrx_word' id='word_1_424' title='bbox 1373 4193 1504 4266; x_wconf 86' lang='lat' dir='ltr'><em>hac</em></span> <span class='ocrx_word' id='word_1_425' title='bbox 1541 4217 1756 4266; x_wconf 90' lang='lat' dir='ltr'><em>causa</em></span> <span class='ocrx_word' id='word_1_426' title='bbox 1792 4193 2113 4289; x_wconf 82' lang='lat' dir='ltr'><em>definire,</em></span> <span class='ocrx_word' id='word_1_427' title='bbox 2140 4195 2263 4268; x_wconf 92' lang='lat' dir='ltr'><em>sed</em></span> <span class='ocrx_word' id='word_1_428' title='bbox 2290 4219 2449 4268; x_wconf 89' lang='lat' dir='ltr'><em>eam</em></span> <span class='ocrx_word' id='word_1_429' title='bbox 2488 4191 2987 4292; x_wconf 76' lang='lat' dir='ltr'><em>Tlieoloqorum</em></span> <span class='ocrx_word' id='word_1_430' title='bbox 3022 4195 3259 4268; x_wconf 88' lang='lat' dir='ltr'><em>liberae</em></span> <span class='ocrx_word' id='word_1_431' title='bbox 3285 4192 3751 4290; x_wconf 88' lang='lat' dir='ltr'><em>disputationi</em></span> 
     </span>
     <span class='ocr_line' id='line_1_41' title="bbox 556 4287 3753 4390; baseline 0.002 -32"><span class='ocrx_word' id='word_1_432' title='bbox 556 4287 1010 4370; x_wconf 88' lang='lat' dir='ltr'><em>committere,</em></span> <span class='ocrx_word' id='word_1_433' title='bbox 1044 4289 1172 4362; x_wconf 88' lang='lat' dir='ltr'><em>illa</em></span> <span class='ocrx_word' id='word_1_434' title='bbox 1196 4303 1462 4364; x_wconf 85' lang='lat' dir='ltr'><em>tantum</em></span> <span class='ocrx_word' id='word_1_435' title='bbox 1494 4289 1810 4364; x_wconf 86' lang='lat' dir='ltr'><em>adhibita</em></span> <span class='ocrx_word' id='word_1_436' title='bbox 1855 4292 2333 4366; x_wconf 86' lang='lat' dir='ltr'><em>moderatione</em></span> <span class='ocrx_word' id='word_1_437' title='bbox 2360 4317 2573 4390; x_wconf 88' lang='lat' dir='ltr'><em>quam</em></span> <span class='ocrx_word' id='word_1_438' title='bbox 2588 4308 2657 4367; x_wconf 85' lang='grc' dir='ltr'><strong><em>ει</em></strong></span> <span class='ocrx_word' id='word_1_439' title='bbox 2676 4317 2789 4367; x_wconf 91' lang='lat' dir='ltr'><em>res</em></span> <span class='ocrx_word' id='word_1_440' title='bbox 2822 4291 2849 4366; x_wconf 91' lang='lat' dir='ltr'><em>i</em></span> <span class='ocrx_word' id='word_1_441' title='bbox 2896 4315 2980 4366; x_wconf 88' lang='lat' dir='ltr'><em>sa</em></span> <span class='ocrx_word' id='word_1_442' title='bbox 3004 4306 3073 4365; x_wconf 88' lang='lat' dir='ltr'><em>et</em></span> <span class='ocrx_word' id='word_1_443' title='bbox 3092 4291 3321 4390; x_wconf 84' lang='lat' dir='ltr'><em>pietas</em></span> <span class='ocrx_word' id='word_1_444' title='bbox 3340 4289 3753 4366; x_wconf 75' lang='lat' dir='ltr'><em>Christiana</em></span> 
     </span>
     <span class='ocr_line' id='line_1_42' title="bbox 553 4385 3753 4488; baseline 0.002 -33"><span class='ocrx_word' id='word_1_445' title='bbox 553 4385 978 4478; x_wconf 87' lang='lat' dir='ltr'><em>postulabat,</em></span> <span class='ocrx_word' id='word_1_446' title='bbox 1021 4387 1355 4460; x_wconf 88' lang='lat' dir='ltr'><em>nimirum</em></span> <span class='ocrx_word' id='word_1_447' title='bbox 1405 4403 1482 4461; x_wconf 88' lang='lat' dir='ltr'><em>ut</em></span> <span class='ocrx_word' id='word_1_448' title='bbox 1513 4387 1680 4486; x_wconf 78' lang='lat' dir='ltr'><em>fidei</em></span> <span class='ocrx_word' id='word_1_449' title='bbox 1716 4389 2085 4464; x_wconf 88' lang='lat' dir='ltr'><em>sinceritas</em></span> <span class='ocrx_word' id='word_1_450' title='bbox 2136 4405 2204 4464; x_wconf 89' lang='lat' dir='ltr'><em>et</em></span> <span class='ocrx_word' id='word_1_451' title='bbox 2248 4390 2580 4482; x_wconf 78' lang='lat' dir='ltr'><em>charitas,</em></span> <span class='ocrx_word' id='word_1_452' title='bbox 2620 4417 2705 4466; x_wconf 87' lang='lat' dir='ltr'><em>ac</em></span> <span class='ocrx_word' id='word_1_453' title='bbox 2754 4415 2833 4464; x_wconf 86' lang='lat' dir='ltr'><em>re</em></span> <span class='ocrx_word' id='word_1_454' title='bbox 2863 4389 3099 4488; x_wconf 66' lang='grc' dir='ltr'><strong><em>ἐρίσειε</em></strong></span> <span class='ocrx_word' id='word_1_455' title='bbox 3146 4389 3504 4464; x_wconf 74' lang='lat' dir='ltr'><em>modestice</em></span> <span class='ocrx_word' id='word_1_456' title='bbox 3558 4389 3753 4462; x_wconf 88' lang='lat' dir='ltr'><em>inte-</em></span> 
     </span>
     <span class='ocr_line' id='line_1_43' title="bbox 554 4481 3749 4586; baseline 0.002 -34"><span class='ocrx_word' id='word_1_457' title='bbox 554 4481 776 4576; x_wconf 80' lang='lat' dir='ltr'><em>9ritas</em></span> <span class='ocrx_word' id='word_1_458' title='bbox 808 4498 875 4554; x_wconf 90' lang='lat' dir='ltr'><em>et</em></span> <span class='ocrx_word' id='word_1_459' title='bbox 927 4484 1200 4579; x_wconf 87' lang='lat' dir='ltr'><em>puritas</em></span> <span class='ocrx_word' id='word_1_460' title='bbox 1251 4487 1672 4576; x_wconf 87' lang='lat' dir='ltr'><em>observetur,</em></span> <span class='ocrx_word' id='word_1_461' title='bbox 1720 4486 1912 4560; x_wconf 88' lang='lat' dir='ltr'><em>omni</em></span> <span class='ocrx_word' id='word_1_462' title='bbox 1946 4487 2311 4584; x_wconf 75' lang='lat' dir='ltr'><em>diliqentia</em></span> <span class='ocrx_word' id='word_1_463' title='bbox 2346 4488 2747 4563; x_wconf 88' lang='lat' dir='ltr'><em>curabimus</em></span> <span class='ocrx_word' id='word_1_464' title='bbox 2786 4503 2863 4562; x_wconf 90' lang='lat' dir='ltr'><em>ut</em></span> <span class='ocrx_word' id='word_1_465' title='bbox 2898 4487 2985 4562; x_wconf 91' lang='lat' dir='ltr'><em>ab</em></span> <span class='ocrx_word' id='word_1_466' title='bbox 3038 4487 3191 4586; x_wconf 76' lang='lat' dir='ltr'><em>ejus</em></span> <span class='ocrx_word' id='word_1_467' title='bbox 3224 4488 3602 4574; x_wconf 87' lang='lat' dir='ltr'><em>mandatis,</em></span> <span class='ocrx_word' id='word_1_468' title='bbox 3657 4511 3749 4558; x_wconf 90' lang='lat' dir='ltr'><em>ne</em></span> 
     </span>
     <span class='ocr_line' id='line_1_44' title="bbox 559 4577 3745 4688; baseline 0.002 -39"><span class='ocrx_word' id='word_1_469' title='bbox 559 4577 775 4688; x_wconf 78' lang='lat' dir='ltr'><em>latum</em></span> <span class='ocrx_word' id='word_1_470' title='bbox 825 4605 1124 4677; x_wconf 75' lang='lat' dir='ltr'><em>unquem</em></span> <span class='ocrx_word' id='word_1_471' title='bbox 1163 4582 1622 4656; x_wconf 89' lang='lat' dir='ltr'><em>discedamus.</em></span> <span class='ocrx_word' id='word_1_472' title='bbox 1665 4582 1867 4671; x_wconf 92' lang='lat' dir='ltr'><em>Quod</em></span> <span class='ocrx_word' id='word_1_473' title='bbox 1901 4584 1966 4657; x_wconf 88' lang='lat' dir='ltr'><em>si</em></span> <span class='ocrx_word' id='word_1_474' title='bbox 1994 4587 2163 4683; x_wconf 89' lang='lat' dir='ltr'><em>quid</em></span> <span class='ocrx_word' id='word_1_475' title='bbox 2204 4584 2556 4660; x_wconf 86' lang='lat' dir='ltr'><em>interdum</em></span> <span class='ocrx_word' id='word_1_476' title='bbox 2602 4600 2914 4660; x_wconf 85' lang='lat' dir='ltr'><em>erratum</em></span> <span class='ocrx_word' id='word_1_477' title='bbox 2948 4585 3193 4682; x_wconf 78' lang='lat' dir='ltr'><em>fuerit,</em></span> <span class='ocrx_word' id='word_1_478' title='bbox 3226 4585 3319 4657; x_wconf 88' lang='lat' dir='ltr'><em>ad</em></span> <span class='ocrx_word' id='word_1_479' title='bbox 3348 4584 3501 4685; x_wconf 82' lang='lat' dir='ltr'><em>ejus</em></span> <span class='ocrx_word' id='word_1_480' title='bbox 3546 4583 3745 4656; x_wconf 80' lang='lat' dir='ltr'><em>Pon-</em></span> 
     </span>
     <span class='ocr_line' id='line_1_45' title="bbox 557 4675 3738 4780; baseline 0.003 -34"><span class='ocrx_word' id='word_1_481' title='bbox 557 4675 765 4771; x_wconf 78' lang='lat' dir='ltr'><em>tificis</em></span> <span class='ocrx_word' id='word_1_482' title='bbox 779 4681 1035 4751; x_wconf 89' lang='lat' dir='ltr'><em>summi</em></span> <span class='ocrx_word' id='word_1_483' title='bbox 1067 4702 1303 4752; x_wconf 91' lang='lat' dir='ltr'><em>sacros</em></span> <span class='ocrx_word' id='word_1_484' title='bbox 1330 4683 1538 4776; x_wconf 88' lang='lat' dir='ltr'><em>pedes</em></span> <span class='ocrx_word' id='word_1_485' title='bbox 1566 4680 1897 4774; x_wconf 86' lang='lat' dir='ltr'><em>obvoluti,</em></span> <span class='ocrx_word' id='word_1_486' title='bbox 1930 4683 2081 4780; x_wconf 82' lang='lat' dir='ltr'><em>ejus</em></span> <span class='ocrx_word' id='word_1_487' title='bbox 2104 4683 2520 4756; x_wconf 87' lang='lat' dir='ltr'><em>correctioni</em></span> <span class='ocrx_word' id='word_1_488' title='bbox 2546 4709 2631 4757; x_wconf 89' lang='lat' dir='ltr'><em>ac</em></span> <span class='ocrx_word' id='word_1_489' title='bbox 2662 4708 2971 4758; x_wconf 86' lang='lat' dir='ltr'><em>censuroe</em></span> <span class='ocrx_word' id='word_1_490' title='bbox 3004 4682 3241 4758; x_wconf 90' lang='lat' dir='ltr'><em>omnia</em></span> <span class='ocrx_word' id='word_1_491' title='bbox 3265 4682 3738 4777; x_wconf 71' lang='lat' dir='ltr'><em>suincientes,</em></span> 
     </span>
     <span class='ocr_line' id='line_1_46' title="bbox 552 4775 3735 4878; baseline 0.003 -34"><span class='ocrx_word' id='word_1_492' title='bbox 552 4796 764 4869; x_wconf 90' lang='lat' dir='ltr'><em>quam</em></span> <span class='ocrx_word' id='word_1_493' title='bbox 817 4775 1317 4851; x_wconf 88' lang='lat' dir='ltr'><em>modestissime</em></span> <span class='ocrx_word' id='word_1_494' title='bbox 1348 4802 1722 4875; x_wconf 87' lang='lat' dir='ltr'><em>precamur</em></span> <span class='ocrx_word' id='word_1_495' title='bbox 1756 4794 1834 4850; x_wconf 89' lang='lat' dir='ltr'><em>ut</em></span> <span class='ocrx_word' id='word_1_496' title='bbox 1873 4794 2129 4854; x_wconf 87' lang='lat' dir='ltr'><em>nostrae</em></span> <span class='ocrx_word' id='word_1_497' title='bbox 2155 4779 2467 4878; x_wconf 78' lang='lat' dir='ltr'><em>iqnoscat</em></span> <span class='ocrx_word' id='word_1_498' title='bbox 2514 4780 3007 4866; x_wconf 84' lang='lat' dir='ltr'><em>imbecillitati,</em></span> <span class='ocrx_word' id='word_1_499' title='bbox 3054 4795 3122 4855; x_wconf 93' lang='lat' dir='ltr'><em>et</em></span> <span class='ocrx_word' id='word_1_500' title='bbox 3154 4781 3218 4854; x_wconf 89' lang='lat' dir='ltr'><em>si</em></span> <span class='ocrx_word' id='word_1_501' title='bbox 3264 4779 3435 4878; x_wconf 84' lang='lat' dir='ltr'><em>quid</em></span> <span class='ocrx_word' id='word_1_502' title='bbox 3468 4780 3543 4854; x_wconf 87' lang='lat' dir='ltr'><em>in</em></span> <span class='ocrx_word' id='word_1_503' title='bbox 3571 4805 3735 4876; x_wconf 89' lang='lat' dir='ltr'><em>pro·</em></span> 
     </span>
    </p>
   </div>
   <div class='ocr_carea' id='block_1_3' title="bbox 548 4871 3747 5062">
    <p class='ocr_par' dir='ltr' id='par_1_6' title="bbox 548 4871 3747 5062">
     <span class='ocr_line' id='line_1_47' title="bbox 548 4871 3747 5062; baseline 0.002 -118"><span class='ocrx_word' id='word_1_504' title='bbox 548 4871 1042 5062; x_wconf 52' lang='lat' dir='ltr'><em>quqssuoperis</em></span> <span class='ocrx_word' id='word_1_505' title='bbox 1069 4875 1300 4948; x_wconf 91' lang='lat' dir='ltr'><em>minus</em></span> <span class='ocrx_word' id='word_1_506' title='bbox 1339 4875 1774 4950; x_wconf 86' lang='lat' dir='ltr'><em>considerate</em></span> <span class='ocrx_word' id='word_1_507' title='bbox 1807 4877 2075 4950; x_wconf 88' lang='lat' dir='ltr'><em>dictum</em></span> <span class='ocrx_word' id='word_1_508' title='bbox 2106 4879 2353 4976; x_wconf 76' lang='lat' dir='ltr'><em>fuerit,</em></span> <span class='ocrx_word' id='word_1_509' title='bbox 2394 4904 2537 4954; x_wconf 90' lang='lat' dir='ltr'><em>non</em></span> <span class='ocrx_word' id='word_1_510' title='bbox 2570 4877 2939 4972; x_wconf 88' lang='lat' dir='ltr'><em>voluntati,</em></span> <span class='ocrx_word' id='word_1_511' title='bbox 2974 4879 3099 4954; x_wconf 89' lang='lat' dir='ltr'><em>sed</em></span> <span class='ocrx_word' id='word_1_512' title='bbox 3122 4879 3445 4952; x_wconf 75' lang='lat' dir='ltr'><em>liumanae</em></span> <span class='ocrx_word' id='word_1_513' title='bbox 3474 4877 3747 4952; x_wconf 89' lang='lat' dir='ltr'><em>tribuat</em></span> 
     </span>
     <span class='ocr_line' id='line_1_48' title="bbox 549 4983 972 5043; baseline 0.014 -6"><span class='ocrx_word' id='word_1_514' title='bbox 549 4990 624 5038; x_wconf 86' lang='lat' dir='ltr'><em>m</em></span> <span class='ocrx_word' id='word_1_515' title='bbox 679 4983 972 5043; x_wconf 84' lang='lat' dir='ltr'><em>rmitati.</em></span> 
     </span>
    </p>
   </div>
   <div class='ocr_carea' id='block_1_4' title="bbox 1988 5273 2313 5373">
    <p class='ocr_par' dir='ltr' id='par_1_7' title="bbox 1988 5273 2313 5373">
     <span class='ocr_line' id='line_1_49' title="bbox 1988 5273 2313 5373; baseline -0.006 0"><span class='ocrx_word' id='word_1_516' title='bbox 1988 5273 2313 5373; x_wconf 44' lang='lat' dir='ltr'><em>&amp;saccea-2</em></span> 
     </span>
    </p>
   </div>
  </div>
 </body>
</html>
