3850 6225
522 466 712 526 habet
739 464 802 523 in
835 460 1231 541 Philosophia
1258 460 1674 534 difficultateS,
1699 459 2085 521 admittimus

521 557 708 619 modo
739 556 900 635 (sive
927 556 991 615 id
1026 573 1244 615 verum
1285 553 1384 625 sit,
1419 554 1547 614 sive
1585 552 1846 631 falsum)
1880 551 2087 613 deter-

519 650 928 712 minationem
955 666 1158 708 causae
1191 646 1508 717 secundae,
1527 646 1738 725 quoad
1761 646 1924 706 lianc
1950 664 2087 724 par-

519 752 668 816 tem,
694 741 968 822 pendere
1001 760 1079 803 ex
1102 740 1419 800 voluntate
1445 740 1578 799 sola
1599 738 1812 819 primoe
1841 756 2080 812 causae3

519 855 828 918 negamus
867 841 1082 896 tamen
1124 840 1292 895 recte
1329 833 1474 894 inde
1521 832 1749 913 colligi,
1781 832 1945 893 hanc
1974 831 2086 892 de·-

517 930 1022 993 terminationem
1065 928 1202 989 fieri
1249 946 1286 987 a
1329 945 1520 987 causa
1567 926 1766 1006 prima
1809 943 1924 1004 per
1970 926 2084 985 ali-

519 1042 708 1103 quam
735 1023 1044 1085 actionem
1068 1020 1369 1100 praeviam
1395 1020 1558 1080 circa
1585 1036 1842 1079 causam
1864 1036 2084 1079 secun-

520 1120 705 1191 dam,
751 1116 952 1177 aut·ei
1003 1114 1277 1193 aliquam
1317 1130 1452 1174 rem
1501 1110 1943 1190 imprimendO,
1976 1128 2091 1189 per

519 1228 708 1290 quam
740 1210 876 1288 ejus
915 1206 1178 1267 facultas
1207 1207 1407 1267 activa
1439 1204 1519 1265 ad
1546 1205 1666 1264 hoc
1698 1203 2089 1263 individuum

519 1302 843 1363 limitatur.
883 1300 1086 1361 Primo
1132 1298 1412 1378 quidem,
1455 1296 1604 1376 quia
1637 1296 1768 1357 sola
1801 1295 2091 1356 determi-

516 1396 686 1456 natio
712 1393 902 1454 divini
937 1410 1276 1455 concursus
1313 1391 1540 1453 sufficit
1569 1388 1651 1451 ad
1689 1389 1854 1449 hanc
1881 1387 2092 1447 deter-

515 1488 947 1549 minationem.
1005 1484 1331 1557 Probatur,
1377 1484 1524 1562 quia
1572 1500 1766 1543 causa
1813 1479 2090 1541 secunda

516 1580 762 1641 nullum
821 1577 1216 1639 individuum
1279 1579 1490 1656 potest
1549 1574 1898 1654 producere
1955 1572 2087 1632 sine

517 1690 827 1734 concursu
871 1671 1010 1743 Dei3
1046 1687 1195 1749 ergo
1227 1670 1277 1729 si
1321 1670 1490 1729 Deus
1517 1668 1620 1727 hic
1667 1672 1730 1727 et
1756 1683 1926 1727 nunc
1970 1670 2090 1725 sta·

515 1773 648 1827 tuat
677 1782 1049 1826 concurrere
1081 1781 1226 1823 cum
1263 1763 1382 1822 hac
1411 1780 1626 1832 causa,
1659 1760 1832 1821 verbi
1863 1758 2085 1838 gratia,

517 1878 656 1921 cum
679 1860 799 1920 hoc
821 1860 985 1938 igne,
1012 1856 1093 1919 ad
1118 1855 1592 1935 producendum
1621 1854 1790 1913 hunc
1815 1852 2089 1913 calorem

515 1955 581 2015 in
611 1952 954 2025 individuo,
987 1955 1050 2012 et
1077 1968 1202 2010 non
1234 1950 1448 2021 alium,
1483 1948 1590 2008 illa
1623 1946 1741 2008 erit
1775 1944 2090 2007 sufficiens

515 2046 671 2107 ratio
702 2064 814 2105 cur
838 2045 942 2105 illa
963 2061 1152 2104 causa
1177 2042 1353 2103 illum
1376 2042 1668 2101 effectum
1699 2038 2083 2116 singularem

515 2136 843 2217 producat,
877 2137 1084 2216 potius
1124 2153 1314 2214 quam
1343 2134 1566 2205 alium3
1610 2150 1760 2211 ergo
1789 2132 1870 2191 ad
1914 2132 2083 2191 hunc

514 2230 708 2291 finem
751 2248 876 2291 non
913 2237 1009 2291 est
1045 2228 1400 2289 necessaria
1441 2226 1670 2305 praevia
1701 2224 1945 2285 effectio
1976 2224 2085 2285 ali·

515 2324 696 2403 cujus
721 2322 1057 2402 qualitatiS,
1084 2320 1184 2381 vel
1213 2320 1483 2381 entitatis
1509 2318 1573 2379 in
1603 2318 1738 2397 ipso
1767 2318 1936 2397 igne,
1968 2335 2084 2377 seu

517 2434 706 2477 causa
748 2414 1046 2487 secunda,
1078 2417 1148 2474 ut
1175 2412 1256 2473 ab
1287 2413 1394 2473 illa
1421 2410 1888 2472 determinetur.

597 2511 661 2570 5.
705 2508 951 2589 Duplex
997 2508 1208 2569 modus
1243 2502 1894 2587 praedator-minationis
1925 2502 2085 2583 phy-

515 2602 656 2665 sicoe
683 2602 766 2663 ad
799 2601 1246 2662 individuorum
1287 2600 1604 2678 effectuum
1636 2596 2086 2677 productionem

515 2692 858 2775 explicatur
883 2697 942 2755 et
968 2691 1290 2769 refellitur.
1334 2722 1416 2735 —
1455 2687 1769 2763 Secundo,
1803 2688 1949 2765 quia
1984 2688 2086 2747 vix

517 2789 723 2865 potest
753 2783 1010 2861 intelligi
1043 2770 1358 2861 quomodo
1403 2781 1582 2842 aliter
1619 2780 1756 2841 haec
1795 2779 2084 2839 determi-

514 2877 684 2938 natio
714 2878 844 2949 fiat‚
879 2875 1169 2937 addendo
1213 2873 1330 2953 ipsi
1363 2892 1568 2935 causae
1615 2891 1748 2933 rem
1781 2872 2078 2949 aliquam.

514 2969 770 3031 Duobus
799 2970 967 3031 enim
997 2968 1200 3029 modis
1229 2966 1293 3027 id
1324 2967 1660 3047 excogitari
1693 2970 1935 3044 potest:
1964 2966 2086 3044 pri·

513 3081 640 3136 mn,
665 3081 778 3142 per
806 3061 1066 3122 modum
1089 3060 1518 3140 impedimenti
1548 3078 1662 3122 seu
1687 3060 2079 3132 resistentiae,

521 3157 691 3235 quia,
723 3155 1044 3224 nimirum,
1071 3154 1136 3212 id
1166 3152 1336 3232 quod
1361 3154 1530 3214 Deus
1557 3151 1730 3213 addit
1755 3171 1958 3212 causae
1990 3171 2085 3212 se-

515 3247 736 3309 cundoe
766 3245 1028 3327 impedit
1055 3247 1249 3318 illam,
1281 3264 1362 3306 ne
1391 3245 1513 3306 alia
1556 3243 1874 3306 individua
1919 3245 2082 3305 illius

516 3339 747 3419 speciei
789 3340 988 3418 possit
1027 3338 1400 3418 producere,
1443 3343 1506 3399 et
1545 3338 1748 3398 solum
1787 3337 2084 3415 relinquit

513 3434 683 3494 illam
713 3433 1066 3512 expeditam
1095 3433 1176 3492 ad
1205 3451 1400 3492 unum
1431 3429 1850 3492 efficiendum.
1881 3431 1959 3492 Et
1982 3431 2083 3491 hic

512 3525 738 3586 modus
779 3542 893 3603 per
929 3543 996 3584 se
1047 3530 1142 3585 est
1169 3523 1571 3596 incredibilia„
1597 3529 1733 3585 tum
1777 3523 1923 3601 quia
1952 3541 2081 3582 non

514 3625 776 3699 apparet
830 3617 1146 3697 quomodo
1199 3617 1302 3676 illa
1359 3617 1628 3696 qualitas
1691 3635 1801 3676 seu
1855 3617 2081 3676 entitas

512 3711 708 3792 possit
731 3712 927 3790 ligare
957 3709 1250 3770 virtutem
1279 3710 1505 3788 agendi
1529 3727 1610 3769 ne
1636 3709 1792 3770 alios
1820 3709 2081 3770 effectus

515 3804 863 3884 producere
893 3803 1124 3874 valeat;
1159 3802 1307 3880 quia
1333 3821 1452 3862 nec
1493 3807 1698 3881 potest
1727 3801 1812 3862 illi
1837 3801 2081 3861 resiste·

513 3915 606 3971 re,
640 3915 784 3957 cum
831 3913 960 3956 non
999 3893 1230 3954 habeat
1270 3911 1414 3954 cum
1465 3895 1568 3954 illa
1599 3893 2077 3973 oppositionem,

515 4007 634 4051 nec
662 4009 789 4050 una
829 3995 1124 4068 operetur
1163 3987 1244 4048 ad
1285 3986 1775 4048 destructionem
1802 3985 2078 4059 alteriuS,

514 4101 632 4144 nec
673 4084 861 4142 etiam
903 4081 1074 4141 illam
1104 4079 1429 4154 diminuat,
1465 4084 1572 4140 aut
1603 4078 1780 4140 tollat
1807 4078 2083 4158 aliquam

523 4175 944 4236 conditionem
988 4173 1410 4235 necessariam
1449 4171 1529 4233 ad
1559 4171 1895 4252 agendum.
1924 4173 2084 4232 Tum

521 4265 712 4328 etiam
753 4266 924 4345 quia,
965 4267 1016 4326 si
1061 4265 1270 4344 aliqua
1300 4282 1402 4326 res
1441 4264 1711 4337 additur,
1743 4271 1806 4326 et
1844 4264 1951 4325 illa
1990 4269 2086 4326 est

517 4359 706 4420 unica
745 4363 806 4418 et
837 4357 1124 4436 ejusdem
1153 4355 1436 4430 rationis,
1467 4375 1594 4417 non
1626 4363 1720 4418 est
1755 4375 1868 4417 cur
1895 4357 1975 4418 sit
1999 4355 2085 4417 illi

518 4449 806 4512 naturale
869 4449 1171 4526 impedire
1225 4449 1431 4528 potius
1487 4447 1877 4510 effectionem
1931 4466 2088 4527 quo-

517 4544 806 4603 rumdam
857 4541 1314 4600 individuorum
1359 4540 1546 4600 unius
1595 4541 1849 4620 speciei,
1895 4559 2086 4621 quam

519 4631 820 4706 aliorum3
863 4634 958 4694 vel
993 4633 1199 4711 (quod
1235 4632 1580 4694 mirabilius
1623 4635 1750 4710 est)
1781 4633 2086 4712 impedire

522 4728 730 4788 omnia
753 4732 976 4805 praeter
991 4744 1209 4785 unum.
1231 4725 1408 4787 Addo
1431 4726 1598 4785 hunc
1617 4725 1876 4786 modum
1898 4726 2087 4786 etiam

521 4839 660 4882 esse
689 4819 1169 4879 insufficientem
1193 4817 1256 4876 in
1283 4818 1486 4877 causis
1515 4817 1725 4877 liberis
1752 4818 1816 4878 in
1846 4818 2083 4897 opinio·

515 4931 596 4975 ne
640 4913 975 4973 Doctorum
1027 4929 1174 4972 cum
1216 4909 1444 4989 quibus
1489 4910 1900 4988 disputamuS,
1936 4912 2082 4990 quia

517 5025 595 5068 ex
631 5005 690 5066 vi
733 5005 923 5083 hujus
952 5003 1384 5083 impedimenti
1429 5021 1558 5064 non
1585 5005 1864 5064 manebit
1889 5023 2081 5068 causa

517 5096 794 5160 secunda
823 5097 1238 5157 determinata
1265 5095 1474 5174 quoad
1501 5095 1865 5157 exercitium
1890 5097 1972 5158 ad
2006 5099 2081 5158 il-

511 5190 645 5252 lum
676 5191 1056 5269 singularem
1085 5195 1294 5249 actum
1333 5187 1752 5264 efficiendum,
1777 5190 1860 5250 ad
1889 5209 2079 5270 quem

1273 360 1484 413 OPUSC.
1517 362 1557 425 1,
1593 360 1708 412 Lm.
1745 362 1786 415 1.
1821 360 1902 413 DE
1936 358 2257 413 coxctmsu
2290 362 2392 414 DEI
2427 362 2551 416 emt
2584 360 2972 415 VOLUNTATE.

2248 466 2306 527 6.
2362 462 2701 528 Secundus.
2746 494 2823 507 —
2869 461 3065 522 Aliter
3111 458 3299 539 igitur
3346 460 3555 537 potest
3599 454 3761 514 haec

2166 556 2733 635 praedeterminatio
2768 552 3107 633 excogitari
3130 570 3245 631 per
3274 550 3533 611 modum
3562 546 3767 607 addi-

2166 650 2353 711 tionis
2378 656 2441 711 et
2462 648 2785 727 augmenti
2814 647 3055 709 virtutis
3082 646 3295 707 activae
3315 663 3331 715 ;
3355 642 3528 722 quia,
3556 638 3767 701 nimi-

2166 760 2331 817 rum,
2352 742 2459 803 illa
2488 741 2757 821 qualitas
2786 759 2901 801 seu
2934 739 3181 810 entitas,
3210 741 3321 797 aut
3348 734 3573 815 quovis
3610 748 3767 792 mo-

2164 833 2247 895 do
2298 834 2671 915 appelletur,
2718 833 2891 894 addit
2926 848 3131 893 causae
3180 828 3471 891 secundae
3516 842 3769 905 quam-

2164 926 2310 989 dam
2342 926 2679 1005 specialem
2726 925 2853 985 vim
2904 923 3277 987 effectricem
3312 922 3498 1001 hujus
3544 917 3767 979 solius

2164 1019 2465 1081 individui
2493 1020 2557 1079 in
2582 1018 2689 1080 illa
2731 1018 2963 1098 specie,
2990 1034 3129 1095 quae
3154 1016 3240 1076 ita
3287 1020 3381 1077 est
3412 1014 3647 1075 efficax
3688 1014 3769 1069 ut

2168 1115 2374 1175 trahat
2418 1132 2631 1175 secum
2672 1130 2929 1175 causam
2957 1108 3296 1171 secundam
3336 1108 3417 1171 ad
3458 1106 3769 1171 efficien-

2168 1208 2321 1269 dum
2360 1205 2534 1281 illud,
2578 1206 2784 1285 potius
2830 1220 3021 1284 quam
3068 1202 3258 1263 aliud.
3292 1202 3449 1262 Nam
3478 1200 3643 1279 quia
3680 1216 3769 1257 ex

2170 1302 2423 1363 entitate
2450 1298 2853 1379 superaddita
2878 1298 3102 1359 crescit
3126 1297 3321 1357 virtus
3348 1295 3429 1356 ad
3456 1295 3770 1357 efficien-

2170 1394 2321 1455 dum
2351 1395 2469 1455 hoc
2496 1394 2699 1454 solum
2728 1391 3138 1463 individuum,
3170 1388 3317 1451 inde
3346 1389 3417 1451 fit
3446 1396 3513 1449 ut
3542 1388 3770 1449 virtus

2171 1488 2371 1549 activa
2420 1487 2626 1567 potius
2674 1503 2739 1545 se
2802 1490 3017 1546 exerat
3056 1483 3121 1543 in
3172 1482 3291 1543 hoc
3339 1480 3767 1547 individuum

2170 1598 2363 1660 quam
2384 1580 2447 1639 in
2476 1578 2679 1649 aliud;
2706 1582 2769 1637 et
2804 1576 2949 1656 quia
2976 1594 3105 1636 non
3150 1581 3411 1654 possunt
3448 1575 3643 1653 plura
3680 1572 3772 1631 si-

2168 1671 2302 1733 mul
2330 1672 2489 1745 fieri,
2514 1670 2655 1732 ideo
2682 1668 2805 1729 alia
2834 1687 2961 1729 non
2994 1668 3199 1729 efficit.
3228 1666 3353 1729 Sed
3380 1668 3481 1728 hic
3506 1666 3769 1727 modus

2170 1766 2235 1826 in
2268 1766 2473 1826 causis
2512 1764 2723 1825 liberis
2754 1761 2948 1823 habet
2982 1760 3377 1823 difficultates
3402 1765 3465 1821 et
3492 1760 3771 1840 gravis-

2172 1858 2328 1919 sima
2349 1855 2745 1919 incommoda
2770 1854 2975 1917 statim
3005 1852 3362 1925 tractanda;
3386 1854 3565 1932 quia,
3592 1870 3769 1912 cum

2172 1969 2361 2012 causa
2396 1950 2591 2010 libera
2634 1967 2712 2010 ex
2740 1967 2807 2009 se
2848 1948 2927 2007 sit
2955 1946 3340 2022 indifferens,
3371 1964 3498 2008 non
3528 1948 3769 2007 solum

2170 2044 2255 2105 ad
2296 2042 2615 2104 individua
2640 2088 2656 2116 ,
2700 2042 2813 2103 sed
2856 2040 3045 2101 etiam
3090 2039 3170 2099 ad
3216 2038 3487 2119 speciem
3532 2045 3765 2109 actuS,

2164 2137 2310 2217 quia
2333 2141 2538 2215 potest
2562 2136 2722 2197 velle
2750 2140 2813 2195 et
2838 2132 3030 2206 nolle,
3054 2150 3185 2193 non
3212 2137 3415 2210 potest
3448 2131 3562 2191 illo
3602 2148 3771 2191 mo-

2162 2230 2243 2290 do
2291 2228 2691 2290 determinari
2736 2226 2820 2289 ad
2864 2224 3287 2299 individuum,
3332 2242 3485 2302 quin
3540 2224 3769 2285 etiam

2163 2322 2615 2384 determinetur
2658 2321 2741 2381 ad
2782 2319 3076 2398 speciem.
3112 2316 3286 2379 Unde
3330 2336 3593 2379 necesse
3656 2323 3771 2377 est

2166 2417 2335 2497 quod
2362 2416 2503 2476 talis
2530 2414 2969 2477 determinatio
3000 2412 3175 2473 tollat
3200 2411 3557 2473 libertatem
3581 2429 3770 2489 quo-

2166 2508 2249 2569 ad
2278 2508 2839 2589 specificationem;
2866 2504 3035 2584 quod
3062 2504 3113 2565 si
3142 2504 3328 2567 etiam
3356 2504 3769 2565 determinet

2168 2604 2250 2664 ad
2282 2603 2671 2677 exercitium,
2714 2600 2891 2662 tollet
2930 2598 3289 2679 simpliciter
3328 2616 3515 2659 usum
3552 2598 3768 2659 liber·

2167 2696 2330 2758 tatis,
2360 2698 2447 2756 De
2480 2696 2683 2755 causis
2712 2692 3100 2755 naturalibus
3128 2693 3184 2753 si
3218 2691 3357 2769 quis
3384 2692 3469 2752 ita
3496 2692 3767 2752 sentire

2166 2788 2451 2861 voluerit,
2484 2804 2709 2867 parum
2751 2792 2965 2847 nostra
3006 2784 3217 2857 refert,
3262 2784 3553 2863 quamvis
3600 2785 3767 2844 sine

2166 2900 2353 2943 causa
2384 2886 2495 2942 aut
2524 2879 2893 2942 necessitate
2940 2878 3067 2939 ulla
3105 2876 3473 2957 multiplicet
3522 2894 3639 2937 res
3698 2883 3771 2937 et

2166 2976 2443 3036 actiones
2462 2973 2719 3033 minime
2738 2970 3151 3041 necessariaS,
3174 2975 3236 3031 et
3256 2969 3447 3048 eligat
3468 2968 3769 3029 modum

2164 3068 2482 3129 intellectu
2510 3065 2961 3138 difficillimum,
2992 3062 3272 3142 nihilque
3300 3062 3771 3126 conferentem

2164 3161 2247 3222 ad
2288 3161 2629 3222 efficaciam
2669 3177 2873 3220 causoe
2914 3157 3151 3237 primae.
3182 3158 3337 3218 Nam
3366 3155 3415 3216 si
3460 3157 3773 3236 ipsamet

2164 3259 2367 3334 potest
2395 3253 2815 3314 determinare
2842 3268 3096 3312 causam
3130 3248 3495 3322 secundam,
3526 3249 3771 3310 solum

2162 3345 2486 3406 limitando
2546 3363 2727 3406 suum
2780 3360 3156 3404 concursum
3202 3341 3285 3402 ad
3331 3341 3455 3402 tale
3512 3342 3771 3402 indivi-

2162 3439 2381 3512 duum,
2410 3444 2473 3498 et
2500 3435 2651 3498 nihil
2682 3436 2852 3497 aliud
2878 3434 3149 3516 agendo,
3178 3434 3433 3513 majoris
3458 3440 3771 3514 potesta-

2160 3533 2241 3594 tis
2280 3538 2343 3592 et
2366 3530 2621 3591 dominii
2648 3529 2769 3589 hoc
2798 3546 2938 3590 esse
2969 3527 3230 3601 videtur,
3258 3545 3453 3607 quam
3474 3527 3545 3587 id
3568 3527 3772 3590 face-

2161 3643 2230 3686 re
2258 3622 2728 3702 multiplicando
2756 3622 3055 3684 actiones,

2244 3722 2305 3778 7.
2366 3715 2469 3782 Vis
2498 3713 2698 3779 activa
2730 3731 2848 3776 non
2886 3719 2979 3776 est
3010 3713 3409 3777 &lemmata
3434 3713 3521 3776 aa
3542 3730 3773 3775 unum

2160 3813 2439 3888 effectum
2480 3806 2881 3869 individuum.
2924 3837 3008 3852 —-
3046 3805 3299 3866 Accedit
3342 3804 3513 3884 quod
3560 3807 3773 3866 nulla

2162 3921 2265 3964 res
2284 3946 2299 3977 ,
2352 3918 2491 3980 quae
2534 3899 2660 3960 vim
2702 3898 2893 3960 habet
2930 3899 3199 3960 activam
3246 3897 3409 3958 intra
3450 3897 3773 3976 aliquam

2164 3993 2461 4074 speciem,
2508 3997 2601 4054 est
2648 4010 2727 4052 ex
2772 3997 2997 4052 natura
3045 4009 3159 4052 sua
3206 3989 3633 4052 determinata
3686 3997 3777 4052 ut

2164 4087 2369 4148 solum
2414 4085 2610 4165 possit
2652 4101 2842 4163 agere
2884 4100 3081 4144 unum
3130 4082 3521 4144 individuum
3566 4082 3773 4144 illius

2164 4178 2396 4258 speciei
2419 4222 2436 4251 ,
2481 4183 2551 4238 ut
2596 4175 2835 4258 patebit
2882 4175 3452 4255 discurrendo’per
3504 4194 3775 4239 omnes

2164 4270 2423 4332 virtutes
2470 4270 2727 4345 activae,
2770 4287 2929 4347 quas
2976 4287 3094 4329 nos
3136 4268 3527 4348 experimur;
3579 4287 3775 4350 ergo

2166 4365 2219 4426 si
2268 4364 2374 4425 illa
2406 4364 2695 4444 qualitas,
2742 4381 2935 4442 quam
2976 4363 3145 4424 Deus
3178 4363 3353 4424 addit
3384 4379 3597 4424 causae
3654 4383 3777 4426 se-

2166 4457 2411 4530 cundae,
2446 4456 2575 4536 igni
2607 4455 2817 4534 (verbi
2856 4456 3119 4536 gratia),
3158 4461 3255 4518 est
3294 4456 3487 4516 virtus
3524 4457 3779 4518 activa

2168 4548 2415 4622 caloris,
2454 4549 2585 4610 sive
2626 4548 3139 4622 instrumentalis,
3183 4549 3313 4610 sive
3342 4547 3567 4626 quovis
3612 4551 3777 4610 alio

2168 4640 2355 4702 modo
2386 4659 2523 4702 esse
2553 4641 2848 4721 fingatur,
2890 4659 2970 4702 ex
3016 4659 3087 4702 se
3128 4659 3257 4701 non
3286 4641 3405 4701 erit
3432 4639 3783 4702 determi-

2166 4740 2313 4795 nata
2344 4734 2423 4794 ad
2470 4752 2669 4795 unum
2697 4734 3087 4795 individuum
3116 4733 3280 4794 illius
3309 4735 3566 4813 speciei,
3624 4738 3779 4798 sed

2166 4826 2531 4888 indifferens
2562 4827 2644 4888 ad
2670 4828 2891 4906 plura;
2924 4825 3239 4907 quomodo
3284 4844 3433 4906 ergo
3462 4827 3599 4905 ipsa
3636 4829 3779 4890 de-

2166 4920 2524 4982 terminabit
2568 4937 2824 4981 causam
2876 4919 3242 4991 secundam,
3286 4937 3430 4978 cum
3472 4919 3777 4982 eadem-

2162 5017 2293 5072 met
2337 5012 2615 5093 indigeat
2664 5011 2785 5072 alia
2830 5011 3395 5096 determinatione?
3438 5009 3629 5082 Quod
3706 5017 3777 5076 si

2162 5105 2299 5185 quis
2341 5105 2657 5167 mordicus
2692 5105 2859 5166 dicat
2902 5121 3041 5166 esse
3078 5105 3349 5183 speciale
3380 5103 3525 5164 huic
3570 5109 3779 5168 enti-

2160 5199 2292 5274 tati,
2335 5205 2405 5259 ut
2449 5216 2629 5260 suam
2682 5197 3025 5258 efficaciam
3065 5196 3297 5258 habeat
3348 5196 3779 5259 determina-

514 5289 730 5345 manet
755 5282 952 5343 libera
982 5287 1044 5342 et
1084 5281 1396 5358 expedita,
1423 5298 1567 5341 cum
1596 5287 1809 5342 tamen
1833 5282 1951 5362 ipsi
1975 5302 2077 5344 ve·
2156 5295 2285 5350 tam
2326 5291 2407 5350 ad
2436 5309 2633 5351 unum
2676 5289 3087 5360 individuum,
3117 5288 3319 5350 fateor
3366 5307 3498 5350 non
3538 5308 3777 5368 posse

509 5377 624 5440 lint
678 5374 1388 5458 praedeteminationem
1445 5373 1655 5453 quoad
1712 5375 2075 5438 exercitium
2156 5381 2567 5444 demonstrari
2598 5383 2717 5444 hoc
2746 5401 2884 5443 esse
2928 5381 3331 5460 impossibile.
3374 5385 3485 5441 aut
3522 5381 3777 5462 impli-

513 5471 745 5532 debere
772 5469 908 5530 fieri
937 5488 975 5530 a
1005 5486 1196 5530 causa
1222 5469 1442 5548 prima.

2152 5493 2297 5536 care
2326 5474 2913 5548 contradictionem;
2942 5480 3177 5549 tamen,
3210 5493 3355 5534 cum
3408 5493 3539 5544 non
3586 5493 3777 5552 pos-
