3850 6225
676 413 1301 476 cAP.11V.QUOnono
1336 411 1689 468 CONGURSUS
1722 409 1942 463 CAUSAE
1971 411 2180 462 PRIMAE
2211 413 2296 464 AD
2327 411 2544 473 ACTUS,
2581 411 2712 464 E’rc.

128 518 309 595 quibus
342 519 509 594 patet
568 517 845 594 quomodo
892 531 1013 576 non
1077 513 1404 594 superfluit
1466 531 1652 576 cauca

128 609 375 676 secunda,
421 612 479 668 et
520 609 797 686 quomodo
838 609 907 669 iu
940 607 1111 670 nullo
1148 604 1350 688 pn‘cm
1386 606 1651 670 instanti

128 708 171 776 (s
149 701 355 761 scilicet
410 707 670 772 naturis,
721 701 801 762 de
865 703 986 764 hoe
1024 702 1193 761 enim
1252 708 1389 761 erat
1416 701 1647 778 sermo)

126 813 281 857 causa
308 794 513 872 prima
546 795 699 874 facit
734 796 1031 874 effectum,
1054 812 1235 876 quam
1262 795 1542 857 secunda.
1574 794 1646 854 In

124 895 229 948 tota
250 887 359 948 hac
387 887 666 948 doctrina
694 887 956 948 intendit
981 889 1341 967 CapreoIUS,
1390 903 1645 947 causam

128 981 351 1059 primam
381 979 443 1038 in
470 997 539 1040 re
570 980 705 1058 ipsa
734 999 863 1041 non
890 981 1128 1042 babere
1159 981 1345 1041 aliam
1382 995 1648 1058 praemo-

127 1075 323 1134 tionem
350 1073 409 1132 in
434 1073 800 1147 secundam,
834 1079 1091 1153 propter
1122 1075 1645 1134 concomitantem

123 1183 475 1240 concursum,
523 1167 591 1226 in
632 1185 761 1246 quo
793 1185 919 1227 non
962 1173 1057 1230 est
1098 1168 1287 1228 realis
1328 1166 1642 1246 prioritaS,

124 1267 173 1320 et
196 1260 571 1333 causalitatis,
606 1261 721 1321 sed
751 1266 991 1322 tantum
1022 1261 1259 1321 ordinis
1288 1279 1399 1320 seu
1425 1259 1646 1343 subor-

122 1353 433 1425 dinationis;
464 1355 571 1432 qui
594 1355 749 1414 ordo
774 1354 1031 1434 praecise
1058 1361 1347 1434 sumptus
1372 1371 1501 1413 non
1518 1352 1648 1412 suf-

122 1446 225 1506 ficit
258 1445 333 1505 ad
378 1447 817 1508 necessitatem
856 1447 1115 1508 effectus
1156 1493 1173 1520 ,
1224 1449 1278 1507 si
1316 1464 1507 1507 causa
1548 1462 1649 1505 se·-

124 1540 289 1598 cunda
319 1547 403 1599 est
418 1539 615 1600 libera
634 1585 651 1612 ,
682 1541 922 1601 etiamsi
950 1542 1149 1619 prima
1172 1547 1441 1620 ponatur
1456 1557 1645 1619 agere

126 1651 186 1692 ex
220 1633 561 1694 necessitate
588 1641 857 1707 naturae,
888 1633 967 1694 de
1005 1653 1129 1712 qua
1158 1653 1227 1694 re
1250 1634 1337 1694 ibi
1374 1633 1642 1694 disserit.

126 1727 294 1786 Ethoc
316 1744 495 1786 sensu
514 1727 817 1788 satisfacit
842 1733 1211 1806 argumento
1228 1727 1417 1798 Scoti,
1442 1733 1506 1788 et
1526 1727 1646 1786 alio

126 1819 277 1880 modo
296 1839 415 1880 non
434 1825 688 1898 poterat
716 1821 1092 1882 satisfacere.
1122 1821 1302 1892 Quod
1318 1821 1504 1881 etiam
1534 1822 1649 1881 Ca-

122 1913 329 1989 jetanus
356 1913 523 1983 vidit,
557 1919 622 1974 et
651 1914 797 1974 ideo
829 1915 1055 1976 eodem
1081 1915 1273 1975 modo
1318 1915 1643 1993 processit,

129 2009 301 2065 utexl
332 2023 415 2084 p.‚
446 2024 509 2084 q.
540 2009 649 2081 24,
692 2013 809 2068 art.
838 2009 935 2080 13,
972 2013 1033 2068 et
1060 2013 1279 2086 quaest.
1306 2010 1405 2077 19,
1434 2013 1549 2067 art.
1581 2008 1643 2080 8,

122 2101 226 2176 jam
258 2118 429 2177 supra
468 2100 681 2162 citavi.
719 2102 851 2161 Imo
892 2107 952 2162 et
990 2101 1277 2162 moderni
1307 2101 1645 2162 Thomistae

130 2193 221 2252 hoc
251 2194 421 2253 etiam
458 2193 797 2267 viderunt3
834 2201 896 2255 et
934 2195 1098 2259 ideo.
1140 2200 1451 2272 ponentes
1490 2214 1649 2274 proe-

129 2287 415 2346 motionem
440 2287 503 2346 in
535 2305 737 2348 eausa
764 2287 1061 2361 secunda,
1092 2288 1225 2367 jam
1251 2289 1647 2348 consentiunt

129 2396 241 2436 cum
280 2379 469 2452 Scuta,
514 2380 699 2459 quod
730 2380 782 2440 si
811 2381 1011 2458 prima
1044 2399 1235 2440 causa
1265 2398 1646 2441 concurrens

130 2476 301 2548 ageret
334 2490 403 2531 ex
436 2473 821 2532 necessitate
856 2479 1121 2546 naturae,
1156 2478 1333 2532 actus
1359 2474 1648 2533 volunta-

128 2563 188 2620 fi<
209 2569 350 2624 esset
372 2566 771 2626 necessarius
792 2565 1171 2644 simpliciter,
1204 2566 1267 2625 in
1297 2585 1423 2643 quo
1440 2566 1519 2626 ab
1538 2583 1649 2626 an·-

132 2657 439 2731 tiquioribus
478 2658 822 2719 Thomistis
877 2659 1255 2737 discrepant.
1309 2659 1649 2720 Fateantur

132 2769 251 2827 ergo
282 2769 519 2812 necesse
561 2759 667 2814 est
704 2753 823 2814 bos
848 2756 1095 2814 veteres
1124 2755 1475 2814 Themistas
1517 2773 1645 2814 non

133 2845 405 2920 agnovisse
433 2846 605 2906 illam
642 2846 1378 2925 praedeterminationem.

198 2940 273 2995 14.
310 2938 453 2998 Huic
480 2939 822 3000 sententiae
861 2939 1029 3000 favet
1072 2939 1262 2999 etiam
1309 2941 1647 3018 Capreolus

145 3028 191 3087 in
209 3032 255 3096 2,
278 3031 398 3092 dist.
452 3037 508 3104 1,
574 3038 806 3110 quaest.
859 3035 921 3104 2,
982 3037 1099 3091 art.
1152 3033 1211 3105 3,
1265 3032 1347 3092 ad
1394 3052 1641 3110 argum.

143 3130 288 3182 contr.
314 3126 349 3185 6
372 3127 685 3199 conclus.,
718 3132 781 3188 et
808 3128 949 3187 dist.
980 3129 1321 3204 25,quaest.
1347 3132 1369 3187 1
1384 3173 1405 3203 ,
1434 3134 1550 3188 art.
1584 3130 1643 3201 3,

136 3214 197 3274 ad
226 3218 259 3275 4
290 3219 440 3278 Scoti
478 3225 685 3279 contr.
732 3222 771 3280 2
800 3221 1116 3291 conclus.;
1152 3218 1312 3279 infra
1350 3238 1523 3293 vero,
1568 3220 1649 3281 ad

133 3318 441 3385 argumenta
481 3314 739 3373 Henrici
782 3320 999 3375 contra
1058 3314 1346 3374 eamdem
1401 3314 1649 3375 conclu-

132 3401 343 3479 sionem,
372 3407 731 3483 specialiter
757 3407 835 3467 de
866 3407 1069 3485 primo
1099 3412 1244 3467 actu
1286 3406 1643 3479 voluntatiS,

130 3495 277 3554 sentit
312 3496 369 3555 in
411 3498 515 3559 illo
560 3499 947 3561 intervenire
1004 3498 1475 3579 praemofionem
1534 3500 1649 3558 ali-

128 3604 279 3661 quam
315 3591 421 3651 Dei
460 3592 881 3671 imprimentis
918 3592 1219 3653 voluntati
1261 3591 1494 3671 aliquid
1534 3610 1651 3669 per

128 3679 339 3741 modum
360 3689 533 3745 actus
573 3684 785 3763 primi.
818 3685 943 3747 Sed
972 3703 1049 3745 ex
1078 3685 1199 3745 hoc
1232 3685 1368 3764 ipso
1415 3685 1649 3763 colligi-

127 3790 237 3831 mus
262 3794 391 3836 eum
420 3780 720 3853 sensisse,
744 3779 863 3839 hoc
886 3797 1015 3840 non
1054 3797 1193 3840 esse
1223 3780 1649 3840 necessarium

126 3865 173 3922 in
196 3870 405 3930 caeteris
446 3872 719 3943 actibus,
760 3877 823 3931 et
854 3877 1314 3951 consequenter
1340 3890 1469 3932 non
1510 3890 1647 3933 esse

128 3978 185 4017 ex
202 3960 253 4019 xi
290 3964 813 4035 subordinationis
842 3982 1045 4027 causae
1072 3965 1365 4028 secundae
1412 3966 1494 4025 ad
1522 3965 1653 4044 pri—

128 4070 282 4115 mam.
325 4057 514 4128 Quam
556 4076 715 4120 vero
777 4060 1101 4139 probabile
1149 4060 1305 4121 illud
1350 4060 1431 4121 sit
1464 4060 1531 4119 in
1574 4078 1649 4121 eo

128 4148 337 4223 speciali
383 4158 523 4213 actu
546 4198 565 4225 ,
614 4152 695 4213 ad
742 4159 1119 4231 praesentem
1162 4153 1650 4215 controversiam

128 4239 250 4299 nihil
280 4243 479 4305 refert.
516 4246 891 4323 Expressius
920 4250 1135 4306 autem
1175 4264 1367 4325 quam
1403 4246 1472 4306 in
1512 4245 1649 4307 aliis

130 4328 251 4392 locis
297 4334 495 4398 docuit
542 4343 827 4399 nostram
876 4339 1249 4399 sententiam
1308 4338 1649 4417 Capreolus

132 4424 181 4482 in
213 4427 265 4498 2,
300 4428 430 4489 dist.
458 4432 563 4501 28,
596 4448 657 4509 q.
694 4433 753 4503 1,
788 4437 906 4491 art.
936 4432 996 4503 3,
1028 4431 1109 4492 ad
1134 4432 1211 4491 12
1242 4436 1405 4493 cont.
1436 4434 1475 4492 2
1500 4448 1651 4491 con—

132 4516 281 4585 clus..
328 4522 427 4581 ubi
470 4542 547 4585 ex
604 4523 907 4603 Gregorio
944 4524 1135 4585 refert
1194 4524 1353 4585 duos
1400 4524 1643 4595 modOS,

132 4611 319 4685 quibus
350 4616 513 4676 Deus
541 4612 800 4695 adjuv’at
827 4617 1212 4677 voluntatem
1246 4621 1521 4677 nostram
1568 4617 1651 4677 ad

134 4706 495 4779 operandum.
534 4710 711 4772 Unus
754 4716 847 4770 est
885 4709 1210 4770 efficiendo
1238 4728 1379 4769 cum
1408 4709 1515 4769 illa
1545 4728 1649 4769 ac-

136 4798 239 4853 tum
266 4799 413 4875 ejuS,
442 4802 803 4863 immediate
848 4803 1055 4880 ipsum
1090 4802 1415 4863 efficiendo
1445 4802 1508 4861 in
1544 4820 1651 4861 vo-

138 4886 333 4951 luntate
348 4938 363 4962 ,
394 4894 473 4953 ita
496 4900 709 4955 tamen
737 4901 809 4956 ut
830 4914 956 4955 non
987 4896 1120 4975 ipse
1143 4896 1311 4956 solus
1333 4896 1523 4955 talem
1544 4913 1651 4955 ac—

142 4984 245 5038 tum
286 4986 501 5047 efficiat
531 5033 550 5060 ,
608 4988 719 5049 sed
765 4989 1057 5049 voluntas
1106 4990 1297 5050 etiam
1342 5006 1485 5050 cum
1544 4988 1649 5047 illo

144 5089 459 5153 cooperans.
506 5082 679 5142 Alter
712 5082 939 5142 modus
972 5088 1087 5155 est,
1140 5082 1392 5161 speciali
1442 5082 1651 5157 aliqua

142 5168 373 5231 motione
408 5174 771 5252 applicando
808 5180 871 5235 et
898 5176 1335 5253 praemovendo
1362 5174 1651 5234 volunta-

147 5258 269 5329 tem,
298 5270 361 5323 ut
400 5273 705 5344 operetur.
758 5268 1033 5329 Priorem
1076 5268 1337 5329 modum
1388 5268 1473 5329 ait
1508 5284 1649 5327 esse

150 5364 518 5431 communem,
536 5378 657 5439 quo
682 5361 996 5422 concurrit
1022 5364 1185 5423 Deus
1204 5362 1283 5423 ad
1314 5359 1651 5441 cujuslibet

150 5445 353 5518 agentis
372 5450 649 5513 effectum
680 5472 697 5524 ;
726 5454 1135 5532 posteriorem
1165 5474 1315 5515 vero
1344 5471 1482 5516 esse
1512 5470 1649 5530 spe-

152 5533 357 5611 cialem,
374 5544 795 5626 pertinereque
812 5548 895 5609 ad
915 5548 1142 5609 auxilia
1162 5549 1399 5627 gratiae,
1418 5545 1647 5627 quibus

3215 405 3294 464 73

1733 513 1899 572 Deus
1926 512 2123 572 libere
2159 518 2369 571 movet
2403 512 2787 572 voluntatem
2816 527 3082 589 eamque
3120 509 3300 590 adju-

1732 611 1833 665 vat
1886 612 1954 664 ut
2002 605 2164 665 bene
2224 610 2552 682 operetur,
2605 603 2814 664 subdit
2867 621 3015 664 vero
3073 608 3295 680 postea

1730 699 2102 777 Capreolus:
2143 701 2298 760 Hoec
2346 698 2701 780 Greyom'us,
2751 703 2810 760 et
2847 697 3166 760 concordat
3211 695 3288 759 S.

1731 792 1994 854 Thomas
2026 797 2083 853 1.
2125 796 2194 865 2,
2221 811 2278 875 q.
2311 795 2450 864 109,
2498 797 2622 872 fero
2661 791 2928 872 sinyulis
2981 790 3288 853 articulis.

1728 887 1915 965 Ergo,
1937 905 2014 946 ex
2041 888 2348 949 sententia
2378 884 2659 964 Capreoli
2692 889 2754 945 et
2777 889 2986 946 mente
3011 886 3084 945 D.
3128 884 3294 944 Tho-

1726 995 1871 1050 mae‚
1900 979 2212 1057 generalis
2242 997 2581 1040 concursus
2611 977 2826 1057 primae
2869 995 3074 1038 causae
3089 977 3293 1036 solum

1724 1071 2751 1150 requiritimmediatuminssuxum
2793 1072 2858 1132 in
2897 1071 3190 1131 effectum
3231 1076 3295 1132 et

1727 1166 2038 1226 actionem
2084 1185 2286 1226 causae
2329 1165 2642 1238 secundae,
2693 1163 3051 1243 adjuvando
3093 1163 3289 1230 illam,

1729 1263 1791 1318 et
1817 1276 1946 1318 non
1973 1259 2160 1318 aliam
2195 1259 2490 1339 praeviam
2520 1259 2887 1319 motionem.

1812 1354 1911 1413 15.
1943 1353 2252 1430 AEgidius,
2285 1351 2590 1431 opusculo
2628 1351 2706 1412 de
2739 1349 3290 1412 Praedestinatione

1730 1451 1791 1505 et
1830 1445 2248 1523 praescientia,
2282 1445 2480 1505 multa
2525 1445 2712 1505 habet
2747 1444 2973 1523 quihus
3013 1451 3293 1518 nostram

1730 1539 2102 1598 sententiam
2131 1539 2352 1609 innuit,
2385 1539 2564 1618 plura
2599 1539 2662 1598 in
2690 1537 2841 1598 locis
2875 1555 3065 1616 supra
3091 1537 3294 1598 citatis

1733 1650 1807 1692 ex
1851 1635 1891 1692 2
1926 1636 2225 1706 sentent„
2276 1633 2418 1714 dist.
2460 1635 2489 1694 1
2523 1679 2540 1705 ,
2582 1636 2645 1692 et
2673 1649 2889 1709 opusc.
2935 1630 3014 1692 de
3045 1632 3202 1691 Ente
3231 1636 3294 1691 et

1732 1730 1990 1798 essent.;
2011 1726 2236 1803 quibus
2251 1726 2404 1785 loeis
2419 1739 2794 1786 concursum
2806 1723 2914 1786 Dei
2931 1724 3292 1806 generalem

1728 1818 1917 1879 modo
1943 1838 1980 1879 a
2015 1819 2194 1879 nobis
2223 1819 2503 1898 exposito
2529 1817 2829 1879 declarat.

1810 1912 2138 1983 HenricuS,
2189 1912 2474 1983 Quodlib.
2520 1914 2580 1976 9.
2623 1916 2838 1990 quaest.
2874 1915 2934 1984 5,
2977 1917 3038 1972 et
3083 1911 3294 1984 Quod-

1727 2005 1834 2066 lib.
1870 2008 1972 2078 11,
2008 2011 2224 2083 quaest.
2262 2006 2324 2078 6,
2367 2012 2428 2066 et
2461 2004 2748 2083 Quodlib.
2784 2007 2883 2077 12,
2927 2011 3143 2082 quaest.
3183 2007 3284 2078 26,

1728 2099 1923 2160 multa
1955 2099 2138 2159 docet
2175 2099 2402 2177 quibus
2439 2099 2602 2158 banc
2646 2090 3019 2158 sententiam
3065 2099 3294 2158 confir-

1727 2199 1879 2265 mat,
1912 2210 2050 2271 quae
2079 2192 2319 2265 omitte,
2348 2192 2494 2270 quia
2521 2191 2858 2253 molestum
2887 2197 3051 2252 esset
3083 2192 3293 2252 omnia

1726 2286 2007 2358 referre;
2059 2286 2124 2346 in
2169 2304 2413 2346 summa
2465 2285 2650 2346 docet
2697 2303 2862 2364 saepe
2907 2285 3292 2346 voluntatem

1729 2379 2148 2440 determinare
2203 2379 2497 2457 seipsam,
2553 2384 2617 2439 et
2672 2377 2850 2440 aliter
2903 2397 3032 2438 non
3080 2384 3295 2440 censet

1730 2473 1958 2532 salvari
1985 2472 2302 2551 propriam
2327 2472 2760 2533 indifferentiae
2796 2472 3167 2532 libertatem.

1808 2565 2069 2639 Marsil.,
2099 2566 2163 2624 in
2200 2568 2255 2638 1,
2298 2565 2360 2624 d.
2395 2568 2502 2638 40,
2535 2571 2650 2625 art.
2691 2567 2754 2637 2,
2786 2585 2848 2644 p.
2896 2569 2952 2638 1,
2995 2565 3289 2636 conch-tl,

1730 2658 1793 2718 in
1824 2657 1984 2718 fine:
2023 2656 2210 2720 Sicut
2235 2659 2503 2737 effectu-3,
2543 2658 2649 2729 ait,
2677 2659 3006 2738 dependens
3034 2675 3073 2718 a
3110 2675 3296 2720 causa

1726 2751 1919 2812 libera
1949 2752 2018 2812 ab
2050 2768 2120 2814 ea
2147 2751 2326 2812 libere
2349 2751 2652 2830 dependet,
2681 2750 2774 2812 sic
2798 2751 3097 2830 disposuit
3129 2752 3294 2812 Deus

1726 2844 2121 2920 aeternaliter,
2173 2847 2257 2907 ad
2304 2861 2471 2906 omno
2515 2846 2585 2907 id
2631 2845 2790 2924 quod
2835 2845 2952 2907 illa
3009 2843 3295 2907 voluntas

1731 2939 1996 3020 elegerin
2041 2940 2168 3003 sico
2203 2937 2481 3011 coluerit,
2515 2957 2578 3001 se
2613 2939 2794 3000 libere
2833 2955 3288 3010 concursurum,

1720 3033 2096 3114 proesciendo
2118 3033 2488 3095 cetea-naliter
2515 3033 2598 3095 ad
2620 3049 2801 3114 quam
2821 3037 3062 3114 partem
3083 3032 3293 3094 volun-

1730 3133 1829 3189 tas
1878 3127 2302 3189 inclinabitur.
2367 3127 2658 3189 Similiter
2698 3127 2764 3185 in
2813 3126 3103 3193 omnibus
3159 3125 3291 3187 fere

1732 3218 2234 3281 conclusionibus
2289 3220 2410 3279 hoc
2467 3220 2672 3298 ipsum
2726 3218 3030 3290 inculcat;
3107 3219 3290 3280 docet

1732 3313 1917 3372 etiam
1973 3313 2412 3373 necessitatem
2469 3331 2544 3373 ex
2589 3312 3016 3391 suppositione
3055 3312 3292 3390 simpli-

1730 3404 1884 3465 citer
1933 3406 2343 3467 antecedente
2385 3423 2742 3484 repugnare
2783 3404 3074 3477 libertati,
3121 3404 3291 3465 ideo-

1728 3514 1853 3575 que
1878 3497 2086 3558 futura
2123 3497 2319 3559 libera
2345 3516 2474 3558 non
2514 3498 2655 3558 ideo
2707 3516 2846 3559 esse
2891 3498 3100 3557 futura
3144 3498 3292 3575 quia

1729 3591 2014 3668 praescita
2056 3598 2204 3652 sunt
2254 3611 2292 3652 a
2344 3591 2494 3666 Deo,
2543 3590 2656 3651 sed
2710 3591 2917 3671 potius
2959 3591 3099 3651 ideo
3151 3608 3290 3652 esse

1728 3684 2010 3762 praescita
2049 3684 2194 3762 quia
2223 3684 2431 3745 futura
2471 3690 2638 3757 sunt,
2677 3688 2742 3745 et
2775 3684 2838 3744 in
2882 3686 2920 3743 3
2946 3689 3136 3761 part„
3169 3686 3287 3743 art.

1730 3796 1911 3855 supp.
1958 3780 2020 3851 4,
2059 3778 2282 3839 eodem
2321 3778 2510 3839 modo
2551 3778 2659 3851 ait,
2698 3780 2894 3839 Deum
2921 3777 3290 3855 disposuisse

1731 3887 2081 3933 concurrere
2125 3889 2260 3933 cum
2296 3870 2556 3933 hominis
2594 3872 2902 3935 voluntate
2947 3872 3028 3933 ad
3062 3886 3293 3932 omnem

1730 3961 2068 4026 electionem
2121 3965 2274 4043 ejus,
2304 3964 2372 4024 in
2407 3980 2833 4045 quamcumque
2855 3970 3093 4045 partem
3121 3962 3292 4041 flecti

1730 4057 1917 4129 velit;
1950 4063 2010 4118 et
2039 4058 2158 4117 hoc
2184 4063 2362 4135 putat
2399 4076 2536 4119 esse
2581 4058 3006 4118 necessarium
3049 4056 3130 4117 ad
3173 4054 3290 4115 sal-

1730 4150 2002 4209 vandam
2025 4150 2400 4212 libertatem.

1814 4244 1913 4305 16.
1969 4243 2329 4320 GregoriuS,
2377 4244 2440 4303 in
2485 4248 2543 4318 1,
2585 4241 2648 4303 d.
2701 4244 2797 4317 38,
2845 4258 2908 4321 q.
2954 4244 3013 4317 2,
3062 4247 3178 4303 art.
3224 4243 3285 4315 2,

1730 4334 2088 4415 opinionem
2135 4337 2318 4397 Scoto
2374 4336 2736 4397 attributam
2779 4334 3095 4413 reprobat,
3135 4352 3292 4413 quo-

1730 4431 1899 4489 niam
1935 4429 2248 4491 existimat
2294 4429 2652 4509 hujusmodi
2691 4426 3292 4507 praedeterminatio-

1729 4541 1875 4583 nem
1896 4522 2222 4601 physicam
2249 4522 2548 4583 libertatis
2576 4522 2880 4584 voluntati
2907 4539 3288 4600 repugnare,

1730 4622 1791 4675 et
1818 4616 1986 4687 iden,
2025 4621 2141 4675 art.
2185 4618 2244 4687 3,
2273 4616 2360 4676 ait
2384 4616 2710 4676 scientiam
2749 4616 3102 4677 futurorum
3143 4632 3292 4691 sup—

1730 4727 1970 4785 ponere
2025 4709 2330 4787 objective
2387 4709 2972 4769 determinationem
3030 4707 3292 4767 liberam

1728 4801 2084 4875 voluntatiS,
2119 4809 2304 4880 atque
2352 4801 2510 4863 adeo
2551 4801 2760 4863 futura
2801 4820 2928 4861 non
2965 4800 3108 4861 ideo
3151 4816 3290 4859 esse

1728 4895 1939 4955 futura
1983 4895 2131 4974 quia
2171 4896 2476 4973 praescita,
2495 4894 2609 4956 sed
2635 4894 2842 4974 potius
2883 4912 2918 4953 e
2962 4910 3286 4953 converse.

1729 4990 1799 5050 In
1824 4992 1863 5049 2
1892 4996 2130 5061 autem,
2158 4989 2221 5049 d.
2257 4991 2358 5061 21,
2396 5008 2458 5067 q.
2494 4992 2552 5061 1,
2597 4994 2712 5049 art.
2757 4990 2818 5061 3,
2863 4987 2946 5047 ad
2981 4988 3081 5059 12,
3121 4986 3292 5047 vide-

1732 5088 1831 5142 tur
1871 5100 2106 5161 ponere
2147 5082 2628 5161 applicationem
2662 5082 2960 5161 praeviam
3005 5080 3294 5141 volunta-

1730 5177 1829 5237 tis,
1862 5178 2100 5237 Tamen
2129 5194 2256 5235 non
2283 5175 2558 5254 loquitur
2581 5176 2660 5236 de
2705 5175 2996 5236 omnibus
3023 5174 3287 5243 actibuS,

1732 5288 1940 5349 neque
1971 5288 2048 5330 ex
2071 5269 2130 5329 vi
2169 5268 2693 5331 subordinationis
2721 5286 2928 5330 causae
2971 5268 3285 5340 secundae,

1732 5382 1843 5424 seu
1873 5381 1950 5423 ex
1975 5362 2032 5423 vi
2060 5381 2401 5423 concursus
2423 5380 2628 5423 causoe
2644 5362 2896 5440 primae3
2923 5359 3047 5419 imo
3073 5362 3288 5437 aperte

1728 5458 1813 5517 ibi
1843 5457 1992 5518 dicit
2043 5458 2208 5518 hunc
2236 5474 2610 5517 concursum
2641 5457 2842 5517 solum
2867 5454 3202 5515 consistere
3225 5454 3290 5514 in

1728 5550 1982 5631 partiali·
2011 5550 2420 5611 coefficientia
2446 5550 2579 5620 Dei,
2611 5567 2732 5610 nec
2751 5567 2867 5626 per
2889 5564 2958 5607 se
2997 5564 3135 5608 esse
3178 5566 3288 5609 ne-
