3850 6225
526 391 646 456 312

513 499 686 572 dum,
733 499 845 560 sed
887 499 1142 560 omnino
1194 501 1645 573 necessarium,
1700 507 1768 561 ut
1819 498 2079 560 scientia

513 597 826 674 supponat
850 591 1164 672 obJectum
1199 592 1435 654 scibile.

1107 823 1357 886 CAPUT
1400 823 1498 882 v1.

511 1041 589 1086 EX
647 1039 908 1086 nucum
957 1037 1206 1084 AETERNO
1263 1037 1492 1082 mvlsae.
1544 1034 1908 1082 VOLUNTATIS
1964 1035 2077 1080 Non

553 1133 694 1179 sum
723 1131 1145 1178 summatum!
1175 1130 1476 1176 uriom-:x
1507 1129 1683 1176 umus
1725 1127 2031 1174 smmum..

594 1346 650 1403 1.
705 1339 1026 1406 Sententia
1073 1342 1393 1421 affirmans
1440 1339 1804 1421 explicatur.
1849 1369 1932 1383 --
1974 1338 2080 1400 Est

511 1424 848 1498 multorum
886 1435 1346 1514 Theologorum
1391 1434 1626 1512 opini0,
1671 1435 1872 1494 Deum
1917 1451 2081 1511 prae-

512 1545 889 1609 cognoscere
920 1527 1344 1605 contingentia
1372 1527 1580 1586 futura
1611 1525 1675 1586 in
1706 1525 1957 1586 decreto
1976 1543 2079 1586 vo·

511 1623 767 1683 luntatis
797 1639 956 1692 suae3
991 1621 1073 1681 ita
1105 1620 1424 1690 Richard.,
1448 1623 1505 1692 1,
1525 1619 1795 1679 distinct.
1829 1617 1930 1690 38,
1958 1623 2075 1678 art.

513 1720 570 1791 1,
616 1721 834 1794 quaest.
891 1717 969 1786 ὃς
1023 1721 1084 1774 et
1139 1715 1332 1789 Scot.,
1375 1713 1646 1775 distinct.
1693 1715 1801 1786 39,
1857 1717 2075 1792 quaest.

511 1807 778 1888 unica,§
809 1807 948 1874 Viso
987 1809 1054 1870 do
1089 1808 1479 1890 continqent„
1507 1814 1654 1882 etc.,
1691 1812 1752 1867 et
1783 1807 1848 1867 in
1879 1805 2082 1876 Ouod-

511 1901 737 1973 libetis,
773 1907 998 1980 quaest.
1033 1902 1130 1961 14.
1151 1902 1226 1960 Et
1255 1900 1318 1960 in
1335 1918 1403 1961 re
1433 1900 1600 1961 idem
1631 1899 1817 1960 sentit
1839 1899 2083 1978 Cajeta-

510 2014 653 2068 nuS,
697 1999 718 2054 l
766 1999 955 2073 part„
987 1998 1202 2072 quaest.
1247 1995 1339 2067 14,
1377 1999 1493 2053 art.
1531 1995 1629 2067 13,
1660 1999 1730 2052 ut
1757 2011 1896 2071 cap.
1927 1994 1967 2053 5
1992 1999 2080 2053 at-

511 2088 644 2168 tigi,
699 2093 761 2148 et
807 2087 984 2147 multi
1027 2106 1104 2146 ex
1151 2085 1472 2146 modernis
1521 2087 1854 2147 Thomistis
1909 2085 2079 2146 idem

513 2181 808 2241 sentiunt.
839 2179 1030 2240 Favet
1059 2179 1248 2240 etiam
1277 2178 1632 2240 Alexander
1657 2179 1896 2254 AlenS„
1920 2182 1948 2238 1
1985 2197 2076 2258 p.,

513 2280 728 2351 quaest.
773 2274 854 2334 ⁸24
880 2319 896 2343 ,
951 2272 1214 2333 membr.
1255 2275 1316 2348 7,
1359 2272 1574 2333 dicens
1624 2272 2081 2350 praescientiam

513 2366 719 2428 dicere
753 2367 1036 2427 ordinem
1070 2365 1150 2426 ad
1179 2365 1788 2445 praeordinationem.
1816 2365 2080 2426 Inclinat

515 2462 704 2522 etiam
748 2461 1080 2521 Durandus
1109 2461 1173 2519 in
1203 2463 1262 2534 1,
1305 2460 1445 2520 dist.
1481 2461 1580 2531 38,
1612 2459 1850 2530 dicenS,
1879 2459 2081 2518 Deum

514 2571 894 2634 cognoscere
923 2553 1054 2614 haec
1083 2554 1290 2614 futura
1319 2554 1386 2612 in
1427 2571 1516 2625 se,
1565 2558 1628 2612 et
1665 2551 1730 2610 in
1761 2569 1951 2612 causa
1979 2569 2082 2611 eo-

513 2666 673 2709 rum.
707 2649 814 2710 Est
841 2653 1051 2708 autem
1075 2647 1399 2709 diversitas
1427 2646 1589 2706 inter
1625 2644 1741 2706 hos
1766 2651 2075 2718 auctores,

515 2741 660 2820 quia
693 2741 1041 2802 Richardus
1085 2741 1290 2802 solum
1333 2741 1417 2801 ait
1462 2757 1840 2820 cognoscere
1884 2740 2081 2799 Deum

513 2834 650 2895 haec
675 2833 882 2910 futura
913 2835 976 2894 in
997 2853 1109 2895 sua
1139 2835 1482 2904 voluntate,
1515 2839 1814 2910 tanquam
1845 2833 1907 2891 in
1938 2850 2083 2892 cau-

515 2947 584 2988 sa
625 2926 962 3002 infallibili,
995 2926 1452 3006 simplicissimo
1483 2925 1738 3004 quidem
1767 2924 1976 2999 mode,
2020 2926 2083 2984 et

517 3021 754 3100 absque
794 3021 1080 3082 discursu
1121 3039 1198 3081 ex
1245 3025 1420 3098 parte
1451 3019 1915 3096 cognoscentis,
1958 3017 2085 3076 vir-

514 3114 668 3175 tuali
709 3122 920 3175 tamen
962 3116 1248 3176 discursu
1286 3114 1524 3173 incluso
1560 3111 1622 3172 in
1651 3111 1916 3191 objecto,
1964 3110 2083 3171 hoc

517 3208 784 3269 scilicet:
819 3208 1130 3288 Quidquid
1163 3208 1327 3267 Deus
1365 3207 1516 3279 vult,
1565 3206 1713 3277 erit;
1764 3206 1879 3265 hoc
1913 3206 2083 3265 Deus

515 3302 680 3373 vult3
717 3320 866 3381 ergo
905 3303 1024 3364 hoc
1063 3302 1199 3364 erit.
1243 3302 1464 3363 Scotus
1497 3319 1646 3361 vero
1691 3299 1864 3359 addit
1889 3298 2083 3358 alium

516 3394 776 3456 modum
839 3394 1208 3473 cognitionis
1269 3399 1496 3473 praeter
1549 3393 1716 3452 hunc
1745 3436 1760 3462 ‚
1809 3391 2077 3464 scilieet,

516 3489 664 3568 quia
687 3486 888 3567 posito
911 3487 1162 3548 decreto
1193 3487 1296 3547 illo
1325 3485 1547 3546 divinae
1574 3485 1935 3557 voluntem,
1959 3490 2084 3544 sta-

513 3580 627 3643 tim
655 3581 871 3660 incipit
899 3598 1037 3641 esse
1063 3579 1472 3641 determinate
1500 3596 1650 3637 vera
1675 3577 1780 3638 illa
1803 3578 2082 3656 proposi-

513 3674 636 3735 tio:
671 3674 808 3736 Hoc
847 3674 987 3744 erit,
1035 3689 1174 3751 quae
1207 3677 1350 3732 ante
1393 3669 1546 3730 illud
1591 3670 1908 3731 decretum
1954 3688 2082 3730 non

514 3772 645 3827 erat
677 3766 1088 3828 determinate
1121 3782 1308 3836 vera;
1341 3770 1402 3824 et
1447 3763 1586 3822 ideo
1619 3764 1752 3842 jam
1799 3764 1967 3824 Deus
2016 3762 2082 3823 il-

511 3860 640 3920 lam
669 3859 1012 3938 cognoscit,
1046 3876 1174 3918 11011
1201 3862 1446 3918 tantum
1485 3855 1549 3915 in
1593 3856 1907 3917 voluntate
1938 3874 2077 3931 sua,

513 3951 625 4013 sed
673 3952 861 4013 etiam
914 3952 1214 4013 intuendo
1266 3950 1330 4009 in
1377 3950 1583 4028 seipsa
1635 3950 1961 4010 veritatem
2008 3950 2081 4009 il-

514 4050 666 4110 lam.

590 4146 650 4203 2.
702 4140 828 4215 Quo
852 4142 1244 4214 fundamento
1283 4144 1546 4205 nitatur.
1576 4172 1655 4185 —
1679 4139 2081 4201 Fundamen-

511 4244 644 4297 tum
683 4235 873 4313 hujus
919 4234 1240 4295 sententiae
1273 4241 1389 4307 est,
1419 4236 1589 4314 quia,
1623 4234 1672 4294 si
1702 4234 1822 4293 hoc
1861 4233 2082 4293 decre-

510 4332 646 4388 tum
674 4333 766 4389 est
797 4328 858 4385 in
891 4327 1042 4401 Dec,
1076 4326 1208 4387 sine
1240 4328 1428 4388 dubio
1451 4333 1544 4388 est
1569 4327 1881 4387 sufficiens
1911 4326 2078 4405 prin-

510 4420 742 4499 cipium
785 4420 863 4480 ad
920 4422 1352 4500 cognoscenda
1393 4422 1522 4482 haec
1561 4421 1786 4493 futura,
1823 4423 2077 4498 propter

511 4511 850 4573 efficaciam
882 4512 1102 4573 divinae
1126 4514 1491 4587 voluntatis;
1529 4513 1639 4574 sed
1683 4513 1816 4573 haee
1855 4512 2077 4571 volun-

511 4610 602 4666 tas
636 4610 728 4665 est
756 4606 820 4664 in
849 4605 997 4679 De0,
1031 4611 1099 4666 ut
1137 4606 1236 4665 isti
1271 4612 1556 4667 auctores
1601 4607 1724 4666 late
1761 4605 2070 4683 probant3

511 4704 573 4757 ct
611 4716 856 4758 summa
901 4700 1178 4759 omnium
1224 4701 1536 4761 rationum
1567 4706 1662 4761 est
1685 4746 1699 4773 ,
1733 4699 1878 4777 quia
1907 4700 2075 4759 Deus

508 4790 718 4850 omnia
764 4790 1120 4852 immediate
1175 4798 1471 4871 operatur
1521 4812 1638 4871 per
1685 4793 2073 4853 voluntatem

508 4902 708 4956 suam,
742 4885 841 4945 vel
885 4884 1105 4958 solam,
1137 4885 1237 4945 vel
1293 4904 1436 4947 cum
1483 4886 1687 4947 causis
1737 4886 2065 4958 secundis;

507 4994 657 5055 ergo
687 4982 748 5037 et
775 4976 983 5055 dirigit
1014 4978 1224 5037 omnia
1253 4978 1316 5038 in
1350 4977 1510 5039 fines
1539 4998 1574 5038 a
1605 4998 1670 5039 se
1701 4979 1975 5040 intentos
2008 4984 2071 5039 et

503 5069 941 5149 p1·aedefi11itos‚‚
988 5070 1155 5148 quod
1205 5071 1474 5149 pertinet
1521 5072 1600 5131 ad
1631 5072 1971 5151 perfectam
2010 5077 2071 5131 et

503 5164 818 5224 efficacem
861 5162 1350 5241 providentiam;
1397 5172 1458 5225 et
1515 5170 1810 5243 operatur
1861 5165 2071 5225 omnia

501 5274 615 5335 per
652 5257 970 5318 efficacem
995 5256 1403 5331 voluntatem,
1437 5274 1562 5338 qua
1607 5258 1742 5318 vult
1775 5258 1882 5318 illa
1933 5276 2071 5319 esse

501 5357 841 5431 antequam
873 5351 995 5412 sint
1018 5350 1249 5424 futura,
1286 5358 1348 5413 et
1389 5358 1848 5432 consequenter
1899 5354 2071 5433 prius

502 5446 690 5505 etiam
717 5462 907 5524 quam
937 5445 1220 5524 proeseiat
1244 5444 1346 5505 illa
1377 5464 1514 5507 esse
1541 5448 1784 5519 futura;
1813 5465 1965 5527 ergo
1990 5445 2072 5508 ad

502 5537 712 5597 omnia
738 5554 877 5615 quae
907 5536 968 5596 in
999 5542 1280 5616 tempore
1307 5538 1486 5612 flunt,
1519 5538 1831 5600 antecedit
1853 5540 2069 5599 volun-

1025 397 1238 452 OPUSC.
1277 399 1335 461 11,
1372 397 1486 451 Lm.
1523 400 1561 452 1.
1599 399 1677 451 nt:
1711 397 2033 450 ABSOLUTA
2067 397 2348 450 selssNTm
2384 393 2687 448 FUTUROR.
2726 393 3235 448 commeminit.

2160 505 2254 560 tas
2284 499 2503 560 efficax
2532 497 2663 570 Dei,
2696 501 2765 558 ut
2790 497 3120 559 intendens
3144 502 3205 559 et
3228 515 3537 576 exequens,
3556 516 3649 556 non

2160 595 2363 655 solum
2416 593 2849 656 antecessione
2904 593 3295 664 aeternitatiS,
3350 591 3454 652 sed
3508 593 3649 652 etiam

2160 694 2303 748 ante
2332 687 2782 767 praescientiam
2808 687 3155 747 secundum
3182 687 3489 748 rationem.
3518 685 3651 756 Quod

2160 782 2432 842 breviter
2464 779 2807 860 explicatur
2832 785 2893 840 et
2916 779 3350 851 confirmatum
3380 779 3526 857 quia,
3547 779 3651 839 licet

2160 893 2260 935 res
2300 891 2427 934 non
2458 873 2537 934 sit
2582 873 2789 934 futura
2834 873 2981 952 quia
3032 873 3109 934 sit
3143 872 3420 952 praescita
3457 890 3489 930 a
3524 873 3649 942 Deo,

2161 967 2275 1028 sed
2311 967 2515 1046 potius
2558 985 2591 1027 e
2628 973 2845 1027 contra
2885 964 3027 1026 ideo
3078 973 3173 1026 est
3213 965 3481 1045 praescita
3505 984 3535 1022 a
3556 965 3651 1024 Deo

2160 1061 2307 1139 quia
2334 1059 2543 1120 futura
2592 1065 2707 1134 est,
2754 1065 2967 1120 tamen
2996 1059 3137 1120 ideo
3172 1065 3265 1120 est
3308 1059 3517 1127 futura,
3543 1059 3651 1134 quia

2158 1155 2321 1214 Deus
2347 1153 2542 1215 voluit
2582 1153 2751 1212 illam
2784 1153 2954 1212 fore:
3002 1169 3149 1212 nam
3196 1155 3467 1232 operatur
3504 1151 3653 1211 omnia

2158 1248 2478 1310 secundum
2508 1246 2828 1309 consilium
2866 1245 3195 1308 voluntatis
3228 1261 3389 1315 ενα-,-
3434 1262 3561 1322 crgo
3596 1243 3653 1304 de

2157 1340 2361 1420 primo
2408 1340 2490 1400 ad
2537 1339 2859 1411 ultimum,
2909 1339 3196 1398 voluntas
3248 1338 3359 1398 Dei
3406 1336 3656 1396 antecedit

2160 1433 2633 1513 praescientiam,
2683 1439 2747 1493 et
2788 1437 3249 1511 consequenter
3292 1430 3549 1490 voluntas
3588 1434 3655 1489 est

2162 1527 2476 1588 sufficiens
2504 1527 2660 1587 ratio
2694 1526 2835 1587 talis
2862 1525 3156 1586 scientiae.

2242 1623 2298 1681 3.
2346 1621 2590 1700 Duplex
2612 1621 2893 1682 voluntas
2921 1621 3035 1682 Dei
3060 1618 3225 1682 circa
3244 1625 3438 1682 actum
3460 1619 3655 1681 tiber-um

2162 1713 2439 1776 hominis.
2468 1747 2547 1758 -
2574 1714 2718 1773 Haec
2748 1713 3075 1785 sententia,
3110 1713 3195 1772 ita
3223 1714 3545 1791 generatim
3561 1729 3655 1788 pro-

2160 1807 2384 1886 posita,
2424 1807 2580 1866 mihi
2612 1825 2743 1866 non
2782 1806 3101 1886 probatur.
3152 1807 3233 1869 Ut
3276 1812 3477 1866 autem
3516 1807 3655 1865 ratio-

2160 1919 2307 1962 nem
2332 1899 2659 1977 explicem,
2689 1917 2975 1978 suppono
3004 1899 3317 1978 duplicem
3342 1898 3653 1958 voluntatem

2158 2011 2343 2073 posse
2387 1992 2645 2071 intelligi
2676 1993 2758 2053 ab
2800 1999 3035 2054 aeterno
3062 1993 3125 2052 in
3154 1993 3286 2054 Deo
3316 1993 3470 2053 circa
3502 1998 3653 2052 aetum

2158 2088 2426 2148 liberum
2454 2093 2776 2157 creaturae,
2810 2087 2979 2165 prius
3014 2087 3258 2147 ratione
3286 2105 3467 2165 quam
3489 2085 3653 2145 intelli-

2161 2187 2344 2262 gatur
2392 2199 2529 2242 esse
2576 2180 2857 2241 absolute
2910 2181 3212 2241 futurum.
3256 2181 3392 2242 Una
3434 2178 3651 2240 estcirca

2162 2279 2369 2335 actum
2396 2275 2601 2352 ipsum
2634 2273 2919 2334 absolute
2950 2281 3011 2335 et
3058 2273 3405 2334 secundum
3454 2291 3529 2346 se,
3566 2291 3651 2349 qua

2162 2368 2395 2430 scilicet
2422 2367 2554 2428 vult
2582 2367 2755 2427 illum
2780 2375 2988 2428 actum
3034 2385 3212 2438 esse;
3262 2367 3381 2426 alia
3424 2372 3505 2426 est
3536 2365 3650 2425 cii-ca

2160 2479 2533 2522 concursum
2558 2478 2741 2520 suum
2770 2460 2851 2520 ad
2889 2461 3079 2522 talem
3119 2465 3351 2520 actum.
3400 2459 3545 2519 Prior
3576 2475 3651 2516 vo·

2159 2556 2367 2615 luntas
2420 2553 2735 2614 interdum
2781 2559 2875 2614 est
2924 2555 3247 2626 inefficax,
3302 2572 3411 2613 seu
3454 2549 3648 2628 simplex

2161 2655 2404 2710 tantum
2442 2647 2725 2719 affectus,
2767 2647 2845 2708 de
2890 2665 3013 2726 qua
3052 2648 3151 2707 hic
3202 2665 3333 2707 non
3384 2650 3466 2707 est
3502 2661 3649 2704 sermo

2162 2743 2307 2822 quia
2336 2748 2575 2802 certum
2602 2745 2695 2800 est
2722 2759 2799 2802 ex
2826 2740 2929 2800 illa
2958 2749 3084 2800 non
3128 2741 3346 2801 inferri
3390 2738 3649 2800 infallibili-

2162 2841 2260 2896 ter
2290 2836 2567 2895 futurum
2610 2852 2747 2896 esse
2791 2835 3103 2906 effectum,
3148 2835 3299 2914 quia
3340 2835 3463 2893 haec
3506 2833 3649 2892 solum

2164 2935 2257 2989 est
2302 2927 2588 2988 voluntas
2640 2927 3057 3000 antecedens,
3112 2946 3257 3007 quae
3302 2945 3423 2986 non
3468 2941 3649 3002 semper

2163 3023 2474 3100 impletur.
2512 3021 2707 3082 Debet
2732 3039 2882 3100 ergo
2912 3039 3047 3082 esse
3076 3022 3367 3082 voluntas
3394 3020 3588 3080 efficax.
3608 3023 3648 3074 et

2163 3116 2247 3177 ita
2288 3116 2593 3187 absoluta,
2640 3132 2779 3194 quae
2826 3114 3063 3176 nullam
3106 3116 3384 3177 includat
3424 3110 3651 3174 conditio-

2162 3227 2331 3279 nem,
2364 3226 2503 3287 qute
2536 3227 2613 3269 ex
2637 3210 2693 3267 vi
2733 3214 2792 3267 et
2820 3209 3180 3269 efficacitate
3225 3210 3362 3287 ejus
3402 3208 3527 3285 poni
3562 3221 3651 3263 nun

2162 3302 2376 3381 possit.
2414 3302 2489 3362 Et
2512 3302 2643 3362 hoec
2672 3301 2789 3361 dici
2818 3302 2977 3362 solet
3002 3302 3411 3380 praedefinitio
3438 3300 3521 3358 vel
3539 3314 3651 3376 11111--

2165 3395 2619 3465 determinatio,
2652 3395 2799 3473 quia
2836 3413 2965 3455 non
3018 3396 3225 3455 solum
3278 3414 3353 3457 ex
3380 3393 3651 3454 aeternitate

2162 3488 2451 3568 praecedit
2486 3488 2893 3566 temporalem
2920 3488 3491 3549 determinationem
3514 3482 3651 3560 ipsius

2160 3580 2515 3653 voluntatiS,
2558 3580 2671 3641 sed
2708 3582 2897 3643 etiam
2940 3580 3157 3641 ordine
3184 3581 3437 3641 rationis
3462 3584 3652 3638 antece·

2161 3674 2251 3735 dit
2294 3674 2745 3753 praescientiam
2796 3675 2952 3753 ejus,
3012 3680 3073 3734 et
3122 3675 3183 3735 in
3246 3676 3473 3735 ratione
3516 3669 3651 3728 etiam

2162 3784 2365 3827 causae
2395 3767 2723 3829 antecedit.
2758 3768 2847 3828 De
2877 3786 3001 3847 qua
3042 3766 3519 3847 praedefinitione
3558 3777 3651 3819 ma·

2161 3878 2285 3939 gna
2326 3861 2583 3939 quoestio
2616 3867 2731 3931 est,
2764 3879 2843 3920 an
2874 3862 3036 3921 Deus
3078 3860 3251 3921 illam
3292 3860 3503 3920 habeat
3535 3856 3651 3914 circa

2160 3958 2335 4013 actus
2374 3953 2627 4025 liherOS,
2658 3954 2756 4014 vel
2788 3960 3099 4033 repugnet
3130 3952 3417 4013 libertati.
3452 3950 3558 4023 Ego
3582 3964 3652 4002 ve·

2160 4065 2253 4117 το,
2306 4064 2383 4106 ex
2432 4046 2529 4106 his
2583 4064 2721 4125 quae
2785 4046 2905 4107 late
2956 4045 3181 4107 tradidi
3238 4045 3303 4105 in
3346 4035 3651 4123 praecedenti

2162 4156 2373 4218 opere,
2406 4158 2691 4218 suppono
2718 4140 3281 4218 proedefinitionem
3319 4138 3487 4206 hanc,
3516 4132 3555 4192 si
3586 4146 3651 4189 so·

2162 4233 2293 4291 lum
2332 4232 2409 4292 sit
2438 4250 2553 4310 per
2581 4232 2837 4291 modum
2867 4232 3092 4293 interni
3132 4230 3447 4310 propositi,
3490 4232 3542 4287 et
3576 4222 3649 4281 ab·

2158 4326 2373 4387 solutae
2410 4326 2771 4386 intentionis
2812 4326 3148 4386 voluntatis
3192 4326 3331 4400 Dei,
3361 4340 3477 4383 non
3512 4333 3649 4395 repu-

2157 4436 2351 4498 gnare
2414 4436 2557 4479 cum
2613 4418 2895 4479 libertate
2946 4422 3303 4479 nostrarum
3362 4414 3645 4485 actionum,

2156 4512 2423 4591 ideoque
2450 4528 2586 4572 esse
2620 4511 2681 4571 in
2714 4512 2837 4571 Deo
2888 4512 3051 4571 circa
3082 4517 3261 4572 actus
3305 4511 3507 4578 1101105,
3538 4518 3647 4581 prae-

2157 4606 2369 4666 sertim
2398 4605 2932 4683 supernaturalem
2954 4606 3115 4665 circa
3142 4612 3317 4665 actus
3344 4608 3528 4663 autem
3548 4612 3647 4674 pra·

2154 4716 2289 4770 vos,
2320 4698 2537 4758 haberi
2579 4716 2709 4757 non
2762 4714 2947 4776 posse
2992 4704 3251 4777 propter
3278 4694 3549 4757 malitiam
3571 4706 3646 4747 eo-

2154 4810 2315 4852 rum.
2358 4792 2418 4851 Si
2448 4798 2655 4851 autem
2688 4791 2829 4851 talis
2868 4791 3196 4869 praefinitio
3227 4792 3303 4852 sit
3332 4790 3501 4851 etiam
3532 4800 3645 4862 pra·-

2156 4885 2585 4945 determinatio
2610 4884 2693 4943 ad
2734 4890 2908 4944 extra
2956 4884 3293 4945 voluntatis
3326 4888 3539 4949 creatae,
3564 4890 3643 4952 per

2152 4996 2218 5038 se
2245 4976 2802 5056 praedeterminans
2833 4976 3000 5051 illam
3022 4978 3275 5055 physice
3302 4982 3363 5037 et
3384 4968 3643 5034 efficaciter

2152 5070 2227 5131 ad
2262 5088 2419 5149 opus
2440 5116 2455 5143 ,
2488 5070 2575 5130 sic
2599 5069 2911 5130 credimus
2940 5088 3293 5149 repugnare
3316 5064 3574 5132 libertati,
3595 5062 3641 5116 ”t

2153 5164 2316 5225 dicto
2363 5165 2501 5225 loco
2549 5164 2671 5223 late
2707 5164 3112 5224 ostendimus,
3148 5166 3443 5225 Posterior
3481 5160 3639 5216 autem

2152 5258 2439 5318 voluntas
2468 5257 2877 5318 concurrendi
2908 5258 2990 5318 ad
3015 5265 3243 5327 actum,
3264 5258 3327 5317 in
3352 5254 3637 5315 universum

2152 5353 2503 5413 necessaria
2527 5358 2620 5411 est
2654 5351 2731 5411 ad
2760 5368 3010 5411 omnem
3052 5358 3279 5421 actum,
3307 5358 3425 5411 tam
3460 5346 3636 5403 honum

2151 5463 2341 5525 quam
2370 5446 2628 5515 malum,
2659 5450 2969 5522 quatenus
2986 5450 3163 5506 actus
3188 5452 3297 5517 est,
3320 5442 3451 5522 quia
3477 5432 3631 5497 nullus

2152 5556 2288 5601 esse
2320 5542 2523 5617 potest
2564 5538 2697 5599 sine
2739 5556 3045 5600 concursu
3077 5540 3223 5614 Dei,
3262 5544 3323 5599 et
3360 5538 3503 5596 Deus
3539 5540 3629 5585 ⁰0¹¹
