3850 6225
752 404 888 457 CAP.
924 406 1009 457 xl.
1046 404 1417 458 som'uN'rmt
1446 401 1794 457 NONNULLAE:
1824 402 2232 457 omsscrlomsss
2262 403 2530 467 CONTRA,
2563 402 2696 455 E’rc.
3215 399 3334 461 ¹99

134 514 283 575 sicut
314 512 489 573 Deus
520 508 740 571 dicitur
782 509 1033 571 trahere
1076 508 1158 571 ad
1186 508 1457 581 bonum,
1490 507 1573 568 ita
1621 510 1683 569 et

135 607 373 668 daemon
402 604 487 665 ad
533 603 801 677 malum3
852 603 1265 683 Apocalypsis
1300 603 1377 663 12
1420 620 1433 661 z
1484 602 1683 665 Draco

135 699 397 761 trahebat
422 714 621 759 seeum
650 697 897 760 tertiam
913 702 1155 779 partem
1181 696 1521 771 stellarum,
1554 712 1682 754 non

134 790 377 870 physica
402 789 1075 867 praedeterminatione,
1106 788 1219 850 sed
1248 787 1679 867 persuasione.

134 889 253 947 Imo
294 903 413 947 nec
454 902 705 964 semper
730 885 993 945 verbum
1038 884 1214 954 illud,
1248 884 1372 943 Deo
1410 886 1519 943 aut
1544 899 1687 961 gra·-

134 981 227 1041 tioe
266 978 657 1051 attributum,
708 978 1017 1057 significat
1059 978 1381 1039 efficacem
1418 974 1687 1037 vocatio-

134 1092 287 1143 nem,
318 1090 435 1133 seu
464 1074 731 1133 tractum
760 1072 867 1150 qui
896 1074 964 1132 in
991 1088 1059 1133 re
1091 1071 1385 1132 effectum
1411 1069 1681 1141 habeat;

134 1166 234 1227 sed
260 1164 577 1227 interdum
614 1164 891 1225 declarat
930 1165 1135 1225 solum
1164 1163 1597 1225 sufficientiam
1626 1166 1688 1223 et

132 1261 245 1320 vim
280 1276 581 1337 magnam
624 1258 707 1319 ad
743 1259 1031 1319 homines
1086 1256 1575 1319 commovendos
1626 1260 1688 1316 et

134 1352 535 1412 inclinandoS.
572 1352 675 1413 Sic
700 1353 929 1413 Joann.
958 1353 1035 1413 12
1062 1370 1077 1411 ι
1112 1352 1273 1434 Epo,
1301 1350 1359 1413 si
1380 1349 1689 1413 exaltatus

128 1448 281 1523 suero
300 1464 337 1508 α
357 1450 553 1519 terra,
576 1444 778 1507 omnia
804 1446 1051 1509 trabam
1074 1447 1155 1509 ad
1176 1443 1687 1525 meipmm.Nam,

135 1540 263 1598 lieet
296 1536 395 1598 hic
440 1538 622 1598 locus
667 1538 822 1599 alias
866 1540 1057 1599 etiam
1094 1537 1325 1598 habeat
1355 1536 1690 1615 expositio-

132 1650 253 1701 nes,
300 1636 517 1693 tamen
564 1632 699 1693 haec
754 1630 1003 1693 videtur
1040 1630 1311 1691 maxime
1350 1627 1689 1709 probabilis

135 1728 189 1785 et
214 1725 493 1803 propria3
540 1724 821 1785 Christus
871 1725 1043 1787 enim
1108 1722 1441 1785 crucifixus
1466 1767 1481 1793 ,
1529 1723 1689 1782 sieut

136 1836 335 1879 omnes
376 1818 715 1889 illuminat,
764 1834 985 1879 omues
1032 1818 1223 1878 etiarn
1266 1816 1450 1877 trahit
1486 1834 1501 1875 ε
1538 1834 1685 1875 nam

137 1911 405 1971 omnihus
438 1910 621 1971 dedit
648 1917 1023 1991 potestatem
1062 1910 1223 1971 filios
1264 1910 1375 1971 Dei
1410 1907 1583 1978 fieri;
1626 1913 1687 1969 et

134 2003 487 2065 beneficium
518 2004 745 2066 mortis
783 2004 1003 2065 Christi
1046 2022 1123 2065 ex
1155 2022 1221 2063 se
1251 2009 1475 2082 potens
1502 2006 1596 2061 est
1624 2008 1687 2060 et

137 2098 429 2157 sufficiens
474 2097 559 2157 ad
618 2097 997 2158 trahendum
1048 2096 1239 2157 corda
1287 2095 1569 2156 omnium
1620 2093 1687 2153 in

137 2208 391 2251 amorem
436 2191 603 2269 ejuS.
634 2190 963 2262 Quomodo
1004 2190 1193 2249 etiam
1246 2188 1471 2249 dicitur
1510 2188 1685 2247 Oseae

138 2288 192 2343 ll
237 2303 248 2341 :
282 2285 363 2346 In
396 2283 709 2360 funiculis
750 2284 954 2347 Adam
990 2284 1235 2346 traham
1260 2299 1385 2356 eos,
1442 2280 1505 2340 id
1554 2286 1683 2353 est,

136 2376 455 2450 beneficiis„
494 2378 729 2456 quibus
770 2377 955 2456 ligari
985 2376 1275 2437 homines
1324 2374 1547 2449 solent,
1578 2391 1687 2434 eos

136 2470 519 2531 vehementer
586 2470 667 2531 ad
712 2488 815 2531 me
868 2468 1210 2529 amandum
1256 2467 1548 2529 movebo.
1593 2466 1688 2527 Si-

139 2561 439 2640 gnificatur
466 2582 627 2643 ergo
670 2564 769 2623 illa
812 2581 965 2623 voce
1010 2562 1349 2623 vehemens
1394 2560 1687 2639 quiedam

141 2662 191 2715 et
212 2657 407 2717 suavis
434 2656 637 2718 motio
672 2656 947 2729 moralis,
976 2672 1115 2735 quae
1141 2655 1457 2734 propriam
1485 2653 1688 2715 deter-

140 2749 519 2810 minationem
554 2750 895 2810 voluntatis
935 2749 1071 2828 ejus
1108 2748 1217 2827 qui
1244 2748 1407 2809 trahi
1436 2746 1682 2818 dicitur,

140 2860 247 2901 nou
277 2842 570 2904 excludit.
603 2844 672 2903 In
702 2842 901 2903 citatis
930 2842 1141 2920 itaque
1168 2840 1376 2902 verbis
1400 2839 1683 2911 hannis,

142 2934 194 2993 in
232 2936 427 3013 rigore
483 2936 699 2998 solum
750 2935 1013 2997 docetur
1066 2935 1409 2996 necessitas
1461 2933 1685 2995 divinae

144 3028 593 3091 illuminationis
622 3074 638 3102 ,
678 3028 1021 3089 vocationis
1076 3033 1139 3089 et.
1188 3026 1573 3089 excitationis
1608 3026 1689 3086 ad

142 3120 329 3195 fidem,
363 3129 425 3185 et
466 3123 632 3184 alias
660 3123 938 3184 actiones
966 3121 1497 3202 supernaturaleS,
1546 3137 1685 3199 quae

142 3216 341 3276 merito
380 3216 645 3277 nomine
692 3215 1013 3276 tractionis
1074 3214 1495 3293 significatur,
1539 3214 1688 3291 quia

144 3325 407 3388 magnam
444 3309 583 3369 vim
612 3312 677 3369 et
703 3309 1139 3370 efficacitatem
1186 3307 1381 3368 habet
1418 3307 1500 3368 ad
1544 3325 1690 3368 con-

144 3401 447 3463 vertendos
503 3401 797 3462 homines
826 3445 843 3473 ‚
894 3419 1022 3461 non
1065 3401 1149 3473 vi,
1183 3419 1389 3480 neque
1430 3400 1690 3480 physica

148 3495 381 3567 actione,
410 3495 527 3556 sed
558 3494 783 3555 morali
809 3500 874 3556 et
900 3493 1078 3554 suavi
1106 3493 1491 3564 inductione,
1511 3494 1691 3573 juxta

146 3586 279 3648 illud
310 3589 481 3650 Cant.
514 3593 549 3650 1
594 3606 611 3648 ι
645 3587 849 3652 Trahe
874 3605 967 3650 me
996 3591 1140 3671 post
1172 3593 1252 3660 te,
1284 3603 1595 3650 own-remus
1624 3587 1691 3648 in

146 3681 347 3743 odorem
379 3687 831 3766 unquentorum
861 3686 1121 3744 tuorum.
1149 3683 1355 3760 Atque
1383 3681 1471 3741 ita
1508 3681 1689 3742 tacite

146 3773 361 3834 videtur
409 3776 582 3836 hanc
633 3775 1003 3836 tractionem
1056 3775 1425 3853 explicuisse
1474 3773 1692 3834 Conci-

146 3865 275 3925 lium
314 3868 679 3929 Senonense
718 3868 781 3928 in
820 3867 1087 3930 decretis
1122 3867 1295 3941 fidei,
1342 3886 1397 3929 c.
1432 3870 1509 3928 15
1533 3912 1552 3940 ,
1597 3866 1693 3927 di-

149 3977 275 4019 cens
300 3982 315 4019 :
344 3960 473 4025 Nee
500 3963 759 4042 denique
794 3961 919 4024 tale
948 3963 1037 4024 eit
1064 3961 1413 4040 hujusmodi
1444 3960 1692 4022 trahen—

150 4053 222 4112 tis
261 4053 367 4116 Dei
400 4053 733 4120 auxilium.
772 4055 872 4117 eui
912 4053 1195 4117 voluntas
1241 4054 1527 4118 resistere
1570 4069 1691 4114 non

146 4147 333 4221 possit.

216 4239 269 4299 8.
313 4237 673 4304 Oreum-itur
724 4240 1053 4320 objectioni.
1102 4271 1187 4288 —
1242 4240 1455 4300 Dices:
1512 4257 1687 4318 ergo,

152 4329 271 4394 licet
315 4352 387 4395 ex
414 4336 473 4396 vi
524 4333 779 4395 illorum
816 4334 1035 4396 Christi
1076 4333 1441 4406 verborum,
1470 4351 1691 4394 verum

154 4424 220 4484 sit
242 4428 547 4490 neminem
574 4427 657 4488 ad
676 4428 985 4489 Christum
1015 4427 1252 4500 venire,
1280 4424 1399 4488 nisi
1432 4426 1539 4506 qui
1565 4432 1693 4486 tra-

155 4515 297 4580 hitur
322 4537 356 4580 a
385 4521 589 4592 Patre,
615 4539 745 4580 non
791 4526 1007 4582 tamen
1044 4537 1079 4580 e
1122 4535 1427 4581 converso
1472 4537 1693 4580 neces-

156 4611 295 4672 sario
328 4615 605 4692 sequitur
652 4633 893 4686 omnes,
928 4615 1035 4693 qui
1082 4615 1441 4687 trahuntur,
1474 4615 1689 4675 venire

158 4703 225 4764 ad
250 4705 560 4782 Christum,
594 4709 743 4788 quia
770 4708 927 4768 nihil
954 4713 1050 4770 est
1068 4707 1240 4787 quod
1266 4714 1449 4787 cogat
1486 4707 1569 4768 ad
1601 4708 1692 4768 in·

160 4797 529 4878 telligendum
568 4803 672 4865 ina
702 4802 897 4864 verba
928 4801 1007 4862 de
1038 4801 1169 4862 sola
1218 4801 1523 4863 tructione
1556 4803 1693 4862 effl-

162 4893 290 4966 caci‚
320 4900 375 4954 et
400 4913 537 4974 quae
566 4896 635 4957 in
662 4915 733 4957 re
756 4895 951 4957 habet
980 4895 1296 4957 effectum.
1328 4895 1689 4976 Responde-

162 4987 276 5044 tur:
326 4991 603 5065 quamvis
646 4991 913 5051 verbum
958 4989 1249 5051 trahendi
1300 4988 1471 5050 nude
1520 5007 1692 5050 sum-

164 5081 315 5151 ptum
338 5080 415 5140 ad
448 5082 509 5142 id
556 5099 689 5144 non
736 5088 1012 5162 cogeret,
1042 5088 1257 5144 tamen
1288 5101 1367 5144 ex
1396 5089 1692 5144 contextu

162 5166 285 5232 licet
326 5174 606 5255 colligere
650 5176 735 5238 ita
774 5194 915 5238 esse
970 5176 1471 5256 intelligendum.
1534 5179 1691 5240 Nam

164 5259 409 5327 Christus
444 5269 645 5331 solum
674 5269 868 5332 voluit
914 5287 1182 5349 arguere
1211 5270 1489 5339 Judaeos,
1522 5272 1693 5351 qnod

166 5368 613 5437 murmurarent,
643 5369 707 5426 et
746 5363 939 5425 verba
988 5364 1129 5443 ejus
1172 5363 1331 5426 falsa
1376 5365 1693 5427 existima-

170 5455 306 5523 rent,
332 5469 403 5514 eo
429 5456 595 5536 quod
618 5457 831 5520 divino
862 5457 1087 5519 lumini
1114 5462 1178 5519 et
1224 5459 1535 5522 vocationi
1576 5460 1694 5522 im-

172 5542 559 5616 pedimentum
586 5558 927 5632 ponerent3
960 5557 1024 5614 et
1057 5551 1178 5614 hoc
1226 5559 1323 5614 est
1367 5553 1539 5633 quod
1567 5554 1687 5616 ait:

1761 503 1972 571 Nolite
2009 524 2392 570 murmurare
2413 506 2692 579 invicem,
2723 522 2892 569 nemo
2917 510 3113 586 potest
3137 504 3333 569 venire

1762 600 1847 663 ad
1864 618 1979 673 me,
2009 600 2076 662 id
2103 606 2220 673 est,
2253 601 2316 661 in
2347 618 2449 661 me
2481 599 2761 673 credere,
2791 598 2920 662 nisi
2946 616 3116 680 quem
3138 598 3333 662 Pater

1765 693 2051 769 traoeerit,
2092 693 2157 754 id
2191 700 2308 766 est,
2361 693 2484 754 nisi
2527 693 2869 753 illustratus
2916 699 2978 753 et
3031 691 3252 753 doctus
3295 711 3331 753 a

1766 788 1948 849 Patre
1969 807 1984 861 ;
2009 789 2228 868 quales
2253 808 2364 851 vos
2397 808 2522 850 nou
2551 788 2722 861 estiS,
2751 788 2900 867 quia
2921 788 3331 866 Impedimen·

1766 887 1899 943 tum
1924 882 2172 961 ponitis
2194 885 2274 945 At
2299 900 2448 944 vero
2473 882 2558 943 illi
2585 882 2811 955 Judaei,
2835 881 2917 943 ad
2942 899 3101 959 quos
3126 880 3334 943 Chris-

1766 980 1869 1035 tus
1910 975 2305 1054 loquebatur,
2344 977 2480 1055 jam
2514 976 2986 1046 excitabant-um
3021 979 3082 1034 et
3123 973 3334 1033 trahe-

1767 1067 2000 1129 bantur
2035 1069 2120 1129 ita
2149 1068 2550 1139 sufficienter,
2585 1073 2653 1129 ut
2679 1072 2935 1147 possent
2971 1066 3226 1128 credere
3271 1071 3334 1127 et

1768 1161 1983 1223 venire
2015 1162 2096 1223 ad
2117 1163 2449 1235 Christum,
2483 1162 2533 1222 si
2565 1162 2830 1234 vellent;
2859 1160 3094 1239 ahoqui
3121 1159 3330 1220 adhuc

1768 1272 1897 1315 non
1947 1262 2345 1334 peccassent,
2403 1272 2522 1317 nec
2577 1255 3066 1334 reprehensione
3123 1259 3336 1315 essent

1772 1347 1945 1427 digni
1981 1368 2110 1410 non
2162 1348 2488 1411 credentes
2527 1349 2804 1421 Christ03
2857 1366 3008 1427 ergo
3053 1348 3334 1426 loquitur

1771 1441 2050 1503 Christus
2102 1442 2182 1503 de
2234 1443 2537 1505 tractione
2587 1442 2845 1515 efficaci,
2895 1441 3080 1501 simul
3117 1446 3332 1501 tamen

1770 1534 2054 1597 indicans
2087 1554 2306 1599 eorum
2347 1536 2598 1615 culpam
2627 1552 2788 1609 esse,
2821 1534 2992 1615 quod
3029 1552 3170 1595 eam
3205 1551 3332 1593 non

1770 1628 2098 1690 haherent.
2142 1630 2216 1691 Et
2251 1629 2416 1701 ideo,
2474 1630 2642 1691 ‘uxta
2681 1630 2850 1689 hunc
2895 1644 3172 1699 sensum,
3205 1644 3332 1686 non

1770 1721 1976 1783 solum
2022 1742 2244 1784 verum
2283 1730 2378 1784 est
2419 1650 2738 1809 nssffninem
2767 1722 2978 1783 venire
3017 1721 3098 1783 ad
3133 1719 3335 1781 Chris-

1768 1823 1925 1888 tum,
1981 1816 2098 1877 nisi
2147 1817 2256 1897 qui
2284 1816 2554 1879 trahitur
2603 1836 2638 1877 a
2687 1816 2896 1887 Patre;
2953 1815 3066 1877 sed
3111 1832 3146 1877 e
3185 1832 3335 1875 con-

1766 1927 1968 1981 verse,
2001 1910 2190 1971 etiam
2216 1928 2432 1970 verum
2455 1916 2550 1971 est
2577 1928 2830 1969 omnem
2867 1928 3035 1979 eum,
3063 1908 3168 1987 qni
3204 1914 3328 1967 tra-

1768 2004 1936 2065 hitur
1962 2023 1998 2065 a
2028 2004 2232 2077 Patre,
2260 2006 2473 2065 venire
2495 2004 2576 2065 ad
2597 2004 2930 2074 Christum,
2961 2004 3118 2063 sicut
3145 2002 3332 2080 paulo

1768 2104 1915 2159 ante
1963 2098 2207 2158 dixerat
2251 2097 2565 2157 Christus:
2613 2096 2796 2158 Omne
2845 2098 3004 2177 quod
3049 2098 3155 2159 dat
3179 2097 3336 2157 milti

1768 2190 1984 2263 Pater,
2010 2190 2093 2253 ad
2115 2208 2207 2253 me
2227 2189 2462 2253 veniet:
2495 2207 2623 2250 non
2657 2191 2826 2250 enim
2861 2190 3040 2250 aliter
3067 2190 3176 2249 dat
3221 2190 3336 2249 Pa-

1766 2288 1865 2343 ter
1892 2284 2179 2345 homines
2229 2283 2494 2355 Christe,
2544 2283 2666 2343 nisi
2712 2282 3018 2343 trahendo
3073 2282 3210 2342 illos
3255 2281 3337 2343 ad

1768 2375 1996 2453 ipsum.
2043 2376 2224 2439 Unde
2267 2376 2554 2455 Prosper,
2603 2377 2712 2437 lib.
2761 2378 2802 2437 2
2854 2375 2934 2435 de
2999 2376 3336 2437 Vocatione

1768 2470 1978 2543 Gent.,
2009 2488 2148 2549 cap.
2185 2471 2248 2542 9,
2279 2470 2435 2531 alias
2459 2471 2561 2542 27,
2595 2471 2682 2530 ait
2719 2470 2817 2529 his
2848 2469 3054 2529 verbis
3097 2468 3336 2546 signifi-

1770 2582 1946 2625 casse
1977 2564 2334 2636 Dominum,
2364 2566 2544 2643 fidem
2567 2563 2636 2625 in
2661 2564 2864 2645 ipsum
2883 2581 2958 2626 ece
2983 2563 3203 2625 Patris
3233 2564 3336 2627 Ῐια-

1770 2658 1893 2722 beri
1915 2674 2179 2729 munere,
2211 2658 2406 2738 quiin
2434 2656 2706 2720 cordibus
2739 2659 3186 2729 trahendorum,
3230 2656 3336 2719 hoo

1768 2754 1893 2831 eyit
1937 2756 2008 2815 ut
2054 2752 2396 2821 crederent,
2432 2751 2535 2813 hoe
2573 2751 2770 2831 effecit
2808 2756 2878 2813 ut
2920 2752 3178 2821 venenu
3219 2767 3340 2811 non

1766 2846 1925 2909 enim
1962 2849 2116 2908 esset
2157 2846 2312 2907 unde
2356 2846 2628 2907 traherer
2637 2849 2761 2915 twr,
2807 2846 2864 2906 si
2905 2862 3182 2925 sequaces
3215 2844 3336 2923 fide

1767 2943 1826 3000 et
1862 2938 2170 3002 voluntate
2206 2957 2326 2998 non
2351 2942 2572 3010 essent,
2617 2937 2899 3019 quoniam
2939 2936 3044 3017 qui
3067 2954 3186 2997 vion
3211 2954 3337 2997 cre·

1770 3032 1944 3104 dunt,
1975 3048 2081 3094 neo
2123 3032 2454 3094 trahuntur
2483 3033 2738 3103 omnino,
2783 3048 2890 3094 nee
2931 3031 3198 3093 veniunt.
3234 3030 3338 3091 At-

1770 3143 1893 3205 que
1929 3126 2048 3186 hoc
2084 3143 2272 3186 sensu
2305 3125 2538 3203 optime
2577 3125 2928 3204 procedunt
2955 3124 3164 3184 omnia
3193 3139 3337 3200 quaa

1770 3237 1847 3280 ex
1876 3219 2158 3280 hocloco
2187 3219 2576 3296 Augustinus
2595 3219 2860 3298 colligit:
2887 3218 3181 3296 primum,
3210 3233 3339 3278 non

1771 3329 1958 3393 posse
1985 3312 2310 3374 hominem
2335 3313 2552 3374 venire
2575 3311 2656 3372 ad
2674 3312 3010 3387 Christum,
3033 3309 3156 3371 nisi
3181 3325 3341 3387 proe-

1772 3411 2102 3467 moveatur
2121 3410 2184 3466 et
2217 3405 2522 3466 excitetur
2541 3423 2578 3466 a
2609 3407 2812 3478 Patre,
2841 3423 2992 3466 nam
3017 3403 3340 3464 tractionis

1770 3517 1893 3560 vox
1943 3500 2064 3560 hoc
2115 3499 2304 3560 etiam
2351 3499 2607 3574 indicat,
2657 3499 2905 3559 initium
2951 3498 3189 3558 scilicet
3237 3513 3340 3557 ve-

1772 3591 1988 3652 niendi
2020 3592 2183 3652 sumi
2207 3611 2244 3652 a
2263 3593 2584 3667 trahente,
2605 3597 2674 3652 ut
2703 3598 2870 3652 recte
2899 3592 3138 3652 notavit
3163 3591 3342 3651 Pros-

1772 3703 1908 3764 per,
1957 3691 2174 3746 eontra
2213 3685 2609 3760 Collatorem,
2663 3703 2802 3764 cap.
2839 3688 2914 3758 6,
2955 3685 3211 3746 dicens:
3261 3683 3345 3749 Sa·

1772 3779 2022 3842 initiwm
2048 3779 2276 3842 sabuti-3
2305 3784 2462 3842 esset
2487 3797 2560 3842 em
2587 3780 2776 3852 nobie,
2819 3796 2938 3840 non
2979 3797 3052 3842 ex
3095 3783 3212 3841 toto
3239 3793 3344 3840 ve-

1770 3889 1909 3936 rum
1939 3878 2096 3935 esset
2121 3873 2281 3953 quod
2309 3875 2404 3936 ait
2427 3871 2723 3935 Dominus
2741 3897 2764 3932 .·
2793 3871 2986 3934 Nemo
3025 3875 3222 3952 potest
3247 3888 3340 3934 ‘ce-

1770 3966 1906 4028 nire
1957 3967 2040 4028 ad
2085 3983 2199 4038 me,
2247 3966 2374 4028 nisi
2417 3966 2613 4029 Pater
2657 3982 2824 4028 meus
2867 3966 3136 4028 traoeerit
3175 3983 3330 4028 eum.

1772 4059 2012 4120 Deinde
2055 4059 2375 4120 neminem
2411 4061 2655 4132 venire,
2681 4060 2798 4120 nisi
2851 4059 2937 4120 ita
2981 4065 3238 4120 vocetur
3281 4063 3347 4120 et

1772 4153 2098 4225 excitetur,
2126 4157 2198 4214 ut
2223 4152 2678 4230 persuadeatur
2693 4157 2754 4212 et
2769 4151 3054 4213 trahatur
3071 4171 3086 4223 ;
3106 4158 3342 4213 utrum·

1772 4265 1895 4326 que
1936 4254 2149 4308 autem
2197 4246 2424 4306 horum
2469 4245 2604 4308 fieri
2657 4245 2888 4324 optime
2947 4250 3152 4324 potest
3203 4243 3338 4304 siue

1772 4339 2428 4419 praedeterminatione
2455 4339 2740 4418 physica,
2767 4337 3096 4400 alliciendo
3122 4337 3341 4399 volun-

1772 4439 1988 4506 tatem,
2021 4438 2084 4494 et
2111 4433 2384 4492 suaviter
2412 4431 2766 4492 inclinando
2791 4437 2859 4494 ut
2881 4430 3182 4492 obediens
3205 4430 3337 4504 fiat,

1773 4533 1843 4588 ut
1863 4527 2186 4606 eleganter
2207 4531 2348 4605 post
2370 4526 2787 4604 Augustinum
2806 4524 3144 4585 declaravit
3164 4524 3341 4586 Pros-

1772 4640 1913 4700 per,
1960 4626 2178 4682 contra
2223 4620 2622 4694 Collatorem,
2649 4639 2792 4699 cap.
2819 4622 2859 4682 6
2889 4625 2950 4680 et
2988 4621 3086 4694 Η,
3110 4620 3344 4680 docens

1775 4721 1976 4776 totum
2009 4713 2130 4773 hoc
2153 4715 2476 4793 negotium
2505 4712 2642 4774 fieri
2671 4731 2787 4793 per
2813 4712 3056 4773 divinas
3080 4713 3346 4774 illustra-

1770 4809 1976 4870 tiones
1999 4813 2062 4868 et
2087 4807 2552 4886 inspirationeS,
2571 4813 2634 4868 et
2657 4807 3068 4886 proponendo
3095 4807 3195 4886 obj
3205 4812 3346 4868 ecta

1771 4923 1886 4966 sen
1935 4902 2170 4962 motiva
2223 4919 2362 4979 quae
2418 4901 2804 4962 voluntatem
2865 4901 3138 4962 alliciant
3167 4920 3180 4960 :
3233 4899 3346 4964 Sie

1774 4994 1934 5058 em’m
1963 4993 2322 5073 (concludit)
2353 4995 2650 5058 Dominus
2677 4996 2844 5059 dabit
2876 4994 3260 5067 suavitatem,
3287 4997 3346 5055 et

1774 5094 1946 5152 terra
1980 5092 2194 5151 nostra
2240 5087 2404 5154 dabit
2425 5092 2698 5165 fructum
2733 5107 2932 5152 suum.
2983 5089 3058 5148 Et
3112 5087 3345 5167 optime

1773 5181 2038 5261 Cyl-illus
2067 5182 2550 5250 Alexandrinus,
2575 5182 2682 5244 lib.
2709 5185 2749 5243 4
2776 5181 2840 5241 in
2873 5182 2908 5243 J
2913 5200 3056 5242 oan.
3066 5226 3085 5255 ,
3113 5197 3250 5257 cap.
3281 5180 3345 5251 6,

1774 5275 2032 5336 dicens:
2077 5278 2226 5340 Non
2273 5276 2336 5338 vi
2389 5279 2646 5358 quadam
2686 5275 2816 5358 eoffi
2881 5275 3157 5354 trahique
3221 5291 3350 5337 cre-

1774 5371 1994 5444 dentes,
2039 5371 2374 5452 putandum
2398 5378 2512 5443 est,
2543 5371 2650 5433 sed
2671 5375 2949 5442 motione,
2992 5368 3271 5432 doctrina
3291 5373 3348 5430 et

1774 5463 2136 5528 revelatione
2185 5463 2582 5544 ineffabiliter
2621 5467 2809 5542 faeta.
2845 5463 2918 5524 In
2969 5479 3096 5541 quo
3135 5466 3350 5521 autem

1772 5556 1978 5636 posita
2023 5557 2101 5618 sit
2149 5556 2426 5618 efficacia
2463 5557 2652 5637 hujus
2680 5560 2936 5630 tractus,
2969 5555 3068 5617 val
3100 5553 3240 5635 quis
3269 5553 3350 5630 sit
