3850 6225
546 426 716 479 sEcT.
752 426 837 478 111.
882 422 1097 477 mmm
1128 422 1295 475 ‘rou
1328 424 1563 477 annu
1596 424 1715 477 PER
1746 424 2078 476 PECCATUM
2110 424 2336 475 AMlSSA
2369 424 2619 487 sumi,
2659 426 2795 478 mc.

74 534 285 591 vertar.
352 526 635 599 Quatuor
684 544 833 605 ergo
890 526 1225 604 attingam,
1282 524 1345 584 in
1403 523 1631 603 quibus

78 622 345 685 moderni
390 622 701 703 majorem
744 620 873 681 vim
906 617 1165 681 faciunt.
1204 618 1476 679 Primum
1510 622 1627 691 est,

80 718 231 799 quia,
280 715 335 775 si
362 716 520 775 illud
552 712 899 775 admittitur
926 713 989 772 in
1020 710 1300 791 quolibet
1326 717 1469 772 actu
1498 728 1633 770 me-

79 810 297 883 ritorio,
344 809 541 869 etiam
584 806 849 867 remisso
871 851 888 879 ,
934 804 1073 884 pari
1111 804 1353 865 ratione
1402 820 1631 863 conce—

82 902 339 967 dendum
358 906 481 977 est,
510 919 624 980 per
653 898 947 961 eumdem
972 904 1183 959 actum
1216 895 1627 969 meritorium,

84 996 497 1059 continuatum
524 993 731 1071 aliquo
757 997 1039 1070 tempore
1068 990 1131 1050 in
1160 988 1385 1051 eodem
1406 988 1628 1069 gradu,

84 1090 327 1173 gratiam
374 1090 513 1149 toto
562 1086 667 1147 illo
710 1090 993 1163 tempore
1042 1083 1337 1145 continue
1388 1081 1629 1161 augeri,

87 1183 211 1263 quia
236 1187 363 1243 toto
394 1179 505 1241 illo
530 1184 811 1258 tempore
836 1183 1010 1238 actus
1040 1181 1135 1238 est
1157 1174 1535 1249 meritorius,
1573 1178 1647 1237 et·

86 1280 239 1339 aetus
297 1272 691 1344 meritorius,
752 1276 819 1331 ut
866 1269 1111 1343 dicitur,
1174 1268 1379 1329 statim
1442 1268 1637 1329 habet

88 1388 249 1433 suum
292 1367 593 1429 effectum
648 1363 861 1442 quoad
884 1408 893 1415 .
914 1365 1325 1442 augmentum
1374 1361 1629 1442 gratian

90 1470 143 1526 at
184 1477 581 1539 consequens
632 1465 727 1521 est
778 1457 1029 1530 falsum,
1080 1474 1230 1515 nam
1286 1454 1441 1517 alias
1482 1455 1635 1516 illud

94 1562 477 1638 augmentum
504 1559 671 1615 esset
700 1550 1037 1624 infinitum,
1066 1549 1213 1629 quia
1244 1550 1537 1611 continue
1566 1548 1633 1609 fit

92 1672 187 1734 per
219 1648 459 1711 infinita
504 1646 821 1719 instantia,
856 1651 920 1706 et
952 1644 1019 1705 in
1064 1642 1343 1723 quolibet
1386 1643 1636 1704 additur

92 1746 161 1808 illi
196 1742 401 1823 gratim
454 1739 685 1819 aliquis
729 1739 985 1819 gratiae,
1030 1754 1143 1797 seu
1172 1754 1319 1816 pars
1356 1736 1635 1815 aliquota

94 1855 257 1917 quam
300 1836 495 1895 homo
538 1850 653 1912 per
684 1832 877 1893 talem
918 1836 1129 1891 actum
1172 1834 1483 1901 meretur;
1522 1846 1637 1907 per

92 1933 244 1994 illum
296 1928 463 1990 enim
499 1932 709 1989 actum
754 1924 991 1987 factum
1022 1924 1089 1985 in
1139 1924 1341 2002 primo
1378 1922 1637 1983 instanti

56 2024 58 2027 ⁴
94 2029 339 2087 meretur
360 2028 426 2083 et
452 2020 863 2099 consequitur
882 2020 1072 2080 homo
1096 2021 1333 2079 certam
1361 2016 1637 2096 aliquam

92 2118 415 2201 portionem
449 2115 709 2195 gratiae3
758 2131 908 2192 ergo
953 2112 1018 2173 in
1060 2112 1339 2189 quolibet
1382 2110 1635 2172 instanti

94 2214 407 2277 merebitur
451 2210 645 2271 aliam
680 2208 1011 2288 aequalem,
1058 2208 1207 2287 quia
1240 2209 1337 2269 est
1378 2205 1639 2288 aequalis

98 2308 331 2379 valoris;
390 2304 809 2383 supponimus
858 2302 1027 2363 enim
1066 2307 1265 2364 totum
1320 2306 1527 2361 actum
1573 2298 1639 2359 in

103 2400 349 2481 quolibet
372 2397 633 2459 instanti
662 2395 1017 2457 conservari
1044 2414 1060 2467 ;
1106 2393 1389 2473 ejusdem
1426 2398 1641 2453 autem

104 2493 328 2557 rationis
365 2497 484 2564 est,
540 2490 713 2569 quod
754 2488 837 2549 ad
882 2488 1175 2550 meritum
1208 2485 1450 2561 attinet,
1490 2502 1642 2546 con-

108 2586 329 2657 servari,
362 2590 427 2647 et
456 2582 599 2645 elici
634 2588 867 2644 aetum.

174 2683 259 2742 30.
298 2672 1003 2742 Secunda—Secunda
1032 2664 1189 2732 r'atio
1220 2677 1335 2743 est,
1380 2670 1551 2749 quia,
1587 2668 1640 2729 si

108 2792 203 2854 per
240 2778 443 2833 actum
486 2770 825 2831 remissum
866 2771 1133 2846 augetur
1169 2764 1441 2839 habituS,
1490 2778 1641 2842 ergo

111 2872 343 2947 augetur
382 2864 736 2926 secundum
784 2866 981 2923 totam
1026 2858 1417 2921 latitudinem
1466 2857 1637 2937 ejus;

112 2976 469 3039 consequens
526 2962 625 3019 est
686 2955 1073 3027 absurdum3
1136 2970 1309 3030 ergo.
1372 2949 1641 3029 Sequela

110 3054 397 3136 probatur,
430 3068 607 3124 nam,
641 3050 691 3110 si
722 3048 981 3129 quilibet
1008 3052 1183 3109 actus
1206 3044 1505 3105 remissus
1532 3062 1643 3103 au-

114 3155 199 3225 get
216 3148 509 3219 habitum,
552 3161 707 3223 ergo
744 3143 1003 3222 quilibet
1032 3147 1207 3203 actus
1242 3141 1381 3220 ejus
1418 3138 1645 3200 sufficit

112 3260 313 3322 augere
358 3240 681 3310 babitum;
739 3255 890 3298 nam
954 3237 1005 3296 si
1062 3242 1237 3296 actus
1298 3234 1599 3296 remissus
1618 3278 1639 3309 ,

112 3337 259 3397 verbi
296 3336 514 3414 gratia,
550 3339 619 3394 ut
650 3331 801 3407 due,
851 3336 1044 3410 auget
1080 3329 1367 3390 habitum
1396 3334 1466 3390 ut
1493 3346 1639 3402 sex,

112 3447 237 3508 ergo
256 3428 533 3508 quamvis
556 3430 733 3488 aetus
756 3425 861 3485 ille
882 3429 1124 3486 tantum
1146 3427 1313 3483 esset
1332 3427 1399 3481 ut
1418 3437 1639 3490 unum,

116 3524 275 3585 etiam
302 3527 603 3602 augeret;
637 3526 699 3582 et
726 3519 778 3580 si
808 3524 975 3580 esset
999 3523 1071 3580 ιιι
1108 3516 1456 3588 dimidium,
1489 3514 1645 3575 nihi-

112 3617 351 3676 lominus
402 3620 707 3696 augerem
766 3617 829 3674 et
888 3611 975 3673 sie
1022 3610 1101 3671 de
1155 3609 1431 3687 quolibet
1479 3608 1601 3668 alio
1623 3652 1640 3681 ,

118 3709 477 3787 quantumvis
530 3707 815 3782 minimo,
876 3705 1025 3784 quia
1056 3704 1134 3764 de
1175 3702 1455 3782 quolibet
1502 3706 1646 3761 actu

117 3801 344 3862 remisso
396 3800 625 3862 dicitur
676 3799 848 3879 quod
892 3802 1124 3876 augeat
1170 3796 1501 3871 habitum3
1548 3813 1649 3854 ac·

120 3899 201 3954 tus
252 3913 391 3973 ergo
442 3899 513 3956 ut
558 3893 685 3954 duo
732 3891 1082 3953 secundum
1132 3895 1327 3951 totam
1380 3886 1649 3948 latitudi-

120 4005 243 4046 nem
286 4005 456 4047 suam
494 3991 689 4064 anget
724 3985 1011 4046 habitum
1042 3988 1109 4044 ut
1148 4001 1280 4056 sex,
1322 3981 1648 4060 redditque

124 4079 369 4140 habitum
423 4081 742 4141 intensum
788 4085 855 4140 ut
908 4083 1071 4138 octo.
1128 4075 1389 4138 Falsitas
1440 4081 1654 4135 autem

124 4173 531 4252 consequentis
570 4178 763 4252 patet,
814 4170 963 4251 quia
994 4171 1115 4232 hoc
1154 4167 1345 4229 modo
1386 4169 1653 4228 multum

124 4272 441 4328 crescerent
480 4266 733 4327 habitus
770 4265 987 4344 gratiae
1034 4269 1099 4324 et
1126 4262 1479 4332 charitatis;
1512 4265 1574 4320 et
1602 4258 1652 4320 si

126 4360 401 4438 quispiam
430 4361 759 4440 aliquoties
798 4363 1166 4437 operaretur
1206 4356 1289 4417 ad
1333 4354 1653 4434 aequalita-

126 4459 233 4514 tem
257 4453 345 4513 sui
368 4455 639 4527 babituS,
662 4450 1105 4514 incredibiliter
1133 4455 1395 4530 augeret
1436 4448 1648 4519 illum3

130 4553 203 4618 ut,
238 4549 401 4610 verbi
436 4549 659 4627 gratia,
693 4547 744 4608 si
771 4565 807 4607 a
835 4545 1139 4625 principio
1170 4544 1431 4605 haberet
1478 4541 1657 4604 babi-

131 4645 242 4700 tum
278 4647 345 4702 ιιι
382 4642 529 4718 duo,
564 4648 627 4702 et
670 4641 925 4702 eliceret
969 4645 1179 4700 actum
1215 4644 1286 4698 ut
1334 4636 1483 4708 duo,
1521 4636 1656 4716 jam

132 4733 359 4796 haberet
401 4735 681 4796 habitum
723 4737 795 4794 ut
848 4735 1139 4810 quatuor,
1186 4731 1236 4791 si
1284 4729 1510 4790 deinde
1554 4729 1660 4789 eli-

134 4832 279 4888 ceret
298 4835 499 4890 actum
536 4835 605 4890 ut
644 4831 937 4907 quatuor,
979 4825 1245 4886 haberet
1276 4822 1561 4884 habitum
1586 4829 1659 4886 ut

134 4927 287 4993 octo;
312 4923 475 4984 unde
502 4923 555 4983 si
587 4923 841 5000 triginta
874 4925 1051 4981 actus
1104 4917 1400 4990 efficeret,
1456 4917 1661 4978 incre-

136 5011 299 5075 dibile
325 5021 483 5076 esset
520 5018 951 5093 augmentum,
990 5028 1140 5072 nam
1168 5027 1285 5089 per
1320 5009 1663 5089 quemlibet

138 5110 321 5166 actum
372 5109 776 5186 posteriorem
820 5110 1063 5167 tantum
1108 5103 1331 5180 aliquis
1388 5121 1663 5164 merere—

138 5201 245 5272 tur,
282 5204 569 5276 quantum
602 5217 717 5280 per
748 5216 969 5261 omnes
998 5198 1183 5258 simul
1207 5196 1657 5276 proecedenteS.

144 5289 253 5350 Hoc
276 5299 475 5354 autem
518 5311 655 5355 esse
696 5292 1145 5354 inconveniens
1180 5307 1295 5370 per
1322 5309 1461 5352 sese
1497 5289 1663 5352 vide-

144 5388 231 5443 tur
272 5391 499 5459 notum,
549 5388 697 5466 quia
732 5392 863 5448 tam
904 5403 1207 5464 magnum
1244 5385 1484 5446 bonum
1537 5402 1664 5445 non

146 5475 309 5538 debet
324 5485 449 5540 tam
488 5480 689 5554 facile,
721 5485 784 5541 et
816 5477 1007 5540 veluti
1036 5479 1171 5539 sine
1200 5495 1517 5552 mensura,
1548 5493 1663 5556 pro

146 5567 357 5632 levibus
387 5577 447 5634 et
469 5573 741 5635 remissis
774 5571 1013 5634 actibus
1045 5571 1254 5633 tribui.

3156 418 3268 480 501

1794 527 1892 587 31.
1947 526 2176 589 Tertia.
2222 558 2304 573 --
2348 526 2556 587 Tertia
2613 526 2796 599 ratio,
2853 525 2998 604 quia
3053 544 3132 585 ex
3169 525 3275 585 illa

1712 620 2005 699 opinione
2034 620 2294 680 ulterius
2324 619 2625 698 sequitur,
2653 619 2898 699 quoties
2923 620 3108 680 homo
3133 624 3276 697 post

1704 714 2218 794 justificationem
2255 719 2553 788 meretur,
2575 712 2704 773 sive
2724 713 3006 786 remisse,
3033 712 3160 773 sive
3187 714 3278 773 in-

1712 814 1913 879 tense,
1945 806 2227 868 habitum
2254 808 2468 887 gratiae
2491 824 2739 886 semper
2759 805 3062 867 excedere
3091 807 3154 867 in
3185 807 3276 867 in-

1712 901 1996 963 tensione
2029 909 2237 963 actum
2282 908 2344 963 et
2373 920 2499 963 non
2536 917 2785 961 servare
2817 916 2960 959 cum
3000 898 3103 958 illo
3131 918 3276 977 pro-

1714 996 2103 1075 portionem;
2137 997 2306 1076 quod
2345 1002 2439 1057 est
2467 997 2656 1057 etiam
2695 992 3060 1055 absurdum.
3093 994 3274 1064 Nam,

1716 1092 1767 1151 si
1805 1090 1869 1151 in
1900 1090 2343 1169 justificatione
2385 1090 2521 1167 ipsa
2559 1093 2766 1149 servat
2807 1086 3277 1167 proportionem

1715 1183 2084 1244 intensionis
2121 1183 2372 1244 habitus
2400 1200 2545 1241 cum
2573 1187 2737 1253 actu,
2779 1198 2892 1240 cur
2931 1198 3058 1240 non
3087 1178 3274 1239 etiam

1714 1280 1972 1357 postea?
1999 1277 2178 1338 Nulla
2215 1282 2384 1337 certe
2419 1276 2576 1336 ratio
2607 1273 2922 1335 sufficiens
2945 1271 3122 1333 reddi
3162 1289 3275 1351 po-

1715 1376 1857 1433 test.

1802 1464 2056 1539 Quarta.
2087 1465 2418 1537 —Quarta
2441 1508 2455 1537 ‚
2490 1461 2636 1542 quia
2671 1462 2824 1523 alias
2865 1460 3132 1522 intensio
3177 1459 3274 1519 lu-

1714 1556 1899 1618 minis
1943 1556 2156 1637 gloriae
2199 1576 2327 1618 non
2371 1562 2536 1617 esset
2567 1554 3034 1636 proportionata
3079 1555 3276 1615 inten-

1716 1650 1877 1710 sioni
1918 1654 2172 1710 actuum
2219 1656 2282 1712 et
2315 1652 2564 1712 habitus
2608 1648 2946 1721 charitati5‚
2986 1648 3132 1727 quia
3160 1648 3276 1727 ipsi

1714 1741 1877 1803 inter
1900 1760 1968 1804 se
1999 1760 2127 1803 non
2158 1749 2408 1805 servant
2444 1743 2912 1823 proportionem
2937 1762 2951 1815 ;
2993 1760 3142 1821 ergo
3170 1759 3276 1800 ne-

1714 1855 1837 1917 que
1868 1836 2084 1897 lumen
2112 1837 2322 1915 glorioe
2347 1856 2490 1899 cum
2515 1836 2686 1916 ipsiS.

1798 1934 1896 1995 32.
1924 1934 2114 1997 Nunc
2141 1930 2396 1995 Scotum
2427 1935 2601 1995 notat
2621 1931 2891 2006 Ramnes,
2921 1947 3080 1992 nunc
3101 1928 3278 1990 illum

1708 2044 1825 2110 pro
1842 2045 1906 2090 se
1926 2024 2190 2089 adducit.
2209 2026 2450 2085 -Haec
2475 2030 2845 2104 argumenta
2872 2028 3084 2084 contra
3113 2022 3277 2081 hanc

1720 2120 2094 2183 sententiam
2117 2118 2441 2197 proposuit
2462 2118 2822 2179 Dominicus
2849 2118 3098 2177 Bannes
3125 2116 3184 2175 2.
3214 2116 3276 2185 2,

1720 2214 2050 2296 quaestion.
2083 2216 2186 2287 24,
2219 2219 2334 2275 art.
2367 2216 2428 2285 6,
2482 2214 2633 2274 duh.
2665 2214 2727 2285 2,
2759 2217 2820 2272 et
2849 2211 3120 2290 primum
3145 2208 3280 2269 illo-

1718 2326 1859 2371 rum
1904 2313 2204 2387 tanquam
2251 2307 2516 2370 validius
2557 2307 2740 2368 latius
2777 2308 3140 2386 prosecutus
3189 2308 3283 2363 est

1720 2404 1787 2465 in
1814 2402 2152 2465 relectione
2197 2402 2473 2481 speciali,
2509 2408 2763 2482 propter
2793 2418 2930 2481 quae
2974 2397 3280 2477 intrepide

1722 2499 1944 2560 asserit
1967 2497 2136 2558 illam
2160 2498 2522 2576 opinionem
2551 2514 2687 2559 esse
2714 2495 2938 2556 falsam
2968 2500 3029 2554 et
3055 2492 3280 2571 impro-

1720 2591 2019 2681 babilem,
2045 2597 2110 2652 et
2127 2592 2484 2671 opinionem
2513 2591 2699 2653 etiam
2731 2590 2896 2653 Scoti
2921 2584 3278 2655 asserentia,

1720 2704 1835 2766 per
1864 2704 2082 2746 omnes
2127 2691 2299 2747 actus
2327 2686 2621 2747 remissos
2642 2685 2868 2745 mereri
2893 2684 3096 2763 justos
3130 2698 3284 2759 aug-

1721 2784 2004 2841 mentum
2048 2784 2222 2840 actus
2263 2778 2578 2841 charitatis
2614 2785 2678 2839 et
2722 2778 2961 2857 gratiae,
3001 2774 3283 2856 quamvis

1722 2872 1874 2933 illud
1900 2892 2030 2933 non
2073 2873 2394 2934 obtineant
2419 2892 2620 2952 usque
2668 2872 2747 2932 ad
2775 2872 3130 2949 ingressum
3159 2868 3286 2947 glo-

1722 2966 1849 3038 riae,
1882 2966 2165 3026 similiter
2209 2965 2434 3027 falsam
2463 2972 2524 3027 et
2565 2965 3040 3043 improbabilem
3075 2960 3286 3040 appel-

1722 3058 1873 3121 lavit
1898 3058 2092 3139 priori
2123 3059 2282 3121 loco.
2333 3060 2404 3122 In
2449 3059 2806 3122 Relectione
2845 3076 2994 3120 vero
3026 3060 3288 3118 conatur

1726 3155 1980 3215 Scotum
2022 3154 2416 3232 interpretari
2454 3153 2632 3233 juxta
2672 3152 3030 3232 opinionem
3080 3168 3283 3220 suam,

1724 3245 1980 3318 scilicet,
2019 3246 2188 3325 quod
2210 3264 2324 3324 per
2350 3252 2524 3306 actus
2549 3245 2844 3306 remissos
2877 3244 3041 3305 dicat
3072 3243 3288 3320 augeri

1723 3339 2052 3419 praemium
2081 3339 2314 3415 gloriae,
2333 3341 2534 3400 solum
2561 3340 2708 3419 quia
2731 3338 2979 3399 dabitur
3005 3337 3289 3418 pluribus

1726 3432 1942 3504 titulis,
1973 3432 2143 3510 quod
2179 3433 2312 3512 ipse
2354 3438 2536 3495 vocat
2575 3437 2980 3512 augmentum
3027 3430 3294 3491 extensi-

1726 3544 1895 3596 vum‚
1951 3525 2098 3586 satis
2133 3533 2348 3587 contra
2377 3532 2654 3587 mentem
2697 3525 2905 3598 Scoti3
2946 3541 3096 3585 nam
3135 3523 3198 3582 in
3227 3523 3288 3594 4,

1725 3617 1997 3679 distinct.
2031 3621 2131 3689 21,
2157 3623 2376 3698 quaest.
2400 3621 2461 3689 2,
2492 3623 2707 3697 aperte
2733 3617 3008 3696 loquitur
3030 3616 3108 3677 de
3139 3633 3294 3694 aug-

1725 3715 1940 3771 mento
1972 3711 2210 3790 gratiae,
2244 3714 2308 3772 et
2327 3711 2481 3770 illud
2508 3710 2646 3770 dari
2670 3709 2816 3770 dicit
2844 3714 3099 3788 propter
3119 3713 3294 3768 actus

1726 3804 2024 3864 remissos
2050 3804 2113 3863 in
2149 3803 2276 3864 fine
2316 3803 2494 3874 vitae:
2529 3802 2596 3862 in
2637 3821 2762 3882 quo
2803 3819 2991 3862 sensu
3032 3801 3118 3862 ait
3145 3818 3297 3879 prae·

1730 3896 1933 3957 dictus
1961 3902 2179 3957 auctor
2212 3897 2280 3955 in
2310 3896 2474 3956 dicta
2505 3896 2887 3970 Relectione‚
2935 3894 3298 3974 praedictam

1734 3990 2096 4068 opinionem
2123 3991 2286 4051 Scoti
2309 3989 2517 4050 minus
2533 3988 2922 4068 probabilem
2947 4005 3084 4048 esse
3106 4003 3294 4066 quam

1734 4083 1948 4156 aliam,
1992 4099 2131 4160 quae
2163 4083 2432 4143 affirmat
2466 4082 2594 4143 tale
2631 4086 3040 4159 augmentum
3092 4080 3298 4140 statim

1734 4175 1869 4236 dari
1895 4195 1910 4248 ;
1948 4175 2272 4254 solamque
2311 4193 2493 4236 suam
2523 4175 2878 4254 opinionem
2907 4172 3298 4254 probabilem

1736 4285 1875 4329 esse
1906 4268 2063 4342 vult,
2095 4285 2220 4346 qua
2267 4267 2488 4328 definit
2521 4269 2784 4347 justum,
2831 4283 2946 4345 per
2981 4263 3302 4328 actus're-

1732 4361 1982 4435 missoS,
2031 4360 2275 4423 nullum
2323 4379 2542 4422 verum
2589 4367 2998 4439 augmentum
3051 4358 3304 4420 intensi-

1734 4473 1885 4516 vum
1916 4456 2134 4534 gratiae
2163 4455 2265 4516 vel
2293 4453 2504 4534 gloriae
2527 4454 2776 4514 mereri.

1822 4550 1921 4610 33.
1955 4549 2273 4611 Judicium
2310 4550 2517 4626 fertur
2556 4549 2624 4609 de
2659 4545 2833 4609 illius
2869 4546 3191 4609 sententia.
3225 4575 3306 4590 -

1738 4643 1871 4722 Ego
1910 4660 2060 4702 vero
2105 4640 2304 4701 solam
2345 4641 2506 4700 hanc
2547 4639 2902 4720 opinionem
2949 4639 3113 4700 inter
3151 4655 3309 4716 prae-

1739 4736 1938 4797 dictas
1986 4753 2213 4796 censeo
2257 4753 2394 4795 esse
2443 4733 2960 4814 improbabilem,
3007 4738 3069 4793 et
3121 4732 3308 4813 plane

1738 4827 2194 4900 incredibilem,
2224 4827 2522 4906 nullaque
2547 4825 2914 4887 auctoritate
2939 4831 3048 4886 aut
3069 4825 3311 4886 ratione

1738 4921 2088 4982 fundatam.
2133 4922 2334 4999 Supra
2379 4920 2547 4980 enim
2594 4919 2690 4996 (ut
2735 4918 3313 4999 opinor)·demons-

1740 5013 1921 5086 travi‚
1973 5018 2281 5092 quantum
2325 5011 2704 5091 Theologica
2751 5012 3016 5073 materia
3054 5011 3306 5090 patitur,

1740 5105 2163 5194 intensionem
2193 5105 2429 5184 praemii
2456 5104 2804 5165 essentialis
2832 5122 2960 5164 non
2987 5122 3126 5165 esse
3167 5122 3310 5165 con-

1740 5198 2068 5260 ferendam
2097 5198 2296 5260 solum
2330 5199 2680 5260 secundum
2700 5198 3165 5277 proportionem
3197 5215 3310 5258 seu

1743 5293 2162 5372 aequalitatem
2181 5293 2538 5354 intensioris
2560 5295 2736 5354 actus
2759 5291 3081 5364 meritorii,
3119 5309 3312 5368 quem

1738 5385 1946 5465 justus
1985 5385 2050 5445 in
2078 5385 2198 5446 hac
2235 5385 2362 5447 vita
2391 5389 2680 5457 exercet,
2709 5382 2823 5444 sed
2857 5382 3047 5444 etiam
3089 5401 3314 5444 secun-

1744 5479 1897 5540 dum
1924 5477 2389 5539 multitudinem
2425 5477 2707 5538 omnium
2736 5475 3100 5537 meritorum
3129 5475 3316 5535 simul

1747 5575 2163 5649 sumptorum,
2195 5576 2266 5632 ut
2300 5589 2381 5632 ex
2409 5571 2700 5632 omnibus
2725 5568 2932 5644 simul,
2972 5569 3319 5648 prudenter
