3850 6225
1567 393 1758 474 mnsx
1789 421 2017 476 annun.

193 499 428 568 Simplex
457 507 680 561 assertio
725 510 960 564 humana
997 517 1271 578 quomodo
1310 527 1649 587 comparetur
1685 521 1754 575 ad

260 581 692 644 promissionem,
716 596 803 650 op.
838 591 888 650 4,
907 586 1044 652 disp.
1072 595 1122 652 Β,
1151 599 1279 646 sect.
1309 599 1359 647 2.

192 653 457 715 Quantum
486 656 698 712 differat
723 673 756 713 a
774 661 1006 730 simplici
1030 669 1328 724 assertione
1349 671 1459 737 Dei,
1495 673 1568 725 11).

816 843 1129 886 annuamus.

189 960 306 1023 Quo
343 975 506 1018 sensu
546 966 687 1022 dicat
720 970 1044 1038 Augustinus
1071 971 1276 1039 aliquas
1302 974 1603 1030 voluntates
1641 989 1752 1032 non

257 1050 378 1091 esse
407 1053 438 1093 a
459 1043 586 1104 Deo,
617 1055 704 1110 op.
732 1049 778 1106 1,
812 1048 844 1100 l.
870 1050 917 1110 1,
945 1061 992 1100 c.
1021 1052 1101 1101 13.

189 1111 330 1174 Quid
370 1118 694 1244 Aulgustinus
732 1123 926 1177 sentiat
961 1123 1030 1178 de
1073 1125 1447 1193 reprobatione
1485 1127 1714 1194 positiva
1737 1167 1754 1194 ,

255 1201 344 1254 op.
371 1195 416 1254 1,
465 1232 479 1246 .
507 1198 556 1257 2,
578 1207 626 1249 c.
652 1203 695 1250 tl.

188 1263 343 1318 Circa
361 1271 772 1334 permissionem
801 1277 1003 1343 peccati
1025 1279 1322 1345 exponitur,
1347 1279 1419 1333 11).

189 1341 522 1408 Augustinus
561 1361 670 1404 non
707 1352 870 1406 sentit
896 1367 1134 1421 unquam
1163 1355 1508 1410 determinari
1540 1369 1642 1412 nos
1683 1356 1754 1412 ad

257 1425 407 1474 actus
435 1425 625 1487 malos,
655 1438 744 1494 op.
781 1433 830 1490 1,
857 1429 891 1482 1.
917 1435 964 1493 ²,
988 1443 1036 1484 0.
1059 1436 1106 1484 2.
1147 1469 1153 1476 .

189 1491 304 1556 Quo
341 1509 503 1553 sensu
535 1504 862 1572 Augustinus
886 1505 1047 1570 dicat,
1082 1509 1260 1562 solum
1299 1510 1466 1566 Deum
1499 1515 1754 1578 praestare

131 1629 136 1632 ,
255 1577 313 1623 111
333 1574 680 1642 voluerimuS,
705 1592 794 1646 op.
819 1585 866 1644 1,
893 1584 926 1634 1.
953 1587 1000 1646 8,
1023 1597 1070 1636 c.
1097 1589 1144 1636 11.

189 1645 498 1705 Defenditur
519 1653 654 1708 liber
667 1657 735 1709 de
751 1658 1134 1712 Ecclesiasticis
1153 1659 1510 1728 dogmatibus,
1529 1659 1683 1723 ib.,c.
1701 1665 1750 1712 9.

189 1719 390 1787 Duplex
409 1733 620 1785 vocatio
639 1733 823 1800 gratiae
841 1748 904 1788 ex
921 1735 1234 1802 Augustino,
1257 1737 1580 1800 communis,
1603 1735 1754 1791 scili-

256 1808 356 1866 cet,
391 1811 443 1857 et
471 1810 688 1874 propria
709 1823 806 1864 seu
829 1825 1087 1879 congrua,
1116 1812 1210 1874 11).,
1234 1825 1281 1867 0.
1307 1817 1388 1865 11.

188 1877 316 1940 Quae
347 1881 418 1934 sit
445 1883 627 1938 efficax
653 1900 750 1940 seu
777 1899 1014 1956 congrua
1041 1901 1104 1942 ex
1125 1889 1337 1952 eodem,
1362 1889 1437 1944 11).

189 1957 646 2020 Augustinimens
679 1961 748 2015 de
771 1965 940 2031 gratia
960 1963 1179 2026 efficaci,
1213 1964 1306 2026 11).,
1328 1979 1376 2020 0.
1405 1969 1484 2018 15.

185 2031 450 2088 Doctrinae
473 2039 692 2094 nomine
717 2040 986 2096 interdum
1017 2042 1266 2112 intelligit
1295 2043 1622 2111 Augustinus
1663 2042 1750 2095 in-

250 2115 456 2164 ternam
479 2115 836 2177 vocationem,
859 2117 931 2171 ib.

185 2183 332 2238 110113
355 2192 631 2256 Augustini
655 2192 722 2246 de
743 2193 1004 2248 electione
1023 2195 1091 2248 ad
1117 2195 1365 2262 gloriam,
1391 2195 1484 2258 11).,
1506 2207 1555 2248 0.
1577 2198 1657 2246 18.

185 2263 288 2315 Per
307 2264 621 2322 electionem
649 2271 718 2324 ad
741 2273 965 2339 gratiam
997 2285 1106 2327 non
1144 2272 1391 2341 intelligit
1425 2272 1749 2340 Augustinus

247 2340 562 2398 electionem
593 2345 662 2399 ad
682 2347 926 2414 gloriam,
953 2349 1046 2410 ib..
1077 2362 1124 2402 c.
1153 2353 1232 2400 19.

187 2417 300 2479 Quo
323 2433 486 2475 sensu
518 2425 686 2488 possit
709 2425 930 2494 intelligi
965 2426 1094 2481 illud
1140 2427 1450 2496 Augustini:
1481 2429 1541 2480 sn·
1564 2441 1671 2480 non
1693 2441 1748 2480 es

247 2496 666 2562 matutinatus,
686 2502 770 2566 [ac
787 2507 845 2554 ut
867 2504 1272 2568 praedestinet-is,
1298 2515 1385 2569 op.
1411 2509 1460 2566 2,
1491 2503 1528 2556 1.
1553 2507 1599 2562 1.
1626 2516 1672 2556 c.
1695 2508 1745 2556 9.

188 2569 304 2630 Quo
331 2583 496 2627 sensu
537 2575 862 2642 Augustinus
904 2575 1046 2632 dicat
1084 2578 1211 2632 Adoe
1247 2579 1428 2632 datum
1457 2592 1580 2633 esse
1605 2578 1747 2632 auxi-

251 2645 382 2724 lium
411 2654 470 2702 ut
493 2664 836 2716 perseverare
857 2659 1054 2718 posset,
1079 2660 1132 2708 et
1147 2667 1258 2708 non
1283 2663 1336 2708 ut
1361 2658 1742 2721 perseveraret,

250 2723 396 2787 quod
426 2730 604 2780 tamen
630 2727 788 2782 datur
819 2729 1018 2792 electis,
1047 2730 1118 2784 ib.

833 2907 1088 2948 Auximon.

177 3025 313 3086 Quid
343 3025 666 3094 intelligatur
687 3027 908 3082 nomine
933 3028 1112 3082 auxilii
1140 3031 1232 3084 Dei
1261 3031 1548 3092 moventis.
1569 3043 1660 3098 op.
1683 3035 1732 3093 1,

239 3100 276 3155 1.
300 3105 346 3163 1,
369 3116 420 3155 c.
444 3107 490 3157 11.

173 3176 309 3239 Quid
341 3178 410 3231 sit
431 3178 682 3233 auxilium
716 3181 808 3234 Dei
835 3194 930 3247 per
966 3182 1188 3237 modum
1227 3194 1542 3248 concursus,
1567 3196 1656 3251 op.
1683 3189 1731 3248 1,

237 3253 256 3305 l
295 3259 343 3316 8,
366 3268 416 3307 c.
446 3258 526 3307 10.

173 3330 226 3381 Si
257 3342 552 3383 concursus
575 3332 668 3385 Dei
695 3331 833 3385 inter
857 3332 1052 3387 auxilia
1091 3338 1418 3397 numeretur,
1456 3348 1732 3401 nunquam

233 3407 440 3471 aequale
459 3414 541 3461 est
563 3406 816 3461 auxilium
855 3410 972 3474 eius
1009 3410 1102 3476 qui
1141 3412 1492 3476 convertitur,
1527 3418 1580 3465 et
1617 3412 1734 3478 ejus

235 3481 328 3545 qui
355 3494 466 3535 non
489 3483 832 3546 convertitur,
861 3484 954 3543 11).,
989 3497 1037 3537 0.
1075 3490 1156 3538 2⁰.

173 3557 350 3610 Potest
373 3558 487 3610 lieri
527 3565 584 3612 ut
619 3572 742 3612 cum
767 3559 960 3625 aequali
984 3561 1180 3615 auxilio
1207 3574 1272 3615 ex
1299 3568 1448 3628 parte
1481 3561 1731 3629 principii

232 3645 375 3685 unus
396 3639 755 3695 convertatur,
778 3641 832 3687 et
855 3647 962 3689 non
993 3636 1148 3697 alius,
1177 3636 1250 3689 ib.

167 3706 262 3769 Qui
289 3710 464 3772 maius
485 3708 649 3763 babet
669 3710 926 3765 auxilium
957 3718 1130 3778 potest
1155 3724 1264 3765 non
1283 3710 1542 3775 converti,
1563 3712 1730 3779 etqui

230 3783 427 3845 minus.
449 3784 716 3839 intensius
743 3789 982 3852 operari,
1013 3788 1088 3841 11).

165 3858 260 3921 Qui
303 3862 648 3924 convertitur,
693 3864 952 3929 majorem
985 3864 1214 3930 gratiam
1255 3864 1528 3917 moraliter
1555 3862 1612 3917 in
1643 3878 1732 3917 ra-

226 3933 374 3989 tione
413 3936 658 3992 beneficii
701 3939 924 4004 recipit,
971 3938 1047 3993 11).
1095 3944 1176 3993 An
1213 3940 1374 3994 aliam
1424 3940 1642 4007 physice
1677 3946 1732 3995 et

235 4012 290 4064 in
321 4014 527 4068 ratione
554 4015 753 4081 auxilii,
787 4016 861 4069 ib.

693 4192 932 4233 Luxu-111¹
977 4193 1199 4233 tntmx.

169 4313 306 4375 Quid
331 4314 492 4367 addat
519 4314 769 4368 auxilium
815 4316 998 4369 efficax
1037 4330 1202 4382 supra
1233 4316 1522 4379 sufficiens,
1562 4330 1654 4383 op.
1683 4321 1731 4379 1,

228 4386 265 4439 1.
296 4394 345 4447 3.
375 4402 422 4441 c.
446 4394 530 4451 22,
549 4396 602 4443 et
631 4390 686 4443 in
715 4403 824 4457 quo
855 4392 1114 4445 consistat
1139 4394 1256 4457 ejus
1281 4392 1534 4455 efficacia,
1559 4392 1632 4445 11).

162 4462 298 4524 Quid
343 4464 443 4524 sit,
489 4468 634 4531 juxta
673 4478 768 4519 eos
812 4468 904 4533 qui
951 4466 1284 4521 contendunt
1331 4467 1628 4521 consistere
1671 4468 1726 4521 in

227 4538 450 4604 physica
496 4542 732 4595 motione
770 4544 1081 4607 voluntatis,
1113 4550 1167 4597 et
1209 4543 1340 4609 quid
1382 4543 1448 4597 de
1489 4544 1582 4598 illo
1623 4543 1726 4597 do-

225 4622 400 4677 ceant,
423 4627 512 4682 op.
537 4622 586 4669 3.

161 4688 276 4741 Non
299 4691 457 4744 estin
483 4692 718 4747 hominis
743 4702 1004 4762 potestate
1033 4697 1272 4763 recipere
1308 4702 1400 4751 aut
1443 4710 1552 4751 uon
1585 4698 1726 4752 reci·

227 4778 354 4831 pere
374 4766 626 4823 auxilium
647 4768 848 4837 efficax,
875 4772 946 4826 ib.

924 4966 980 5039 B

785 5166 1104 5206 'mmmcml-

3274 421 3393 488 587

2452 539 2753 581 nutritura
2761 569 2771 579 .

1833 663 2173 792 Blaspliessua
2195 667 2533 736 sacrilegium
2554 674 2639 722 est
2658 673 2846 724 contra
2868 669 3198 740 religionem,
3228 683 3319 738 op.
3342 678 3393 736 s,

1895 751 1987 795 sec
2010 775 2027 794 .
2086 781 2099 795 .

2410 863 2575 902 „Nun
2606 861 2822 904 noum.

1833 968 1981 1024 Bona
2020 983 2186 1037 opera
2211 973 2437 1028 moralia
2480 984 2591 1030 non
2622 981 2746 1028 sunt
2786 973 3168 1042 dispositiones
3192 976 3261 1030 ad
3300 991 3397 1032 su·-

1897 1047 2257 1114 pernaturalia
2276 1049 2487 1115 auxilia,
2514 1062 2602 1116 op.
2628 1055 2676 1114 1,
2706 1050 2741 1104 1.
2763 1055 2812 1116 8,
2834 1063 2883 1106 c.
2907 1052 2956 1105 Β.

2462 1218 2759 1272 Burri-uno.

1834 1347 2148 1406 Essentialis
2162 1357 2215 1406 et
2231 1365 2360 1406 vera
2376 1351 2649 1408 beatitudo
2668 1365 2779 1406 non
2797 1351 3043 1408 consistit
3060 1353 3117 1406 iu
3138 1364 3224 1416 eo,
3246 1352 3395 1420 quod

1894 1425 2073 1480 videat
2090 1427 2277 1482 beatus
2296 1429 2573 1483 aclaudari
2592 1442 2625 1482 a
2646 1431 2877 1496 Demop.
2900 1435 2947 1491 11,
2964 1429 3105 1496 disp.
3123 1433 3172 1491 2,
3192 1435 3322 1482 sect.
3341 1431 3389 1482 1.

1833 1503 2027 1560 Gloria.
2052 1515 2147 1557 seu
2178 1503 2322 1558 bona
2352 1504 2667 1559 existimatio
2697 1517 2859 1571 quam
2896 1504 2965 1559 de
2997 1505 3217 1560 bomine
3253 1506 3393 1560 Deus

1896 1577 2075 1666 babet,
2116 1590 2225 1632 non
2257 1585 2431 1646 potest
2458 1593 2579 1634 esse
2611 1579 2849 1644 bominis
2876 1579 3150 1636 beatitudo
3187 1579 3390 1634 sorma-

1831 1653 2235 1797 Asstsssssss'ouva
2264 1731 2336 1787 11).

2587 1862 2643 1936 C

2283 2080 2438 2120 CAUSA
2466 2079 2613 2118 mn
2634 2079 2693 2116 tl·
2712 2079 2949 2119 emunim.

1831 2191 2015 2256 omnis
2035 2205 2197 2246 causa
2228 2194 2465 2248 secunda
2510 2194 2749 2261 requirit,
2784 2193 2855 2247 ad
2896 2191 3247 2260 operandum,
3286 2187 3391 2246 all·

1890 2279 2050 2330 quam
2076 2269 2505 2336 applicationem,
2536 2283 2655 2338 quae
2676 2269 2950 2336 multiplex
2964 2272 3063 2334 est,
3084 2281 3174 2335 op.
3202 2267 3309 2332 1,1.
3338 2267 3387 2334 a,

1890 2353 1937 2394 c,
1965 2347 2042 2396 16.
3364 2395 3373 2401 .

1829 2417 1933 2470 Cur
1976 2431 2151 2473 causae
2200 2423 2452 2476 secundae
2493 2423 2739 2476 dicantur
2784 2421 3137 2474 instrumenta
3178 2421 3383 2487 primae,

1887 2507 2012 2547 cum
2064 2509 2251 2550 revera
2291 2497 2399 2552 sint
2436 2511 2612 2552 causae
2656 2497 2980 2565 principales
3022 2498 3075 2550 in
3136 2507 3237 2550 suo
3289 2507 3387 2564 ge-

1890 2573 2065 2622 nere?
2096 2585 2183 2638 op.
2209 2573 2389 2637 1,1.1,
2413 2587 2459 2628 0.
2490 2580 2540 2627 e.

1825 2644 1941 2698 Non
1964 2645 2167 2714 indiget
2187 2661 2250 2702 ex
2266 2649 2321 2703 vi
2348 2649 2806 2708 subordinationis
2838 2648 3035 2716 praevia
3055 2647 3385 2704 determina-

1888 2721 2033 2776 tione
2060 2723 2265 2789 primae.
2292 2730 2349 2778 ut
2371 2731 2639 2792 operetur,
2666 2727 2765 2790 11).,
2788 2740 2835 2780 0.
2862 2731 2931 2777 ’1.-

1827 2795 2011 2850 causae
2030 2799 2283 2854 secundae
2316 2814 2379 2856 ex
2404 2803 2523 2857 solo
2550 2803 2824 2858 consortio
2862 2801 3089 2855 aliarum
3126 2796 3383 2852 determi-

1892 2879 2091 2926 nantur
2118 2874 2435 2942 aliquando,
2464 2877 2536 2930 11).
3345 2894 3379 2942 ρ·

1823 2949 1975 3003 Nulla
2001 2963 2165 3006 causa
2184 2959 2265 3006 est
2294 2952 2647 3008 determinata
2674 2953 2743 3008 ad
2776 2965 2945 3008 unum
2972 2952 3149 3006 solum
3194 2949 3387 3004 indivi-

1882 3024 2067 3089 duum,
2096 3027 2167 3078 11).

1819 3098 2021 3163 Quibus
2054 3101 2227 3157 modis
2256 3105 2429 3171 prima
2466 3120 2629 3161 causa
2653 3104 2949 3161 secundam
2988 3109 3200 3159 moveat
3238 3102 3385 3169 iuxta

1883 3177 1938 3229 D.
1962 3178 2221 3232 'l'bomam
2242 3182 2271 3232 ¹?
2298 3182 2392 3244 ib..
2418 3196 2467 3236 0.
2494 3188 2575 3235 11.

1816 3254 1987 3307 cause
2010 3256 2247 3311 secunda
2278 3258 2387 3324 agit
2414 3258 2469 3309 in
2497 3258 2691 3313 virtute
2716 3259 2922 3325 primae,
2952 3268 3019 3311 eo
3037 3256 3213 3309 solum
3235 3251 3383 3319 quod

1877 3331 1992 3397 agit
2012 3342 2111 3397 per
2130 3345 2283 3385 suam
2308 3334 2557 3388 virtutem
2590 3335 2659 3387 ab
2681 3335 2773 3390 illa
2796 3334 3183 3401 participatam.
3210 3331 3285 3385 ib.

1816 3407 1985 3460 Causa
2013 3410 2251 3462 secunda
2284 3410 2405 3464 ideo
2428 3413 2615 3477 primae
2636 3412 2833 3466 dicitur
2858 3408 3225 3469 subm-einata,
3255 3407 3383 3472 quia

1875 3483 1995 3535 sine
2026 3482 2117 3536 illa
2137 3485 2348 3549 operari
2366 3492 2479 3539 tou
2502 3493 2691 3551 potest,
2720 3486 2795 3540 ib.

1875 3558 1991 3612 Non
2014 3558 2140 3625 quia
2156 3558 2389 3627 indigeat
2416 3562 2977 3627 pmdeterminatione
2995 3559 3235 3628 physica,
3254 3559 3328 3612 ib.

1875 3634 1980 3687 Cur
1999 3647 2109 3688 non
2138 3647 2171 3687 a
2194 3648 2323 3689 casu
2343 3650 2467 3690 cum
2490 3638 2665 3703 prima
2688 3639 3060 3704 conjungatur,
3090 3634 3161 3689 11).

1811 3708 1989 3763 Prima
2006 3723 2170 3765 causa
2196 3712 2408 3768 duobus
2436 3714 2611 3768 modis
2631 3715 2882 3769 secundis
2903 3715 3086 3776 utitur,
3116 3714 3191 3766 11).

1811 3785 1969 3839 Aliud
1988 3793 2073 3841 est
2092 3787 2359 3843 actionem
2378 3802 2553 3843 canisae
2572 3790 2823 3844 secundas
2838 3802 2961 3844 esse
2995 3789 3098 3844 sub
3132 3788 3378 3843 dominio

1875 3860 1984 3920 Dei.
2016 3868 2070 3915 et
2090 3874 2211 3915 esse
2238 3876 2301 3915 ex
2334 3863 2443 3918 1110.
2470 3865 2544 3917 11).

1811 3936 1922 3999 Qua
1954 3937 2163 3991 ratione
2188 3939 2365 4004 prima
2392 3952 2555 3995 causa
2582 3940 2849 3995 secundas
2866 3938 3101 4007 applicet
3120 3938 3192 3992 ad
3215 3951 3379 4004 agen-

1875 4011 2025 4076 dum,
2053 4012 2124 4065 11).

1815 4086 1986 4142 Causa
2016 4089 2255 4143 secunda
2294 4090 2589 4157 improprie
2620 4091 2817 4145 dicitur
2854 4102 2977 4143 esse
3010 4089 3157 4156 prior
3188 4088 3245 4143 in
3276 4101 3377 4156 ge-

1877 4178 2009 4219 nere
2039 4178 2215 4219 causae
2235 4167 2545 4227 materialis.
2566 4180 2727 4234 quam
2752 4168 2941 4233 prima,
2974 4164 3029 4219 11)
3056 4206 3068 4228 ,
3091 4179 3140 4219 c.
3164 4170 3245 4219 111.

1815 4240 2009 4294 Neutra
2030 4242 2184 4307 prius
2206 4241 2313 4296 alia
2342 4242 2514 4295 innuit
2537 4243 2813 4310 prioritate
2838 4241 3181 4301 causalitatis,
3212 4240 3371 4295 etiam

1877 4315 1931 4369 si
1956 4317 2129 4382 prima
2148 4317 2299 4383 prius
2326 4318 2513 4372 influat
2532 4320 2637 4373 alia
2666 4318 2957 4384 prioritate,
2986 4316 3059 4369 11).

1815 4390 1984 4446 Causa
2012 4394 2201 4459 prima,
2226 4396 2508 4462 supposito
2532 4408 2635 4450 suo
2664 4396 2900 4458 decreto,
2920 4391 3227 4447 necessario
3246 4404 3375 4446 con·

1871 4470 2037 4523 currit
2058 4472 2454 4530 cumsecunda,
2486 4471 2560 4524 11).

1807 4545 1947 4598 Deus
1972 4545 2277 4600 immediate
2306 4546 2477 4599 influit
2504 4546 2559 4599 in
2588 4560 2655 4600 ea
2672 4546 2857 4601 omnia
2883 4557 3005 4610 quie
3028 4544 3179 4607 liunt,
3206 4547 3371 4610 opoi.

1868 4619 2009 4687 disp.
2031 4626 2077 4685 1,
2104 4628 2233 4675 sect.
2259 4627 2307 4674 2.

2468 4776 2721 4817 mulss-

1811 4920 2230 4975 Communicatio
2257 4921 2347 4973 Dei
2389 4932 2610 4975 suorum
2648 4919 2917 4975 bonorum
2946 4924 3213 4986 quatenus
3242 4930 3363 4985 spe-

1869 5000 1981 5049 ctet
2004 4996 2073 5049 ad
2092 4996 2425 5055 charitatem.
2448 5006 2537 5061 op.
2562 5000 2611 5056 ο,
2636 5002 2765 5050 sect.
2788 5001 2843 5048 1.·

1809 5070 2009 5124 Lumen
2030 5071 2217 5139 gloria
2232 5072 2391 5125 datur
2406 5072 2569 5125 etiam
2594 5072 2739 5136 juxta
2768 5072 3169 5138 proportionem
3188 5068 3371 5125 chari-

1872 5146 2016 5208 tntis,
2046 5160 2134 5213 op.
2166 5153 2213 5209 5,
2241 5146 2381 5211 disp.
2404 5152 2459 5201 2:
2482 5153 2608 5200 sect.
2644 5151 2693 5199 11.

1743 5248 1750 5255 ·
1809 5220 2049 5276 neritum
2078 5222 2383 5275 essentialis
2414 5222 2599 5289 gloriae
2633 5220 2998 5288 principaliter
3024 5226 3107 5274 est
3128 5230 3161 5273 a
3187 5220 3371 5275 cbari-

157 5292 232 5343 Ex
260 5304 372 5419 (11111)
413 5300 672 5421 {iegisetu'r
703 5296 840 5350 ratio
877 5295 1098 5363 majoris
1143 5296 1390 5351 beneficii
1430 5298 1721 5363 moraliter,

221 5378 312 5431 op.
374 5406 386 5429 ,
435 5402 452 5420 .
511 5382 602 5433 ,c.
657 5377 704 5421 o.

157 5442 444 5497 Probabile
463 5451 547 5497 est
575 5446 776 5500 nullam
805 5447 1065 5514 justitiam
1103 5449 1294 5503 violari
1331 5451 1376 5504 si
1415 5451 1726 5505 conferatur

1807 5304 2009 5426 Ταιῐῖιίὲἧ
2026 5298 2251 5427 'igi-maie
2270 5373 2519 5427 meritum
2540 5385 2649 5426 non
2664 5378 2745 5427 est
2761 5372 2817 5425 in
2832 5371 2964 5426 solis
2982 5371 3125 5425 illius
3140 5370 3367 5431 actibus,

1870 5450 1940 5503 11).

222 5517 548 5573 beneficium
575 5520 760 5589 digno,
785 5523 970 5577 relicto
995 5524 1248 5591 digniori,
1279 5526 1375 5581 sed
1417 5527 1722 5595 oppositum
1803 5530 1968 5581 Actus
1986 5526 2209 5581 alterius
2236 5525 2447 5580 virtutis
2474 5532 2647 5591 potest
2690 5538 2813 5583 esse
2852 5524 3021 5593 magis
3060 5522 3366 5581 meritorius

224 5594 531 5649 communis
561 5603 660 5663 est,
685 5609 773 5664 op.
808 5604 856 5663 e,
881 5604 1010 5654 sect.
1032 5604 1078 5654 3.

1865 5616 2029 5670 quam
2057 5610 2206 5657 actus
2234 5600 2527 5666 charitatis,
2552 5602 2625 5658 11).

2941 5790 2969 5811 Q
