3850 6225
635 421 802 475 SECT.
839 426 878 475 1.
913 421 1128 475 UTRUM
1163 420 1394 472 itt-:nm
1429 415 1784 470 VlVlFlCATA
1818 416 2109 469 VALEANT
2143 418 2227 468 ΑΙ)
2260 414 2589 475 Pnormum,
2624 416 2761 471 ETC.

167 522 274 583 33.
315 522 693 586 Excluditur
725 523 855 587 alia
881 523 1100 585 evasio.
1125 553 1206 567 —
1235 522 1322 579 De
1369 518 1467 579 his
1501 534 1652 597 ergo

79 617 390 692 operibus
448 620 514 677 et
565 616 868 677 fructibus
909 614 1184 695 justitiae,
1215 613 1400 673 docet
1441 610 1652 673 Conci-

81 709 242 768 lium
274 709 484 770 omnia
509 715 572 770 et
599 710 844 788 singula
863 708 1180 769 meritoria
1203 724 1394 785 opera
1423 703 1656 765 mereri

79 804 300 863 omnia
363 821 503 882 quae
568 803 653 864 ibi
710 809 1104 863 annumerat.
1159 800 1336 873 Quod
1385 800 1656 877 primum

79 897 290 975 probo
343 916 420 957 ex
469 901 688 959 tenore
737 896 1093 967 verborum,
1133 913 1272 973 quoe
1307 891 1656 970 copulativa

79 996 264 1061 sunt,
295 996 376 1061 et,
409 996 480 1051 ut
507 997 740 1051 certam
773 989 1136 1051 contineant
1163 987 1530 1056 doctrinam,
1561 1002 1656 1043 re-

77 1082 238 1145 ferri
271 1084 522 1154 debent,
553 1102 680 1145 non
706 1088 948 1144 tantum
977 1081 1056 1142 ad
1087 1081 1515 1141 collectionem
1553 1078 1654 1137 bo-

79 1196 322 1238 norum
349 1194 636 1257 operum,
665 1182 734 1237 ut
761 1176 850 1236 sic
888 1175 1114 1245 dicam,
1151 1174 1264 1234 sed
1309 1170 1494 1232 etiam
1534 1169 1656 1230 dis-

79 1271 414 1339 tributive,
453 1288 528 1331 ac
579 1269 989 1330 determinate
1051 1267 1132 1328 ad
1175 1266 1420 1345 singula
1464 1280 1654 1342 opera

79 1363 450 1433 meritoria;
481 1362 630 1441 quia
670 1362 826 1421 alias
863 1361 1086 1421 eadem
1119 1356 1516 1421 incommoda
1557 1374 1656 1415 su-

83 1476 208 1537 pra
246 1456 588 1535 significata
641 1462 1012 1535 sequuntur,
1045 1453 1296 1525 scilicet,
1346 1469 1473 1511 non
1515 1467 1656 1509 esse

83 1556 328 1612 certam
355 1558 418 1611 et
433 1550 915 1611 determinatam
945 1548 1318 1617 doctrinam,
1343 1544 1454 1605 sed
1473 1542 1656 1603 valde

81 1643 441 1717 confusam,
483 1650 546 1704 et
587 1642 926 1719 unicuique
971 1640 1238 1701 liberum
1267 1637 1558 1715 relinqui,
1591 1641 1659 1696 ut

81 1737 248 1797 illud
285 1737 610 1815 praemium
661 1736 806 1795 huic
834 1734 933 1795 vel
975 1734 1061 1794 illi
1091 1733 1270 1812 operi
1309 1747 1656 1791 accommo-

83 1832 222 1903 det,
254 1836 440 1910 prout
484 1830 599 1889 sibi
629 1827 966 1908 placuerit;
1011 1826 1291 1904 sequitur
1319 1824 1506 1885 etiam
1545 1822 1655 1882 ali-

83 1924 346 2004 quando
397 1923 534 1984 dari
579 1923 644 1982 in
694 1921 948 1981 homine
998 1922 1168 1999 justo
1225 1917 1656 1980 collectionem

77 2018 400 2077 bonorum
440 2033 701 2095 operum
731 2013 1323 2091 supernaturalium,
1357 2029 1496 2089 quae
1527 2028 1654 2069 non

79 2111 360 2171 sufficiat
385 2109 466 2169 ad
509 2108 614 2170 illa
641 2108 898 2187 praemia
929 2107 1010 2167 ibi
1047 2111 1378 2167 numerata
1409 2120 1654 2183 prome·

77 2205 312 2265 reuda.
337 2202 572 2265 Deinde
605 2202 904 2281 probatur
929 2220 1004 2262 ex
1032 2219 1100 2261 re
1129 2200 1290 2278 ipsa,
1323 2198 1466 2277 quia
1495 2216 1654 2276 opus

77 2297 482 2359 meritorium
520 2295 694 2376 justi,
729 2294 900 2374 quod
926 2301 1206 2356 meretur
1244 2299 1654 2371 augmentum

83 2392 332 2472 gratim,
379 2396 660 2451 meretur
709 2389 896 2451 etiam
953 2390 1358 2467 augmentum
1415 2385 1652 2463 gloriae,

81 2485 264 2565 quod
284 2502 400 2564 per
418 2502 486 2545 se
513 2488 732 2545 notum
755 2487 882 2554 est;
907 2486 968 2542 et
984 2485 1440 2558 consequenter
1465 2477 1656 2538 etiam

81 2586 372 2639 meretur
417 2576 928 2639 consecutionem
979 2574 1215 2653 gloriae,
1255 2572 1309 2631 si
1353 2572 1414 2631 in
1457 2570 1656 2650 gratia

83 2672 454 2742 decesserit,
483 2670 641 2731 utin
669 2669 862 2750 priori
889 2674 1064 2748 parte
1095 2668 1481 2729 declaratum
1525 2670 1652 2739 est;

81 2771 371 2827 meretur
397 2764 670 2841 denique
709 2764 898 2824 vitam
939 2768 1258 2833 aeternam,
1293 2760 1438 2837 quia
1481 2758 1658 2835 quili-

81 2860 192 2920 bet
221 2858 456 2939 gradus
484 2856 696 2937 glorioe
725 2861 820 2917 est
857 2854 1089 2934 gradus
1121 2854 1258 2913 vitae
1288 2856 1564 2925 aeternae,
1597 2855 1658 2910 et

81 2958 552 3030 consequenter
579 2955 674 3011 est
717 2949 908 3009 etiam
943 2949 1070 3009 vita
1103 2952 1368 3018 aeterna3
1409 2952 1468 3005 et
1503 2945 1658 3005 Con-

77 3048 300 3108 cilium
327 3064 453 3105 non
481 3043 743 3124 requirit
767 3049 836 3104 ut
863 3042 1186 3122 quodlibet
1222 3058 1382 3120 opus
1417 3056 1658 3099 merea-

77 3149 188 3205 tur
219 3146 414 3201 totam
441 3140 633 3200 vitam
671 3143 994 3211 aeternam,
1027 3136 1142 3196 sed
1169 3133 1232 3194 in
1264 3151 1378 3194 suo
1431 3133 1654 3213 gradu,

79 3253 204 3296 seu
239 3251 320 3293 ex
365 3237 580 3309 parte;
614 3230 806 3311 igitur
845 3228 1216 3298 Concilium,
1269 3227 1400 3286 baec
1448 3225 1658 3286 omnia

77 3343 456 3398 numerans,
489 3342 616 3384 non
645 3323 822 3402 ponit
863 3322 968 3382 illa
1011 3327 1082 3382 ut
1129 3320 1374 3382 divisim
1415 3337 1659 3380 accom-

75 3417 430 3490 modanda,
461 3416 574 3478 sed
603 3422 669 3477 ut
697 3416 951 3477 omnino
980 3415 1316 3494 conjuncta
1346 3431 1489 3473 cum
1525 3429 1660 3472 me-

75 3513 208 3574 rito
259 3510 582 3590 augmenti
623 3509 858 3588 gratiae,
888 3509 1120 3580 Tertia,
1151 3509 1302 3586 quia
1341 3510 1518 3566 actus
1563 3522 1659 3566 re-

75 3605 262 3666 missi
277 3603 456 3682 juxta
476 3601 668 3662 alium
697 3601 958 3662 modum
981 3619 1112 3662 non
1129 3604 1450 3660 merentur
1465 3596 1657 3656 vitam

75 3705 387 3758 aeternam
435 3694 784 3756 secundum
825 3711 984 3766 rem,
1020 3693 1133 3754 sed
1179 3691 1382 3754 solum
1433 3707 1657 3750 secun-

77 3791 246 3852 dum
272 3789 546 3860 titulum,
579 3793 690 3848 aut
725 3793 1084 3866 respectum
1111 3784 1390 3848 rationis
1427 3782 1658 3844 Proba-

73 3893 216 3955 tur,
239 3883 388 3962 quia
417 3887 595 3943 actus
619 3878 1034 3959 procedentes
1057 3896 1096 3938 a
1116 3878 1314 3956 gratia
1336 3878 1470 3956 jam
1495 3895 1660 3938 com-

71 3981 310 4056 parata
331 4021 348 4047 ‚
411 3993 636 4037 revera
691 3991 820 4036 non
872 3979 1136 4052 possunt
1179 3971 1412 4032 mereri
1462 3971 1655 4030 vitam

73 4077 414 4146 aeternam,
441 4069 560 4130 nisi
601 4073 1014 4146 augmentum
1061 4067 1200 4146 ejus
1244 4070 1648 4136 mereantur;

73 4165 210 4225 hoc
239 4170 450 4224 autem
477 4162 702 4222 mereri
729 4177 856 4222 non
885 4163 1172 4239 possunt,
1205 4159 1322 4219 nisi
1352 4158 1654 4220 merendo

73 4265 501 4338 augmentum
539 4255 774 4335 gratim,
809 4261 882 4315 ut
932 4271 1048 4332 per
1100 4272 1168 4316 se
1227 4253 1466 4335 clar-³
1519 4258 1648 4325 est;

75 4370 246 4432 ergo
277 4351 328 4412 si
353 4356 527 4411 actus
569 4348 814 4410 remissi
843 4365 970 4409 non
1001 4352 1324 4408 merentur
1357 4364 1658 4425 augmen-

76 4453 226 4507 tum
263 4443 498 4521 gratiae,
551 4442 650 4502 vel
693 4441 933 4521 gloriae,
979 4457 1100 4502 nec
1129 4439 1322 4500 vitam
1359 4446 1658 4500 aeternam

75 4555 310 4599 revera
345 4541 687 4596 merentur.
723 4535 894 4596 Prior
921 4533 1262 4613 propositio
1291 4538 1484 4611 patet,
1507 4532 1656 4609 quia

77 4631 190 4692 vel
221 4635 548 4690 merentur
572 4628 765 4688 vitam
785 4633 1088 4688 aeternam
1117 4626 1468 4688 secundum
1491 4625 1656 4685 idem

79 4722 268 4804 quod
302 4721 690 4792 debebatur,
737 4720 836 4782 vel
882 4719 1227 4782 secundum
1273 4718 1508 4797 aliquid
1549 4737 1657 4780 no-

75 4834 280 4876 vum:
313 4814 362 4874 si
391 4814 634 4876 dicatur
666 4815 782 4875 hoc
812 4812 1144 4892 posterius,
1171 4811 1325 4872 illud
1361 4830 1498 4872 esse
1527 4829 1658 4872 non

75 4913 322 4990 potest,
365 4907 484 4968 nisi
517 4906 773 4986 aliquod
815 4910 1262 4979 augmentum
1311 4904 1538 4964 sivero
1566 4904 1656 4965 di-

77 5007 274 5064 catur
303 4999 498 5080 prius,
542 4999 696 5060 illud
745 4997 1012 5060 dicimus
1039 5015 1180 5058 esse
1206 4997 1532 5076 praemium
1575 4996 1654 5058 de

77 5093 224 5156 solo
253 5091 454 5164 titulo,
489 5093 634 5170 quia
670 5109 738 5153 re
783 5091 918 5170 ipsa
961 5090 1114 5150 nihil
1161 5089 1305 5150 novi
1357 5089 1542 5150 datur
1591 5090 1656 5150 in

77 5186 444 5268 praemium,
475 5184 588 5246 sed
617 5184 784 5246 idem
809 5183 1158 5247 secundum
1185 5189 1538 5262 respectum
1559 5202 1659 5243 ac-

81 5277 479 5342 commodari
508 5277 750 5339 dicitur.
783 5278 860 5338 Et
885 5276 968 5338 oh
1006 5277 1170 5337 hanc
1195 5293 1452 5336 causam
1481 5275 1658 5335 omit-

83 5385 156 5438 to
203 5373 394 5434 aliam
443 5372 797 5433 evasionem
845 5371 1154 5432 dictorum
1195 5369 1658 5448 Theologorum

85 5465 462 5536 dicentium,
506 5463 847 5525 Concilium
896 5463 1066 5540 loqui
1111 5461 1246 5522 'non
1289 5467 1534 5521 tantum
1578 5461 1656 5521 de

84 5558 349 5644 proprio
379 5556 532 5623 reali
561 5561 900 5639 augmento
921 5555 1139 5646 gratioe
1171 5552 1234 5620 in
1263 5571 1332 5615 se
1357 5553 1512 5638 ipsa,
1545 5553 1660 5616 sed

1735 518 1926 579 ctiam
1982 520 2061 580 de
2109 522 2445 597 augmento
2502 520 2607 579 illo
2652 518 2969 579 extensivo
3016 514 3081 575 in
3132 514 3296 575 ordi-

1735 631 1816 675 ne
1847 613 1927 673 ad
1960 614 2143 693 plura
2183 630 2394 689 opera,
2446 618 2508 673 ct
2555 613 2767 690 plures
2794 612 3025 683 titulos,
3073 615 3135 670 et
3180 626 3293 687 pro

1737 708 2095 769 diversitate
2130 725 2393 787 operum
2420 708 2507 767 ita
2536 706 2751 767 deberi
2794 708 3201 783 augmentum
3226 702 3297 761 il-

1737 802 1848 862 lud
1901 803 2192 881 intelligi,
2237 807 2296 862 et
2350 800 2831 861 accommodari.
2889 801 3045 859 Nam
3091 802 3293 858 totum

1737 896 1856 957 boc
1904 896 2323 956 voluntarium
2370 904 2483 965 est,
2531 900 2591 955 et
2635 898 2859 971 praeter
2895 908 3295 951 communem

1735 1008 1945 1061 usum,
1980 994 2042 1051 et
2068 990 2511 1067 proprietatem
2542 988 2901 1056 verborum,
2934 989 2997 1045 et
3036 1002 3295 1062 prorsus

1737 1090 1995 1144 enervat
2022 1083 2457 1145 certitudinem
2482 1082 2560 1143 de
2588 1100 2737 1141 vero
2778 1086 3117 1159 augmento
3159 1098 3297 1155 gra-

1735 1176 1858 1237 tiae.
1891 1176 1990 1238 Sic
2020 1178 2185 1237 enim
2214 1181 2421 1255 posset
2454 1175 2593 1252 quis
2621 1176 2827 1236 dicere
2870 1174 3133 1253 gratiam
3158 1190 3295 1231 esse

1735 1270 2101 1348 qualitatem
2126 1269 2583 1341 indivisibilem,
2610 1276 2669 1329 et
2696 1266 3297 1346 inaugmentabilem

1736 1363 1800 1423 in
1831 1365 2072 1441 seipsa3
2120 1370 2181 1424 et
2218 1363 2427 1424 omnia
2467 1381 2605 1441 quae
2646 1362 2958 1440 Scriptura
2995 1367 3056 1421 et
3084 1360 3298 1423 Conci·

1737 1457 1822 1518 lia
1870 1457 2085 1519 dicunt
2134 1457 2213 1517 de
2252 1460 2593 1536 augmento
2640 1456 2874 1535 gratim,
2908 1461 2969 1517 et
2995 1457 3297 1515 virtutum

1739 1551 2111 1623 infusarum,
2138 1550 2399 1627 intelligi
2450 1548 2529 1609 de
2558 1553 2897 1626 augmento
2928 1548 3032 1609 illo
3079 1554 3294 1609 exten-

1739 1644 1872 1706 sivo
1899 1651 1962 1705 et
1982 1644 2236 1705 titulari.
2264 1646 2372 1705 Est
2396 1661 2547 1721 ergo
2568 1643 2671 1702 illa
2701 1643 3128 1721 interpretatio
3150 1661 3296 1701 con-

1737 1745 1835 1799 tra
1869 1739 2279 1800 intentionem
2325 1736 2601 1813 Concilii,
2632 1737 2801 1815 quod
2831 1743 3045 1797 contra
3076 1736 3298 1797 Luthe-

1735 1851 1926 1894 ranos
1952 1831 2213 1893 definire
2232 1830 2447 1903 voluit,
2470 1849 2641 1902 vere,
2673 1831 2945 1901 realiter,
2982 1848 3055 1889 ac
3084 1830 3299 1889 intrin-

1737 1944 1878 1987 sece
1897 1926 2163 2005 gratiam
2180 1944 2257 1985 au
2266 1925 2399 2002 geri
2425 1943 2541 2003 per
2558 1924 2725 1985 bona
2744 1942 2933 2002 opera
2956 1924 3293 2001 justorum,

1739 2019 1788 2079 si
1821 2020 1900 2079 ab
1932 2021 2021 2079 eis
2048 2019 2221 2079 fiant.
2264 2020 2397 2079 Non
2428 2036 2529 2077 me
2580 2017 2732 2077 latet
2770 2016 2848 2077 de
2892 2016 3134 2076 Christo
3180 2016 3299 2075 Do·

1735 2113 1906 2173 mino
1942 2112 2241 2190 scriptum
2273 2130 2433 2183 esse,
2468 2112 2615 2171 Luc.
2648 2112 2687 2171 2
2714 2128 2726 2169 :
2760 2108 3127 2185 Proficiebat
3154 2124 3299 2188 qra-

1737 2207 1848 2279 tia,
1881 2206 2051 2285 quod
2078 2207 2319 2268 ratione
2353 2223 2617 2283 operum
2644 2203 2855 2283 gratiae
2886 2200 3301 2263 communiter

1737 2306 1800 2361 et
1827 2306 1996 2361 recte
2019 2299 2367 2378 exponitur.
2399 2299 2635 2357 Tamen
2667 2297 2749 2357 ibi
2780 2294 3206 2373 interpretatio
3232 2293 3300 2351 il-

1738 2391 1800 2451 la
1849 2396 1947 2452 est
1984 2391 2339 2453 necessaria
2363 2392 2541 2470 juxta
2572 2391 2917 2469 subjectam
2944 2386 3297 2457 materiam,

1738 2504 1858 2547 nec
1907 2492 2119 2547 tamen
2180 2491 2509 2564 propterea
2551 2484 2671 2545 dici
2718 2482 2941 2561 poterit
2989 2480 3299 2540 Christum

1739 2579 2023 2640 absolute
2068 2579 2373 2639 meruisse
2404 2582 2817 2657 augmentum
2864 2574 3096 2653 gratiae,
3153 2574 3299 2651 quia

1738 2672 1967 2732 meruit
1996 2676 2065 2733 ut
2110 2671 2391 2750 pluribus
2440 2671 2632 2731 titulis
2686 2669 2949 2749 gratiam
2992 2666 3297 2736 haberct;
3410 2688 3421 2697 ·

1739 2765 1908 2843 quod
1936 2770 2171 2831 tamen.
2196 2765 2374 2844 juxta
2413 2765 2679 2825 aliorum
2726 2762 3123 2835 sententiam,
3152 2759 3300 2819 satis

1740 2864 2200 2935 consequenter
2222 2858 2343 2917 dici
2372 2862 2601 2936 posset.
2632 2858 2767 2917 Non
2790 2861 2884 2915 est
2902 2872 3053 2931 ergo
3080 2871 3303 2913 sensus

1737 2951 1904 3011 illius
1934 2951 2075 3021 loci,
2109 2951 2279 3029 quod
2326 2952 2521 3031 gratia
2564 2951 2699 3029 ipsa
2736 2948 3069 3008 habitualis
3124 2946 3303 3007 Chri·

1742 3044 1816 3104 sti
1875 3048 2061 3105 aucta
2092 3044 2301 3117 fuerit,
2348 3044 2447 3103 vel
2477 3043 2805 3116 intensive,
2836 3041 2935 3101 vel
2986 3038 3301 3101 extensive

1740 3144 1997 3217 propter
2020 3155 2215 3198 novos
2242 3136 2473 3209 titulos,
2506 3137 2619 3197 sed
2648 3135 2849 3198 solum
2886 3135 3057 3212 quod
3100 3133 3305 3194 Chris-

1737 3236 1839 3292 tus
1877 3232 1943 3291 in
1999 3231 2135 3291 dies
2180 3229 2541 3308 perficiebat
2582 3231 2761 3309 plura
2813 3245 3007 3307 opera
3060 3225 3297 3305 gratiae.

1739 3327 2083 3388 Concilium
2136 3333 2348 3388 autem
2396 3325 2517 3386 hoc
2564 3344 2695 3386 non
2743 3325 2945 3384 solum
2998 3322 3179 3383 docet
3224 3321 3304 3381 de

1734 3419 1943 3498 justiS,
1978 3420 2089 3480 sed
2132 3419 2303 3499 qnod
2350 3437 2463 3498 per
2496 3417 2859 3480 exercitium
2904 3415 3123 3476 talium
3158 3431 3304 3491 ope-

1737 3531 1900 3584 rum,
1929 3531 2149 3574 verum
2186 3518 2248 3574 et
2276 3512 2447 3574 reale
2496 3516 2907 3591 augmentum
2953 3525 3082 3568 suae
3133 3505 3307 3566 habi-

1738 3605 1924 3665 tualis
1952 3606 2165 3683 gratiae
2193 3611 2538 3666 merentur.

1743 3807 2024 3888 Septima
2061 3809 2223 3871 ratio
2270 3807 2642 3915 principalis
2694 3812 2907 3870 contra
2954 3804 3129 3867 illam
3182 3802 3306 3884 opt·-

2390 3918 2645 3962 monem.

1819 4075 1918 4135 34.
1967 4075 2308 4145 Praeterea,
2370 4077 2477 4134 ex’
2504 4072 2606 4132 illa
2660 4071 2969 4132 sententia
3024 4069 3307 4146 sequitur

1736 4186 1920 4247 posse
1949 4167 2224 4246 aliquem
2257 4166 2486 4228 mereri
2510 4166 2589 4226 de
2622 4164 2934 4241 condigno
2975 4182 3091 4242 per
3112 4180 3305 4239 opera

1737 4261 2185 4338 consequentia
2232 4261 2421 4320 etiam
2449 4260 2717 4337 primam
2750 4257 3011 4333 gratiam
3030 4256 3167 4336 :jam
3199 4255 3305 4314 ob-

1737 4358 2013 4427 tentam3
2044 4353 2191 4430 quia
2219 4353 2273 4414 si
2300 4357 2663 4431 acceptatur
2692 4350 2881 4411 homo
2904 4349 2983 4409 ad
3014 4348 3304 4426 eamdem

1735 4446 1929 4506 vitam
1960 4451 2284 4516 aeternam‚
2317 4445 2397 4506 ad
2446 4461 2635 4523 quam
2657 4443 2791 4521 jam
2840 4447 2973 4502 erat
3012 4446 3305 4519 acceptus

1737 4536 1816 4598 de
1841 4537 2106 4616 justitia,
2138 4541 2393 4617 propter
2420 4541 2643 4598 merita
2689 4534 3159 4612 subsequentia,
3192 4552 3304 4592 cur

1737 4649 1866 4692 non
1909 4631 2099 4692 etiam
2127 4631 2552 4709 acceptabitur
2584 4629 2667 4689 ad
2696 4627 2983 4688 eamdem
3014 4625 3300 4706 gratiam,

1739 4729 1806 4784 ut
1837 4723 1941 4784 illo
1972 4723 2149 4784 titulo
2180 4725 2407 4784 habeat
2434 4741 2575 4784 eam
2600 4739 2789 4801 quam
2832 4720 2965 4781 sine
2990 4719 3166 4782 titulo
3192 4720 3305 4778 ha-

1736 4816 1967 4876 bebat?
1995 4816 2135 4877 Scio
2166 4815 2535 4895 responderi
2565 4831 2750 4894 posse
2783 4813 2971 4873 vitam
3002 4818 3303 4874 aeternam

1737 4909 2021 4970 nondum
2049 4928 2187 4971 esse
2224 4909 2457 4981 datam,
2490 4908 2754 4986 gratiam
2801 4923 2953 4966 vero
2988 4906 3121 4984 jam
3166 4923 3303 4964 esse

1737 5002 2029 5064 collatam
2062 5021 2077 5073 ς
2112 5002 2381 5081 ideoque
2414 5001 2613 5079 magis
2638 5016 2993 5078 repugnare
3031 4999 3303 5076 priorem
3421 5051 3437 5068 ,

1738 5096 2005 5176 gratiam
2061 5095 2195 5156 dari
2244 5094 2493 5165 iterum,
2544 5094 2644 5154 vel
2690 5093 2896 5173 potius
2954 5089 3305 5152 continuari

1738 5194 1996 5268 propter
2023 5207 2256 5249 novum
2284 5187 2555 5256 titulum,
2589 5201 2780 5264 quam
2808 5182 3301 5261 acceptationem

1737 5280 1819 5342 ad
1861 5280 2151 5342 eamdem
2182 5280 2443 5359 gloriam
2474 5279 2699 5338 iterum
2728 5295 2894 5337 novo
2936 5274 3112 5336 titulo
3145 5273 3297 5334 fieri.

1737 5372 1869 5434 Dici
1917 5373 2105 5433 etiam
2154 5377 2359 5451 potest
2397 5370 2663 5450 primam
2698 5368 3132 5430 contritionem
3169 5383 3307 5426 me-

1737 5464 1862 5524 reri
1901 5463 2171 5543 primam
2225 5463 2511 5543 gloriam,
2562 5467 2625 5522 et
2672 5479 2800 5521 non
2851 5459 3119 5537 primam
3169 5477 3304 5536 gra-

1738 5555 1929 5629 tiam;
1966 5562 2029 5618 et
2065 5557 2155 5618 sic
2192 5557 2381 5618 etiam
2410 5560 2585 5615 actus
2620 5553 3077 5631 subsequentes
3122 5569 3307 5636 posse
