3850 6225
541 366 620 426 66

545 476 760 531 contra
785 471 1169 544 Ciceronem,
1201 471 1660 552 praescientiam
1689 472 1794 532 Dei
1835 490 1965 532 non
1992 471 2105 530 im-

545 564 758 643 pedire
807 564 1067 625 liberam
1130 566 1442 626 actionem
1491 565 1873 637 voluntatis;
1914 564 2099 643 quia,

544 658 688 717 licet
723 659 892 718 Deus
935 658 1040 717 illa
1079 658 1466 737 praescientia
1508 657 1718 719 videat
1767 658 2105 719 connexio-

541 767 690 809 nem
729 750 1010 810 omnium
1039 768 1394 822 causarum,
1427 757 1639 812 tamen
1670 750 1733 811 in
1757 750 2105 811 actionibus

543 841 758 902 liberis
783 860 972 903 causa
989 861 1206 903 earum
1223 850 1318 905 est
1331 844 1621 905 voluntas
1651 844 1845 905 libera
1869 890 1884 917 ,
1918 861 2108 922 quam

547 935 696 995 item
725 936 892 995 Deus
921 935 1088 995 videt
1113 940 1174 995 ct
1198 935 1788 997 determinationem
1816 937 1955 1015 ejus
1984 954 1999 1009 3
2046 940 2109 997 et

551 1028 634 1087 ad
655 1028 774 1087 hoc
811 1028 1222 1107 propositum,
1257 1029 1342 1089 ait
1373 1030 1570 1089 Deum
1600 1047 1738 1090 esse
1786 1035 2108 1089 auctorem

549 1120 831 1179 omnium
859 1125 1261 1197 potestatum,
1280 1121 1576 1181 nimirum
1599 1122 1732 1182 sola
1761 1140 1875 1182 sua
1905 1122 2109 1183 effica-

549 1213 642 1271 cia
673 1218 734 1273 et
773 1214 1035 1286 virtute;
1083 1212 1147 1273 in
1175 1214 1294 1274 hoc
1325 1230 1476 1292 ergo
1509 1232 1700 1275 sensu
1729 1214 1939 1275 subdit
1978 1232 2108 1275 non

548 1322 684 1365 csse
716 1310 1036 1365 auctorem
1076 1306 1356 1367 omnium
1397 1307 1810 1381 voluntatum,
1849 1307 2104 1381 scilicet,

549 1399 681 1459 sola
710 1417 824 1459 sua
854 1400 1132 1460 efficacia
1152 1446 1166 1473 ‚
1218 1399 1698 1461 determinando
1740 1401 1878 1461 illas
1917 1420 1997 1461 ex
2043 1400 2106 1459 vi

549 1494 644 1552 sui
680 1492 994 1571 generalis
1029 1510 1402 1564 concursus;
1457 1495 1630 1555 etita
1655 1496 1769 1556 erit
1789 1495 2107 1573 universa-

545 1584 620 1644 lis
663 1585 1025 1663 propositi0‚
1071 1602 1211 1665 quae
1252 1586 1596 1664 explicatur
1635 1588 1698 1648 in
1737 1587 1918 1647 malis
1957 1588 2109 1647 acti-

546 1678 696 1754 buS,
729 1678 875 1757 quia
906 1678 971 1738 in
1009 1678 1100 1739 eis
1139 1678 1346 1739 notior
1391 1686 1506 1753 est,
1556 1700 1683 1742 non
1713 1682 1860 1760 quia
1905 1681 1971 1741 iu
2018 1680 2107 1741 eis

549 1772 696 1831 solis
733 1790 882 1831 vera
921 1771 1040 1844 sit;
1095 1772 1370 1851 alioquin
1411 1790 1636 1834 revera
1669 1792 1796 1835 non
1845 1773 2109 1835 satisfie-

550 1870 647 1924 ret
681 1863 1029 1925 difficultati
1077 1866 1434 1944 propositae.
1471 1868 1545 1927 Et
1579 1867 1826 1942 deinde,
1862 1867 2107 1928 etiamsi

549 1958 908 2018 admittatur
929 1958 1031 2019 illc
1065 1976 1309 2033 sensuS,
1345 1978 1418 2021 ex
1433 1960 1540 2021 illo
1568 1980 1605 2021 a
1633 1960 1869 2021 fortiori
1903 1960 2107 2039 sequi·

547 2056 648 2112 tur
675 2052 876 2111 Deum
898 2050 1216 2113 voluntate
1248 2070 1364 2113 sua
1391 2072 1517 2113 non
1550 2053 2104 2132 praedeterminare

548 2144 880 2205 efficaciter
905 2150 1150 2206 nostras
1177 2146 1532 2207 voluntates
1557 2144 1638 2206 ad
1671 2146 1949 2207 actiones
1976 2164 2105 2205 ma·

546 2236 680 2309 las;
717 2243 779 2298 et
807 2238 952 2299 hinc
994 2238 1255 2299 ulterius
1301 2238 1562 2300 infertur
1611 2257 1738 2298 non
1797 2256 1937 2299 esse
1990 2238 2109 2299 hoc

547 2330 970 2391 necessarium
993 2330 1074 2391 ad
1097 2331 1458 2410 generalem
1489 2349 1862 2393 concursum
1890 2331 2108 2409 primae

549 2440 776 2496 causae,
811 2424 982 2501 quod
1024 2425 1226 2485 solum
1265 2442 1432 2485 nunc
1472 2424 1892 2496 intendimus,
1940 2428 2112 2484 utra-

550 2534 674 2595 que
719 2534 868 2577 vero
899 2516 1089 2578 illatio
1132 2516 1294 2579 facta
1333 2518 1864 2579 demonstrabitur
1898 2517 2027 2577 late
2062 2516 2105 2577 l.

549 2612 612 2683 2,
649 2628 787 2687 cap.
819 2611 857 2669 2
883 2616 948 2671 et
977 2611 1037 2672 6.

632 2704 731 2763 12.
775 2702 928 2765 Alia
951 2702 1286 2787 Auqmtini
1320 2702 2116 2767 testimonia—Confirmat

550 2800 666 2859 hoc
717 2798 970 2878 egregie
1017 2800 1122 2859 illa
1168 2800 1476 2861 sententia
1517 2800 1894 2878 Augustini,
1952 2804 1985 2861 7
2036 2798 2115 2861 de

552 2893 752 2965 Civit.,
786 2910 923 2970 cap.
959 2894 1066 2952 30:
1095 2894 1206 2954 Ita
1237 2894 1402 2955 Deus
1425 2893 1822 2955 administrat
1852 2909 1951 2954 res
1965 2909 2117 2973 quas

553 2983 838 3057 condidit,
865 2990 936 3047 ut
959 3002 1060 3047 eas
1087 2989 1286 3046 motus
1324 3001 1466 3047 euos
1521 3003 1699 3066 aqere
1730 2986 1918 3047 sinat.
1958 2986 2117 3045 Nam

553 3077 700 3138 hinc
726 3082 894 3138 recte
925 3076 1234 3156 colligitur
1250 3076 1332 3138 ad
1349 3096 1612 3139 suavem
1633 3078 1770 3157 ejus
1787 3076 2121 3157 providen-

554 3170 704 3231 tiam
732 3170 1132 3249 pertinuisse,
1181 3171 1386 3232 causis
1415 3169 1914 3232 indifferentibus
1968 3189 2119 3231 con-

557 3281 830 3336 cursum,
875 3263 1060 3323 etiam
1103 3263 1166 3322 in
1197 3270 1338 3325 actu
1385 3265 1587 3343 primo
1631 3264 2113 3338 indifferentem,

555 3359 802 3419 offerre.
831 3358 964 3419 Imo
993 3358 1279 3433 verbum,
1311 3362 1502 3432 sinat,
1549 3359 1671 3419 hoc
1699 3359 1906 3439 ipsum
1936 3376 2117 3438 aper-

556 3451 792 3512 tissime
851 3450 1151 3511 declarat.
1205 3451 1518 3531 Optimum
1574 3452 1724 3512 item
1784 3451 2121 3531 Augustini

563 3545 985 3606 testimonium
1033 3550 1149 3618 est,
1181 3545 1287 3605 lib.
1334 3547 1372 3606 3
1401 3545 1478 3606 de
1533 3545 1664 3606 Lib.
1701 3545 1882 3606 arbit.
1913 3589 1930 3616 ,
1976 3562 2117 3622 cap.

561 3639 675 3698 18:
731 3637 812 3699 Si
865 3637 1228 3699 laboriosam
1262 3641 1351 3698 est
1407 3639 1610 3700 cannia
1656 3639 1949 3700 mandare
2006 3654 2125 3699 me-

560 3730 791 3807 morioe‚
809 3732 914 3792 hoc
941 3729 1356 3792 brevissimum
1379 3735 1510 3794 tene
1524 3757 1547 3792 .·
1589 3731 1981 3812 Quaecumque
2002 3731 2127 3794 ista

563 3841 748 3887 causa
767 3828 858 3886 est
877 3821 1230 3894 voluntatis,
1281 3825 1340 3885 si
1369 3841 1488 3885 non
1526 3827 1727 3904 potest
1773 3823 1828 3886 ei
1873 3823 2121 3896 resisti,

562 3919 693 3979 cine
714 3923 954 3996 peccato
993 3917 1048 3978 ei
1076 3918 1325 3979 ceditur.
1376 3917 1576 3992 Certe,
1610 3918 1658 3978 si
1700 3917 1832 3978 haec
1880 3917 2127 3978 univer-

566 4011 712 4071 salis
741 4009 1051 4070 sententia
1080 4027 1228 4070 vera
1263 4016 1360 4071 est
1387 4055 1402 4085 ,
1465 4016 1527 4072 et
1561 4011 1849 4072 voluntas
1880 4010 1993 4072 Dei
2040 4010 2128 4070 ita

565 4123 682 4168 nos
711 4105 1027 4183 praevenit,
1060 4108 1127 4163 ut
1157 4122 1284 4166 non
1326 4103 1638 4184 possimus
1685 4105 1743 4165 ei
1789 4104 2083 4165 resistere
2106 4149 2122 4178 ,

569 4199 702 4258 siue
744 4203 1024 4276 peccat0,
1049 4205 1236 4274 atque
1267 4198 1426 4258 adeo
1458 4197 1593 4258 sine
1629 4197 1912 4258 libertate
1944 4198 2003 4258 ei
2032 4216 2128 4258 ce·

571 4291 798 4352 dimus,
845 4289 1025 4362 Quod
1073 4290 1228 4351 illud
1291 4293 1479 4353 etiam
1522 4291 1848 4352 confirmat
1886 4292 2047 4353 libro
2089 4291 2129 4353 6

570 4384 797 4445 GeneS.
841 4384 923 4444 ad
951 4383 1163 4458 litter„
1197 4383 1398 4463 capite
1431 4385 1527 4456 15,
1551 4383 1662 4444 ubi
1693 4385 1862 4445 idem
1888 4387 2130 4465 Augus·

569 4479 741 4538 tinus
769 4478 856 4538 ait
883 4477 1266 4538 voluntatem
1303 4478 1414 4538 Dei
1443 4495 1578 4538 esse
1610 4495 1820 4538 rerum
1857 4479 2134 4540 necessi-

573 4576 790 4645 tatem,
835 4569 1090 4645 scilicet,
1123 4575 1427 4649 quantum
1466 4570 1548 4631 ad
1591 4589 1666 4631 ea
1708 4588 1846 4648 quoe
1899 4589 2133 4650 praeve-

575 4664 784 4725 niente
815 4669 878 4724 et
918 4663 1174 4723 omnino
1207 4663 1488 4723 absoluta
1535 4669 1597 4725 et
1629 4663 1864 4724 efficaci
1915 4665 2136 4724 volun-

577 4763 704 4819 tate
729 4757 1020 4837 disponit.
1044 4758 1151 4820 Cui
1182 4763 1486 4819 consonat
1511 4759 1680 4838 quod
1703 4759 1913 4820 scribit
1942 4762 2136 4819 Anas·

581 4852 778 4912 tasiu's
826 4851 984 4926 Sin.,
1025 4851 1168 4911 libr.
1203 4849 1432 4922 Quaest.
1478 4851 1544 4911 in
1591 4852 1845 4929 Script.‚
1895 4857 2047 4912 tom.
2094 4853 2135 4914 6

582 4943 974 5018 Bibliothec.,
1009 4949 1224 5022 quaest.
1259 4945 1378 5006 59:
1411 4941 1496 5009 Si
1521 4961 1660 5026 erqo
1689 4945 1958 5024 (inquit)
1982 4945 2141 5026 quod

577 5039 711 5102 vult
726 5039 910 5113 Deus,
943 5041 1168 5111 servat,
1199 5037 1357 5118 quod
1373 5042 1574 5100 autem
1599 5055 1718 5099 non
1741 5037 1894 5110 vult,
1906 5037 2133 5120 perdit,

579 5151 764 5213 neque
804 5131 910 5212 qui
943 5135 1226 5193 servatur
1251 5130 1484 5212 diynm-
1519 5134 1610 5194 est
1642 5131 1924 5204 mercede,
1954 5148 2137 5212 neque

580 5228 686 5309 qui
701 5224 985 5308 perditur
1011 5223 1318 5306 supplicii.
1348 5222 1584 5286 Similia
1608 5222 1844 5303 profert
1870 5225 2131 5300 Arnob„

587 5321 814 5384 Psalm.
856 5321 968 5380 50:
1021 5317 1234 5398 Neque
1260 5315 1594 5381 libertatem
1622 5317 1868 5381 arbitrii
1893 5317 1953 5379 si
1974 5316 2141 5380 dicce-

581 5417 675 5483 ris
699 5441 722 5476 .·
761 5416 925 5477 Deus
956 5413 1016 5474 ei
1053 5411 1206 5481 vult,
1235 5411 1420 5473 bonus
1472 5429 1654 5484 επακ,-
1709 5411 1768 5473 si
1813 5428 1934 5472 nou
1980 5411 2135 5487 vult,

585 5515 768 5578 bonus
787 5523 906 5570 non
931 5523 1088 5568 sum.
1123 5505 1194 5566 Iu
1214 5505 1378 5566 idem
1405 5503 1568 5566 redit
1611 5503 1782 5583 quod
1815 5504 1902 5566 ait
1940 5503 2140 5566 OEcu-

1296 370 1505 423 OPUSC.
1543 373 1582 429 1.
1615 371 1734 423 ΠΒ.
1771 372 1808 424 1·.
1844 370 1927 422 DE
1960 366 2280 422 CONCURSU
2310 367 2415 421 DEI
2448 366 2573 421 cm!
2604 362 2995 418 VOLUNTATE.

2184 486 2352 532 men.
2412 468 2495 529 ad
2546 466 2815 529 Timoth.
2870 469 2953 527 2:
3005 462 3086 529 Si
3130 464 3297 527 Deus
3344 462 3518 538 vult,
3562 481 3747 545 quare

2184 578 2305 622 non
2357 560 2437 638 fit
2482 562 2641 643 quod
2688 558 2871 622 vult?
2912 564 2976 619 et
3014 555 3391 636 respondet:
3446 556 3592 621 Non
3628 559 3743 632 fit,

2184 655 2331 736 quia
2354 655 2455 717 illi
2486 655 2701 717 nolunt
2719 680 2746 727 ,·
2772 653 2930 716 nihil
2956 650 3113 715 enim
3154 668 3228 715 erc
3260 651 3611 714 necessitate
3650 656 3748 729 fa-

2190 748 2275 812 cit
2320 747 2387 810 in
2427 748 2597 810 nobis
2632 748 2839 821 Deus,-
2868 766 2943 807 ac
2974 746 3025 807 si
3056 745 3223 806 dicat
3255 762 3269 803 :
3316 744 3463 804 Ideo
3494 762 3621 803 non
3652 742 3743 815 fit,

2188 842 2334 919 quia
2365 860 2493 903 non
2522 841 2805 902 absolute
2846 840 2998 915 vult,
3050 838 3161 900 sed
3190 838 3633 909 conditionate,
3688 842 3750 896 et

2188 934 2673 1014 dependentera
2698 940 2910 995 nostro
2944 950 3277 1006 consensu,
3308 949 3391 991 ne
3426 930 3607 991 nobis
3633 948 3751 989 ne-

2188 1028 2544 1090 cessitatem
2572 1029 2875 1107 imponat.

2270 1124 2368 1183 13.
2412 1123 2521 1185 Ezc
2548 1123 2827 1185 doctriua
2866 1118 3201 1204 Auyuetini
3226 1119 3455 1197 effice-‘e
3500 1118 3753 1181 elicitur

2188 1220 2639 1297 arqumentum.
2670 1246 2753 1261 -
2774 1215 3083 1275 Praeterea
3140 1213 3405 1273 sumitur
3440 1211 3753 1291 optimum

2188 1312 2631 1387 argumentum
2674 1324 2751 1367 ex
2778 1306 3105 1385 Augustini
3134 1306 3436 1378 doctrina,
3468 1304 3617 1382 quia
3646 1303 3751 1363 ille

2188 1420 2353 1480 saepe
2386 1401 2681 1480 proponit
2730 1398 3162 1478 quaestionem,
3216 1418 3329 1460 cur
3372 1416 3451 1459 ex
3502 1398 3753 1459 duobus

2185 1511 2361 1571 aeque
2403 1492 2718 1573 dispositis
2764 1492 2827 1552 in
2866 1499 3007 1553 actu
3040 1494 3265 1571 prime,
3296 1498 3359 1553 et
3390 1510 3569 1571 aeque
3600 1492 3755 1551 invi·

2186 1588 2331 1647 tatis
2364 1586 2447 1647 ab
2500 1586 2723 1647 eodem
2752 1585 3021 1664 objecto,
3054 1584 3211 1648 alter
3238 1586 3321 1649 ad
3359 1584 3579 1648 illicite
3610 1603 3757 1664 per-

2184 1680 2509 1759 fruendum
2546 1684 2836 1753 movetur,
2874 1678 3034 1741 alter
3072 1678 3141 1739 in
3182 1677 3490 1741 voluntate
3526 1680 3757 1757 pudica

2190 1773 2436 1836 stabilis
2478 1776 2793 1853 permanet
2815 1796 2842 1845 ;
2884 1789 3024 1850 quoe
3058 1776 3205 1831 sunt
3242 1770 3436 1849 ipsius
3460 1771 3677 1842 verba,
3714 1772 3754 1831 6

2188 1865 2267 1927 de
2292 1864 2495 1938 Civit.,
2526 1884 2579 1924 c.
2606 1866 2717 1937 123
2746 1870 2809 1925 et
2836 1870 3049 1925 tamen
3078 1882 3405 1943 nunquam
3425 1864 3630 1924 reddit
3656 1882 3757 1923 ra-

2186 1960 2421 2021 tionem
2476 1976 2551 2019 ex
2599 1957 2824 2019 divinae
2862 1957 3199 2018 voluntatis
3246 1956 3757 2037 praedetermina-

2189 2054 2379 2127 tione,
2412 2052 2581 2133 quod
2620 2058 2785 2115 esset
2820 2052 3207 2127 facillimum,
3240 2058 3303 2113 et
3344 2052 3600 2112 omnino
3640 2072 3755 2113 nc-

2188 2148 2530 2209 cessarium
2574 2146 2626 2206 si
2662 2165 2883 2207 verum
2922 2152 3134 2220 esset3
3176 2145 3289 2207 sed
3334 2146 3399 2205 in
3447 2146 3641 2225 ipsius
3680 2146 3757 2206 li-

2188 2240 2320 2301 beri
2350 2240 2585 2301 arbitrii
2614 2240 3014 2300 intrinsecam
3054 2238 3415 2299 facultatem
3466 2238 3529 2299 id
3570 2240 3757 2299 redu-

2192 2334 2296 2407 cit,
2328 2339 2391 2395 et
2414 2334 2497 2393 ibi
2526 2332 2703 2393 sistit.
2742 2334 2983 2405 1m0,ut
3010 2333 3073 2391 in
3094 2332 3219 2393 fine
3234 2331 3376 2391 libri
3391 2333 3553 2393 tertii
3582 2331 3761 2393 vide-

2190 2426 2420 2499 bimus,
2454 2444 2583 2487 non
2612 2424 2815 2487 solum
2850 2425 2915 2485 in
2945 2424 3297 2486 actionibus
3325 2425 3671 2486 moralibus
3700 2428 3765 2485 et

2192 2521 2581 2581 naturalibus
2610 2565 2627 2593 ‚
2688 2517 2802 2581 sed
2840 2518 3045 2583 etiam,
3076 2518 3139 2578 in
3176 2519 3763 2597 supernaturalibus

2194 2615 2417 2677 eodem
2448 2614 2637 2675 modo
2676 2614 3002 2694 procedit,
3054 2614 3461 2695 adjungendo
3510 2632 3767 2693 semper

2196 2707 2597 2788 adjuvantem
2642 2709 2909 2788 gratiam
2938 2708 3105 2768 bono
3136 2705 3274 2768 usui
3337 2706 3642 2768 libertatis
3698 2709 3767 2766 in

2198 2820 2274 2863 eo
2326 2801 2566 2874 ordine,
2634 2820 2961 2881 nunquam
3006 2807 3219 2862 tamen
3256 2798 3463 2861 reddit
3510 2818 3773 2861 causam

2198 2914 2277 2957 ex
2310 2896 2631 2958 voluntate
2660 2896 2771 2957 Dei
2800 2896 3059 2976 physice
3085 2894 3703 2975 praedeterminante.

2676 3094 2826 3161 Alia
2864 3113 2938 3162 ecc
2966 3094 3283 3160 Patribus.

2280 3272 2377 3331 14.
2429 3269 2563 3332 Alia
2604 3269 2859 3331 Patrum
2886 3269 3245 3330 testimonia
3288 3267 3352 3328 in
3396 3267 3769 3348 particulari

2198 3363 2493 3438 referam,
2524 3364 2681 3424 libro
2709 3361 2915 3432 tertio,
2953 3363 3159 3442 capite
3186 3361 3431 3423 decimo
3477 3368 3538 3423 et
3580 3362 3775 3422 tertio

2202 3454 2468 3516 decimo.
2494 3455 2652 3516 Addi
2680 3473 2831 3516 vero
2856 3455 2959 3515 hic
2985 3461 3243 3534 possunt
3272 3455 3573 3515 nonnulla
3602 3455 3781 3532 prin-

2206 3547 2365 3627 cipia
2394 3565 2535 3627 quoe
2566 3565 2733 3626 saepe
2762 3548 2975 3607 Patres
3010 3545 3257 3618 docent,
3278 3565 3355 3606 ex
3378 3545 3606 3626 quibus
3638 3547 3781 3604 hrt-c

2207 3639 2437 3700 veritas
2482 3641 2767 3700 sumitur.
2806 3640 3083 3700 Primum
3114 3645 3208 3700 est
3250 3639 3405 3700 illud
3445 3657 3633 3718 supra
3664 3657 3785 3716 po-

2210 3733 2397 3794 situm
2422 3779 2437 3806 ,
2496 3735 2666 3812 quod
2720 3733 3063 3795 necessitas
3104 3733 3483 3794 antecedens
3524 3737 3622 3792 est
3666 3751 3787 3791 nc-

2208 3827 2464 3887 cessitas
2504 3827 2896 3907 simpliciter,
2952 3833 3013 3888 et
3054 3844 3417 3904 repugnans
3468 3825 3779 3886 libertati.

2208 3919 2407 3992 Quod,
2440 3927 2669 3998 praeter
2706 3920 3073 3981 Anselmum
3098 3923 3161 3979 et
3198 3918 3267 3977 D.
3300 3919 3631 3990 Thomam,
3676 3937 3787 3977 su-

2207 4031 2322 4092 pra
2364 4013 2606 4086 citatos,
2646 4012 3131 4073 fundamentum
3158 4009 3353 4071 habet
3383 4011 3447 4070 in
3474 4011 3787 4090 Augusti-

2206 4123 2313 4180 n0,
2344 4105 2502 4167 libro
2532 4108 2569 4166 5
2604 4105 2682 4166 de
2712 4105 2967 4167 Civitate
3004 4105 3139 4177 Dei,
3163 4103 3365 4182 capite
3394 4105 3435 4166 9
3466 4111 3528 4164 et
3558 4105 3681 4174 10;
3720 4111 3787 4164 ct

2210 4216 2288 4260 ex
2339 4199 2586 4271 eodem,
2642 4199 2705 4259 in
2738 4198 2877 4259 libr.
2926 4197 3004 4260 de
3036 4196 3588 4258 PraedestInatione
3635 4199 3785 4270 Dei,

2208 4291 2476 4355 refertur
2499 4309 2537 4352 a
2572 4291 2866 4354 Gratiano
2891 4293 2993 4366 23,
3026 4295 3245 4369 quaest.
3274 4291 3337 4364 4,
3366 4289 3405 4368 ξ
3432 4287 3581 4354 Non
3612 4307 3785 4370 cryc,

2209 4391 2351 4465 post
2390 4403 2529 4466 cap.
2578 4383 2753 4451 Varie
2779 4383 2928 4457 iroe,·
2952 4389 3014 4444 et
3044 4381 3197 4443 illud
3228 4381 3625 4461 amplectitur
3656 4383 3795 4442 Bo-

2211 4495 2384 4550 nav„
2418 4478 2481 4538 in
2512 4481 2571 4550 1,
2604 4476 2745 4537 dist.
2778 4479 2880 4551 40,
2900 4477 3075 4537 artic.
3098 4478 3160 4549 2,
3185 4480 3406 4553 quoest.
3440 4478 3500 4546 1,
3528 4481 3597 4535 ut
3622 4474 3795 4535 alios

2216 4570 2629 4633 Scholasticos
2682 4571 2984 4641 omittam,
3034 4586 3193 4649 quos
3242 4587 3379 4647 cap.
3430 4585 3563 4645 seq.
3610 4567 3795 4628 refe-

2214 4681 2372 4724 ram.
2406 4665 2497 4723 Ex
2524 4664 2645 4724 hoc
2676 4679 2827 4743 ergo
2874 4661 3178 4742 principio
3216 4665 3430 4740 aperte
3470 4659 3799 4720 refellitur

2216 4757 2417 4816 omnis
2442 4754 3009 4835 praedeterminatio
3038 4755 3319 4834 physica,
3350 4771 3489 4832 quas
3518 4752 3653 4814 sola
3694 4753 3803 4812 ef-

2213 4846 2519 4910 ficacitate
2542 4849 2889 4910 extrinseca
2915 4847 3059 4920 fiat3
3088 4867 3235 4922 nam
3256 4846 3359 4907 illa
3379 4848 3565 4927 plane
3592 4845 3691 4906 inf
3690 4853 3799 4906 ert

2214 4942 2653 5004 necessitatem
2696 4941 3196 5015 antecedentem,
3226 4945 3295 5000 ut
3318 4957 3398 5001 ex
3440 4939 3803 5019 superiori-

2216 5035 2333 5098 bus
2368 5041 2556 5114 patet.

2300 5131 2398 5191 15.
2446 5111 2801 5192 Sec⁸undum
2830 5127 3204 5210 principium
3242 5133 3339 5188 est
3368 5125 3435 5186 in
3469 5127 3797 5205 superiori

2218 5223 2571 5297 fundatum,
2602 5223 2773 5303 quod
2788 5221 3178 5302 praescientia
3207 5221 3319 5282 Dei
3347 5219 3489 5280 ideo
3510 5238 3643 5280 non
3672 5221 3807 5280 tol-

2218 5318 2287 5378 lit
2320 5317 2693 5390 libertatern,
2736 5317 2881 5395 quia
2936 5333 3065 5376 non
3096 5321 3190 5376 est
3229 5311 3573 5393 suppositio
3606 5318 3809 5374 ante-

2218 5411 2471 5484 cedens,
2508 5410 2623 5471 sed
2668 5427 3082 5488 consequens,
3114 5407 3461 5470 secundum
3492 5405 3805 5468 ordinem

2218 5504 2475 5567 rationis
2501 5504 2563 5564 in
2590 5521 2757 5564 nunc
2784 5503 3179 5573 aeternitatis;
3212 5501 3384 5580 quod
3408 5497 3549 5562 aliis
3574 5501 3807 5562 verbis
