<?xml version="1.0" encoding="UTF-8"?>
<!DOCTYPE html PUBLIC "-//W3C//DTD XHTML 1.0 Transitional//EN"
    "http://www.w3.org/TR/xhtml1/DTD/xhtml1-transitional.dtd">
<html xmlns="http://www.w3.org/1999/xhtml" xml:lang="en" lang="en">
 <head>
  <title>
</title>
<meta http-equiv="Content-Type" content="text/html;charset=utf-8" />
  <meta name='ocr-system' content='tesseract 3.04.00' />
  <meta name='ocr-capabilities' content='ocr_page ocr_carea ocr_par ocr_line ocrx_word'/>
</head>
<body>
  <div class='ocr_page' id='page_1' title='image "./rpfranciscisuar01duvagoog_0360.png"; bbox 0 0 3850 6225; ppageno 0'>
   <div class='ocr_carea' id='block_1_1' title="bbox 410 378 531 442">
    <p class='ocr_par' dir='ltr' id='par_1_1' title="bbox 410 378 531 442">
     <span class='ocr_line' id='line_1_1' title="bbox 410 378 531 442; baseline -0.017 0"><span class='ocrx_word' id='word_1_1' title='bbox 410 378 531 442; x_wconf 67' lang='lat'><strong>346</strong></span> 
     </span>
    </p>
   </div>
   <div class='ocr_carea' id='block_1_2' title="bbox 389 484 1981 5611">
    <p class='ocr_par' dir='ltr' id='par_1_2' title="bbox 389 484 1981 5611">
     <span class='ocr_line' id='line_1_2' title="bbox 408 484 1975 569; baseline -0.001 -22"><span class='ocrx_word' id='word_1_2' title='bbox 408 492 511 547; x_wconf 89' lang='lat' dir='ltr'><strong>tur</strong></span> <span class='ocrx_word' id='word_1_3' title='bbox 549 484 852 564; x_wconf 86' lang='lat' dir='ltr'><strong>particula</strong></span> <span class='ocrx_word' id='word_1_4' title='bbox 889 492 1047 565; x_wconf 76' lang='lat' dir='ltr'><strong>sorte</strong></span> <span class='ocrx_word' id='word_1_5' title='bbox 1094 487 1191 549; x_wconf 81' lang='lat' dir='ltr'><strong>vel</strong></span> <span class='ocrx_word' id='word_1_6' title='bbox 1228 492 1493 569; x_wconf 61' lang='lat' dir='ltr'><strong>sertas-30</strong></span> <span class='ocrx_word' id='word_1_7' title='bbox 1516 532 1532 559; x_wconf 90' lang='lat'>‚</span> <span class='ocrx_word' id='word_1_8' title='bbox 1592 491 1659 547; x_wconf 91' lang='lat' dir='ltr'><strong>ut</strong></span> <span class='ocrx_word' id='word_1_9' title='bbox 1714 486 1975 547; x_wconf 89' lang='lat' dir='ltr'><strong>denote-</strong></span> 
     </span>
     <span class='ocr_line' id='line_1_3' title="bbox 408 579 1971 662; baseline -0.001 -21"><span class='ocrx_word' id='word_1_10' title='bbox 408 586 511 641; x_wconf 85' lang='lat' dir='ltr'><strong>tur</strong></span> <span class='ocrx_word' id='word_1_11' title='bbox 574 579 949 641; x_wconf 78' lang='lat' dir='ltr'><strong>incertitudo</strong></span> <span class='ocrx_word' id='word_1_12' title='bbox 1018 580 1386 660; x_wconf 83' lang='lat' dir='ltr'><strong>Prophetiae.</strong></span> <span class='ocrx_word' id='word_1_13' title='bbox 1460 581 1776 662; x_wconf 29' lang='lat' dir='ltr'><strong>Posterior·</strong></span> <span class='ocrx_word' id='word_1_14' title='bbox 1837 584 1932 641; x_wconf 89' lang='lat' dir='ltr'><strong>est</strong></span> <span class='ocrx_word' id='word_1_15' title='bbox 1954 623 1971 653; x_wconf 92' lang='lat'><strong>,</strong></span> 
     </span>
     <span class='ocr_line' id='line_1_4' title="bbox 408 674 1976 753; baseline 0.001 -20"><span class='ocrx_word' id='word_1_16' title='bbox 408 674 557 753; x_wconf 82' lang='lat' dir='ltr'><strong>quia</strong></span> <span class='ocrx_word' id='word_1_17' title='bbox 604 674 1057 752; x_wconf 85' lang='lat' dir='ltr'><strong>in’Prophetiis</strong></span> <span class='ocrx_word' id='word_1_18' title='bbox 1106 674 1597 736; x_wconf 82' lang='lat' dir='ltr'><strong>comminatoriis</strong></span> <span class='ocrx_word' id='word_1_19' title='bbox 1656 692 1772 735; x_wconf 89' lang='lat' dir='ltr'><strong>seu</strong></span> <span class='ocrx_word' id='word_1_20' title='bbox 1828 691 1976 753; x_wconf 86' lang='lat' dir='ltr'><strong>pro-</strong></span> 
     </span>
     <span class='ocr_line' id='line_1_5' title="bbox 408 767 1974 847; baseline 0.001 -20"><span class='ocrx_word' id='word_1_21' title='bbox 408 767 709 828; x_wconf 84' lang='lat' dir='ltr'><strong>missoriis</strong></span> <span class='ocrx_word' id='word_1_22' title='bbox 762 784 929 847; x_wconf 79' lang='lat' dir='ltr'><strong>soepe</strong></span> <span class='ocrx_word' id='word_1_23' title='bbox 990 785 1251 829; x_wconf 88' lang='lat' dir='ltr'><strong>necesse</strong></span> <span class='ocrx_word' id='word_1_24' title='bbox 1308 774 1403 829; x_wconf 88' lang='lat' dir='ltr'><strong>est</strong></span> <span class='ocrx_word' id='word_1_25' title='bbox 1462 768 1547 828; x_wconf 88' lang='lat' dir='ltr'><strong>uti</strong></span> <span class='ocrx_word' id='word_1_26' title='bbox 1598 768 1718 829; x_wconf 88' lang='lat' dir='ltr'><strong>hac</strong></span> <span class='ocrx_word' id='word_1_27' title='bbox 1784 786 1974 847; x_wconf 80' lang='lat' dir='ltr'><strong>expo·</strong></span> 
     </span>
     <span class='ocr_line' id='line_1_6' title="bbox 410 860 1978 941; baseline 0 -20"><span class='ocrx_word' id='word_1_28' title='bbox 410 861 655 933; x_wconf 87' lang='lat' dir='ltr'><strong>sitione,</strong></span> <span class='ocrx_word' id='word_1_29' title='bbox 716 865 778 921; x_wconf 85' lang='lat' dir='ltr'><strong>et</strong></span> <span class='ocrx_word' id='word_1_30' title='bbox 828 860 1297 941; x_wconf 77' lang='lat' dir='ltr'><strong>subintelligere</strong></span> <span class='ocrx_word' id='word_1_31' title='bbox 1358 861 1802 934; x_wconf 88' lang='lat' dir='ltr'><strong>conditionem,</strong></span> <span class='ocrx_word' id='word_1_32' title='bbox 1858 861 1978 922; x_wconf 90' lang='lat' dir='ltr'><strong>sci-</strong></span> 
     </span>
     <span class='ocr_line' id='line_1_7' title="bbox 407 953 1980 1040; baseline 0.001 -26"><span class='ocrx_word' id='word_1_33' title='bbox 407 953 553 1015; x_wconf 86' lang='lat' dir='ltr'><strong>licet</strong></span> <span class='ocrx_word' id='word_1_34' title='bbox 588 972 603 1013; x_wconf 89' lang='lat'>:</span> <span class='ocrx_word' id='word_1_35' title='bbox 642 954 705 1015; x_wconf 90' lang='lat' dir='ltr'><strong>Si</strong></span> <span class='ocrx_word' id='word_1_36' title='bbox 748 970 954 1014; x_wconf 83' lang='lat' dir='ltr'><strong>causae</strong></span> <span class='ocrx_word' id='word_1_37' title='bbox 1010 972 1141 1015; x_wconf 90' lang='lat' dir='ltr'><strong>non</strong></span> <span class='ocrx_word' id='word_1_38' title='bbox 1188 960 1545 1027; x_wconf 72' lang='lat' dir='ltr'><strong>mutentur-3</strong></span> <span class='ocrx_word' id='word_1_39' title='bbox 1601 972 1755 1040; x_wconf 85' lang='lat' dir='ltr'><strong>ergo</strong></span> <span class='ocrx_word' id='word_1_40' title='bbox 1788 954 1980 1015; x_wconf 86' lang='lat' dir='ltr'><strong>etiam</strong></span> 
     </span>
     <span class='ocr_line' id='line_1_8' title="bbox 408 1046 1978 1127; baseline 0.001 -20"><span class='ocrx_word' id='word_1_41' title='bbox 408 1046 473 1107; x_wconf 91' lang='lat' dir='ltr'><strong>in</strong></span> <span class='ocrx_word' id='word_1_42' title='bbox 528 1049 819 1127; x_wconf 61' lang='lat' dir='ltr'><strong>praesenti</strong></span> <span class='ocrx_word' id='word_1_43' title='bbox 872 1048 935 1107; x_wconf 91' lang='lat' dir='ltr'><strong>id</strong></span> <span class='ocrx_word' id='word_1_44' title='bbox 986 1046 1121 1109; x_wconf 90' lang='lat' dir='ltr'><strong>fieri</strong></span> <span class='ocrx_word' id='word_1_45' title='bbox 1180 1052 1405 1125; x_wconf 89' lang='lat' dir='ltr'><strong>potest.</strong></span> <span class='ocrx_word' id='word_1_46' title='bbox 1476 1050 1623 1109; x_wconf 84' lang='lat' dir='ltr'><strong>Haec</strong></span> <span class='ocrx_word' id='word_1_47' title='bbox 1673 1048 1978 1127; x_wconf 80' lang='lat' dir='ltr'><strong>expositio</strong></span> 
     </span>
     <span class='ocr_line' id='line_1_9' title="bbox 408 1140 1981 1215; baseline 0 -14"><span class='ocrx_word' id='word_1_48' title='bbox 408 1142 585 1201; x_wconf 90' lang='lat' dir='ltr'><strong>nulla</strong></span> <span class='ocrx_word' id='word_1_49' title='bbox 640 1142 883 1203; x_wconf 88' lang='lat' dir='ltr'><strong>ratione</strong></span> <span class='ocrx_word' id='word_1_50' title='bbox 942 1140 1325 1202; x_wconf 78' lang='lat' dir='ltr'><strong>admittenda</strong></span> <span class='ocrx_word' id='word_1_51' title='bbox 1380 1149 1512 1215; x_wconf 83' lang='lat' dir='ltr'><strong>est3</strong></span> <span class='ocrx_word' id='word_1_52' title='bbox 1568 1160 1741 1215; x_wconf 87' lang='lat' dir='ltr'><strong>nam,</strong></span> <span class='ocrx_word' id='word_1_53' title='bbox 1800 1146 1869 1202; x_wconf 87' lang='lat' dir='ltr'><strong>ut</strong></span> <span class='ocrx_word' id='word_1_54' title='bbox 1914 1142 1981 1201; x_wconf 89' lang='lat' dir='ltr'><strong>in</strong></span> 
     </span>
     <span class='ocr_line' id='line_1_10' title="bbox 409 1233 1978 1315; baseline 0.001 -22"><span class='ocrx_word' id='word_1_55' title='bbox 409 1233 595 1295; x_wconf 89' lang='lat' dir='ltr'><strong>simili</strong></span> <span class='ocrx_word' id='word_1_56' title='bbox 640 1235 877 1295; x_wconf 82' lang='lat' dir='ltr'><strong>notavit</strong></span> <span class='ocrx_word' id='word_1_57' title='bbox 916 1234 1297 1315; x_wconf 80' lang='lat' dir='ltr'><strong>Augustinus</strong></span> <span class='ocrx_word' id='word_1_58' title='bbox 1328 1240 1492 1299; x_wconf 86' lang='lat' dir='ltr'><strong>cont.</strong></span> <span class='ocrx_word' id='word_1_59' title='bbox 1534 1237 1719 1307; x_wconf 91' lang='lat' dir='ltr'><strong>Don.,</strong></span> <span class='ocrx_word' id='word_1_60' title='bbox 1758 1235 1865 1295; x_wconf 91' lang='lat' dir='ltr'><strong>lib.</strong></span> <span class='ocrx_word' id='word_1_61' title='bbox 1898 1235 1978 1295; x_wconf 90' lang='lat' dir='ltr'><strong>de</strong></span> 
     </span>
     <span class='ocr_line' id='line_1_11' title="bbox 407 1328 1978 1408; baseline 0.003 -21"><span class='ocrx_word' id='word_1_62' title='bbox 407 1328 645 1389; x_wconf 82' lang='lat' dir='ltr'><strong>unitate</strong></span> <span class='ocrx_word' id='word_1_63' title='bbox 673 1329 866 1405; x_wconf 89' lang='lat' dir='ltr'><strong>Eccl.‚</strong></span> <span class='ocrx_word' id='word_1_64' title='bbox 902 1348 955 1390; x_wconf 90' lang='lat' dir='ltr'><strong>c.</strong></span> <span class='ocrx_word' id='word_1_65' title='bbox 998 1333 1059 1403; x_wconf 87' lang='grc'><strong>9,</strong></span> <span class='ocrx_word' id='word_1_66' title='bbox 1102 1328 1371 1390; x_wconf 89' lang='lat' dir='ltr'><strong>multum</strong></span> <span class='ocrx_word' id='word_1_67' title='bbox 1418 1328 1681 1408; x_wconf 79' lang='lat' dir='ltr'><strong>derogat</strong></span> <span class='ocrx_word' id='word_1_68' title='bbox 1732 1329 1978 1391; x_wconf 81' lang='lat' dir='ltr'><strong>veritati</strong></span> 
     </span>
     <span class='ocr_line' id='line_1_12' title="bbox 408 1422 1976 1501; baseline 0 -18"><span class='ocrx_word' id='word_1_69' title='bbox 408 1422 741 1501; x_wconf 80' lang='lat' dir='ltr'><strong>Scripturae</strong></span> <span class='ocrx_word' id='word_1_70' title='bbox 775 1428 837 1483; x_wconf 89' lang='lat' dir='ltr'><strong>et</strong></span> <span class='ocrx_word' id='word_1_71' title='bbox 868 1422 1222 1483; x_wconf 85' lang='lat' dir='ltr'><strong>certitudini</strong></span> <span class='ocrx_word' id='word_1_72' title='bbox 1248 1423 1599 1501; x_wconf 81' lang='lat' dir='ltr'><strong>Prophetiae</strong></span> <span class='ocrx_word' id='word_1_73' title='bbox 1628 1424 1757 1485; x_wconf 85' lang='lat' dir='ltr'><strong>hoec</strong></span> <span class='ocrx_word' id='word_1_74' title='bbox 1785 1423 1976 1483; x_wconf 88' lang='lat' dir='ltr'><strong>licen-</strong></span> 
     </span>
     <span class='ocr_line' id='line_1_13' title="bbox 410 1514 1976 1595; baseline 0.001 -20"><span class='ocrx_word' id='word_1_75' title='bbox 410 1514 491 1575; x_wconf 89' lang='lat' dir='ltr'><strong>tia</strong></span> <span class='ocrx_word' id='word_1_76' title='bbox 518 1515 967 1595; x_wconf 87' lang='lat' dir='ltr'><strong>interpretandi</strong></span> <span class='ocrx_word' id='word_1_77' title='bbox 990 1517 1397 1595; x_wconf 87' lang='lat' dir='ltr'><strong>Scripturam,</strong></span> <span class='ocrx_word' id='word_1_78' title='bbox 1428 1516 1720 1577; x_wconf 88' lang='lat' dir='ltr'><strong>addendo</strong></span> <span class='ocrx_word' id='word_1_79' title='bbox 1743 1516 1830 1578; x_wconf 90' lang='lat' dir='ltr'><strong>illi</strong></span> <span class='ocrx_word' id='word_1_80' title='bbox 1860 1516 1976 1577; x_wconf 90' lang='lat' dir='ltr'><strong>ali-</strong></span> 
     </span>
     <span class='ocr_line' id='line_1_14' title="bbox 406 1608 1974 1691; baseline 0.003 -24"><span class='ocrx_word' id='word_1_81' title='bbox 406 1608 580 1689; x_wconf 91' lang='lat' dir='ltr'><strong>quid,</strong></span> <span class='ocrx_word' id='word_1_82' title='bbox 608 1609 709 1669; x_wconf 88' lang='lat' dir='ltr'><strong>vel</strong></span> <span class='ocrx_word' id='word_1_83' title='bbox 746 1609 1298 1691; x_wconf 85' lang='lat' dir='ltr'><strong>subintelligendo,</strong></span> <span class='ocrx_word' id='word_1_84' title='bbox 1324 1628 1437 1689; x_wconf 89' lang='lat' dir='ltr'><strong>pro</strong></span> <span class='ocrx_word' id='word_1_85' title='bbox 1478 1610 1974 1690; x_wconf 86' lang='lat' dir='ltr'><strong>uniuscujusque</strong></span> 
     </span>
     <span class='ocr_line' id='line_1_15' title="bbox 406 1702 1972 1782; baseline 0 -19"><span class='ocrx_word' id='word_1_86' title='bbox 406 1702 683 1763; x_wconf 89' lang='lat' dir='ltr'><strong>arbitrio.</strong></span> <span class='ocrx_word' id='word_1_87' title='bbox 722 1703 1073 1764; x_wconf 59' lang='lat' dir='ltr'><strong>Praesertim</strong></span> <span class='ocrx_word' id='word_1_88' title='bbox 1116 1704 1267 1782; x_wconf 83' lang='lat' dir='ltr'><strong>quia</strong></span> <span class='ocrx_word' id='word_1_89' title='bbox 1314 1704 1499 1777; x_wconf 89' lang='lat' dir='ltr'><strong>Deus,</strong></span> <span class='ocrx_word' id='word_1_90' title='bbox 1552 1703 1617 1762; x_wconf 90' lang='lat' dir='ltr'><strong>in</strong></span> <span class='ocrx_word' id='word_1_91' title='bbox 1660 1702 1972 1781; x_wconf 58' lang='lat' dir='ltr'><strong>praedictis</strong></span> 
     </span>
     <span class='ocr_line' id='line_1_16' title="bbox 404 1796 1974 1869; baseline -0.001 -12"><span class='ocrx_word' id='word_1_92' title='bbox 404 1797 580 1869; x_wconf 63' lang='lat' dir='ltr'><strong>locist,</strong></span> <span class='ocrx_word' id='word_1_93' title='bbox 610 1813 736 1856; x_wconf 90' lang='lat' dir='ltr'><strong>non</strong></span> <span class='ocrx_word' id='word_1_94' title='bbox 766 1796 913 1857; x_wconf 87' lang='lat' dir='ltr'><strong>dicit</strong></span> <span class='ocrx_word' id='word_1_95' title='bbox 944 1815 957 1855; x_wconf 92' lang='lat'><strong>:</strong></span> <span class='ocrx_word' id='word_1_96' title='bbox 986 1796 1333 1857; x_wconf 83' lang='lat' dir='ltr'><strong>Verisimile</strong></span> <span class='ocrx_word' id='word_1_97' title='bbox 1362 1803 1457 1857; x_wconf 89' lang='lat' dir='ltr'><strong>est</strong></span> <span class='ocrx_word' id='word_1_98' title='bbox 1486 1797 1604 1857; x_wconf 90' lang='lat' dir='ltr'><strong>hoc</strong></span> <span class='ocrx_word' id='word_1_99' title='bbox 1635 1814 1775 1857; x_wconf 87' lang='lat' dir='ltr'><strong>esse</strong></span> <span class='ocrx_word' id='word_1_100' title='bbox 1806 1796 1974 1856; x_wconf 78' lang='lat' dir='ltr'><strong>futu-</strong></span> 
     </span>
     <span class='ocr_line' id='line_1_17' title="bbox 404 1889 1975 1969; baseline -0.001 -18"><span class='ocrx_word' id='word_1_101' title='bbox 404 1907 583 1963; x_wconf 88' lang='lat' dir='ltr'><strong>rum;</strong></span> <span class='ocrx_word' id='word_1_102' title='bbox 622 1890 734 1950; x_wconf 87' lang='lat' dir='ltr'><strong>sed</strong></span> <span class='ocrx_word' id='word_1_103' title='bbox 778 1889 1137 1969; x_wconf 86' lang='lat' dir='ltr'><strong>simpliciter</strong></span> <span class='ocrx_word' id='word_1_104' title='bbox 1168 1908 1181 1949; x_wconf 79' lang='grc' dir='ltr'><strong><em>ε</em></strong></span> <span class='ocrx_word' id='word_1_105' title='bbox 1215 1890 1345 1951; x_wconf 89' lang='lat' dir='ltr'><strong>Hoc</strong></span> <span class='ocrx_word' id='word_1_106' title='bbox 1394 1890 1533 1961; x_wconf 88' lang='lat' dir='ltr'><strong>erit;</strong></span> <span class='ocrx_word' id='word_1_107' title='bbox 1576 1894 1668 1962; x_wconf 86' lang='lat' dir='ltr'><strong>ut,</strong></span> <span class='ocrx_word' id='word_1_108' title='bbox 1700 1889 1763 1948; x_wconf 92' lang='lat' dir='ltr'><strong>in</strong></span> <span class='ocrx_word' id='word_1_109' title='bbox 1801 1889 1975 1950; x_wconf 85' lang='lat' dir='ltr'><strong>testi-</strong></span> 
     </span>
     <span class='ocr_line' id='line_1_18' title="bbox 404 1982 1974 2063; baseline 0.001 -20"><span class='ocrx_word' id='word_1_110' title='bbox 404 1982 617 2044; x_wconf 88' lang='lat' dir='ltr'><strong>monio</strong></span> <span class='ocrx_word' id='word_1_111' title='bbox 663 1982 865 2061; x_wconf 89' lang='lat' dir='ltr'><strong>primo</strong></span> <span class='ocrx_word' id='word_1_112' title='bbox 909 1984 1117 2054; x_wconf 69' lang='grc' dir='ltr'><strong>13113ῐο,</strong></span> <span class='ocrx_word' id='word_1_113' title='bbox 1166 1990 1293 2044; x_wconf 82' lang='lat' dir='ltr'><strong>tam</strong></span> <span class='ocrx_word' id='word_1_114' title='bbox 1338 1984 1621 2045; x_wconf 87' lang='lat' dir='ltr'><strong>absolute</strong></span> <span class='ocrx_word' id='word_1_115' title='bbox 1650 1983 1974 2063; x_wconf 86' lang='lat' dir='ltr'><strong>respondit</strong></span> 
     </span>
     <span class='ocr_line' id='line_1_19' title="bbox 403 2070 1970 2155; baseline -0.001 -18"><span class='ocrx_word' id='word_1_116' title='bbox 403 2077 592 2147; x_wconf 82' lang='lat' dir='ltr'><strong>Deus,</strong></span> <span class='ocrx_word' id='word_1_117' title='bbox 630 2076 789 2137; x_wconf 86' lang='lat' dir='ltr'><strong>sicut</strong></span> <span class='ocrx_word' id='word_1_118' title='bbox 830 2075 1028 2137; x_wconf 83' lang='lat' dir='ltr'><strong>David</strong></span> <span class='ocrx_word' id='word_1_119' title='bbox 1072 2070 1863 2155; x_wconf 76' lang='lat' dir='ltr'><strong>interrogavit.&#39;Secund0,</strong></span> <span class='ocrx_word' id='word_1_120' title='bbox 1906 2077 1970 2136; x_wconf 88' lang='lat' dir='ltr'><strong>in</strong></span> 
     </span>
     <span class='ocr_line' id='line_1_20' title="bbox 402 2168 1971 2247; baseline 0 -16"><span class='ocrx_word' id='word_1_121' title='bbox 402 2170 539 2231; x_wconf 86' lang='lat' dir='ltr'><strong>aliis</strong></span> <span class='ocrx_word' id='word_1_122' title='bbox 584 2169 739 2231; x_wconf 89' lang='lat' dir='ltr'><strong>locis</strong></span> <span class='ocrx_word' id='word_1_123' title='bbox 784 2168 1031 2231; x_wconf 82' lang='lat' dir='ltr'><strong>additur</strong></span> <span class='ocrx_word' id='word_1_124' title='bbox 1080 2170 1267 2231; x_wconf 87' lang='lat' dir='ltr'><strong>etiam</strong></span> <span class='ocrx_word' id='word_1_125' title='bbox 1315 2170 1621 2247; x_wconf 87' lang='lat' dir='ltr'><strong>particula</strong></span> <span class='ocrx_word' id='word_1_126' title='bbox 1660 2170 1971 2231; x_wconf 85' lang='lat' dir='ltr'><strong>denotans</strong></span> 
     </span>
     <span class='ocr_line' id='line_1_21' title="bbox 402 2264 1970 2355; baseline -0.001 -30"><span class='ocrx_word' id='word_1_127' title='bbox 402 2264 858 2337; x_wconf 86' lang='lat' dir='ltr'><strong>certitudinem,</strong></span> <span class='ocrx_word' id='word_1_128' title='bbox 892 2282 1231 2355; x_wconf 46' lang='lat' dir='ltr'><strong>per0quam</strong></span> <span class='ocrx_word' id='word_1_129' title='bbox 1268 2264 1659 2343; x_wconf 77' lang='lat' dir='ltr'><strong>explicantur</strong></span> <span class='ocrx_word' id='word_1_130' title='bbox 1686 2264 1807 2325; x_wconf 88' lang='lat' dir='ltr'><strong>alia</strong></span> <span class='ocrx_word' id='word_1_131' title='bbox 1844 2270 1970 2324; x_wconf 83' lang='lat' dir='ltr'><strong>tes-</strong></span> 
     </span>
     <span class='ocr_line' id='line_1_22' title="bbox 402 2357 1970 2430; baseline 0.001 -11"><span class='ocrx_word' id='word_1_132' title='bbox 402 2357 683 2419; x_wconf 85' lang='lat' dir='ltr'><strong>timonia.</strong></span> <span class='ocrx_word' id='word_1_133' title='bbox 731 2360 923 2419; x_wconf 83' lang='lat' dir='ltr'><strong>Exod.</strong></span> <span class='ocrx_word' id='word_1_134' title='bbox 958 2360 1123 2419; x_wconf 90' lang='lat' dir='ltr'><strong>enim</strong></span> <span class='ocrx_word' id='word_1_135' title='bbox 1154 2360 1253 2430; x_wconf 68' lang='lat'><strong>34,</strong></span> <span class='ocrx_word' id='word_1_136' title='bbox 1280 2358 1515 2418; x_wconf 87' lang='lat' dir='ltr'><strong>dictum</strong></span> <span class='ocrx_word' id='word_1_137' title='bbox 1546 2358 1751 2419; x_wconf 78' lang='lat' dir='ltr'><strong>fuerat</strong></span> <span class='ocrx_word' id='word_1_138' title='bbox 1780 2376 1793 2417; x_wconf 81' lang='lat' dir='ltr'><em>z</em></span> <span class='ocrx_word' id='word_1_139' title='bbox 1832 2359 1970 2421; x_wconf 79' lang='lat' dir='ltr'><strong>Nec</strong></span> 
     </span>
     <span class='ocr_line' id='line_1_23' title="bbox 398 2452 1968 2532; baseline 0 -21"><span class='ocrx_word' id='word_1_140' title='bbox 398 2468 646 2513; x_wconf 68' lang='lat' dir='ltr'><strong>uxorem</strong></span> <span class='ocrx_word' id='word_1_141' title='bbox 666 2452 735 2513; x_wconf 76' lang='lat' dir='ltr'><strong>de</strong></span> <span class='ocrx_word' id='word_1_142' title='bbox 752 2452 997 2532; x_wconf 72' lang='lat' dir='ltr'><strong>filiabus</strong></span> <span class='ocrx_word' id='word_1_143' title='bbox 1018 2469 1217 2513; x_wconf 73' lang='lat' dir='ltr'><strong>eorum</strong></span> <span class='ocrx_word' id='word_1_144' title='bbox 1248 2452 1531 2529; x_wconf 72' lang='lat' dir='ltr'><strong>accipies,</strong></span> <span class='ocrx_word' id='word_1_145' title='bbox 1556 2470 1627 2513; x_wconf 66' lang='lat' dir='ltr'><strong>ne</strong></span> <span class='ocrx_word' id='word_1_146' title='bbox 1646 2454 1968 2532; x_wconf 72' lang='lat' dir='ltr'><strong>postquam</strong></span> 
     </span>
     <span class='ocr_line' id='line_1_24' title="bbox 396 2542 1964 2622; baseline -0.001 -18"><span class='ocrx_word' id='word_1_147' title='bbox 396 2544 511 2605; x_wconf 77' lang='lat' dir='ltr'><strong>illa</strong></span> <span class='ocrx_word' id='word_1_148' title='bbox 522 2546 712 2619; x_wconf 72' lang='lat' dir='ltr'><strong>fuerit</strong></span> <span class='ocrx_word' id='word_1_149' title='bbox 731 2546 1058 2622; x_wconf 64' lang='lat' dir='ltr'><strong>maican,</strong></span> <span class='ocrx_word' id='word_1_150' title='bbox 1082 2544 1381 2619; x_wconf 58' lang='lat' dir='ltr'><strong>fornicari</strong></span> <span class='ocrx_word' id='word_1_151' title='bbox 1405 2542 1593 2621; x_wconf 77' lang='lat' dir='ltr'><strong>faciat</strong></span> <span class='ocrx_word' id='word_1_152' title='bbox 1616 2544 1781 2619; x_wconf 73' lang='lat' dir='ltr'><strong>filios</strong></span> <span class='ocrx_word' id='word_1_153' title='bbox 1803 2551 1964 2608; x_wconf 73' lang='lat' dir='ltr'><strong>tuos.</strong></span> 
     </span>
     <span class='ocr_line' id='line_1_25' title="bbox 400 2636 1970 2716; baseline 0.003 -21"><span class='ocrx_word' id='word_1_154' title='bbox 400 2636 473 2695; x_wconf 82' lang='lat' dir='ltr'><strong>Et</strong></span> <span class='ocrx_word' id='word_1_155' title='bbox 500 2636 943 2698; x_wconf 87' lang='lat' dir='ltr'><strong>Deuteronom.</strong></span> <span class='ocrx_word' id='word_1_156' title='bbox 972 2638 1235 2716; x_wconf 88' lang='lat' dir='ltr'><strong>septimo</strong></span> <span class='ocrx_word' id='word_1_157' title='bbox 1262 2637 1513 2697; x_wconf 81' lang='lat' dir='ltr'><strong>additur</strong></span> <span class='ocrx_word' id='word_1_158' title='bbox 1548 2654 1561 2695; x_wconf 73' lang='grc' dir='ltr'><strong><em>ε</em></strong></span> <span class='ocrx_word' id='word_1_159' title='bbox 1600 2636 1759 2710; x_wconf 73' lang='lat' dir='ltr'><strong>Quia</strong></span> <span class='ocrx_word' id='word_1_160' title='bbox 1798 2638 1970 2699; x_wconf 73' lang='lat' dir='ltr'><strong>sedu-</strong></span> 
     </span>
     <span class='ocr_line' id='line_1_26' title="bbox 398 2730 1962 2811; baseline -0.002 -18"><span class='ocrx_word' id='word_1_161' title='bbox 398 2733 489 2793; x_wconf 76' lang='lat' dir='ltr'><strong>cet</strong></span> <span class='ocrx_word' id='word_1_162' title='bbox 506 2730 709 2811; x_wconf 77' lang='lat' dir='ltr'><strong>filium</strong></span> <span class='ocrx_word' id='word_1_163' title='bbox 726 2736 922 2803; x_wconf 77' lang='lat' dir='ltr'><strong>tuum,</strong></span> <span class='ocrx_word' id='word_1_164' title='bbox 956 2748 1031 2792; x_wconf 70' lang='lat' dir='ltr'><strong>no</strong></span> <span class='ocrx_word' id='word_1_165' title='bbox 1050 2735 1341 2809; x_wconf 73' lang='lat' dir='ltr'><strong>sequatur</strong></span> <span class='ocrx_word' id='word_1_166' title='bbox 1370 2748 1481 2791; x_wconf 75' lang='lat' dir='ltr'><strong>me.</strong></span> <span class='ocrx_word' id='word_1_167' title='bbox 1514 2732 1751 2791; x_wconf 84' lang='lat' dir='ltr'><strong>Rursus</strong></span> <span class='ocrx_word' id='word_1_168' title='bbox 1780 2732 1962 2791; x_wconf 84' lang='lat' dir='ltr'><strong>tertio</strong></span> 
     </span>
     <span class='ocr_line' id='line_1_27' title="bbox 396 2823 1966 2903; baseline 0.001 -18"><span class='ocrx_word' id='word_1_169' title='bbox 396 2826 637 2903; x_wconf 86' lang='lat' dir='ltr'><strong>Regum</strong></span> <span class='ocrx_word' id='word_1_170' title='bbox 674 2824 1027 2897; x_wconf 90' lang='lat' dir='ltr'><strong>undecimo,</strong></span> <span class='ocrx_word' id='word_1_171' title='bbox 1076 2824 1345 2902; x_wconf 86' lang='lat' dir='ltr'><strong>amplius</strong></span> <span class='ocrx_word' id='word_1_172' title='bbox 1390 2823 1789 2885; x_wconf 84' lang='lat' dir='ltr'><strong>declaratur:</strong></span> <span class='ocrx_word' id='word_1_173' title='bbox 1825 2824 1966 2887; x_wconf 79' lang='lat' dir='ltr'><strong>Cer-</strong></span> 
     </span>
     <span class='ocr_line' id='line_1_28' title="bbox 393 2916 1966 2996; baseline 0.001 -16"><span class='ocrx_word' id='word_1_174' title='bbox 393 2916 628 2980; x_wconf 69' lang='lat' dir='ltr'><strong>tissima</strong></span> <span class='ocrx_word' id='word_1_175' title='bbox 664 2917 821 2978; x_wconf 80' lang='lat' dir='ltr'><strong>enim</strong></span> <span class='ocrx_word' id='word_1_176' title='bbox 850 2920 1120 2979; x_wconf 73' lang='lat' dir='ltr'><strong>avertent</strong></span> <span class='ocrx_word' id='word_1_177' title='bbox 1159 2918 1341 2979; x_wconf 72' lang='lat' dir='ltr'><strong>corda</strong></span> <span class='ocrx_word' id='word_1_178' title='bbox 1388 2922 1612 2989; x_wconf 75' lang='lat' dir='ltr'><strong>vestra,</strong></span> <span class='ocrx_word' id='word_1_179' title='bbox 1648 2926 1721 2979; x_wconf 76' lang='lat' dir='ltr'><strong>ut</strong></span> <span class='ocrx_word' id='word_1_180' title='bbox 1756 2934 1966 2996; x_wconf 70' lang='lat' dir='ltr'><strong>sequa-</strong></span> 
     </span>
     <span class='ocr_line' id='line_1_29' title="bbox 392 3009 1968 3073; baseline -0.001 -2"><span class='ocrx_word' id='word_1_181' title='bbox 392 3009 547 3071; x_wconf 74' lang='lat' dir='ltr'><strong>mini</strong></span> <span class='ocrx_word' id='word_1_182' title='bbox 571 3012 726 3073; x_wconf 74' lang='lat' dir='ltr'><strong>Deos</strong></span> <span class='ocrx_word' id='word_1_183' title='bbox 755 3010 1003 3073; x_wconf 73' lang='lat' dir='ltr'><strong>alienos.</strong></span> <span class='ocrx_word' id='word_1_184' title='bbox 1051 3010 1203 3070; x_wconf 86' lang='lat' dir='ltr'><strong>Aliis</strong></span> <span class='ocrx_word' id='word_1_185' title='bbox 1232 3010 1383 3069; x_wconf 88' lang='lat' dir='ltr'><strong>item</strong></span> <span class='ocrx_word' id='word_1_186' title='bbox 1423 3009 1575 3070; x_wconf 89' lang='lat' dir='ltr'><strong>locis</strong></span> <span class='ocrx_word' id='word_1_187' title='bbox 1616 3015 1745 3069; x_wconf 86' lang='lat' dir='ltr'><strong>tam</strong></span> <span class='ocrx_word' id='word_1_188' title='bbox 1781 3009 1968 3069; x_wconf 86' lang='lat' dir='ltr'><strong>abso-</strong></span> 
     </span>
     <span class='ocr_line' id='line_1_30' title="bbox 389 3102 1959 3183; baseline -0.001 -20"><span class='ocrx_word' id='word_1_189' title='bbox 389 3102 519 3164; x_wconf 86' lang='lat' dir='ltr'><strong>lute</strong></span> <span class='ocrx_word' id='word_1_190' title='bbox 550 3102 969 3183; x_wconf 55' lang='lat' dir='ltr'><strong>praedicuntur</strong></span> <span class='ocrx_word' id='word_1_191' title='bbox 994 3102 1131 3164; x_wconf 82' lang='lat' dir='ltr'><strong>haec</strong></span> <span class='ocrx_word' id='word_1_192' title='bbox 1152 3102 1363 3164; x_wconf 84' lang='lat' dir='ltr'><strong>futura</strong></span> <span class='ocrx_word' id='word_1_193' title='bbox 1392 3102 1839 3176; x_wconf 80' lang='lat' dir='ltr'><strong>conditionata,</strong></span> <span class='ocrx_word' id='word_1_194' title='bbox 1873 3103 1959 3164; x_wconf 89' lang='lat' dir='ltr'><strong>si-</strong></span> 
     </span>
     <span class='ocr_line' id='line_1_31' title="bbox 394 3196 1964 3260; baseline 0.001 -2"><span class='ocrx_word' id='word_1_195' title='bbox 394 3203 499 3258; x_wconf 91' lang='lat' dir='ltr'><strong>cut</strong></span> <span class='ocrx_word' id='word_1_196' title='bbox 528 3197 833 3258; x_wconf 84' lang='lat' dir='ltr'><strong>absoluta.</strong></span> <span class='ocrx_word' id='word_1_197' title='bbox 864 3198 973 3256; x_wconf 86' lang='lat' dir='ltr'><strong>Est</strong></span> <span class='ocrx_word' id='word_1_198' title='bbox 998 3197 1313 3258; x_wconf 88' lang='lat' dir='ltr'><strong>notandus</strong></span> <span class='ocrx_word' id='word_1_199' title='bbox 1342 3198 1523 3258; x_wconf 87' lang='lat' dir='ltr'><strong>Joan.</strong></span> <span class='ocrx_word' id='word_1_200' title='bbox 1564 3199 1605 3258; x_wconf 77' lang='lat'>5</span> <span class='ocrx_word' id='word_1_201' title='bbox 1640 3215 1653 3256; x_wconf 92' lang='lat'>:</span> <span class='ocrx_word' id='word_1_202' title='bbox 1696 3196 1777 3260; x_wconf 79' lang='lat' dir='ltr'><strong>Si</strong></span> <span class='ocrx_word' id='word_1_203' title='bbox 1800 3197 1964 3260; x_wconf 70' lang='lat' dir='ltr'><strong>alius</strong></span> 
     </span>
     <span class='ocr_line' id='line_1_32' title="bbox 393 3289 1964 3372; baseline -0.001 -19"><span class='ocrx_word' id='word_1_204' title='bbox 393 3292 623 3354; x_wconf 74' lang='lat' dir='ltr'><strong>venerit</strong></span> <span class='ocrx_word' id='word_1_205' title='bbox 658 3291 727 3352; x_wconf 64' lang='lat' dir='ltr'><strong>iu</strong></span> <span class='ocrx_word' id='word_1_206' title='bbox 754 3289 987 3353; x_wconf 69' lang='lat' dir='ltr'><strong>nomino</strong></span> <span class='ocrx_word' id='word_1_207' title='bbox 1018 3307 1149 3364; x_wconf 72' lang='lat' dir='ltr'><strong>suo,</strong></span> <span class='ocrx_word' id='word_1_208' title='bbox 1190 3291 1369 3352; x_wconf 73' lang='lat' dir='ltr'><strong>illum</strong></span> <span class='ocrx_word' id='word_1_209' title='bbox 1408 3289 1737 3372; x_wconf 69' lang='lat' dir='ltr'><strong>accipistis.</strong></span> <span class='ocrx_word' id='word_1_210' title='bbox 1782 3291 1964 3355; x_wconf 82' lang='lat' dir='ltr'><strong>Unde</strong></span> 
     </span>
     <span class='ocr_line' id='line_1_33' title="bbox 392 3383 1966 3461; baseline -0.001 -16"><span class='ocrx_word' id='word_1_211' title='bbox 392 3385 603 3445; x_wconf 87' lang='lat' dir='ltr'><strong>Sancti</strong></span> <span class='ocrx_word' id='word_1_212' title='bbox 634 3383 933 3461; x_wconf 85' lang='lat' dir='ltr'><strong>colligunt</strong></span> <span class='ocrx_word' id='word_1_213' title='bbox 964 3385 999 3444; x_wconf 85' lang='lat' dir='ltr'>J</span> <span class='ocrx_word' id='word_1_214' title='bbox 1006 3383 1220 3444; x_wconf 84' lang='lat' dir='ltr'><strong>udaeos</strong></span> <span class='ocrx_word' id='word_1_215' title='bbox 1246 3383 1593 3444; x_wconf 87' lang='lat' dir='ltr'><strong>credituros</strong></span> <span class='ocrx_word' id='word_1_216' title='bbox 1628 3385 1966 3445; x_wconf 84' lang='lat' dir='ltr'><strong>Antichris-</strong></span> 
     </span>
     <span class='ocr_line' id='line_1_34' title="bbox 392 3475 1968 3554; baseline 0.001 -17"><span class='ocrx_word' id='word_1_217' title='bbox 392 3483 477 3550; x_wconf 90' lang='lat' dir='ltr'><strong>to,</strong></span> <span class='ocrx_word' id='word_1_218' title='bbox 524 3480 587 3537; x_wconf 90' lang='lat' dir='ltr'><strong>et</strong></span> <span class='ocrx_word' id='word_1_219' title='bbox 634 3481 843 3536; x_wconf 82' lang='lat' dir='ltr'><strong>tamen</strong></span> <span class='ocrx_word' id='word_1_220' title='bbox 876 3475 1195 3554; x_wconf 76' lang='lat' dir='ltr'><strong>praedictio</strong></span> <span class='ocrx_word' id='word_1_221' title='bbox 1223 3476 1329 3536; x_wconf 91' lang='lat' dir='ltr'><strong>illa</strong></span> <span class='ocrx_word' id='word_1_222' title='bbox 1358 3475 1423 3536; x_wconf 88' lang='lat' dir='ltr'><strong>in</strong></span> <span class='ocrx_word' id='word_1_223' title='bbox 1468 3477 1673 3554; x_wconf 80' lang='lat' dir='ltr'><strong>rigore</strong></span> <span class='ocrx_word' id='word_1_224' title='bbox 1722 3483 1968 3538; x_wconf 80' lang='lat' dir='ltr'><strong>tantum</strong></span> 
     </span>
     <span class='ocr_line' id='line_1_35' title="bbox 394 3569 1968 3649; baseline 0.001 -18"><span class='ocrx_word' id='word_1_225' title='bbox 394 3569 829 3632; x_wconf 85' lang='lat' dir='ltr'><strong>conditionalis</strong></span> <span class='ocrx_word' id='word_1_226' title='bbox 880 3575 1033 3631; x_wconf 87' lang='lat' dir='ltr'><strong>erat.</strong></span> <span class='ocrx_word' id='word_1_227' title='bbox 1079 3573 1235 3632; x_wconf 87' lang='lat' dir='ltr'><strong>Item</strong></span> <span class='ocrx_word' id='word_1_228' title='bbox 1288 3571 1459 3649; x_wconf 89' lang='lat' dir='ltr'><strong>quod</strong></span> <span class='ocrx_word' id='word_1_229' title='bbox 1510 3573 1695 3632; x_wconf 85' lang='lat' dir='ltr'><strong>Joan.</strong></span> <span class='ocrx_word' id='word_1_230' title='bbox 1740 3573 1826 3644; x_wconf 85' lang='grc'><strong>6.,</strong></span> <span class='ocrx_word' id='word_1_231' title='bbox 1886 3570 1968 3632; x_wconf 88' lang='lat' dir='ltr'><strong>de</strong></span> 
     </span>
     <span class='ocr_line' id='line_1_36' title="bbox 392 3655 1964 3744; baseline 0.001 -21"><span class='ocrx_word' id='word_1_232' title='bbox 392 3661 635 3724; x_wconf 86' lang='lat' dir='ltr'><strong>Christo</strong></span> <span class='ocrx_word' id='word_1_233' title='bbox 682 3661 909 3723; x_wconf 87' lang='lat' dir='ltr'><strong>dicitur</strong></span> <span class='ocrx_word' id='word_1_234' title='bbox 944 3681 957 3722; x_wconf 93' lang='lat'>:</span> <span class='ocrx_word' id='word_1_235' title='bbox 996 3655 1152 3727; x_wconf 72' lang='lat' dir='ltr'><strong>Cum&#39;</strong></span> <span class='ocrx_word' id='word_1_236' title='bbox 1188 3663 1375 3726; x_wconf 74' lang='lat' dir='ltr'><strong>sciret</strong></span> <span class='ocrx_word' id='word_1_237' title='bbox 1406 3663 1553 3744; x_wconf 70' lang='lat' dir='ltr'><strong>quia</strong></span> <span class='ocrx_word' id='word_1_238' title='bbox 1585 3661 1827 3726; x_wconf 68' lang='lat' dir='ltr'><strong>venturi</strong></span> <span class='ocrx_word' id='word_1_239' title='bbox 1875 3681 1964 3725; x_wconf 73' lang='lat' dir='ltr'><strong>es·</strong></span> 
     </span>
     <span class='ocr_line' id='line_1_37' title="bbox 390 3756 1964 3839; baseline 0 -21"><span class='ocrx_word' id='word_1_240' title='bbox 390 3761 528 3818; x_wconf 70' lang='lat' dir='ltr'><strong>unt</strong></span> <span class='ocrx_word' id='word_1_241' title='bbox 558 3759 631 3818; x_wconf 72' lang='lat' dir='ltr'><strong>ut</strong></span> <span class='ocrx_word' id='word_1_242' title='bbox 680 3758 955 3832; x_wconf 74' lang='lat' dir='ltr'><strong>fecerent</strong></span> <span class='ocrx_word' id='word_1_243' title='bbox 1010 3775 1143 3820; x_wconf 67' lang='lat' dir='ltr'><strong>eum</strong></span> <span class='ocrx_word' id='word_1_244' title='bbox 1185 3757 1407 3839; x_wconf 67' lang='lat' dir='ltr'><strong>Reqem</strong></span> <span class='ocrx_word' id='word_1_245' title='bbox 1434 3801 1451 3830; x_wconf 91' lang='lat'><strong>,</strong></span> <span class='ocrx_word' id='word_1_246' title='bbox 1502 3763 1619 3818; x_wconf 85' lang='lat' dir='ltr'><strong>etc.</strong></span> <span class='ocrx_word' id='word_1_247' title='bbox 1646 3803 1661 3830; x_wconf 93' lang='lat'><strong>,</strong></span> <span class='ocrx_word' id='word_1_248' title='bbox 1712 3756 1793 3817; x_wconf 88' lang='lat' dir='ltr'><strong>de</strong></span> <span class='ocrx_word' id='word_1_249' title='bbox 1843 3758 1964 3818; x_wconf 85' lang='lat' dir='ltr'><strong>hae</strong></span> 
     </span>
     <span class='ocr_line' id='line_1_38' title="bbox 393 3847 1962 3929; baseline 0.001 -21"><span class='ocrx_word' id='word_1_250' title='bbox 393 3847 655 3909; x_wconf 87' lang='lat' dir='ltr'><strong>scientia</strong></span> <span class='ocrx_word' id='word_1_251' title='bbox 696 3849 779 3908; x_wconf 87' lang='lat' dir='ltr'><strong>ab</strong></span> <span class='ocrx_word' id='word_1_252' title='bbox 834 3849 1125 3910; x_wconf 88' lang='lat' dir='ltr'><strong>omnibus</strong></span> <span class='ocrx_word' id='word_1_253' title='bbox 1171 3849 1556 3929; x_wconf 84' lang='lat' dir='ltr'><strong>intelligitur.</strong></span> <span class='ocrx_word' id='word_1_254' title='bbox 1593 3849 1799 3910; x_wconf 84' lang='lat' dir='ltr'><strong>Tertio</strong></span> <span class='ocrx_word' id='word_1_255' title='bbox 1824 3895 1839 3924; x_wconf 93' lang='lat'><strong>,</strong></span> <span class='ocrx_word' id='word_1_256' title='bbox 1884 3869 1962 3912; x_wconf 86' lang='lat' dir='ltr'><strong>ex</strong></span> 
     </span>
     <span class='ocr_line' id='line_1_39' title="bbox 394 3939 1963 4022; baseline 0.004 -22"><span class='ocrx_word' id='word_1_257' title='bbox 394 3939 679 4002; x_wconf 86' lang='lat' dir='ltr'><strong>Patribus</strong></span> <span class='ocrx_word' id='word_1_258' title='bbox 732 3941 961 4015; x_wconf 85' lang='lat' dir='ltr'><strong>citatis,</strong></span> <span class='ocrx_word' id='word_1_259' title='bbox 1002 3943 1347 4020; x_wconf 59' lang='lat' dir='ltr'><strong>praesertim</strong></span> <span class='ocrx_word' id='word_1_260' title='bbox 1392 3961 1471 4004; x_wconf 87' lang='lat' dir='ltr'><strong>ex</strong></span> <span class='ocrx_word' id='word_1_261' title='bbox 1517 3943 1868 4022; x_wconf 78' lang='lat' dir='ltr'><strong>Augustino</strong></span> <span class='ocrx_word' id='word_1_262' title='bbox 1898 3950 1963 4006; x_wconf 89' lang='lat' dir='ltr'><strong>et</strong></span> 
     </span>
     <span class='ocr_line' id='line_1_40' title="bbox 390 4034 1962 4116; baseline 0.002 -22"><span class='ocrx_word' id='word_1_263' title='bbox 390 4034 715 4112; x_wconf 86' lang='lat' dir='ltr'><strong>Prospero,</strong></span> <span class='ocrx_word' id='word_1_264' title='bbox 746 4037 989 4096; x_wconf 76' lang='lat' dir='ltr'><strong>constat</strong></span> <span class='ocrx_word' id='word_1_265' title='bbox 1016 4036 1129 4096; x_wconf 89' lang='lat' dir='ltr'><strong>has</strong></span> <span class='ocrx_word' id='word_1_266' title='bbox 1174 4035 1535 4116; x_wconf 84' lang='lat' dir='ltr'><strong>prophetias</strong></span> <span class='ocrx_word' id='word_1_267' title='bbox 1574 4053 1713 4096; x_wconf 89' lang='lat' dir='ltr'><strong>esse</strong></span> <span class='ocrx_word' id='word_1_268' title='bbox 1754 4042 1962 4097; x_wconf 85' lang='lat' dir='ltr'><strong>certas</strong></span> 
     </span>
     <span class='ocr_line' id='line_1_41' title="bbox 392 4127 1962 4209; baseline 0.002 -22"><span class='ocrx_word' id='word_1_269' title='bbox 392 4131 455 4188; x_wconf 87' lang='lat' dir='ltr'><strong>et</strong></span> <span class='ocrx_word' id='word_1_270' title='bbox 494 4127 895 4200; x_wconf 80' lang='lat' dir='ltr'><strong>indubitatas,</strong></span> <span class='ocrx_word' id='word_1_271' title='bbox 930 4135 993 4189; x_wconf 88' lang='lat' dir='ltr'><strong>et</strong></span> <span class='ocrx_word' id='word_1_272' title='bbox 1032 4129 1198 4192; x_wconf 89' lang='lat' dir='ltr'><strong>idem</strong></span> <span class='ocrx_word' id='word_1_273' title='bbox 1238 4129 1467 4191; x_wconf 88' lang='lat' dir='ltr'><strong>docent</strong></span> <span class='ocrx_word' id='word_1_274' title='bbox 1506 4147 1725 4192; x_wconf 89' lang='lat' dir='ltr'><strong>omnes</strong></span> <span class='ocrx_word' id='word_1_275' title='bbox 1768 4148 1962 4209; x_wconf 84' lang='lat' dir='ltr'><strong>expo-</strong></span> 
     </span>
     <span class='ocr_line' id='line_1_42' title="bbox 394 4219 1960 4302; baseline 0.003 -22"><span class='ocrx_word' id='word_1_276' title='bbox 394 4219 621 4282; x_wconf 86' lang='lat' dir='ltr'><strong>sitores</strong></span> <span class='ocrx_word' id='word_1_277' title='bbox 648 4235 807 4298; x_wconf 87' lang='lat' dir='ltr'><strong>quos</strong></span> <span class='ocrx_word' id='word_1_278' title='bbox 850 4221 1057 4296; x_wconf 79' lang='lat' dir='ltr'><strong>citavi,</strong></span> <span class='ocrx_word' id='word_1_279' title='bbox 1090 4241 1297 4302; x_wconf 38' lang='lat' dir='ltr'><strong>„super</strong></span> <span class='ocrx_word' id='word_1_280' title='bbox 1338 4223 1583 4296; x_wconf 64' lang='lat' dir='ltr'><strong>Matth„</strong></span> <span class='ocrx_word' id='word_1_281' title='bbox 1624 4229 1685 4284; x_wconf 90' lang='lat' dir='ltr'><strong>et</strong></span> <span class='ocrx_word' id='word_1_282' title='bbox 1726 4222 1960 4284; x_wconf 88' lang='lat' dir='ltr'><strong>ibidem</strong></span> 
     </span>
     <span class='ocr_line' id='line_1_43' title="bbox 396 4311 1956 4394; baseline 0.003 -22"><span class='ocrx_word' id='word_1_283' title='bbox 396 4311 691 4374; x_wconf 81' lang='lat' dir='ltr'><strong>Abulens.</strong></span> <span class='ocrx_word' id='word_1_284' title='bbox 718 4357 735 4384; x_wconf 93' lang='lat'><strong>,</strong></span> <span class='ocrx_word' id='word_1_285' title='bbox 788 4317 1010 4391; x_wconf 78' lang='lat' dir='ltr'><strong>quaest.</strong></span> <span class='ocrx_word' id='word_1_286' title='bbox 1072 4315 1595 4394; x_wconf 87' lang='lat' dir='ltr'><strong>quinquagesima</strong></span> <span class='ocrx_word' id='word_1_287' title='bbox 1654 4315 1956 4388; x_wconf 88' lang='lat' dir='ltr'><strong>secunda,</strong></span> 
     </span>
     <span class='ocr_line' id='line_1_44' title="bbox 394 4405 1964 4485; baseline 0.001 -19"><span class='ocrx_word' id='word_1_288' title='bbox 394 4415 457 4466; x_wconf 84' lang='lat' dir='ltr'><strong>et</strong></span> <span class='ocrx_word' id='word_1_289' title='bbox 480 4405 563 4485; x_wconf 90' lang='lat' dir='ltr'><strong>gl.</strong></span> <span class='ocrx_word' id='word_1_290' title='bbox 623 4405 875 4480; x_wconf 84' lang='lat' dir='ltr'><strong>Quarto,</strong></span> <span class='ocrx_word' id='word_1_291' title='bbox 909 4407 1059 4485; x_wconf 88' lang='lat' dir='ltr'><strong>quia</strong></span> <span class='ocrx_word' id='word_1_292' title='bbox 1104 4407 1261 4468; x_wconf 87' lang='lat' dir='ltr'><strong>alias</strong></span> <span class='ocrx_word' id='word_1_293' title='bbox 1302 4407 1435 4469; x_wconf 86' lang='lat' dir='ltr'><strong>fere</strong></span> <span class='ocrx_word' id='word_1_294' title='bbox 1480 4425 1609 4470; x_wconf 85' lang='lat' dir='ltr'><strong>nou</strong></span> <span class='ocrx_word' id='word_1_295' title='bbox 1656 4409 1964 4470; x_wconf 88' lang='lat' dir='ltr'><strong>haherent</strong></span> 
     </span>
     <span class='ocr_line' id='line_1_45' title="bbox 391 4499 1956 4577; baseline 0.003 -18"><span class='ocrx_word' id='word_1_296' title='bbox 391 4499 701 4577; x_wconf 87' lang='lat' dir='ltr'><strong>majorem</strong></span> <span class='ocrx_word' id='word_1_297' title='bbox 742 4499 1179 4562; x_wconf 84' lang='lat' dir='ltr'><strong>certitudinem</strong></span> <span class='ocrx_word' id='word_1_298' title='bbox 1228 4503 1364 4564; x_wconf 80' lang='lat' dir='ltr'><strong>haec</strong></span> <span class='ocrx_word' id='word_1_299' title='bbox 1410 4501 1619 4563; x_wconf 78' lang='lat' dir='ltr'><strong>divina</strong></span> <span class='ocrx_word' id='word_1_300' title='bbox 1662 4503 1915 4564; x_wconf 85' lang='lat' dir='ltr'><strong>oracula</strong></span> <span class='ocrx_word' id='word_1_301' title='bbox 1941 4548 1956 4575; x_wconf 89' lang='lat'><strong>,</strong></span> 
     </span>
     <span class='ocr_line' id='line_1_46' title="bbox 394 4593 1956 4674; baseline 0.006 -22"><span class='ocrx_word' id='word_1_302' title='bbox 394 4609 588 4671; x_wconf 85' lang='lat' dir='ltr'><strong>quam</strong></span> <span class='ocrx_word' id='word_1_303' title='bbox 618 4593 871 4656; x_wconf 82' lang='lat' dir='ltr'><strong>oracula</strong></span> <span class='ocrx_word' id='word_1_304' title='bbox 894 4593 1215 4666; x_wconf 77' lang='lat' dir='ltr'><strong>daemonis,</strong></span> <span class='ocrx_word' id='word_1_305' title='bbox 1259 4596 1691 4674; x_wconf 85' lang='lat' dir='ltr'><strong>potuissetque</strong></span> <span class='ocrx_word' id='word_1_306' title='bbox 1737 4597 1956 4662; x_wconf 81' lang='lat' dir='ltr'><strong>David.</strong></span> 
     </span>
     <span class='ocr_line' id='line_1_47' title="bbox 395 4685 1962 4769; baseline 0.004 -24"><span class='ocrx_word' id='word_1_307' title='bbox 395 4685 589 4746; x_wconf 86' lang='lat' dir='ltr'><strong>etiam</strong></span> <span class='ocrx_word' id='word_1_308' title='bbox 614 4691 753 4764; x_wconf 89' lang='lat' dir='ltr'><strong>post</strong></span> <span class='ocrx_word' id='word_1_309' title='bbox 778 4686 1059 4748; x_wconf 86' lang='lat' dir='ltr'><strong>divinum</strong></span> <span class='ocrx_word' id='word_1_310' title='bbox 1091 4703 1495 4766; x_wconf 64' lang='lat' dir='ltr'><strong>nesponsum,</strong></span> <span class='ocrx_word' id='word_1_311' title='bbox 1538 4691 1673 4750; x_wconf 89' lang='lat' dir='ltr'><strong>sine</strong></span> <span class='ocrx_word' id='word_1_312' title='bbox 1702 4697 1962 4769; x_wconf 89' lang='lat' dir='ltr'><strong>peccato</strong></span> 
     </span>
     <span class='ocr_line' id='line_1_48' title="bbox 394 4777 1964 4861; baseline 0.004 -24"><span class='ocrx_word' id='word_1_313' title='bbox 394 4777 720 4850; x_wconf 86' lang='lat' dir='ltr'><strong>dubitare;</strong></span> <span class='ocrx_word' id='word_1_314' title='bbox 757 4778 927 4856; x_wconf 89' lang='lat' dir='ltr'><strong>quod</strong></span> <span class='ocrx_word' id='word_1_315' title='bbox 956 4778 1204 4841; x_wconf 83' lang='lat' dir='ltr'><strong>videtur</strong></span> <span class='ocrx_word' id='word_1_316' title='bbox 1230 4780 1413 4842; x_wconf 86' lang='lat' dir='ltr'><strong>valde</strong></span> <span class='ocrx_word' id='word_1_317' title='bbox 1451 4780 1699 4842; x_wconf 82' lang='lat' dir='ltr'><strong>falsum.</strong></span> <span class='ocrx_word' id='word_1_318' title='bbox 1732 4784 1964 4861; x_wconf 87' lang='lat' dir='ltr'><strong>Seque-</strong></span> 
     </span>
     <span class='ocr_line' id='line_1_49' title="bbox 392 4871 1964 4954; baseline 0.004 -24"><span class='ocrx_word' id='word_1_319' title='bbox 392 4871 455 4932; x_wconf 87' lang='lat' dir='ltr'><strong>la</strong></span> <span class='ocrx_word' id='word_1_320' title='bbox 504 4871 806 4950; x_wconf 84' lang='lat' dir='ltr'><strong>probatur</strong></span> <span class='ocrx_word' id='word_1_321' title='bbox 857 4871 1069 4950; x_wconf 87' lang='lat' dir='ltr'><strong>quoad</strong></span> <span class='ocrx_word' id='word_1_322' title='bbox 1122 4874 1390 4952; x_wconf 88' lang='lat' dir='ltr'><strong>primam</strong></span> <span class='ocrx_word' id='word_1_323' title='bbox 1454 4882 1699 4954; x_wconf 85' lang='lat' dir='ltr'><strong>partem</strong></span> <span class='ocrx_word' id='word_1_324' title='bbox 1724 4921 1739 4948; x_wconf 91' lang='lat'>‚</span> <span class='ocrx_word' id='word_1_325' title='bbox 1812 4895 1964 4938; x_wconf 89' lang='lat' dir='ltr'><strong>nam</strong></span> 
     </span>
     <span class='ocr_line' id='line_1_50' title="bbox 392 4963 1964 5048; baseline 0.004 -24"><span class='ocrx_word' id='word_1_326' title='bbox 392 4963 603 5042; x_wconf 72' lang='lat' dir='ltr'><strong>quoad</strong></span> <span class='ocrx_word' id='word_1_327' title='bbox 648 4964 911 5026; x_wconf 82' lang='lat' dir='ltr'><strong>alteram</strong></span> <span class='ocrx_word' id='word_1_328' title='bbox 952 4982 1067 5043; x_wconf 88' lang='lat' dir='ltr'><strong>per</strong></span> <span class='ocrx_word' id='word_1_329' title='bbox 1110 4984 1181 5026; x_wconf 88' lang='lat' dir='ltr'><strong>se</strong></span> <span class='ocrx_word' id='word_1_330' title='bbox 1210 4971 1359 5028; x_wconf 89' lang='lat' dir='ltr'><strong>nota</strong></span> <span class='ocrx_word' id='word_1_331' title='bbox 1404 4974 1537 5040; x_wconf 77' lang='lat' dir='ltr'><strong>est3</strong></span> <span class='ocrx_word' id='word_1_332' title='bbox 1582 4969 1751 5048; x_wconf 86' lang='lat' dir='ltr'><strong>quia,</strong></span> <span class='ocrx_word' id='word_1_333' title='bbox 1802 4969 1964 5030; x_wconf 86' lang='lat' dir='ltr'><strong>sicut</strong></span> 
     </span>
     <span class='ocr_line' id='line_1_51' title="bbox 392 5060 1966 5138; baseline 0.002 -18"><span class='ocrx_word' id='word_1_334' title='bbox 392 5060 525 5120; x_wconf 89' lang='lat' dir='ltr'><strong>Deo</strong></span> <span class='ocrx_word' id='word_1_335' title='bbox 550 5061 701 5118; x_wconf 85' lang='lat' dir='ltr'><strong>nota</strong></span> <span class='ocrx_word' id='word_1_336' title='bbox 734 5063 829 5120; x_wconf 87' lang='lat' dir='ltr'><strong>est</strong></span> <span class='ocrx_word' id='word_1_337' title='bbox 858 5063 1085 5120; x_wconf 90' lang='lat' dir='ltr'><strong>natura</strong></span> <span class='ocrx_word' id='word_1_338' title='bbox 1112 5066 1175 5120; x_wconf 89' lang='lat' dir='ltr'><strong>et</strong></span> <span class='ocrx_word' id='word_1_339' title='bbox 1216 5062 1553 5138; x_wconf 88' lang='lat' dir='ltr'><strong>propensio</strong></span> <span class='ocrx_word' id='word_1_340' title='bbox 1592 5069 1819 5124; x_wconf 61' lang='lat' dir='ltr'><strong>nostrai</strong></span> <span class='ocrx_word' id='word_1_341' title='bbox 1856 5081 1966 5123; x_wconf 78' lang='lat' dir='ltr'><strong>vo-</strong></span> 
     </span>
     <span class='ocr_line' id='line_1_52' title="bbox 393 5151 1964 5224; baseline 0.004 -13"><span class='ocrx_word' id='word_1_342' title='bbox 393 5151 674 5224; x_wconf 77' lang='lat' dir='ltr'><strong>luntatiS,</strong></span> <span class='ocrx_word' id='word_1_343' title='bbox 720 5151 807 5212; x_wconf 79' lang='lat' dir='ltr'><strong>ita</strong></span> <span class='ocrx_word' id='word_1_344' title='bbox 848 5157 943 5212; x_wconf 85' lang='lat' dir='ltr'><strong>est</strong></span> <span class='ocrx_word' id='word_1_345' title='bbox 974 5152 1161 5213; x_wconf 88' lang='lat' dir='ltr'><strong>etiam</strong></span> <span class='ocrx_word' id='word_1_346' title='bbox 1210 5153 1503 5214; x_wconf 84' lang='lat' dir='ltr'><strong>daemoni.</strong></span> <span class='ocrx_word' id='word_1_347' title='bbox 1549 5155 1727 5218; x_wconf 88' lang='lat' dir='ltr'><strong>Unde</strong></span> <span class='ocrx_word' id='word_1_348' title='bbox 1776 5156 1964 5217; x_wconf 86' lang='lat' dir='ltr'><strong>etiam</strong></span> 
     </span>
     <span class='ocr_line' id='line_1_53' title="bbox 394 5242 1964 5334; baseline 0.003 -29"><span class='ocrx_word' id='word_1_349' title='bbox 394 5249 601 5323; x_wconf 88' lang='lat' dir='ltr'><strong>potest</strong></span> <span class='ocrx_word' id='word_1_350' title='bbox 628 5242 1127 5328; x_wconf 85' lang='lat' dir='ltr'><strong>probabilissime</strong></span> <span class='ocrx_word' id='word_1_351' title='bbox 1169 5247 1523 5324; x_wconf 83' lang='lat' dir='ltr'><strong>conjectare</strong></span> <span class='ocrx_word' id='word_1_352' title='bbox 1550 5247 1719 5334; x_wconf 32' lang='lat' dir='ltr'><strong>,quid</strong></span> <span class='ocrx_word' id='word_1_353' title='bbox 1748 5247 1811 5308; x_wconf 91' lang='lat' dir='ltr'><strong>in</strong></span> <span class='ocrx_word' id='word_1_354' title='bbox 1852 5248 1964 5309; x_wconf 85' lang='lat' dir='ltr'><strong>tali</strong></span> 
     </span>
     <span class='ocr_line' id='line_1_54' title="bbox 396 5337 1965 5420; baseline 0.002 -21"><span class='ocrx_word' id='word_1_355' title='bbox 396 5339 725 5400; x_wconf 88' lang='lat' dir='ltr'><strong>occasione</strong></span> <span class='ocrx_word' id='word_1_356' title='bbox 754 5337 939 5398; x_wconf 78' lang='lat' dir='ltr'><strong>faciet</strong></span> <span class='ocrx_word' id='word_1_357' title='bbox 968 5337 1235 5398; x_wconf 84' lang='lat' dir='ltr'><strong>liberum</strong></span> <span class='ocrx_word' id='word_1_358' title='bbox 1270 5339 1617 5413; x_wconf 86' lang='lat' dir='ltr'><strong>arbitrium,</strong></span> <span class='ocrx_word' id='word_1_359' title='bbox 1650 5347 1711 5401; x_wconf 91' lang='lat' dir='ltr'><strong>et</strong></span> <span class='ocrx_word' id='word_1_360' title='bbox 1740 5359 1965 5420; x_wconf 88' lang='lat' dir='ltr'><strong>quam-</strong></span> 
     </span>
     <span class='ocr_line' id='line_1_55' title="bbox 395 5428 1963 5512; baseline 0.001 -20"><span class='ocrx_word' id='word_1_361' title='bbox 395 5431 489 5492; x_wconf 84' lang='lat' dir='ltr'><strong>vis</strong></span> <span class='ocrx_word' id='word_1_362' title='bbox 514 5431 723 5492; x_wconf 79' lang='lat' dir='ltr'><strong>divina</strong></span> <span class='ocrx_word' id='word_1_363' title='bbox 752 5428 1023 5510; x_wconf 85' lang='lat' dir='ltr'><strong>cognitio</strong></span> <span class='ocrx_word' id='word_1_364' title='bbox 1052 5449 1127 5492; x_wconf 88' lang='lat' dir='ltr'><strong>ex</strong></span> <span class='ocrx_word' id='word_1_365' title='bbox 1152 5435 1329 5510; x_wconf 83' lang='lat' dir='ltr'><strong>parte</strong></span> <span class='ocrx_word' id='word_1_366' title='bbox 1360 5434 1795 5512; x_wconf 86' lang='lat' dir='ltr'><strong>cognoscentis</strong></span> <span class='ocrx_word' id='word_1_367' title='bbox 1820 5451 1963 5512; x_wconf 85' lang='lat' dir='ltr'><strong>per·</strong></span> 
     </span>
     <span class='ocr_line' id='line_1_56' title="bbox 394 5523 1962 5611; baseline 0 -25"><span class='ocrx_word' id='word_1_368' title='bbox 394 5524 615 5596; x_wconf 76' lang='lat' dir='ltr'><strong>festior</strong></span> <span class='ocrx_word' id='word_1_369' title='bbox 642 5525 741 5598; x_wconf 87' lang='lat' dir='ltr'><strong>sit,</strong></span> <span class='ocrx_word' id='word_1_370' title='bbox 778 5529 991 5584; x_wconf 88' lang='lat' dir='ltr'><strong>tamen</strong></span> <span class='ocrx_word' id='word_1_371' title='bbox 1022 5523 1213 5588; x_wconf 86' lang='lat' dir='ltr'><strong>etiam</strong></span> <span class='ocrx_word' id='word_1_372' title='bbox 1258 5525 1509 5586; x_wconf 76' lang='lat' dir='ltr'><strong>daemon</strong></span> <span class='ocrx_word' id='word_1_373' title='bbox 1550 5527 1962 5611; x_wconf 83' lang='lat' dir='ltr'><strong>comprehen-</strong></span> 
     </span>
    </p>
   </div>
   <div class='ocr_carea' id='block_1_3' title="bbox 920 384 3114 451">
    <p class='ocr_par' dir='ltr' id='par_1_3' title="bbox 920 384 3114 451">
     <span class='ocr_line' id='line_1_57' title="bbox 920 384 3114 451; baseline 0 -14"><span class='ocrx_word' id='word_1_374' title='bbox 920 384 1133 440; x_wconf 82' lang='lat' dir='ltr'><strong>OPUSC.</strong></span> <span class='ocrx_word' id='word_1_375' title='bbox 1168 388 1236 451; x_wconf 83' lang='lat'><strong>11,</strong></span> <span class='ocrx_word' id='word_1_376' title='bbox 1268 387 1382 439; x_wconf 76' lang='lat' dir='ltr'><strong>Lm.</strong></span> <span class='ocrx_word' id='word_1_377' title='bbox 1419 388 1479 441; x_wconf 85' lang='lat'><strong>11.</strong></span> <span class='ocrx_word' id='word_1_378' title='bbox 1518 388 1597 441; x_wconf 84' lang='lat' dir='ltr'><strong>DE</strong></span> <span class='ocrx_word' id='word_1_379' title='bbox 1630 388 1915 439; x_wconf 60' lang='lat' dir='ltr'><strong>scu-:Nus</strong></span> <span class='ocrx_word' id='word_1_380' title='bbox 1951 387 2410 440; x_wconf 80' lang='lat' dir='ltr'><strong>CONDlTlONATA</strong></span> <span class='ocrx_word' id='word_1_381' title='bbox 2440 388 2666 441; x_wconf 79' lang='lat' dir='ltr'><strong>FUTUR.</strong></span> <span class='ocrx_word' id='word_1_382' title='bbox 2703 385 3114 441; x_wconf 64' lang='lat' dir='ltr'><strong>commeent.</strong></span> 
     </span>
    </p>
   </div>
   <div class='ocr_carea' id='block_1_4' title="bbox 2041 484 3634 4750">
    <p class='ocr_par' dir='ltr' id='par_1_4' title="bbox 2055 484 3634 847">
     <span class='ocr_line' id='line_1_58' title="bbox 2055 484 3634 564; baseline 0.001 -19"><span class='ocrx_word' id='word_1_383' title='bbox 2055 484 2146 545; x_wconf 86' lang='lat' dir='ltr'><strong>dit</strong></span> <span class='ocrx_word' id='word_1_384' title='bbox 2189 485 2576 547; x_wconf 86' lang='lat' dir='ltr'><strong>voluntatem</strong></span> <span class='ocrx_word' id='word_1_385' title='bbox 2623 484 2848 547; x_wconf 85' lang='lat' dir='ltr'><strong>saltem</strong></span> <span class='ocrx_word' id='word_1_386' title='bbox 2903 484 3114 564; x_wconf 88' lang='lat' dir='ltr'><strong>quoad</strong></span> <span class='ocrx_word' id='word_1_387' title='bbox 3167 486 3507 560; x_wconf 84' lang='lat' dir='ltr'><strong>naturalia;</strong></span> <span class='ocrx_word' id='word_1_388' title='bbox 3547 491 3634 549; x_wconf 82' lang='lat' dir='ltr'><strong>et.</strong></span> 
     </span>
     <span class='ocr_line' id='line_1_59' title="bbox 2055 578 3630 661; baseline 0.001 -22"><span class='ocrx_word' id='word_1_389' title='bbox 2055 580 2120 640; x_wconf 92' lang='lat' dir='ltr'><strong>in</strong></span> <span class='ocrx_word' id='word_1_390' title='bbox 2186 578 2404 641; x_wconf 88' lang='lat' dir='ltr'><strong>ordine</strong></span> <span class='ocrx_word' id='word_1_391' title='bbox 2449 580 2530 641; x_wconf 89' lang='lat' dir='ltr'><strong>ad</strong></span> <span class='ocrx_word' id='word_1_392' title='bbox 2569 585 2748 641; x_wconf 85' lang='lat' dir='ltr'><strong>actus</strong></span> <span class='ocrx_word' id='word_1_393' title='bbox 2795 580 2996 641; x_wconf 89' lang='lat' dir='ltr'><strong>malos</strong></span> <span class='ocrx_word' id='word_1_394' title='bbox 3043 579 3234 661; x_wconf 67' lang='lat' dir='ltr'><strong>habet</strong></span> <span class='ocrx_word' id='word_1_395' title='bbox 3283 583 3630 659; x_wconf 87' lang='lat' dir='ltr'><strong>quemdam</strong></span> 
     </span>
     <span class='ocr_line' id='line_1_60' title="bbox 2056 672 3630 753; baseline 0 -18"><span class='ocrx_word' id='word_1_396' title='bbox 2056 690 2414 746; x_wconf 83' lang='lat' dir='ltr'><strong>excessum,</strong></span> <span class='ocrx_word' id='word_1_397' title='bbox 2465 673 2529 733; x_wconf 91' lang='lat' dir='ltr'><strong>in</strong></span> <span class='ocrx_word' id='word_1_398' title='bbox 2575 679 2882 752; x_wconf 88' lang='lat' dir='ltr'><strong>quantum</strong></span> <span class='ocrx_word' id='word_1_399' title='bbox 2921 672 3056 753; x_wconf 90' lang='lat' dir='ltr'><strong>ipse</strong></span> <span class='ocrx_word' id='word_1_400' title='bbox 3097 680 3308 753; x_wconf 83' lang='lat' dir='ltr'><strong>potest</strong></span> <span class='ocrx_word' id='word_1_401' title='bbox 3361 674 3442 735; x_wconf 90' lang='lat' dir='ltr'><strong>ad</strong></span> <span class='ocrx_word' id='word_1_402' title='bbox 3477 676 3630 735; x_wconf 77' lang='lat' dir='ltr'><strong>illos</strong></span> 
     </span>
     <span class='ocr_line' id='line_1_61' title="bbox 2055 767 3434 847; baseline 0.002 -20"><span class='ocrx_word' id='word_1_403' title='bbox 2055 767 2380 846; x_wconf 86' lang='lat' dir='ltr'><strong>instigare,</strong></span> <span class='ocrx_word' id='word_1_404' title='bbox 2411 772 2476 829; x_wconf 84' lang='lat' dir='ltr'><strong>et</strong></span> <span class='ocrx_word' id='word_1_405' title='bbox 2501 784 2731 847; x_wconf 84' lang='lat' dir='ltr'><strong>magna</strong></span> <span class='ocrx_word' id='word_1_406' title='bbox 2751 767 2812 827; x_wconf 78' lang='lat' dir='ltr'><strong>vi</strong></span> <span class='ocrx_word' id='word_1_407' title='bbox 2839 768 3140 827; x_wconf 89' lang='lat' dir='ltr'><strong>inclinare</strong></span> <span class='ocrx_word' id='word_1_408' title='bbox 3163 768 3249 829; x_wconf 88' lang='lat' dir='ltr'><strong>ad</strong></span> <span class='ocrx_word' id='word_1_409' title='bbox 3275 767 3434 830; x_wconf 87' lang='lat' dir='ltr'><strong>illos.</strong></span> 
     </span>
    </p>

    <p class='ocr_par' dir='ltr' id='par_1_5' title="bbox 2041 860 3632 4750">
     <span class='ocr_line' id='line_1_62' title="bbox 2137 860 3632 942; baseline 0.003 -22"><span class='ocrx_word' id='word_1_410' title='bbox 2137 864 2196 921; x_wconf 79' lang='lat'><strong>7.</strong></span> <span class='ocrx_word' id='word_1_411' title='bbox 2231 862 2560 925; x_wconf 72' lang='lat' dir='ltr'><strong>Particula</strong></span> <span class='ocrx_word' id='word_1_412' title='bbox 2581 860 2816 933; x_wconf 84' lang='lat' dir='ltr'><strong>forsan,</strong></span> <span class='ocrx_word' id='word_1_413' title='bbox 2845 862 2993 941; x_wconf 76' lang='lat' dir='ltr'><strong>quid</strong></span> <span class='ocrx_word' id='word_1_414' title='bbox 3011 863 3078 923; x_wconf 75' lang='lat' dir='ltr'><strong>in</strong></span> <span class='ocrx_word' id='word_1_415' title='bbox 3097 865 3449 941; x_wconf 68' lang='lat' dir='ltr'><strong>futurorum</strong></span> <span class='ocrx_word' id='word_1_416' title='bbox 3463 880 3632 942; x_wconf 80' lang='lat' dir='ltr'><strong>proe-</strong></span> 
     </span>
     <span class='ocr_line' id='line_1_63' title="bbox 2057 953 3628 1035; baseline -0.002 -17"><span class='ocrx_word' id='word_1_417' title='bbox 2057 954 2415 1018; x_wconf 70' lang='lat' dir='ltr'><strong>dictionibus</strong></span> <span class='ocrx_word' id='word_1_418' title='bbox 2443 954 2512 1017; x_wconf 70' lang='lat' dir='ltr'><strong>in</strong></span> <span class='ocrx_word' id='word_1_419' title='bbox 2539 953 2898 1035; x_wconf 68' lang='lat' dir='ltr'><strong>Scriptum-is</strong></span> <span class='ocrx_word' id='word_1_420' title='bbox 2925 954 3496 1025; x_wconf 54' lang='lat' dir='ltr'><strong>denotet—Quinto</strong></span> <span class='ocrx_word' id='word_1_421' title='bbox 3524 955 3628 1029; x_wconf 75' lang='lat' dir='ltr'><strong>(ut</strong></span> 
     </span>
     <span class='ocr_line' id='line_1_64' title="bbox 2061 1047 3626 1129; baseline -0.001 -21"><span class='ocrx_word' id='word_1_422' title='bbox 2061 1048 2556 1129; x_wconf 86' lang='lat' dir='ltr'><strong>respondeamus</strong></span> <span class='ocrx_word' id='word_1_423' title='bbox 2615 1047 2988 1127; x_wconf 83' lang='lat' dir='ltr'><strong>conjecturis</strong></span> <span class='ocrx_word' id='word_1_424' title='bbox 3043 1048 3108 1108; x_wconf 90' lang='lat' dir='ltr'><strong>in</strong></span> <span class='ocrx_word' id='word_1_425' title='bbox 3165 1048 3558 1125; x_wconf 74' lang='lat' dir='ltr'><strong>contrarium)</strong></span> <span class='ocrx_word' id='word_1_426' title='bbox 3607 1094 3626 1120; x_wconf 91' lang='lat'><strong>,</strong></span> 
     </span>
     <span class='ocr_line' id='line_1_65' title="bbox 2061 1142 3628 1223; baseline -0.002 -18"><span class='ocrx_word' id='word_1_427' title='bbox 2061 1162 2294 1223; x_wconf 88' lang='lat' dir='ltr'><strong>magna</strong></span> <span class='ocrx_word' id='word_1_428' title='bbox 2341 1143 2626 1222; x_wconf 88' lang='lat' dir='ltr'><strong>deceptio</strong></span> <span class='ocrx_word' id='word_1_429' title='bbox 2671 1148 2766 1203; x_wconf 83' lang='lat' dir='ltr'><strong>est</strong></span> <span class='ocrx_word' id='word_1_430' title='bbox 2819 1143 3174 1213; x_wconf 79' lang='lat' dir='ltr'><strong>existimare</strong></span> <span class='ocrx_word' id='word_1_431' title='bbox 3197 1190 3216 1217; x_wconf 92' lang='lat'>‚</span> <span class='ocrx_word' id='word_1_432' title='bbox 3265 1142 3516 1221; x_wconf 85' lang='lat' dir='ltr'><strong>quando</strong></span> <span class='ocrx_word' id='word_1_433' title='bbox 3551 1144 3628 1203; x_wconf 83' lang='lat' dir='ltr'><strong>in</strong></span> 
     </span>
     <span class='ocr_line' id='line_1_66' title="bbox 2061 1235 3624 1316; baseline -0.002 -18"><span class='ocrx_word' id='word_1_434' title='bbox 2061 1238 2378 1316; x_wconf 87' lang='lat' dir='ltr'><strong>Scriptura</strong></span> <span class='ocrx_word' id='word_1_435' title='bbox 2401 1236 2652 1297; x_wconf 87' lang='lat' dir='ltr'><strong>additur</strong></span> <span class='ocrx_word' id='word_1_436' title='bbox 2672 1235 2976 1315; x_wconf 86' lang='lat' dir='ltr'><strong>particula</strong></span> <span class='ocrx_word' id='word_1_437' title='bbox 2993 1240 3224 1313; x_wconf 70' lang='lat' dir='ltr'><strong>forsan,</strong></span> <span class='ocrx_word' id='word_1_438' title='bbox 3251 1243 3362 1297; x_wconf 87' lang='lat' dir='ltr'><strong>aut</strong></span> <span class='ocrx_word' id='word_1_439' title='bbox 3383 1236 3624 1310; x_wconf 73' lang='lat' dir='ltr'><strong>simih’S,</strong></span> 
     </span>
     <span class='ocr_line' id='line_1_67' title="bbox 2059 1328 3628 1409; baseline -0.001 -18"><span class='ocrx_word' id='word_1_440' title='bbox 2059 1330 2122 1391; x_wconf 91' lang='lat' dir='ltr'><strong>id</strong></span> <span class='ocrx_word' id='word_1_441' title='bbox 2145 1330 2282 1391; x_wconf 86' lang='lat' dir='ltr'><strong>fieri</strong></span> <span class='ocrx_word' id='word_1_442' title='bbox 2323 1336 2578 1409; x_wconf 86' lang='lat' dir='ltr'><strong>propter</strong></span> <span class='ocrx_word' id='word_1_443' title='bbox 2617 1328 3116 1391; x_wconf 86' lang='lat' dir='ltr'><strong>incertitudinem</strong></span> <span class='ocrx_word' id='word_1_444' title='bbox 3155 1329 3386 1390; x_wconf 82' lang='lat' dir='ltr'><strong>divinae</strong></span> <span class='ocrx_word' id='word_1_445' title='bbox 3427 1328 3628 1389; x_wconf 85' lang='lat' dir='ltr'><strong>scien-</strong></span> 
     </span>
     <span class='ocr_line' id='line_1_68' title="bbox 2061 1422 3626 1503; baseline -0.001 -18"><span class='ocrx_word' id='word_1_446' title='bbox 2061 1426 2180 1497; x_wconf 71' lang='lat' dir='ltr'><strong>tire,</strong></span> <span class='ocrx_word' id='word_1_447' title='bbox 2218 1425 2389 1503; x_wconf 88' lang='lat' dir='ltr'><strong>quod</strong></span> <span class='ocrx_word' id='word_1_448' title='bbox 2413 1424 2648 1501; x_wconf 84' lang='lat' dir='ltr'><strong>ubique</strong></span> <span class='ocrx_word' id='word_1_449' title='bbox 2685 1423 2884 1483; x_wconf 87' lang='lat' dir='ltr'><strong>sancti</strong></span> <span class='ocrx_word' id='word_1_450' title='bbox 2915 1422 3130 1484; x_wconf 85' lang='lat' dir='ltr'><strong>Patres</strong></span> <span class='ocrx_word' id='word_1_451' title='bbox 3163 1428 3436 1501; x_wconf 84' lang='lat' dir='ltr'><strong>negant3</strong></span> <span class='ocrx_word' id='word_1_452' title='bbox 3480 1422 3626 1483; x_wconf 83' lang='lat' dir='ltr'><strong>Hie-—</strong></span> 
     </span>
     <span class='ocr_line' id='line_1_69' title="bbox 2054 1517 3628 1597; baseline -0.001 -18"><span class='ocrx_word' id='word_1_453' title='bbox 2054 1536 2379 1597; x_wconf 84' lang='lat' dir='ltr'><strong>ronymus,</strong></span> <span class='ocrx_word' id='word_1_454' title='bbox 2411 1518 2636 1579; x_wconf 88' lang='lat' dir='ltr'><strong>Ezech.</strong></span> <span class='ocrx_word' id='word_1_455' title='bbox 2675 1519 2736 1590; x_wconf 72' lang='lat'><strong>2,</strong></span> <span class='ocrx_word' id='word_1_456' title='bbox 2777 1521 2840 1577; x_wconf 89' lang='lat' dir='ltr'><strong>et</strong></span> <span class='ocrx_word' id='word_1_457' title='bbox 2869 1518 2998 1579; x_wconf 83' lang='lat' dir='ltr'><strong>Jer.</strong></span> <span class='ocrx_word' id='word_1_458' title='bbox 3042 1518 3122 1577; x_wconf 77' lang='lat'><strong>26</strong></span> <span class='ocrx_word' id='word_1_459' title='bbox 3155 1536 3168 1575; x_wconf 93' lang='lat'><strong>:</strong></span> <span class='ocrx_word' id='word_1_460' title='bbox 3224 1517 3478 1583; x_wconf 73' lang='lat' dir='ltr'><strong>Verbum</strong></span> <span class='ocrx_word' id='word_1_461' title='bbox 3509 1517 3628 1593; x_wconf 90' lang='lat' dir='ltr'><strong>(in-</strong></span> 
     </span>
     <span class='ocr_line' id='line_1_70' title="bbox 2054 1610 3622 1694; baseline 0 -22"><span class='ocrx_word' id='word_1_462' title='bbox 2054 1612 2212 1691; x_wconf 88' lang='lat' dir='ltr'><strong>quit)</strong></span> <span class='ocrx_word' id='word_1_463' title='bbox 2242 1610 2585 1694; x_wconf 66' lang='lat' dir='ltr'><strong>ambiquwm</strong></span> <span class='ocrx_word' id='word_1_464' title='bbox 2612 1610 2872 1672; x_wconf 83' lang='lat' dir='ltr'><strong>forsitan</strong></span> <span class='ocrx_word' id='word_1_465' title='bbox 2901 1611 3216 1690; x_wconf 74' lang='lat' dir='ltr'><strong>majestati</strong></span> <span class='ocrx_word' id='word_1_466' title='bbox 3237 1611 3356 1673; x_wconf 77' lang='lat' dir='ltr'><strong>Dei</strong></span> <span class='ocrx_word' id='word_1_467' title='bbox 3383 1629 3504 1672; x_wconf 74' lang='lat' dir='ltr'><strong>m</strong></span> <span class='ocrx_word' id='word_1_468' title='bbox 3519 1628 3622 1692; x_wconf 73' lang='lat' dir='ltr'><strong>po·</strong></span> 
     </span>
     <span class='ocr_line' id='line_1_71' title="bbox 2056 1704 3622 1783; baseline -0.001 -15"><span class='ocrx_word' id='word_1_469' title='bbox 2056 1710 2174 1769; x_wconf 74' lang='lat' dir='ltr'><strong>test</strong></span> <span class='ocrx_word' id='word_1_470' title='bbox 2201 1704 2510 1769; x_wconf 66' lang='lat' dir='ltr'><strong>convenire</strong></span> <span class='ocrx_word' id='word_1_471' title='bbox 2531 1749 2547 1777; x_wconf 91' lang='lat'><strong>,</strong></span> <span class='ocrx_word' id='word_1_472' title='bbox 2589 1704 2696 1766; x_wconf 77' lang='lat' dir='ltr'><strong>sed</strong></span> <span class='ocrx_word' id='word_1_473' title='bbox 2723 1708 2931 1767; x_wconf 73' lang='lat' dir='ltr'><strong>nostro</strong></span> <span class='ocrx_word' id='word_1_474' title='bbox 2959 1704 3232 1783; x_wconf 67' lang='lat' dir='ltr'><strong>loquitur</strong></span> <span class='ocrx_word' id='word_1_475' title='bbox 3259 1706 3514 1783; x_wconf 63' lang='lat' dir='ltr'><strong>affectu,</strong></span> <span class='ocrx_word' id='word_1_476' title='bbox 3553 1710 3622 1767; x_wconf 68' lang='lat' dir='ltr'><strong>ut</strong></span> 
     </span>
     <span class='ocr_line' id='line_1_72' title="bbox 2057 1795 3622 1861; baseline -0.003 0"><span class='ocrx_word' id='word_1_477' title='bbox 2057 1798 2306 1861; x_wconf 70' lang='lat' dir='ltr'><strong>liberum</strong></span> <span class='ocrx_word' id='word_1_478' title='bbox 2331 1795 2554 1861; x_wconf 67' lang='lat' dir='ltr'><strong>homini</strong></span> <span class='ocrx_word' id='word_1_479' title='bbox 2579 1800 2852 1859; x_wconf 74' lang='lat' dir='ltr'><strong>servetur</strong></span> <span class='ocrx_word' id='word_1_480' title='bbox 2873 1796 3216 1860; x_wconf 72' lang='lat' dir='ltr'><strong>arbitrium.</strong></span> <span class='ocrx_word' id='word_1_481' title='bbox 3255 1796 3498 1858; x_wconf 86' lang='lat' dir='ltr'><strong>Similia</strong></span> <span class='ocrx_word' id='word_1_482' title='bbox 3521 1797 3622 1856; x_wconf 87' lang='lat' dir='ltr'><strong>ha-</strong></span> 
     </span>
     <span class='ocr_line' id='line_1_73' title="bbox 2055 1888 3622 1970; baseline 0 -19"><span class='ocrx_word' id='word_1_483' title='bbox 2055 1892 2163 1952; x_wconf 85' lang='lat' dir='ltr'><strong>bet</strong></span> <span class='ocrx_word' id='word_1_484' title='bbox 2185 1890 2616 1953; x_wconf 83' lang='lat' dir='ltr'><strong>Theodoretus</strong></span> <span class='ocrx_word' id='word_1_485' title='bbox 2643 1888 2882 1953; x_wconf 85' lang='lat' dir='ltr'><strong>eisdem</strong></span> <span class='ocrx_word' id='word_1_486' title='bbox 2910 1890 3062 1951; x_wconf 87' lang='lat' dir='ltr'><strong>locis</strong></span> <span class='ocrx_word' id='word_1_487' title='bbox 3089 1907 3104 1949; x_wconf 90' lang='lat'><strong>:</strong></span> <span class='ocrx_word' id='word_1_488' title='bbox 3133 1888 3281 1953; x_wconf 77' lang='lat' dir='ltr'><strong>Non</strong></span> <span class='ocrx_word' id='word_1_489' title='bbox 3301 1888 3622 1970; x_wconf 60' lang='lat' dir='ltr'><strong>{quor-anda·</strong></span> 
     </span>
     <span class='ocr_line' id='line_1_74' title="bbox 2056 1981 3624 2063; baseline -0.002 -18"><span class='ocrx_word' id='word_1_490' title='bbox 2056 1985 2302 2063; x_wconf 84' lang='lat' dir='ltr'><strong>(inquit)</strong></span> <span class='ocrx_word' id='word_1_491' title='bbox 2331 1986 2572 2048; x_wconf 73' lang='lat' dir='ltr'><strong>verbum</strong></span> <span class='ocrx_word' id='word_1_492' title='bbox 2597 1988 2708 2047; x_wconf 75' lang='lat' dir='ltr'><strong>eet.</strong></span> <span class='ocrx_word' id='word_1_493' title='bbox 2741 1985 2815 2045; x_wconf 87' lang='lat' dir='ltr'><strong>Et</strong></span> <span class='ocrx_word' id='word_1_494' title='bbox 2843 1983 3230 2055; x_wconf 85' lang='lat' dir='ltr'><strong>Ambrosius,</strong></span> <span class='ocrx_word' id='word_1_495' title='bbox 3255 1982 3300 2041; x_wconf 93' lang='grc'><strong>1.</strong></span> <span class='ocrx_word' id='word_1_496' title='bbox 3325 1984 3366 2043; x_wconf 76' lang='lat'><strong>2</strong></span> <span class='ocrx_word' id='word_1_497' title='bbox 3387 1981 3470 2043; x_wconf 91' lang='lat' dir='ltr'><strong>de</strong></span> <span class='ocrx_word' id='word_1_498' title='bbox 3497 1984 3624 2043; x_wconf 71' lang='grc' dir='ltr'><strong>Ρω-</strong></span> 
     </span>
     <span class='ocr_line' id='line_1_75' title="bbox 2053 2076 3620 2152; baseline -0.003 -13"><span class='ocrx_word' id='word_1_499' title='bbox 2053 2080 2195 2152; x_wconf 87' lang='lat' dir='ltr'><strong>nit.,</strong></span> <span class='ocrx_word' id='word_1_500' title='bbox 2229 2097 2282 2140; x_wconf 91' lang='lat' dir='ltr'><strong>c.</strong></span> <span class='ocrx_word' id='word_1_501' title='bbox 2317 2080 2378 2151; x_wconf 81' lang='lat'><strong>5,</strong></span> <span class='ocrx_word' id='word_1_502' title='bbox 2407 2078 2574 2139; x_wconf 91' lang='lat' dir='ltr'><strong>idem</strong></span> <span class='ocrx_word' id='word_1_503' title='bbox 2601 2084 2898 2151; x_wconf 86' lang='lat' dir='ltr'><strong>tractans,</strong></span> <span class='ocrx_word' id='word_1_504' title='bbox 2925 2077 3111 2139; x_wconf 83' lang='lat' dir='ltr'><strong>infert</strong></span> <span class='ocrx_word' id='word_1_505' title='bbox 3141 2082 3212 2137; x_wconf 87' lang='lat' dir='ltr'><strong>ut</strong></span> <span class='ocrx_word' id='word_1_506' title='bbox 3235 2076 3620 2137; x_wconf 85' lang='lat' dir='ltr'><strong>absurdum:</strong></span> 
     </span>
     <span class='ocr_line' id='line_1_76' title="bbox 2053 2170 3628 2253; baseline -0.003 -19"><span class='ocrx_word' id='word_1_507' title='bbox 2053 2172 2284 2236; x_wconf 77' lang='lat' dir='ltr'><strong>Dicant</strong></span> <span class='ocrx_word' id='word_1_508' title='bbox 2311 2190 2450 2253; x_wconf 68' lang='lat' dir='ltr'><strong>erqo</strong></span> <span class='ocrx_word' id='word_1_509' title='bbox 2476 2173 2808 2235; x_wconf 73' lang='lat' dir='ltr'><strong>Dominum</strong></span> <span class='ocrx_word' id='word_1_510' title='bbox 2833 2170 3150 2251; x_wconf 65' lang='lat' dir='ltr'><strong>iquorasse</strong></span> <span class='ocrx_word' id='word_1_511' title='bbox 3175 2170 3331 2250; x_wconf 75' lang='lat' dir='ltr'><strong>quid</strong></span> <span class='ocrx_word' id='word_1_512' title='bbox 3351 2176 3511 2231; x_wconf 76' lang='lat' dir='ltr'><strong>esset</strong></span> <span class='ocrx_word' id='word_1_513' title='bbox 3529 2174 3628 2245; x_wconf 63' lang='lat' dir='ltr'><strong>,fu-</strong></span> 
     </span>
     <span class='ocr_line' id='line_1_77' title="bbox 2049 2264 3622 2342; baseline -0.002 -15"><span class='ocrx_word' id='word_1_514' title='bbox 2049 2270 2278 2327; x_wconf 74' lang='lat' dir='ltr'><strong>tmm.</strong></span> <span class='ocrx_word' id='word_1_515' title='bbox 2313 2265 2488 2327; x_wconf 89' lang='lat' dir='ltr'><strong>Idem</strong></span> <span class='ocrx_word' id='word_1_516' title='bbox 2516 2265 2844 2336; x_wconf 82' lang='lat' dir='ltr'><strong>Eusebius,</strong></span> <span class='ocrx_word' id='word_1_517' title='bbox 2875 2264 2918 2323; x_wconf 92' lang='lat' dir='ltr'><strong>l.</strong></span> <span class='ocrx_word' id='word_1_518' title='bbox 2947 2266 2990 2325; x_wconf 89' lang='grc'>6</span> <span class='ocrx_word' id='word_1_519' title='bbox 3021 2264 3100 2325; x_wconf 91' lang='lat' dir='ltr'><strong>de</strong></span> <span class='ocrx_word' id='word_1_520' title='bbox 3128 2266 3438 2342; x_wconf 75' lang='lat' dir='ltr'><strong>Praepar.,</strong></span> <span class='ocrx_word' id='word_1_521' title='bbox 3461 2282 3518 2322; x_wconf 90' lang='lat' dir='ltr'><strong>c.</strong></span> <span class='ocrx_word' id='word_1_522' title='bbox 3547 2265 3622 2335; x_wconf 76' lang='lat'><strong>93</strong></span> 
     </span>
     <span class='ocr_line' id='line_1_78' title="bbox 2051 2357 3626 2437; baseline -0.001 -17"><span class='ocrx_word' id='word_1_523' title='bbox 2051 2360 2557 2437; x_wconf 74' lang='lat' dir='ltr'><strong>chrysostomuS,</strong></span> <span class='ocrx_word' id='word_1_524' title='bbox 2585 2362 2860 2419; x_wconf 87' lang='lat' dir='ltr'><strong>tractans</strong></span> <span class='ocrx_word' id='word_1_525' title='bbox 2887 2357 3038 2419; x_wconf 90' lang='lat' dir='ltr'><strong>illud</strong></span> <span class='ocrx_word' id='word_1_526' title='bbox 3062 2358 3280 2419; x_wconf 78' lang='lat' dir='ltr'><strong>Matth.</strong></span> <span class='ocrx_word' id='word_1_527' title='bbox 3305 2358 3411 2417; x_wconf 74' lang='lat'><strong>21:</strong></span> <span class='ocrx_word' id='word_1_528' title='bbox 3460 2357 3626 2421; x_wconf 74' lang='lat' dir='ltr'><strong>Vere-</strong></span> 
     </span>
     <span class='ocr_line' id='line_1_79' title="bbox 2051 2450 3626 2533; baseline -0.003 -20"><span class='ocrx_word' id='word_1_529' title='bbox 2051 2452 2278 2514; x_wconf 73' lang='lat' dir='ltr'><strong>bantur</strong></span> <span class='ocrx_word' id='word_1_530' title='bbox 2317 2456 2478 2533; x_wconf 66' lang='lat' dir='ltr'><strong>forts</strong></span> <span class='ocrx_word' id='word_1_531' title='bbox 2514 2450 2712 2531; x_wconf 73' lang='lat' dir='ltr'><strong>filium</strong></span> <span class='ocrx_word' id='word_1_532' title='bbox 2750 2468 2944 2513; x_wconf 71' lang='lat' dir='ltr'><strong>mmm</strong></span> <span class='ocrx_word' id='word_1_533' title='bbox 2973 2476 2998 2521; x_wconf 92' lang='lat'><strong>,·</strong></span> <span class='ocrx_word' id='word_1_534' title='bbox 3045 2451 3120 2511; x_wconf 87' lang='lat' dir='ltr'><strong>D.</strong></span> <span class='ocrx_word' id='word_1_535' title='bbox 3161 2451 3444 2511; x_wconf 82' lang='lat' dir='ltr'><strong>Thomas</strong></span> <span class='ocrx_word' id='word_1_536' title='bbox 3485 2468 3626 2509; x_wconf 86' lang='lat' dir='ltr'><strong>eum</strong></span> 
     </span>
     <span class='ocr_line' id='line_1_80' title="bbox 2051 2542 3628 2625; baseline -0.003 -19"><span class='ocrx_word' id='word_1_537' title='bbox 2051 2545 2334 2625; x_wconf 89' lang='lat' dir='ltr'><strong>Remigio</strong></span> <span class='ocrx_word' id='word_1_538' title='bbox 2369 2549 2430 2605; x_wconf 92' lang='lat' dir='ltr'><strong>et</strong></span> <span class='ocrx_word' id='word_1_539' title='bbox 2461 2544 2619 2616; x_wconf 86' lang='lat' dir='ltr'><strong>aliis,</strong></span> <span class='ocrx_word' id='word_1_540' title='bbox 2657 2544 2874 2605; x_wconf 84' lang='lat' dir='ltr'><strong>Matth.</strong></span> <span class='ocrx_word' id='word_1_541' title='bbox 2927 2548 3018 2603; x_wconf 82' lang='grc'><strong>11.</strong></span> <span class='ocrx_word' id='word_1_542' title='bbox 3067 2545 3138 2605; x_wconf 88' lang='grc'><strong>111</strong></span> <span class='ocrx_word' id='word_1_543' title='bbox 3175 2545 3358 2621; x_wconf 84' lang='lat' dir='ltr'><strong>cujus</strong></span> <span class='ocrx_word' id='word_1_544' title='bbox 3403 2542 3628 2603; x_wconf 77' lang='lat' dir='ltr'><strong>contir-</strong></span> 
     </span>
     <span class='ocr_line' id='line_1_81' title="bbox 2051 2636 3626 2716; baseline -0.001 -17"><span class='ocrx_word' id='word_1_545' title='bbox 2051 2639 2390 2699; x_wconf 86' lang='lat' dir='ltr'><strong>mationem</strong></span> <span class='ocrx_word' id='word_1_546' title='bbox 2421 2637 2646 2698; x_wconf 84' lang='lat' dir='ltr'><strong>adduci</strong></span> <span class='ocrx_word' id='word_1_547' title='bbox 2678 2642 2880 2716; x_wconf 87' lang='lat' dir='ltr'><strong>potest</strong></span> <span class='ocrx_word' id='word_1_548' title='bbox 2911 2636 3084 2715; x_wconf 88' lang='lat' dir='ltr'><strong>quod</strong></span> <span class='ocrx_word' id='word_1_549' title='bbox 3115 2637 3180 2697; x_wconf 90' lang='lat' dir='ltr'><strong>in</strong></span> <span class='ocrx_word' id='word_1_550' title='bbox 3213 2637 3412 2697; x_wconf 86' lang='lat' dir='ltr'><strong>rebus</strong></span> <span class='ocrx_word' id='word_1_551' title='bbox 3441 2637 3626 2697; x_wconf 88' lang='lat' dir='ltr'><strong>etiam</strong></span> 
     </span>
     <span class='ocr_line' id='line_1_82' title="bbox 2048 2728 3622 2807; baseline -0.003 -16"><span class='ocrx_word' id='word_1_552' title='bbox 2048 2730 2408 2791; x_wconf 87' lang='lat' dir='ltr'><strong>certissimis</strong></span> <span class='ocrx_word' id='word_1_553' title='bbox 2435 2730 2684 2791; x_wconf 86' lang='lat' dir='ltr'><strong>additur</strong></span> <span class='ocrx_word' id='word_1_554' title='bbox 2709 2728 3022 2791; x_wconf 88' lang='lat' dir='ltr'><strong>interdum</strong></span> <span class='ocrx_word' id='word_1_555' title='bbox 3045 2729 3262 2789; x_wconf 87' lang='lat' dir='ltr'><strong>similis</strong></span> <span class='ocrx_word' id='word_1_556' title='bbox 3288 2729 3622 2807; x_wconf 85' lang='lat' dir='ltr'><strong>particula,</strong></span> 
     </span>
     <span class='ocr_line' id='line_1_83' title="bbox 2043 2820 3628 2902; baseline -0.001 -17"><span class='ocrx_word' id='word_1_557' title='bbox 2043 2828 2226 2902; x_wconf 50' lang='lat' dir='ltr'><strong>fort&amp;</strong></span> <span class='ocrx_word' id='word_1_558' title='bbox 2255 2826 2438 2886; x_wconf 86' lang='lat' dir='ltr'><strong>Joan.</strong></span> <span class='ocrx_word' id='word_1_559' title='bbox 2461 2825 2502 2886; x_wconf 87' lang='lat'>8</span> <span class='ocrx_word' id='word_1_560' title='bbox 2531 2843 2546 2883; x_wconf 73' lang='grc' dir='ltr'>ε</span> <span class='ocrx_word' id='word_1_561' title='bbox 2589 2823 2670 2887; x_wconf 80' lang='lat' dir='ltr'><strong>Si</strong></span> <span class='ocrx_word' id='word_1_562' title='bbox 2696 2840 2788 2886; x_wconf 75' lang='lat' dir='ltr'><strong>me</strong></span> <span class='ocrx_word' id='word_1_563' title='bbox 2810 2822 3076 2896; x_wconf 66' lang='lat' dir='ltr'><strong>sciretis,</strong></span> <span class='ocrx_word' id='word_1_564' title='bbox 3103 2822 3378 2900; x_wconf 65' lang='lat' dir='ltr'><strong>forsitan</strong></span> <span class='ocrx_word' id='word_1_565' title='bbox 3405 2827 3466 2884; x_wconf 78' lang='lat' dir='ltr'><strong>et</strong></span> <span class='ocrx_word' id='word_1_566' title='bbox 3499 2820 3628 2883; x_wconf 88' lang='lat' dir='ltr'><strong>Pa·</strong></span> 
     </span>
     <span class='ocr_line' id='line_1_84' title="bbox 2049 2914 3628 2988; baseline -0.003 -9"><span class='ocrx_word' id='word_1_567' title='bbox 2049 2922 2202 2979; x_wconf 76' lang='lat' dir='ltr'><strong>trem</strong></span> <span class='ocrx_word' id='word_1_568' title='bbox 2229 2934 2420 2978; x_wconf 76' lang='lat' dir='ltr'><strong>meum</strong></span> <span class='ocrx_word' id='word_1_569' title='bbox 2445 2918 2686 2980; x_wconf 73' lang='lat' dir='ltr'><strong>sciretis</strong></span> <span class='ocrx_word' id='word_1_570' title='bbox 2713 2943 2738 2988; x_wconf 83' lang='lat'><strong>,·</strong></span> <span class='ocrx_word' id='word_1_571' title='bbox 2773 2921 2836 2974; x_wconf 89' lang='lat' dir='ltr'><strong>et</strong></span> <span class='ocrx_word' id='word_1_572' title='bbox 2861 2916 3045 2977; x_wconf 87' lang='grc'><strong>10311.</strong></span> <span class='ocrx_word' id='word_1_573' title='bbox 3075 2918 3151 2975; x_wconf 76' lang='lat'><strong>5:</strong></span> <span class='ocrx_word' id='word_1_574' title='bbox 3195 2914 3276 2977; x_wconf 76' lang='lat' dir='ltr'><strong>Si</strong></span> <span class='ocrx_word' id='word_1_575' title='bbox 3301 2916 3628 2977; x_wconf 72' lang='lat' dir='ltr'><strong>crederetis</strong></span> 
     </span>
     <span class='ocr_line' id='line_1_85' title="bbox 2047 3008 3630 3088; baseline -0.001 -19"><span class='ocrx_word' id='word_1_576' title='bbox 2047 3008 2277 3088; x_wconf 68' lang='lat' dir='ltr'><strong>Moysi,</strong></span> <span class='ocrx_word' id='word_1_577' title='bbox 2321 3008 2586 3088; x_wconf 66' lang='lat' dir='ltr'><strong>forsitan</strong></span> <span class='ocrx_word' id='word_1_578' title='bbox 2611 3013 2670 3071; x_wconf 79' lang='lat' dir='ltr'><strong>et</strong></span> <span class='ocrx_word' id='word_1_579' title='bbox 2701 3009 2852 3073; x_wconf 68' lang='lat' dir='ltr'><strong>milti</strong></span> <span class='ocrx_word' id='word_1_580' title='bbox 2873 3034 2899 3080; x_wconf 90' lang='lat'><strong>,·</strong></span> <span class='ocrx_word' id='word_1_581' title='bbox 2943 3011 3150 3069; x_wconf 80' lang='lat' dir='ltr'><strong>Actor.</strong></span> <span class='ocrx_word' id='word_1_582' title='bbox 3183 3010 3263 3069; x_wconf 84' lang='lat'><strong>8:</strong></span> <span class='ocrx_word' id='word_1_583' title='bbox 3309 3009 3630 3071; x_wconf 60' lang='lat' dir='ltr'><strong>Paeniten-</strong></span> 
     </span>
     <span class='ocr_line' id='line_1_86' title="bbox 2045 3102 3628 3186; baseline -0.003 -20"><span class='ocrx_word' id='word_1_584' title='bbox 2045 3104 2196 3167; x_wconf 79' lang='lat' dir='ltr'><strong>tiam</strong></span> <span class='ocrx_word' id='word_1_585' title='bbox 2233 3123 2358 3186; x_wconf 67' lang='lat' dir='ltr'><strong>aye,</strong></span> <span class='ocrx_word' id='word_1_586' title='bbox 2402 3104 2460 3167; x_wconf 76' lang='lat' dir='ltr'><strong>si</strong></span> <span class='ocrx_word' id='word_1_587' title='bbox 2495 3106 2658 3182; x_wconf 73' lang='lat' dir='ltr'><strong>sorte</strong></span> <span class='ocrx_word' id='word_1_588' title='bbox 2695 3105 3052 3169; x_wconf 69' lang='lat' dir='ltr'><strong>rmittatwr</strong></span> <span class='ocrx_word' id='word_1_589' title='bbox 3081 3103 3210 3164; x_wconf 78' lang='lat' dir='ltr'><strong>tibi.</strong></span> <span class='ocrx_word' id='word_1_590' title='bbox 3253 3103 3462 3182; x_wconf 84' lang='lat' dir='ltr'><strong>Igitur</strong></span> <span class='ocrx_word' id='word_1_591' title='bbox 3489 3102 3628 3162; x_wconf 78' lang='lat' dir='ltr'><strong>haee</strong></span> 
     </span>
     <span class='ocr_line' id='line_1_87' title="bbox 2045 3195 3624 3275; baseline -0.001 -19"><span class='ocrx_word' id='word_1_592' title='bbox 2045 3196 2354 3275; x_wconf 83' lang='lat' dir='ltr'><strong>particula</strong></span> <span class='ocrx_word' id='word_1_593' title='bbox 2397 3196 2712 3258; x_wconf 84' lang='lat' dir='ltr'><strong>interdum</strong></span> <span class='ocrx_word' id='word_1_594' title='bbox 2749 3197 3001 3258; x_wconf 85' lang='lat' dir='ltr'><strong>additur</strong></span> <span class='ocrx_word' id='word_1_595' title='bbox 3027 3196 3293 3274; x_wconf 87' lang='lat' dir='ltr'><strong>alicujus</strong></span> <span class='ocrx_word' id='word_1_596' title='bbox 3337 3195 3624 3274; x_wconf 82' lang='lat' dir='ltr'><strong>mysterii</strong></span> 
     </span>
     <span class='ocr_line' id='line_1_88' title="bbox 2047 3288 3628 3368; baseline -0.001 -18"><span class='ocrx_word' id='word_1_597' title='bbox 2047 3289 2439 3368; x_wconf 83' lang='lat' dir='ltr'><strong>significandi</strong></span> <span class='ocrx_word' id='word_1_598' title='bbox 2483 3308 2699 3362; x_wconf 84' lang='lat' dir='ltr'><strong>causa,</strong></span> <span class='ocrx_word' id='word_1_599' title='bbox 2747 3290 3001 3363; x_wconf 85' lang='lat' dir='ltr'><strong>scilicet,</strong></span> <span class='ocrx_word' id='word_1_600' title='bbox 3055 3289 3152 3350; x_wconf 83' lang='lat' dir='ltr'><strong>vel</strong></span> <span class='ocrx_word' id='word_1_601' title='bbox 3191 3289 3274 3350; x_wconf 84' lang='lat' dir='ltr'><strong>ad</strong></span> <span class='ocrx_word' id='word_1_602' title='bbox 3317 3288 3628 3348; x_wconf 80' lang='lat' dir='ltr'><strong>denotan—</strong></span> 
     </span>
     <span class='ocr_line' id='line_1_89' title="bbox 2047 3381 3630 3460; baseline -0.001 -18"><span class='ocrx_word' id='word_1_603' title='bbox 2047 3381 2194 3442; x_wconf 87' lang='lat' dir='ltr'><strong>dam</strong></span> <span class='ocrx_word' id='word_1_604' title='bbox 2243 3383 2482 3444; x_wconf 81' lang='lat' dir='ltr'><strong>arhitrii</strong></span> <span class='ocrx_word' id='word_1_605' title='bbox 2523 3383 2876 3444; x_wconf 83' lang='lat' dir='ltr'><strong>libertatem</strong></span> <span class='ocrx_word' id='word_1_606' title='bbox 2903 3427 2918 3456; x_wconf 91' lang='lat'><strong>,</strong></span> <span class='ocrx_word' id='word_1_607' title='bbox 2972 3389 3042 3444; x_wconf 90' lang='lat' dir='ltr'><strong>ut</strong></span> <span class='ocrx_word' id='word_1_608' title='bbox 3088 3381 3515 3460; x_wconf 79' lang='lat' dir='ltr'><strong>Hieronymus</strong></span> <span class='ocrx_word' id='word_1_609' title='bbox 3561 3387 3630 3440; x_wconf 86' lang='lat' dir='ltr'><strong>et</strong></span> 
     </span>
     <span class='ocr_line' id='line_1_90' title="bbox 2048 3475 3629 3556; baseline -0.001 -18"><span class='ocrx_word' id='word_1_610' title='bbox 2048 3477 2151 3538; x_wconf 86' lang='lat' dir='ltr'><strong>alii</strong></span> <span class='ocrx_word' id='word_1_611' title='bbox 2179 3485 2504 3550; x_wconf 87' lang='lat' dir='ltr'><strong>asserunt;</strong></span> <span class='ocrx_word' id='word_1_612' title='bbox 2551 3479 2648 3540; x_wconf 83' lang='lat' dir='ltr'><strong>vel</strong></span> <span class='ocrx_word' id='word_1_613' title='bbox 2677 3478 2762 3538; x_wconf 86' lang='lat' dir='ltr'><strong>ad</strong></span> <span class='ocrx_word' id='word_1_614' title='bbox 2787 3475 3266 3556; x_wconf 81' lang='lat' dir='ltr'><strong>significandam</strong></span> <span class='ocrx_word' id='word_1_615' title='bbox 3293 3475 3629 3536; x_wconf 79' lang='lat' dir='ltr'><strong>difficulta—</strong></span> 
     </span>
     <span class='ocr_line' id='line_1_91' title="bbox 2047 3569 3629 3649; baseline -0.002 -19"><span class='ocrx_word' id='word_1_616' title='bbox 2047 3575 2176 3630; x_wconf 89' lang='lat' dir='ltr'><strong>tem</strong></span> <span class='ocrx_word' id='word_1_617' title='bbox 2205 3571 2348 3632; x_wconf 86' lang='lat' dir='ltr'><strong>talis</strong></span> <span class='ocrx_word' id='word_1_618' title='bbox 2373 3571 2658 3645; x_wconf 81' lang='lat' dir='ltr'><strong>effectus,</strong></span> <span class='ocrx_word' id='word_1_619' title='bbox 2681 3577 2750 3631; x_wconf 90' lang='lat' dir='ltr'><strong>ut</strong></span> <span class='ocrx_word' id='word_1_620' title='bbox 2781 3570 2867 3632; x_wconf 86' lang='lat' dir='ltr'><strong>ait</strong></span> <span class='ocrx_word' id='word_1_621' title='bbox 2889 3569 3252 3649; x_wconf 74' lang='lat' dir='ltr'><strong>GregoriuS,</strong></span> <span class='ocrx_word' id='word_1_622' title='bbox 3289 3569 3510 3630; x_wconf 87' lang='lat' dir='ltr'><strong>homil.</strong></span> <span class='ocrx_word' id='word_1_623' title='bbox 3549 3570 3629 3628; x_wconf 81' lang='lat'><strong>18</strong></span> 
     </span>
     <span class='ocr_line' id='line_1_92' title="bbox 2047 3661 3626 3738; baseline -0.002 -15"><span class='ocrx_word' id='word_1_624' title='bbox 2047 3663 2114 3724; x_wconf 93' lang='grc'><strong>111</strong></span> <span class='ocrx_word' id='word_1_625' title='bbox 2143 3663 2552 3725; x_wconf 81' lang='lat' dir='ltr'><strong>Ezechielem.</strong></span> <span class='ocrx_word' id='word_1_626' title='bbox 2587 3663 2907 3724; x_wconf 84' lang='lat' dir='ltr'><strong>Interdum</strong></span> <span class='ocrx_word' id='word_1_627' title='bbox 2934 3681 3084 3723; x_wconf 79' lang='lat' dir='ltr'><strong>vero</strong></span> <span class='ocrx_word' id='word_1_628' title='bbox 3111 3661 3224 3738; x_wconf 85' lang='lat' dir='ltr'><strong>(ait</strong></span> <span class='ocrx_word' id='word_1_629' title='bbox 3251 3661 3626 3722; x_wconf 81' lang='lat' dir='ltr'><strong>Ambrosius</strong></span> 
     </span>
     <span class='ocr_line' id='line_1_93' title="bbox 2045 3753 3626 3836; baseline -0.003 -20"><span class='ocrx_word' id='word_1_630' title='bbox 2045 3757 2258 3835; x_wconf 87' lang='lat' dir='ltr'><strong>supra)</strong></span> <span class='ocrx_word' id='word_1_631' title='bbox 2305 3765 2400 3818; x_wconf 92' lang='lat' dir='ltr'><strong>est</strong></span> <span class='ocrx_word' id='word_1_632' title='bbox 2442 3756 2686 3836; x_wconf 84' lang='lat' dir='ltr'><strong>phrasis</strong></span> <span class='ocrx_word' id='word_1_633' title='bbox 2735 3763 2800 3818; x_wconf 87' lang='lat' dir='ltr'><strong>et</strong></span> <span class='ocrx_word' id='word_1_634' title='bbox 2833 3755 3059 3818; x_wconf 84' lang='lat' dir='ltr'><strong>modus</strong></span> <span class='ocrx_word' id='word_1_635' title='bbox 3089 3753 3398 3832; x_wconf 86' lang='lat' dir='ltr'><strong>loquendi</strong></span> <span class='ocrx_word' id='word_1_636' title='bbox 3453 3754 3626 3816; x_wconf 84' lang='lat' dir='ltr'><strong>Scri-</strong></span> 
     </span>
     <span class='ocr_line' id='line_1_94' title="bbox 2043 3847 3624 3928; baseline -0.001 -18"><span class='ocrx_word' id='word_1_637' title='bbox 2043 3855 2268 3928; x_wconf 77' lang='lat' dir='ltr'><strong>pturoe,</strong></span> <span class='ocrx_word' id='word_1_638' title='bbox 2301 3867 2442 3928; x_wconf 73' lang='lat' dir='ltr'><strong>quae</strong></span> <span class='ocrx_word' id='word_1_639' title='bbox 2471 3849 2748 3912; x_wconf 90' lang='lat' dir='ltr'><strong>humano</strong></span> <span class='ocrx_word' id='word_1_640' title='bbox 2785 3867 2962 3910; x_wconf 86' lang='lat' dir='ltr'><strong>more</strong></span> <span class='ocrx_word' id='word_1_641' title='bbox 2989 3848 3074 3909; x_wconf 83' lang='lat' dir='ltr'><strong>ad</strong></span> <span class='ocrx_word' id='word_1_642' title='bbox 3101 3848 3394 3909; x_wconf 87' lang='lat' dir='ltr'><strong>homines</strong></span> <span class='ocrx_word' id='word_1_643' title='bbox 3423 3847 3624 3925; x_wconf 88' lang='lat' dir='ltr'><strong>loqui-</strong></span> 
     </span>
     <span class='ocr_line' id='line_1_95' title="bbox 2043 3941 3616 4021; baseline -0.002 -19"><span class='ocrx_word' id='word_1_644' title='bbox 2043 3948 2166 4014; x_wconf 80' lang='lat' dir='ltr'><strong>tur,</strong></span> <span class='ocrx_word' id='word_1_645' title='bbox 2193 3941 2364 4021; x_wconf 87' lang='lat' dir='ltr'><strong>quod</strong></span> <span class='ocrx_word' id='word_1_646' title='bbox 2383 3941 2752 4021; x_wconf 79' lang='lat' dir='ltr'><strong>significavit</strong></span> <span class='ocrx_word' id='word_1_647' title='bbox 2777 3943 2966 4004; x_wconf 85' lang='lat' dir='ltr'><strong>etiam</strong></span> <span class='ocrx_word' id='word_1_648' title='bbox 2989 3941 3405 4020; x_wconf 81' lang='lat' dir='ltr'><strong>Augustinus,</strong></span> <span class='ocrx_word' id='word_1_649' title='bbox 3435 3947 3616 4002; x_wconf 84' lang='lat' dir='ltr'><strong>tract.</strong></span> 
     </span>
     <span class='ocr_line' id='line_1_96' title="bbox 2043 4033 3620 4108; baseline -0.001 -12"><span class='ocrx_word' id='word_1_650' title='bbox 2043 4037 2120 4096; x_wconf 85' lang='lat'><strong>37</strong></span> <span class='ocrx_word' id='word_1_651' title='bbox 2163 4035 2226 4096; x_wconf 89' lang='lat' dir='ltr'><strong>in</strong></span> <span class='ocrx_word' id='word_1_652' title='bbox 2266 4036 2452 4097; x_wconf 79' lang='lat' dir='ltr'><strong>Joan.</strong></span> <span class='ocrx_word' id='word_1_653' title='bbox 2477 4079 2494 4108; x_wconf 91' lang='lat'><strong>,</strong></span> <span class='ocrx_word' id='word_1_654' title='bbox 2535 4041 2600 4097; x_wconf 84' lang='lat' dir='ltr'><strong>et</strong></span> <span class='ocrx_word' id='word_1_655' title='bbox 2641 4037 2924 4096; x_wconf 75' lang='lat' dir='ltr'><strong>Euat-rat.</strong></span> <span class='ocrx_word' id='word_1_656' title='bbox 2969 4035 3036 4094; x_wconf 89' lang='lat' dir='ltr'><strong>in</strong></span> <span class='ocrx_word' id='word_1_657' title='bbox 3075 4034 3301 4095; x_wconf 87' lang='lat' dir='ltr'><strong>Psalm.</strong></span> <span class='ocrx_word' id='word_1_658' title='bbox 3351 4036 3413 4108; x_wconf 72' lang='grc' dir='ltr'><strong>Ξ,</strong></span> <span class='ocrx_word' id='word_1_659' title='bbox 3455 4033 3620 4094; x_wconf 79' lang='lat' dir='ltr'><strong>circa</strong></span> 
     </span>
     <span class='ocr_line' id='line_1_97' title="bbox 2043 4128 3614 4210; baseline 0 -22"><span class='ocrx_word' id='word_1_660' title='bbox 2043 4129 2146 4188; x_wconf 87' lang='lat' dir='ltr'><strong>illa</strong></span> <span class='ocrx_word' id='word_1_661' title='bbox 2195 4129 2390 4190; x_wconf 80' lang='lat' dir='ltr'><strong>verba</strong></span> <span class='ocrx_word' id='word_1_662' title='bbox 2436 4147 2451 4189; x_wconf 88' lang='lat'><strong>:</strong></span> <span class='ocrx_word' id='word_1_663' title='bbox 2505 4128 2604 4194; x_wconf 76' lang='lat' dir='ltr'><strong>No</strong></span> <span class='ocrx_word' id='word_1_664' title='bbox 2653 4130 2890 4210; x_wconf 71' lang='lat' dir='ltr'><strong>quando</strong></span> <span class='ocrx_word' id='word_1_665' title='bbox 2933 4129 3248 4192; x_wconf 70' lang='lat' dir='ltr'><strong>irascetur</strong></span> <span class='ocrx_word' id='word_1_666' title='bbox 3291 4129 3614 4191; x_wconf 54' lang='lat' dir='ltr'><strong>&amp;minua</strong></span> 
     </span>
     <span class='ocr_line' id='line_1_98' title="bbox 2041 4221 3622 4306; baseline -0.001 -23"><span class='ocrx_word' id='word_1_667' title='bbox 2041 4221 2310 4284; x_wconf 86' lang='lat' dir='ltr'><strong>Ulterius</strong></span> <span class='ocrx_word' id='word_1_668' title='bbox 2343 4222 2408 4282; x_wconf 87' lang='lat' dir='ltr'><strong>in</strong></span> <span class='ocrx_word' id='word_1_669' title='bbox 2451 4222 2670 4306; x_wconf 58' lang='lat' dir='ltr'><strong>graecis</strong></span> <span class='ocrx_word' id='word_1_670' title='bbox 2709 4221 3030 4283; x_wconf 87' lang='lat' dir='ltr'><strong>codicibus</strong></span> <span class='ocrx_word' id='word_1_671' title='bbox 3073 4239 3248 4300; x_wconf 83' lang='lat' dir='ltr'><strong>saepe</strong></span> <span class='ocrx_word' id='word_1_672' title='bbox 3291 4228 3391 4284; x_wconf 83' lang='lat' dir='ltr'><strong>est</strong></span> <span class='ocrx_word' id='word_1_673' title='bbox 3431 4221 3622 4300; x_wconf 84' lang='lat' dir='ltr'><strong>parti-</strong></span> 
     </span>
     <span class='ocr_line' id='line_1_99' title="bbox 2041 4314 3620 4394; baseline -0.001 -18"><span class='ocrx_word' id='word_1_674' title='bbox 2041 4315 2206 4390; x_wconf 89' lang='lat' dir='ltr'><strong>cula,</strong></span> <span class='ocrx_word' id='word_1_675' title='bbox 2235 4334 2376 4394; x_wconf 86' lang='lat' dir='ltr'><strong>quse</strong></span> <span class='ocrx_word' id='word_1_676' title='bbox 2406 4315 2842 4376; x_wconf 84' lang='lat' dir='ltr'><strong>certitudinem</strong></span> <span class='ocrx_word' id='word_1_677' title='bbox 2863 4315 3072 4394; x_wconf 82' lang='lat' dir='ltr'><strong>potius</strong></span> <span class='ocrx_word' id='word_1_678' title='bbox 3093 4333 3284 4394; x_wconf 82' lang='lat' dir='ltr'><strong>quam</strong></span> <span class='ocrx_word' id='word_1_679' title='bbox 3309 4314 3620 4394; x_wconf 84' lang='lat' dir='ltr'><strong>ambigui-</strong></span> 
     </span>
     <span class='ocr_line' id='line_1_100' title="bbox 2041 4407 3619 4488; baseline 0 -19"><span class='ocrx_word' id='word_1_680' title='bbox 2041 4414 2236 4469; x_wconf 85' lang='lat' dir='ltr'><strong>tatem</strong></span> <span class='ocrx_word' id='word_1_681' title='bbox 2267 4409 2546 4480; x_wconf 88' lang='lat' dir='ltr'><strong>denotat,</strong></span> <span class='ocrx_word' id='word_1_682' title='bbox 2595 4414 2658 4470; x_wconf 85' lang='lat' dir='ltr'><strong>et</strong></span> <span class='ocrx_word' id='word_1_683' title='bbox 2683 4408 2838 4468; x_wconf 85' lang='lat' dir='ltr'><strong>verti</strong></span> <span class='ocrx_word' id='word_1_684' title='bbox 2881 4413 3096 4486; x_wconf 85' lang='lat' dir='ltr'><strong>posset</strong></span> <span class='ocrx_word' id='word_1_685' title='bbox 3131 4425 3144 4466; x_wconf 91' lang='lat'>:</span> <span class='ocrx_word' id='word_1_686' title='bbox 3205 4407 3426 4488; x_wconf 63' lang='lat' dir='ltr'><strong>Utique</strong></span> <span class='ocrx_word' id='word_1_687' title='bbox 3453 4426 3619 4480; x_wconf 73' lang='lat' dir='ltr'><strong>eane,</strong></span> 
     </span>
     <span class='ocr_line' id='line_1_101' title="bbox 2043 4501 3620 4579; baseline -0.001 -16"><span class='ocrx_word' id='word_1_688' title='bbox 2043 4508 2186 4574; x_wconf 81' lang='lat' dir='ltr'><strong>etc„</strong></span> <span class='ocrx_word' id='word_1_689' title='bbox 2223 4507 2296 4562; x_wconf 90' lang='lat' dir='ltr'><strong>ut</strong></span> <span class='ocrx_word' id='word_1_690' title='bbox 2317 4507 2493 4562; x_wconf 85' lang='lat' dir='ltr'><strong>notat</strong></span> <span class='ocrx_word' id='word_1_691' title='bbox 2517 4501 2846 4574; x_wconf 87' lang='lat' dir='ltr'><strong>Abulens.,</strong></span> <span class='ocrx_word' id='word_1_692' title='bbox 2875 4507 2938 4562; x_wconf 85' lang='lat' dir='ltr'><strong>et</strong></span> <span class='ocrx_word' id='word_1_693' title='bbox 2963 4503 3222 4564; x_wconf 81' lang='lat' dir='ltr'><strong>Jansen.</strong></span> <span class='ocrx_word' id='word_1_694' title='bbox 3249 4519 3448 4579; x_wconf 86' lang='lat' dir='ltr'><strong>supra</strong></span> <span class='ocrx_word' id='word_1_695' title='bbox 3473 4503 3620 4562; x_wconf 84' lang='lat' dir='ltr'><strong>Car-</strong></span> 
     </span>
     <span class='ocr_line' id='line_1_102' title="bbox 2043 4592 3618 4668; baseline -0.003 -12"><span class='ocrx_word' id='word_1_696' title='bbox 2043 4596 2249 4668; x_wconf 80' lang='lat' dir='ltr'><strong>thus.;</strong></span> <span class='ocrx_word' id='word_1_697' title='bbox 2295 4601 2356 4656; x_wconf 87' lang='lat' dir='ltr'><strong>et</strong></span> <span class='ocrx_word' id='word_1_698' title='bbox 2401 4595 2646 4656; x_wconf 87' lang='lat' dir='ltr'><strong>Titelm.</strong></span> <span class='ocrx_word' id='word_1_699' title='bbox 2673 4641 2688 4668; x_wconf 91' lang='lat'>‚</span> <span class='ocrx_word' id='word_1_700' title='bbox 2745 4594 2962 4654; x_wconf 81' lang='lat' dir='ltr'><strong>Mattb.</strong></span> <span class='ocrx_word' id='word_1_701' title='bbox 2999 4597 3108 4666; x_wconf 84' lang='grc'><strong>11;</strong></span> <span class='ocrx_word' id='word_1_702' title='bbox 3143 4593 3326 4655; x_wconf 84' lang='lat' dir='ltr'><strong>Card.</strong></span> <span class='ocrx_word' id='word_1_703' title='bbox 3389 4592 3618 4662; x_wconf 84' lang='lat' dir='ltr'><strong>Tolet.,</strong></span> 
     </span>
     <span class='ocr_line' id='line_1_103' title="bbox 2043 4689 2516 4750; baseline -0.002 -1"><span class='ocrx_word' id='word_1_704' title='bbox 2043 4690 2228 4750; x_wconf 85' lang='lat' dir='ltr'><strong>Joau.</strong></span> <span class='ocrx_word' id='word_1_705' title='bbox 2255 4689 2338 4750; x_wconf 69' lang='lat'><strong>45</strong></span> <span class='ocrx_word' id='word_1_706' title='bbox 2365 4694 2430 4750; x_wconf 86' lang='lat' dir='ltr'><strong>et</strong></span> <span class='ocrx_word' id='word_1_707' title='bbox 2457 4691 2516 4750; x_wconf 87' lang='lat'><strong>8.</strong></span> 
     </span>
    </p>
   </div>
   <div class='ocr_carea' id='block_1_5' title="bbox 2187 4886 3490 4970">
    <p class='ocr_par' dir='ltr' id='par_1_6' title="bbox 2187 4886 3490 4970">
     <span class='ocr_line' id='line_1_104' title="bbox 2187 4886 3490 4970; baseline -0.005 -18"><span class='ocrx_word' id='word_1_708' title='bbox 2187 4887 2424 4952; x_wconf 71' lang='lat' dir='ltr'><strong>Ultima</strong></span> <span class='ocrx_word' id='word_1_709' title='bbox 2447 4889 2816 4968; x_wconf 73' lang='lat' dir='ltr'><strong>confirmatio</strong></span> <span class='ocrx_word' id='word_1_710' title='bbox 2839 4887 3151 4970; x_wconf 71' lang='lat' dir='ltr'><strong>proedictoe</strong></span> <span class='ocrx_word' id='word_1_711' title='bbox 3177 4886 3490 4949; x_wconf 70' lang='lat' dir='ltr'><strong>veritatis.</strong></span> 
     </span>
    </p>
   </div>
   <div class='ocr_carea' id='block_1_6' title="bbox 2041 5059 3621 5610">
    <p class='ocr_par' dir='ltr' id='par_1_7' title="bbox 2041 5059 3621 5610">
     <span class='ocr_line' id='line_1_105' title="bbox 2125 5059 3620 5141; baseline -0.003 -17"><span class='ocrx_word' id='word_1_712' title='bbox 2125 5062 2377 5134; x_wconf 87' lang='lat' dir='ltr'><strong>Ultimo,</strong></span> <span class='ocrx_word' id='word_1_713' title='bbox 2407 5079 2482 5123; x_wconf 87' lang='lat' dir='ltr'><strong>ex</strong></span> <span class='ocrx_word' id='word_1_714' title='bbox 2507 5061 2850 5141; x_wconf 83' lang='lat' dir='ltr'><strong>prophetiis</strong></span> <span class='ocrx_word' id='word_1_715' title='bbox 2875 5059 3370 5122; x_wconf 85' lang='lat' dir='ltr'><strong>comminatoriis</strong></span> <span class='ocrx_word' id='word_1_716' title='bbox 3389 5065 3456 5122; x_wconf 84' lang='lat' dir='ltr'><strong>et</strong></span> <span class='ocrx_word' id='word_1_717' title='bbox 3471 5078 3620 5138; x_wconf 86' lang='lat' dir='ltr'><strong>pro·</strong></span> 
     </span>
     <span class='ocr_line' id='line_1_106' title="bbox 2046 5152 3618 5232; baseline -0.003 -16"><span class='ocrx_word' id='word_1_718' title='bbox 2046 5154 2314 5216; x_wconf 69' lang='lat' dir='ltr'><strong>missivis</strong></span> <span class='ocrx_word' id='word_1_719' title='bbox 2339 5155 2472 5216; x_wconf 73' lang='lat' dir='ltr'><strong>haec</strong></span> <span class='ocrx_word' id='word_1_720' title='bbox 2500 5155 2730 5216; x_wconf 83' lang='lat' dir='ltr'><strong>veritas</strong></span> <span class='ocrx_word' id='word_1_721' title='bbox 2767 5154 2972 5232; x_wconf 86' lang='lat' dir='ltr'><strong>potius</strong></span> <span class='ocrx_word' id='word_1_722' title='bbox 3005 5152 3436 5224; x_wconf 79' lang='lat' dir='ltr'><strong>confirmatur,</strong></span> <span class='ocrx_word' id='word_1_723' title='bbox 3459 5171 3618 5212; x_wconf 80' lang='lat' dir='ltr'><strong>nam</strong></span> 
     </span>
     <span class='ocr_line' id='line_1_107' title="bbox 2043 5245 3621 5324; baseline -0.001 -17"><span class='ocrx_word' id='word_1_724' title='bbox 2043 5247 2164 5307; x_wconf 74' lang='lat' dir='ltr'><strong>inae</strong></span> <span class='ocrx_word' id='word_1_725' title='bbox 2193 5247 2552 5314; x_wconf 64' lang='lat' dir='ltr'><strong>etiamsunt</strong></span> <span class='ocrx_word' id='word_1_726' title='bbox 2579 5246 2958 5316; x_wconf 78' lang='lat' dir='ltr'><strong>infallibiles‚</strong></span> <span class='ocrx_word' id='word_1_727' title='bbox 2989 5252 3052 5308; x_wconf 87' lang='lat' dir='ltr'><strong>et</strong></span> <span class='ocrx_word' id='word_1_728' title='bbox 3075 5263 3202 5306; x_wconf 86' lang='lat' dir='ltr'><strong>non</strong></span> <span class='ocrx_word' id='word_1_729' title='bbox 3223 5245 3621 5324; x_wconf 83' lang='lat' dir='ltr'><strong>conjectura·-</strong></span> 
     </span>
     <span class='ocr_line' id='line_1_108' title="bbox 2041 5339 3618 5421; baseline -0.001 -19"><span class='ocrx_word' id='word_1_730' title='bbox 2041 5342 2136 5402; x_wconf 89' lang='lat' dir='ltr'><strong>les</strong></span> <span class='ocrx_word' id='word_1_731' title='bbox 2162 5363 2179 5416; x_wconf 89' lang='lat'>;</span> <span class='ocrx_word' id='word_1_732' title='bbox 2222 5347 2368 5402; x_wconf 87' lang='lat' dir='ltr'><strong>sunt</strong></span> <span class='ocrx_word' id='word_1_733' title='bbox 2393 5340 2650 5421; x_wconf 88' lang='lat' dir='ltr'><strong>quidem</strong></span> <span class='ocrx_word' id='word_1_734' title='bbox 2679 5341 2870 5402; x_wconf 84' lang='lat' dir='ltr'><strong>etiam</strong></span> <span class='ocrx_word' id='word_1_735' title='bbox 2897 5339 3370 5414; x_wconf 82' lang='lat' dir='ltr'><strong>conditionatae‚</strong></span> <span class='ocrx_word' id='word_1_736' title='bbox 3401 5344 3618 5400; x_wconf 83' lang='lat' dir='ltr'><strong>tamen</strong></span> 
     </span>
     <span class='ocr_line' id='line_1_109' title="bbox 2041 5432 3618 5509; baseline -0.002 -14"><span class='ocrx_word' id='word_1_737' title='bbox 2041 5434 2108 5495; x_wconf 89' lang='lat' dir='ltr'><strong>in</strong></span> <span class='ocrx_word' id='word_1_738' title='bbox 2149 5453 2226 5495; x_wconf 92' lang='lat' dir='ltr'><strong>eo</strong></span> <span class='ocrx_word' id='word_1_739' title='bbox 2265 5433 2484 5494; x_wconf 86' lang='lat' dir='ltr'><strong>ordine</strong></span> <span class='ocrx_word' id='word_1_740' title='bbox 2525 5433 3023 5496; x_wconf 73' lang='lat' dir='ltr'><strong>infallibilitatem</strong></span> <span class='ocrx_word' id='word_1_741' title='bbox 3065 5432 3325 5500; x_wconf 87' lang='lat' dir='ltr'><strong>babent,</strong></span> <span class='ocrx_word' id='word_1_742' title='bbox 3371 5432 3526 5509; x_wconf 83' lang='lat' dir='ltr'><strong>quia</strong></span> <span class='ocrx_word' id='word_1_743' title='bbox 3565 5433 3618 5492; x_wconf 85' lang='lat' dir='ltr'><strong>si</strong></span> 
     </span>
     <span class='ocr_line' id='line_1_110' title="bbox 2042 5521 3618 5610; baseline -0.003 -18"><span class='ocrx_word' id='word_1_744' title='bbox 2042 5526 2316 5592; x_wconf 81' lang='lat' dir='ltr'><strong>conditio</strong></span> <span class='ocrx_word' id='word_1_745' title='bbox 2362 5526 2698 5610; x_wconf 85' lang='lat' dir='ltr'><strong>impleatur</strong></span> <span class='ocrx_word' id='word_1_746' title='bbox 2719 5573 2736 5600; x_wconf 80' lang='lat'><strong>,</strong></span> <span class='ocrx_word' id='word_1_747' title='bbox 2788 5531 2850 5588; x_wconf 89' lang='lat' dir='ltr'><strong>et</strong></span> <span class='ocrx_word' id='word_1_748' title='bbox 2900 5521 3230 5606; x_wconf 73' lang='lat' dir='ltr'><strong>praemium</strong></span> <span class='ocrx_word' id='word_1_749' title='bbox 3269 5525 3464 5586; x_wconf 82' lang='lat' dir='ltr'><strong>etiam</strong></span> <span class='ocrx_word' id='word_1_750' title='bbox 3505 5533 3618 5588; x_wconf 81' lang='lat' dir='ltr'><strong>aut</strong></span> 
     </span>
    </p>
   </div>
   <div class='ocr_carea' id='block_1_7' title="bbox 3845 250 3850 3824">
    <p class='ocr_par' dir='ltr' id='par_1_8' title="bbox 3845 250 3850 3824">
     <span class='ocr_line' id='line_1_111' title="bbox 3845 250 3850 3824; baseline 0 0"><span class='ocrx_word' id='word_1_751' title='bbox 3845 250 3850 3824; x_wconf 95' lang='lat' dir='ltr'><strong> </strong></span> 
     </span>
    </p>
   </div>
   <div class='ocr_carea' id='block_1_8' title="bbox 3848 4041 3850 5268">
    <p class='ocr_par' dir='ltr' id='par_1_9' title="bbox 3848 4041 3850 5268">
     <span class='ocr_line' id='line_1_112' title="bbox 3848 4041 3850 5268; baseline 0 0"><span class='ocrx_word' id='word_1_752' title='bbox 3848 4041 3850 5268; x_wconf 95' lang='lat' dir='ltr'><strong> </strong></span> 
     </span>
    </p>
   </div>
  </div>
 </body>
</html>
