3850 6225
703 380 837 431 CAP.
873 382 1000 433 ΧΠ.
1042 380 1345 432 SOLVITUR
1379 378 1527 431 ALIA
1560 378 1871 440 OBJECTIO,
1902 378 2171 442 EJUSQUE
2205 378 2562 452 occasloNE,
2601 378 2732 429 ETC.

120 478 463 559 principali,
514 480 655 558 quia
702 486 973 557 potestas
1000 498 1128 540 non
1163 480 1418 559 agendi,
1462 498 1499 539 a
1545 496 1671 558 qua

118 580 281 633 actus
320 572 768 633 denominatur
790 572 949 633 liber
978 573 1186 651 quoad
1214 574 1377 634 hanc
1401 578 1667 653 partem,

119 666 397 727 convenit
424 666 724 727 voluntati
755 682 832 725 ex
860 684 927 727 se
954 672 1017 726 et
1042 667 1294 746 propria
1317 668 1574 739 virtute;
1608 669 1671 727 et

119 762 193 820 ita
224 760 271 819 si
305 766 523 821 careat
550 766 711 831 actu,
742 760 875 821 haec
899 760 1177 821 carentia
1204 760 1291 821 illi
1314 758 1671 840 principali-

119 860 203 914 ter
236 852 553 913 tribuitur.
616 856 693 913 At
728 870 879 914 vero
916 840 1126 930 quoad
1171 853 1357 913 aliam
1398 858 1665 931 partem,

120 948 354 1018 scilicet,
382 952 759 1025 potestatem
784 947 1034 1025 agendi,
1060 947 1285 1008 sufficit
1310 946 1391 1007 ad
1416 946 1669 1007 liberta-

116 1046 255 1111 tem,
280 1038 449 1118 quod
478 1040 769 1099 voluntas
795 1040 987 1100 talem
1010 1045 1383 1119 potestatem
1412 1038 1665 1112 babeat,

119 1150 243 1209 quie
266 1130 535 1192 sufficiat
564 1132 644 1192 ad
672 1132 941 1194 vitaliter
967 1132 1343 1193 eliciendum
1368 1150 1553 1193 suum
1568 1150 1673 1191 ac-

122 1233 257 1300 tum,
292 1226 419 1286 sive
460 1226 585 1287 boc
628 1226 823 1305 possit
850 1244 927 1287 ex
968 1243 1061 1299 se,
1094 1226 1221 1287 sive
1252 1244 1365 1305 per
1410 1226 1669 1297 amieOS,

121 1338 217 1380 seu
246 1325 307 1378 ut
327 1336 643 1399 organum
664 1318 933 1380 liberum
954 1319 1179 1379 divinae
1202 1317 1439 1398 gratiae.
1468 1320 1669 1397 Atque

117 1416 191 1475 ita
216 1412 465 1474 tandem
524 1419 771 1474 constat
815 1413 1153 1491 quomodo,
1210 1413 1356 1473 licet
1381 1413 1670 1473 voluntas

120 1510 173 1567 in
200 1509 285 1566 his
338 1506 585 1567 actibus
634 1507 1213 1586 supernaturalibus
1262 1512 1559 1586 operetur
1603 1511 1672 1566 ut

120 1602 585 1661 instrumentum
611 1600 881 1661 liberum
910 1600 1045 1673 Dei,
1082 1600 1489 1661 nihilominus
1542 1616 1671 1659 non

122 1694 368 1772 indigeat
398 1696 815 1773 praemotione
842 1693 948 1755 vel
981 1693 1665 1772 praedetermmatione3

120 1788 263 1865 quia,
308 1787 639 1863 nimirum,
687 1787 769 1847 ita
802 1788 1081 1848 elevatur
1110 1785 1192 1847 ad
1219 1786 1531 1866 agendum
1556 1831 1572 1859 ,
1604 1791 1675 1846 ut

124 1884 333 1961 integra
362 1882 447 1942 illi
478 1888 741 1943 maneat
770 1887 1047 1961 potestas
1076 1881 1160 1942 ad
1178 1900 1303 1942 non
1330 1881 1669 1961 agendum;

124 1976 250 2035 etin
292 1976 409 2035 hoc
452 1980 708 2036 tantum
748 1976 1049 2048 consistit,
1082 1974 1251 2053 quod
1278 1974 1487 2053 ipsum
1514 1974 1675 2036 arbi-

125 2068 281 2127 trium
302 2068 434 2146 jam
466 2068 813 2130 excitatum
842 2074 905 2128 et
929 2073 1171 2128 motum
1200 2086 1237 2127 a
1266 2068 1391 2128 Deo
1418 2067 1671 2129 inchoet

126 2162 175 2219 in
214 2178 315 2219 suo
346 2160 567 2221 ordine
616 2178 995 2223 consensum
1034 2179 1242 2234 suum,
1275 2160 1500 2221 divinae
1532 2178 1672 2237 gra·

128 2254 205 2313 tiae
248 2254 668 2333 cooperandO.
726 2254 1075 2317 Praesertim
1134 2253 1281 2333 quia
1325 2254 1460 2332 jam
1507 2253 1668 2314 libro

124 2346 295 2424 primo
322 2347 719 2409 ostendimus
746 2366 875 2408 non
900 2366 1037 2409 esse
1057 2347 1136 2409 de
1170 2346 1410 2407 ratione
1440 2347 1671 2407 instru-

126 2440 309 2511 menti,
340 2440 513 2519 quod
544 2446 699 2521 agat
724 2458 799 2501 ex
822 2439 1226 2519 praemofione
1254 2440 1463 2518 aliqua
1491 2439 1558 2499 in
1578 2439 1673 2517 ip-

126 2550 183 2590 so
199 2539 453 2611 recepta.
484 2536 697 2613 Atque
724 2534 843 2595 hoc
867 2532 1057 2593 modo
1077 2532 1431 2593 concedunt
1450 2532 1675 2593 volun-

128 2632 291 2685 tatem
308 2644 443 2687 esse
471 2627 965 2688 instrumentum
992 2626 1263 2687 liberum
1284 2625 1347 2685 in
1379 2625 1673 2704 operibus

126 2719 329 2794 gratiis,
358 2718 730 2800 GregoriuS‚
784 2720 845 2779 in
876 2721 937 2795 2,
972 2719 1240 2779 distinct.
1294 2718 1394 2789 28,
1446 2724 1666 2797 quaest.

138 2818 185 2883 1,
210 2811 279 2871 ad
302 2814 409 2887 12,
442 2820 507 2874 ct
530 2812 777 2873 ibidem
805 2812 1165 2893 Capreolus,
1197 2817 1415 2891 quaest.
1466 2815 1525 2885 1,
1571 2830 1671 2873 ar·

130 2904 211 2963 tic.
244 2907 296 2981 3,
325 2905 403 2966 ad
432 2908 533 2967 12.

662 3104 913 3169 CAPUT
954 3106 1107 3167 XVI.

136 3291 375 3339 sotvrrmt
418 3293 561 3340 Aua
592 3293 885 3352 emeno,
916 3294 1169 3346 Bmsomz
1210 3292 1521 3340 oceasmne
1552 3295 1667 3340 DE·-

198 3385 503 3446 amma,
525 3385 803 3440 QUOMODO
832 3385 979 3432 DEUS
1008 3388 1121 3433 ΒΗΑ
1148 3387 1287 3433 SOLA
1310 3387 1665 3434 VOLUNTATE

196 3479 381 3524 mear
416 3479 689 3527 nommts
729 3479 811 3524 An
850 3479 1130 3538 emaum,
1163 3479 1279 3525 m
1324 3479 1665 3527 Pul-'mur

200 3571 709 3619 summatenus
743 3572 947 3618 AGTUS.

200 3739 248 3796 1.
293 3737 407 3811 Quo
426 3741 847 3815 fundamento,
876 3759 949 3804 em
982 3740 1261 3806 electione
1296 3743 1378 3805 ad
1401 3741 1665 3824 olm-iam

136 3833 247 3890 ante
266 3834 513 3910 proevisa
535 3835 787 3908 merita,
824 3836 1219 3898 humanorwm
1246 3841 1487 3898 actuum
1497 3854 1663 3914 proe·

139 3921 505 3988 dete-»nimio
547 3925 903 4007 eolliyatur.
944 3960 1027 3974 -
1058 3928 1267 3991 Unum
1314 3947 1392 3988 ex
1438 3928 1663 4007 princi-

136 4013 247 4088 puis
290 4016 707 4080 fundamentis
764 4021 1063 4100 oppositae
1114 4021 1437 4082 sententioe
1491 4038 1663 4082 sum-

136 4109 279 4181 ptum
298 4109 530 4170 videtur
545 4129 629 4172 ex
652 4114 969 4173 communi
985 4113 1265 4174 doctrina
1276 4131 1465 4192 quam
1482 4113 1660 4176 divus

138 4197 363 4262 Thomas
388 4209 447 4264 et
488 4205 799 4286 Theologi
840 4206 1213 4284 docuerunt,
1247 4208 1325 4269 de
1354 4208 1659 4270 electione

138 4292 671 4365 praedestinatorum
693 4298 773 4360 ad
797 4298 1083 4378 gloriam,
1112 4300 1177 4361 in
1202 4305 1369 4362 certo
1392 4317 1657 4362 numero

142 4388 189 4440 et
221 4387 393 4461 gradu
430 4408 539 4451 seu
584 4391 802 4453 ordine
850 4394 1213 4466 sanctitatiS,
1262 4413 1341 4456 ex
1380 4395 1513 4455 sola
1546 4394 1657 4454 Dei

140 4475 429 4555 voluntate,
450 4490 597 4545 ante
621 4485 831 4546 omnia
858 4487 1027 4547 homi
1036 4506 1193 4548 num
1204 4485 1380 4548 bona
1404 4487 1502 4548 vel
1526 4505 1655 4548 ma-

144 4567 189 4627 la
201 4575 391 4635 merita
404 4579 683 4656 praevisa.
702 4581 861 4642 Nam
883 4582 1029 4642 hinc
1044 4581 1339 4662 colligunt
1364 4587 1653 4644 auctores

143 4661 283 4726 dictae
304 4673 636 4746 sententioe,
665 4679 811 4735 ante
840 4676 1295 4754 praescientiam
1318 4675 1505 4736 etiam
1526 4693 1655 4736 me·

148 4754 358 4820 ritorum
403 4766 825 4842 praedefinisse
854 4768 1055 4829 Deum
1085 4769 1295 4830 omnia
1323 4769 1551 4842 media,
1592 4775 1655 4830 et

148 4863 541 4931 consequenter
585 4877 806 4921 omnes
854 4867 1028 4922 actus
1073 4861 1301 4922 liberos
1350 4867 1411 4922 et
1439 4879 1655 4940 super-

150 4946 431 5021 natm-ales,
460 4968 572 5028 per
598 4971 755 5031 quos
798 4954 975 5015 electi
1016 4955 1099 5014 ad
1142 4951 1672 5016 consecutionem'

153 5031 319 5108 gloria».
362 5043 813 5118 perducuntur:
860 5065 1009 5108 nam
1040 5048 1259 5110 electio
1300 5049 1649 5110 mediorum

156 5133 225 5186 est
260 5140 646 5200 consentanea
674 5141 1003 5203 intentioni
1035 5142 1199 5213 finiS,
1233 5147 1295 5203 et
1346 5142 1427 5203 ad
1482 5141 1653 5202 illam

156 5229 455 5322 necessario
502 5235 931 5314 consequitur,
962 5235 1015 5296 si
1038 5235 1247 5296 media
1296 5236 1650 5296 necessaria

159 5319 269 5374 sint.
307 5319 375 5379 Et
408 5322 519 5384 hoc
563 5326 927 5408 significavit
969 5329 1199 5391 Paulus
1242 5329 1323 5390 ad
1362 5333 1539 5390 Rom.
1585 5329 1647 5404 8,

156 5419 269 5464 cum
294 5409 464 5475 dixit:
501 5418 650 5492 Quos
664 5423 1151 5502 praedestinavit,
1183 5425 1289 5486 Itos
1307 5429 1365 5486 et
1390 5421 1647 5496 vocavit,

156 5503 249 5558 etc.
276 5503 341 5564 Et
363 5505 439 5566 ita
462 5509 523 5571 in
548 5513 857 5595 Scriptura
888 5535 1053 5597 saepe
1080 5515 1491 5597 significatur,
1516 5515 1651 5578 haec

380 5625 457 5671 ιιι.

3201 376 3308 441 241

1753 479 1964 540 media
1991 479 2207 540 salutis
2235 478 2300 539 in
2349 478 2800 558 praedestinatis
2847 496 2985 541 esse
3017 480 3322 545 efficacis-

1754 574 1911 633 sima
1943 578 2006 634 et
2029 572 2374 634 infallibilia
2394 618 2412 645 ,
2444 590 2518 633 eo
2543 572 2713 650 quod
2741 576 2879 633 orta
2919 572 3043 634 sint
3071 594 3146 635 ex
3169 576 3320 636 divi-

1750 684 1835 725 na
1882 666 2206 741 electione,
2255 670 2326 726 ut
2371 666 2555 727 Joan.
2601 667 2712 725 10:
2752 666 2948 731 Nemo
2989 668 3189 748 rapiet
3219 687 3322 733 eas

1750 760 1821 821 de
1848 778 2032 822 manu
2056 778 2186 823 mea
2209 783 2235 832 ‚·
2273 759 2548 837 loquitur
2575 758 2853 819 Christus
2897 760 3196 823 Dominus
3241 762 3321 823 de

1751 854 1879 913 suis
1906 854 2151 928 ovibuS,
2201 854 2266 913 id
2303 860 2418 925 est,
2452 853 2530 914 de
2575 852 3046 932 praedestinatiS,
3079 855 3156 916 de
3188 856 3324 937 qui·

1749 947 1869 1007 bus
1916 947 2107 1007 etiam
2155 952 2182 1007 1
2220 947 2404 1008 Joan.
2455 948 2516 1021 2,
2557 946 2822 1007 dicitur:
2855 944 3001 1011 Non
3045 954 3222 1011 erant
3251 968 3323 1012 eto

1748 1036 1938 1111 nobis,
1991 1057 2138 1103 nam
2161 1084 2176 1112 ‚
2235 1039 2294 1101 si
2343 1038 2606 1117 fuissent
2656 1056 2730 1101 eto
2785 1039 2953 1101 nobis
2974 1083 2989 1112 ,
3037 1058 3322 1119 perman-

1752 1130 1976 1195 sissent
2029 1134 2234 1213 utique
2285 1132 2612 1194 nobiseum.
2671 1131 2828 1191 Hinc
2868 1130 3058 1192 etiam
3111 1135 3317 1195 Actor.

1755 1227 1831 1285 13
1894 1224 2120 1286 dicitur
2149 1244 2162 1285 ε
2231 1224 2623 1288 Crediderunt
2682 1227 2964 1305 quotquot
3023 1228 3322 1305 proeordi-

1750 1319 1887 1379 nati
1930 1325 2106 1381 erant
2141 1319 2210 1380 in
2244 1320 2436 1382 vitam
2466 1323 2774 1379 oeternam.
2811 1318 2886 1377 Et
2926 1318 3149 1379 similia
3179 1326 3324 1381 sunt

1750 1410 2102 1490 frequentia
2131 1411 2270 1471 loca
2299 1412 2362 1471 in
2391 1410 2746 1489 ScripturiS,
2777 1410 2843 1471 in
2874 1409 3101 1489 quibus
3133 1412 3323 1491 signi-

1752 1503 1996 1578 ficatur,
2054 1504 2140 1565 ita
2179 1504 2376 1565 Deum
2431 1503 2775 1583 providisse
2824 1504 2952 1563 suis
3003 1504 3216 1566 electis
3262 1510 3325 1565 et

1752 1596 2230 1676 praedestinatis,
2283 1600 2353 1657 ut
2401 1595 2806 1659 infallibiliter
2849 1596 3116 1659 salutem
3158 1616 3324 1661 asse-

1756 1695 2048 1768 quantur.
2095 1690 2354 1768 Propter
2391 1688 2560 1768 quod
2589 1687 2740 1751 dixit
2771 1690 3068 1765 Christus,
3101 1692 3318 1753 Matth.

1754 1785 1855 1845 24:
1890 1786 1986 1846 Et
2009 1782 2132 1845 niet
2154 1781 2408 1847 breviati
2429 1782 2694 1863 fuissent
2721 1784 2847 1845 dies
2871 1784 2993 1856 illi,
3022 1802 3141 1849 non
3154 1786 3326 1865 fieret

1753 1879 1932 1941 salva
1956 1878 2150 1939 omnis
2188 1894 2369 1950 earo‚·
2415 1877 2523 1940 sed
2553 1879 2804 1957 propter
2848 1877 3060 1941 electos
3097 1879 3326 1941 brevia-

1754 1974 1978 2035 buntm·
2007 1970 2134 2034 dies
2171 1969 2302 2045 illi,
2353 1970 2610 2043 scilicet,
2659 1974 2730 2031 ut
2759 1969 3161 2032 infallibiliter
3203 1972 3326 2033 sal-

1752 2072 1997 2126 ventur.
2034 2066 2163 2125 Hac
2207 2064 2396 2125 etiam
2439 2064 2680 2124 ratione
2723 2064 2877 2125 dixit
2914 2066 3322 2144 AugustinuS‚

1749 2157 1856 2217 lib.
1906 2158 1986 2218 de
2027 2160 2304 2235 Corrept.
2361 2161 2424 2217 et
2463 2159 2648 2235 grat„
2678 2175 2732 2218 c.
2767 2159 2884 2218 14:
2935 2158 3166 2223 Volenti
3197 2159 3326 2221 sal-

1748 2271 1889 2314 vum
1932 2256 2149 2332 faeere,
2201 2249 2436 2312 nullum
2485 2251 2812 2313 humanum
2865 2252 3104 2315 resistit
3161 2253 3326 2316 arbi-

1750 2346 1966 2417 trium,
2007 2346 2098 2407 sie
2125 2342 2282 2405 enim
2303 2342 2450 2405 velle
2487 2345 2595 2405 aut
2621 2342 2778 2404 nolle
2818 2344 2886 2404 in
2933 2344 3187 2407 volentis
3217 2350 3326 2408 aut

1750 2439 2012 2501 nolentis
2049 2441 2140 2500 est
2157 2448 2164 2455 ·
2175 2439 2495 2518 potestate,
2541 2441 2615 2499 ut
2659 2436 2926 2499 divinam
2957 2436 3323 2503 voluntatem

1752 2549 1871 2593 non
1892 2530 2203 2611 impediat,
2236 2546 2341 2592 nee
2365 2533 2604 2610 superet
2613 2533 3000 2609 potestatem.

1834 2627 1893 2686 2.
1941 2626 2013 2685 In
2049 2624 2170 2683 hac
2216 2622 2566 2701 objectione
2613 2622 2738 2684 duo
2782 2630 3014 2701 puncta
3053 2629 3327 2705 tangun-

1753 2720 1878 2790 tur,
1910 2736 2051 2796 quae
2083 2717 2185 2777 hic
2216 2715 2608 2795 expedienda
2641 2723 2807 2789 sunt,
2839 2736 2967 2778 non
2993 2724 3062 2778 ut
3092 2736 3324 2797 expro-

1750 2811 1917 2871 fesso
1957 2814 2326 2882 tractentur,
2377 2808 2441 2869 id
2483 2809 2650 2869 enim
2683 2809 2999 2889 ¹fusiorem
3045 2811 3324 2891 postula-

1748 2912 1845 2967 ret
1886 2904 2409 2983 disputationem;
2457 2902 2570 2963 sed
2612 2903 2816 2963 solum
2857 2910 3164 2981 quantum
3210 2900 3324 2965 ne-

1748 3016 1924 3059 cesse
1965 2998 2173 3070 fuerit,
2201 3002 2272 3057 ut
2309 3001 2551 3056 constet
2581 2995 2928 3076 doctrinam
2957 2996 3034 3057 de
3063 2997 3322 3077 physica

1747 3090 2405 3172 praedeterminatione
2458 3089 2639 3152 liberi
2689 3089 2958 3166 arbitrii,
3005 3089 3178 3152 nulla
3223 3108 3321 3152 ra-

1748 3187 1918 3247 tione
1964 3183 2388 3246 necessariam
2419 3201 2556 3245 esse
2609 3181 2691 3244 ad
2727 3183 3028 3244 salvanda
3061 3185 3270 3246 omnia
3299 3231 3317 3258 ,

1748 3296 1887 3357 quse
1916 3278 1994 3338 de
2034 3275 2580 3356 praedestinatione
2631 3275 2973 3338 electorum
3017 3278 3228 3340 Patres
3257 3284 3322 3341 et

1745 3372 2046 3452 Theologi
2077 3371 2446 3432 docuerunt.

1828 3468 1888 3526 3.
1941 3465 2068 3538 Quo
2094 3465 2485 3544 fundamento
2517 3465 2802 3529 nitantwr
2834 3465 2940 3547 qui
2975 3466 3316 3532 electionem

1746 3559 1831 3621 ad
1846 3557 2110 3639 yloriam
2131 3557 2344 3620 dieunt
2359 3557 2502 3632 fieri
2523 3563 2666 3638 post
2683 3559 2958 3639 proevisa
2988 3561 3317 3623 merita.—

1746 3651 2025 3712 Primum
2053 3667 2203 3728 ergo
2233 3654 2535 3729 punctum
2561 3655 2657 3711 est
2685 3650 2767 3711 de
2797 3649 3101 3712 electione
3115 3651 3315 3712 homi-

1742 3762 1896 3804 num
1932 3743 2038 3823 qui
2065 3744 2407 3817 salvantur,
2436 3761 2516 3804 an
2546 3743 2776 3805 fuerint
2809 3745 2994 3805 aDeo
3032 3745 3112 3806 ab
3137 3751 3314 3806 aeter-

1742 3856 1825 3898 no
1858 3836 2038 3898 electi
2077 3836 2158 3896 ad
2190 3835 2455 3914 gloriam
2481 3842 2624 3896 ante
2659 3837 3095 3914 praevisionem
3125 3837 3314 3898 meri-

1742 3937 1970 4006 torum,
2001 3933 2240 3990 necne?
2265 3929 2528 4000 Quidam
2559 3929 2726 3989 enim
2745 3929 3043 4010 Theologi
3074 3938 3309 4010 negant

1740 4023 1942 4084 Deum
1994 4021 2256 4102 elegisse
2301 4021 2634 4082 efficactter
2675 4022 2948 4100 aliquem
2988 4023 3310 4085 hominem

1742 4117 1823 4178 ad
1850 4116 2138 4196 gloriam,
2181 4120 2328 4176 ante
2365 4115 2626 4194 praevisa
2657 4115 3146 4195 uniuscujusque
3179 4135 3309 4177 me-

1739 4210 1859 4271 rita
1899 4215 1976 4270 et·
1997 4208 2528 4288 perseverantiam
2563 4207 2628 4268 in
2660 4207 2779 4268 illis
2808 4227 3006 4287 usque
3036 4209 3117 4270 ad
3143 4228 3306 4270 mor-

1739 4307 1902 4376 tem3
1927 4301 2228 4380 quoniam
2261 4301 2416 4361 alias
2443 4318 2564 4361 nec
2583 4301 2804 4380 reliqui
2831 4319 2958 4362 non
2984 4299 3164 4364 electi
3189 4303 3307 4363 sal-

1736 4395 1866 4456 vari
1884 4398 2159 4474 possent,
2181 4411 2299 4454 nec
2323 4393 2410 4454 sic
2440 4393 2620 4454 electi
2647 4393 3077 4460 condemnari.
3103 4395 3302 4468 Unde,

1737 4489 1787 4549 si
1810 4490 1944 4550 baec
1979 4488 2198 4550 electio
2221 4493 2316 4549 est
2339 4487 2592 4548 omnino
2617 4488 2996 4550 antecedens
3015 4508 3200 4550 usum
3231 4490 3305 4551 li-

1732 4582 1869 4643 beri
1910 4581 2148 4642 arbitrii
2187 4599 2300 4643 seu
2347 4581 2800 4660 praescientiam
2853 4583 3012 4661 ejus,
3058 4583 3305 4646 tolleret

1734 4676 2063 4735 hominum
2108 4674 2461 4735 libertatem
2501 4674 2566 4734 iu
2614 4674 2954 4736 obtinenda
2993 4678 3094 4738 vel
3125 4679 3304 4740 amit-

1735 4767 1922 4830 tenda
1959 4773 2191 4828 aeterna
2218 4767 2440 4828 salute.
2473 4767 2732 4828 Videtur
2759 4774 2969 4829 autem
2999 4771 3134 4831 haec
3165 4789 3303 4832 sen-

1735 4861 1930 4922 tentia
1965 4859 2268 4938 imprimis
2306 4867 2730 4921 consentanea
2783 4861 3054 4940 antiquis
3105 4865 3302 4926 Patri-

1730 4953 1871 5029 bus,
1914 4957 1986 5013 ut
2010 4959 2184 5030 patet
2210 4971 2287 5014 ex
2315 4954 2719 5032 HieronymO,
2763 4954 2843 5014 ad
2870 4957 3048 5016 Rom.
3078 4956 3117 5017 8
3145 4964 3208 5018 et
3233 4961 3294 5032 9,

1732 5047 1815 5107 ad
1863 5046 2062 5108 Galat.
2097 5050 2156 5120 1,
2187 5053 2250 5107 et
2274 5045 2540 5106 Malach.
2587 5051 2608 5106 1
2645 5091 2660 5119 ,
2714 5052 2776 5107 et
2821 5047 2883 5106 in
2941 5049 3182 5127 epistol.
3216 5051 3300 5111 ad

1733 5139 2064 5201 Hedibiam
2087 5184 2104 5212 ,
2149 5158 2212 5218 q.
2248 5140 2363 5211 10;
2394 5157 2471 5199 ex
2499 5139 2851 5212 Ambrosio,
2894 5141 2976 5202 ad
3005 5143 3181 5204 Rom.
3213 5143 3252 5204 8
3278 5162 3291 5204 :

1740 5234 1896 5308 Quos
1938 5231 2256 5313 praescivit
2287 5231 2308 5309 (
2341 5231 2469 5309 ait)
2520 5234 2771 5308 futuros
2825 5233 2945 5294 sibi
2999 5235 3234 5297 devotos
3269 5283 3290 5311 ,

1730 5329 1895 5407 ipsos
1936 5327 2114 5408 eleyz‘t
2137 5326 2221 5387 ad
2257 5323 2566 5406 promissa
2594 5325 2856 5404 proemia
2894 5330 3250 5406 capessenda
3267 5353 3294 5401 ;

1734 5425 1797 5482 et
1829 5419 2054 5480 similia
2101 5437 2264 5496 soepe
2297 5417 2522 5496 repetit
2551 5435 2605 5477 c.
2652 5419 2714 5492 9,
2753 5417 2858 5477 ubi
2887 5419 3072 5479 etiam
3101 5419 3296 5499 Chry-

1734 5519 2069 5589 sosto'muS,
2101 5512 2273 5574 hom.
2308 5511 2404 5586 16,
2459 5514 2522 5570 et
2550 5509 2721 5569 hom.
2779 5511 2818 5570 2
2875 5511 2942 5570 in
2983 5511 3161 5592 epist.
3213 5512 3296 5574 ad

2890 5617 2969 5674 16
