3850 6225
336 435 345 447 ·
416 400 537 463 330

414 508 497 569 ad
538 509 703 571 hanc
748 510 1071 575 scientiam
1112 516 1463 577 futurorum
1492 520 1847 580 necessaria
1877 519 1977 580 sit.

414 603 571 663 Nam
620 604 685 663 in
714 606 930 684 primis
960 626 1038 669 ex
1066 617 1243 689 parte
1273 611 1497 673 divinae
1531 613 1831 687 scientim,
1863 613 1982 673 hoc

942 408 1153 465 OPUSC.
1193 412 1253 473 ll,
1290 412 1403 465 Lm.
1442 417 1481 469 1.
1516 415 1596 467 DE
1631 414 1953 469 ABSOLUTA
1986 414 2270 471 scu-:wrm
2299 418 2608 471 FUTUROR.
2643 416 3162 473 CONTINGENTIUH.

2061 522 2126 581 te
2167 519 2437 580 scientiae
2467 519 2718 589 divinae,
2751 517 2894 595 quia
2928 536 3041 577 sua
3091 515 3364 594 cognitio
3399 514 3651 594 (inquit)

2061 619 2464 673 mensuratur
2487 612 2850 684 aeternitate,
2877 611 3034 671 sicut
3055 628 3240 669 suum
3265 626 3406 669 esse
3423 628 3448 679 .;
3473 606 3654 686 quod

412 696 550 776 ipso
576 696 745 775 quod
769 706 1001 761 aeterna
1026 708 1141 777 est,
1178 722 1439 765 necesse
1470 711 1563 766 est
1590 712 1657 767 ut
1688 707 1770 766 ab
1806 712 1984 767 aeter-
2059 704 2352 783 intelligit
2369 704 2447 767 de
2473 706 2578 765 illa
2607 704 2958 783 cognitione
2985 709 3049 765 et
3075 702 3358 773 scientia,
3389 718 3522 761 non
3551 717 3660 759 so·-

414 807 497 851 no
522 790 717 869 possit
744 792 1048 873 attingere
1079 796 1385 875 quidquid
1409 798 1475 859 in
1510 804 1789 877 tempore
1818 798 1980 859 futu-

414 902 557 943 rum
582 890 709 955 est;
754 904 902 947 nam
930 888 1007 948 de
1038 890 1277 950 ratione
1319 893 1529 951 aeterni
1566 897 1662 953 est
1695 898 1759 953 ut
1786 897 1983 954 totam

416 995 595 1037 suam
620 979 1069 1056 perfectionem
1088 983 1271 1043 simul
1294 984 1555 1057 habeat;
1588 988 1857 1065 pertinet
1877 1005 1985 1045 au-

412 1075 541 1131 tem
568 1070 652 1130 ad
668 1072 1113 1149 perfectionem
1142 1077 1417 1137 scientiae
1459 1079 1767 1158 attingere
1795 1096 1984 1138 omne

416 1162 729 1241 objectum
762 1166 998 1237 scibile,
1052 1168 1171 1229 hoc
1212 1170 1347 1250 ipso
1396 1171 1569 1250 quod
1596 1172 1809 1233 scibile
1840 1175 1935 1231 est
1965 1190 1980 1243 ;

414 1256 578 1316 hanc
636 1274 787 1336 ergo
842 1260 1289 1338 perfectionem
1340 1282 1467 1323 non
1514 1270 1719 1343 potest
1779 1264 1988 1323 divina

416 1350 675 1410 scientia
720 1352 1021 1429 paulatim
1052 1356 1410 1433 acquirere:
1444 1376 1594 1436 crgo
1625 1376 1701 1417 ex
1730 1358 1787 1417 vi
1816 1362 1990 1417 aeter-

414 1444 624 1504 nitatis
672 1463 801 1505 snae
834 1451 1025 1507 toturn
1076 1448 1247 1508 illam
1290 1450 1481 1509 babet
1526 1450 1711 1510 simul
1748 1470 1824 1511 ex
1854 1450 1990 1528 ipsa

415 1538 779 1611 aeternitate,
814 1540 970 1601 sicut
997 1560 1075 1602 ex
1102 1547 1279 1621 parte
1302 1544 1491 1604 ctiam
1522 1563 1637 1605 sua
1666 1543 1850 1603 simul
1882 1544 1990 1602 ha-

414 1630 521 1691 het
542 1632 837 1711 quicquid
852 1636 1277 1697 necessarium
1302 1637 1493 1697 estad
1520 1637 1991 1708 coexistendum

414 1724 665 1786 realiter
687 1726 880 1787 cuins
908 1728 1022 1805 rei,
1053 1729 1102 1789 si
1130 1730 1265 1809 ipsa
1292 1732 1534 1792 existat.
1562 1732 1651 1792 Ex
1671 1737 1847 1810 parte
1874 1730 1992 1791 'au-

416 1822 545 1879 tem
572 1837 806 1893 rerum,
854 1828 923 1882 ut
951 1822 1235 1885 absolute
1266 1824 1406 1885 sciri
1465 1825 1547 1885 ab
1580 1831 1816 1885 aeterno
1846 1844 1994 1904 pos-

416 1910 558 1981 sint,
594 1930 851 1974 necesse
886 1922 981 1977 est
1018 1920 1085 1976 ut
1134 1918 1465 1978 aeternitati
1516 1918 1855 1997 aliquando
1884 1938 1991 1979 co-

418 2004 723 2079 existant,
782 2009 1070 2087 quamvis
1132 2010 1235 2069 illa
1298 2012 1701 2073 coexistentia
1754 2016 1988 2073 aeterna

414 2115 546 2159 non
575 2100 673 2172 sit,
704 2106 771 2161 ut
795 2120 963 2182 saepe
989 2102 1135 2163 dixi.
1164 2106 1424 2177 Tamen,
1470 2111 1541 2165 ut
1564 2124 1641 2165 ex
1664 2111 1840 2185 parte
1876 2106 1988 2167 ob-

406 2190 556 2269 jecti
588 2194 923 2257 terminare
954 2198 1151 2275 possit
1176 2198 1501 2259 scientiam
1530 2205 1855 2273 aeternam,
1882 2218 1988 2261 ne·

416 2302 589 2345 cesse
612 2292 706 2347 est
732 2288 1151 2368 utaliquando
1180 2291 1403 2353 saltem
1432 2292 1529 2354 sit.

496 2382 594 2439 Η.
622 2379 813 2453 Quam
841 2400 977 2444 vero
1004 2384 1087 2445 D.
1118 2385 1379 2447 Thomas
1410 2404 1481 2447 ex
1509 2386 1849 2449 (eternitate
1872 2384 1989 2447 col-

416 2474 579 2554 ligat
624 2472 942 2537 scientiam
986 2480 1356 2555 fatua-orum.
1388 2510 1467 2524 —
1494 2479 1569 2539 Et
1614 2478 1761 2539 hinc
1802 2478 1992 2539 etiam

414 2565 677 2645 intelligi
703 2572 905 2647 potest
935 2587 1125 2648 quam
1168 2570 1511 2632 efficaciam
1540 2572 1730 2635 habet
1757 2571 1994 2633 discur-

417 2678 525 2722 sus
560 2662 633 2721 D.
686 2663 962 2737 Thomas,
996 2662 1161 2725 dicto
1204 2664 1379 2725 artic.
1419 2667 1516 2738 13,
1566 2665 1669 2725 ubi
1704 2684 1783 2727 ex
1818 2669 1992 2727 oeter-

412 2754 611 2816 nitate
658 2756 769 2817 Dei
801 2755 1033 2835 colligit
1058 2757 1220 2817 hanc
1249 2758 1706 2837 praescientiam
1750 2758 1993 2819 futuro-

414 2866 574 2911 rum.
611 2850 717 2909 Est
746 2849 913 2910 enim
940 2848 1395 2911 advertendum
1436 2852 1507 2911 D.
1553 2852 1883 2925 Thomam,
1926 2852 1992 2913 in

414 2940 723 3021 principio
753 2942 917 3001 illius
960 2942 1225 3015 articuli,
1272 2961 1387 3023 pro
1434 2950 1603 3005 certo
1634 2962 1990 3025 supponere

414 3038 618 3097 Deum
672 3054 1054 3118 cognoscere
1109 3037 1319 3116 aliquo
1364 3039 1551 3099 modo
1594 3040 1729 3100 haec
1754 3040 1986 3116 futura,

414 3132 586 3212 quod
616 3151 693 3194 ex
716 3150 792 3194 eo
820 3137 1065 3194 tantum
1094 3132 1341 3213 probat,
1370 3133 1516 3210 quia
1548 3135 1713 3196 Deus
1738 3151 1986 3218 coynos-

416 3227 503 3289 cit
522 3227 725 3290 omnia
760 3243 894 3306 quoe
916 3231 1061 3288 sunt
1086 3225 1152 3286 in
1170 3217 1442 3303 potentia
1472 3243 1608 3298 sua,
1636 3225 1727 3288 vel
1752 3231 1988 3289 creatu-

416 3337 507 3380 roe
522 3343 547 3391 ,·
577 3319 687 3382 sed
708 3336 782 3381 eso
806 3319 901 3380 lais
924 3318 1197 3398 quoedam
1223 3324 1373 3380 sunt
1396 3317 1800 3400 continyentia
1820 3319 1990 3380 nobis

415 3417 639 3492 sutura
654 3437 681 3486 ;
724 3428 863 3492 erqo
892 3411 1075 3474 etiam
1101 3429 1171 3473 ea
1198 3411 1520 3494 coquoscit.
1552 3411 1699 3482 Quae
1728 3413 1909 3484 ratio,
1941 3413 1989 3471 si

422 3511 661 3568 attente
716 3511 1052 3584 spectetur,
1108 3503 1467 3564 immediate
1516 3504 1721 3565 solum
1768 3506 1994 3584 probat

417 3603 619 3664 Deum
666 3599 901 3661 habere
948 3599 1273 3660 scientiam
1318 3599 1543 3659 harum
1588 3617 1803 3660 rerum
1851 3617 1992 3678 quoe

418 3695 852 3774 contingenter
864 3697 1008 3752 sunt
1026 3691 1272 3763 futurae,
1300 3691 1503 3752 solum
1520 3698 1829 3770 quatenus
1846 3710 1991 3771 pos-

420 3789 630 3850 sibiles
646 3791 791 3848 sunt
814 3785 1425 3866 contingenter,quia
1444 3805 1521 3847 ex
1539 3787 1595 3846 vi
1620 3787 1992 3866 cognitionis

416 3881 709 3962 potentiae
720 3897 829 3941 seu
848 3897 1051 3942 causae
1064 3877 1215 3938 nihil
1228 3878 1397 3940 aliud
1414 3879 1992 3958 cognoscitur-‚Quia

413 3994 563 4038 vero
592 3977 759 4036 Deus
784 3991 913 4034 non
940 3979 1183 4034 tantum
1214 3973 1533 4052 cognoscit
1562 3991 1639 4032 ea
1668 3991 1809 4052 quae
1849 3979 1994 4034 sunt

420 4069 485 4130 in
514 4067 793 4147 potentia
844 4085 957 4126 sua
1006 4065 1105 4126 vcl
1150 4073 1473 4137 creatum,
1512 4073 1697 4144 prout
1740 4067 1803 4126 in
1858 4067 1996 4146 ipsa

419 4168 586 4234 sunt,
620 4160 734 4222 sed
764 4160 955 4222 etiam
1002 4165 1187 4239 prout
1232 4160 1297 4219 in
1330 4178 1398 4220 se
1447 4165 1613 4235 sunt,
1659 4160 1891 4222 directe
1922 4181 1997 4222 ac

420 4255 671 4334 proprie
702 4273 775 4314 ea
812 4252 1221 4332 concipiendo
1252 4259 1313 4314 et
1359 4253 1820 4332 cognoscendO,
1854 4254 1995 4315 ideo

423 4367 538 4426 pro
558 4353 875 4426 comperto
892 4347 1083 4408 etiam
1105 4347 1479 4424 supponitD.
1500 4348 1773 4408 Thomas
1796 4349 1997 4409 Deum

430 4439 665 4501 habere
696 4439 974 4518 aliquam
1020 4438 1347 4500 scientiam
1388 4439 1738 4501 futurarum
1788 4459 2002 4502 rerum

424 4534 859 4614 contingenter
890 4535 959 4594 in
988 4534 1211 4613 seipsis
1256 4538 1319 4595 et
1366 4542 1551 4612 prout
1600 4535 1663 4596 in
1714 4555 1779 4596 se
1830 4541 1996 4596 sunt.

430 4627 627 4701 Unde,
674 4633 743 4690 ut
784 4628 1114 4688 minimum
1134 4673 1149 4700 ,
1206 4628 1611 4688 manifestum
1666 4629 1857 4691 etiam
1905 4635 1999 4690 est

428 4739 613 4801 posse
647 4722 849 4781 Deum
873 4739 1253 4799 cognoscere
1278 4722 1587 4781 actualem
1610 4723 2005 4783 existentiam

426 4813 646 4875 talium
686 4830 920 4884 rerum,
972 4814 1197 4874 saltem
1242 4813 1495 4892 quando
1544 4815 1713 4875 illam
1746 4816 2001 4876 habeut.

432 4905 647 4968 Solum
700 4923 851 4984 ergo
890 4905 981 4964 illi
1022 4906 1415 4984 probandum
1457 4915 1779 4986 supererat
1822 4927 2007 4987 posse

428 5001 631 5061 Deum
664 5016 1046 5078 cognoscere
1078 4999 1435 5078 hujusmodi
1464 5019 1567 5060 res
1606 5005 1667 5060 et
1694 5003 2006 5062 actualem

430 5093 824 5154 existentiam
852 5109 1093 5163 earum,
1124 5097 1464 5171 antequam
1494 5094 1558 5152 in
1584 5111 1653 5154 se
1686 5101 1827 5155 actu
1858 5095 2005 5167 sint,

430 5191 619 5264 atque
647 5184 803 5246 adeo
824 5199 1209 5265 cognoscere
1234 5185 1370 5246 illas
1393 5205 1529 5247 esse
1558 5187 1834 5259 futuras;
1860 5206 2008 5247 nam

437 5279 571 5339 haec
618 5279 746 5340 duo
792 5280 891 5339 vel
938 5285 1411 5350 convertuntur,
1461 5279 1561 5340 vel
1606 5281 1815 5358 potius
1863 5287 2011 5342 sunt

436 5371 629 5447 idem,
654 5376 943 5451 respectu
972 5372 1135 5432 illius
1164 5373 1269 5452 qui
1290 5372 1565 5451 perfecto
1596 5373 1783 5434 modo
1806 5377 1869 5434 et
1896 5392 2012 5452 per

434 5463 671 5526 claram
700 5465 1092 5526 intuitionem
1124 5467 1444 5544 cognoscit
1460 5485 1561 5526 res
1588 5467 1851 5526 futuras
1880 5467 2011 5527 Hoc

440 5573 593 5638 ergo
624 5559 853 5638 optime
876 5541 1167 5640 ‘probavit
1194 5559 1265 5622 D.
1296 5559 1570 5622 Thomas
1596 5577 1673 5622 cx
1706 5561 2012 5623 aeternita-

2063 812 2194 871 1um
2225 805 2408 875 prout
2431 801 2494 857 in
2519 816 2586 857 se
2609 798 2890 857 absolute
2917 796 3281 875 intelligitur
3301 792 3660 855 secundum

2065 909 2254 951 suum
2284 910 2426 951 esse
2457 892 2650 967 reale,
2675 890 2788 951 sed
2815 896 3005 951 etlam
3023 894 3210 969 prout
3229 887 3602 965 intelligitur
3619 904 3660 945 a

2065 984 2248 1044 nobis
2271 984 2388 1045 sub
2412 1000 2810 1063 quocumque
2845 989 3156 1061 respectu,
3203 1000 3318 1041 seu
3348 980 3658 1041 termina·

2071 1078 2238 1137 tione
2273 1078 2354 1138 ad
2380 1078 2821 1157 quodcumque
2851 1076 3164 1155 objectum
3194 1074 3656 1153 cognoscibil03

2069 1171 2215 1249 quia
2269 1170 2350 1231 ad
2405 1170 2714 1231 infinitam
2759 1171 2870 1231 Dei
2911 1170 3366 1249 perfectionem
3411 1172 3662 1245 spectat

2069 1270 2138 1325 ut
2162 1264 2350 1325 etiam
2379 1264 2498 1325 boc
2531 1264 2718 1325 modo
2747 1283 2874 1325 non
2903 1264 3100 1343 possit
3127 1280 3266 1323 esse
3295 1262 3360 1321 in
3391 1260 3662 1323 scientia

2071 1358 2236 1419 illius
2283 1358 2574 1430 variatim
2615 1358 2764 1437 quia
2805 1376 2922 1419 nec
2958 1361 3166 1435 potest
3195 1354 3458 1415 scientia
3511 1354 3660 1432 ipsa

2069 1452 2323 1513 realiter
2351 1452 2592 1531 augeri,
2640 1470 2758 1513 nec
2787 1456 2993 1531 potest
3041 1470 3170 1511 non
3199 1449 3388 1509 simui
3423 1466 3664 1527 repra!-

2071 1552 2320 1607 sentare
2352 1545 2563 1605 omnia
2591 1564 2732 1623 quae
2769 1564 2882 1625 per
2921 1546 3126 1625 ipsam
3163 1543 3462 1624 cognosci
3501 1560 3662 1621 pos—

2073 1645 2241 1712 sunt,
2271 1638 2417 1715 quia
2437 1638 2804 1699 naturaliter
2829 1656 2901 1699 ac
2927 1638 3284 1700 necessario
3307 1654 3663 1715 repraesen-

2069 1738 2184 1798 tat.
2215 1732 2536 1811 supposita
2562 1732 2821 1793 veritate
2857 1750 2968 1793 seu
2995 1731 3540 1813 cognoscibilitate
3589 1730 3658 1787 in

2073 1825 2340 1904 objecto,
2387 1826 2517 1886 Hac
2559 1844 2712 1905 ergo
2757 1825 3024 1899 ratione,
3080 1844 3214 1885 non
3265 1824 3474 1885 solum
3511 1842 3660 1884 esse

2071 1918 2376 1993 divinum,
2421 1918 2536 1979 sed
2567 1920 2756 1979 etiam
2785 1920 2923 1998 ejus
2963 1920 3221 1979 scientia
3251 1925 3664 1979 mensuratur

2069 2012 2434 2073 aeternitate.
2487 2013 2576 2072 Ex
2610 2031 2738 2091 quo
2789 2012 3049 2075 ulterius
3098 2012 3336 2092 colligit
3377 2013 3446 2072 D.
3485 2013 3662 2072 Tho-

2067 2122 2206 2165 mas
2261 2104 2536 2165 divinam
2603 2105 2926 2166 scientiam
2983 2124 3096 2165 suo
3179 2106 3412 2165 intuitu
3479 2108 3652 2165 aeter-

2068 2216 2151 2257 no
2199 2198 2526 2276 complecti
2560 2198 2774 2259 omnia
2807 2199 2872 2259 in
2919 2216 3324 2278 quocumque
3364 2205 3659 2277 tempore

2070 2290 2418 2365 existentia,
2456 2294 2641 2371 prout
2678 2298 2826 2355 eunt
2862 2290 2930 2353 in
2967 2310 3085 2355 sua
3111 2291 3655 2373 prcesentialitau,

2073 2384 2134 2446 id
2163 2391 2276 2457 est,
2301 2390 2486 2463 prout
2507 2402 2901 2463 unaquaeque
2925 2385 2991 2445 in
3011 2404 3126 2446 suo
3147 2392 3434 2464 tempore
3465 2385 3660 2445 habet

2073 2477 2472 2557 praesentiam
2501 2477 2762 2549 realem,
2795 2496 2944 2539 nam
2990 2478 3094 2538 illa
3119 2484 3216 2539 est
3249 2496 3392 2557 quae.
3417 2484 3658 2538 aeterno

2073 2570 2434 2649 conspectui
2459 2570 2668 2631 divino
2697 2570 3007 2650 objicitur.
3031 2572 3211 2645 Nam,
3245 2572 3296 2631 si
3321 2572 3430 2631 illa
3457 2572 3662 2631 scien-

2073 2664 2184 2736 tia,
2219 2664 2406 2724 etiam
2431 2670 2618 2741 prout
2645 2664 3012 2744 intelligitur
3031 2664 3296 2725 subesse
3325 2664 3499 2725 omni
3523 2682 3662 2725 res-

2073 2758 2306 2838 pectui,
2329 2761 2732 2819 mensuratur
2751 2760 3119 2832 aeternitate,
3153 2760 3238 2819 ab
3267 2766 3510 2819 aeterno
3541 2758 3664 2817 ha-

2071 2852 2180 2913 bet
2211 2852 2383 2912 illum
2415 2857 2772 2931 respectum
2797 2852 3070 2913 scientiae
3107 2870 3223 2913 seu
3261 2852 3530 2913 intuitus
3567 2852 3658 2911 ad

2071 2962 2586 3023 unamquamque
2627 2962 2765 3004 rem
2793 2950 2980 3023 prout
3023 2964 3138 3006 suo
3168 2942 3462 3023 tempore
3489 2944 3662 3005 futu-

2070 3055 2245 3109 ram;
2281 3044 2343 3098 et
2371 3038 2492 3099 hoc
2519 3044 2615 3099 est
2641 3038 2878 3099 habere
2907 3056 3044 3101 rem
3067 3040 3346 3100 futuram
3375 3056 3626 3120 praesen
3645 3070 3658 3083 ·

2069 3138 2202 3192 tem
2247 3131 2312 3192 in
2359 3150 2474 3192 sua
2522 3133 2890 3193 aeternitate.
2921 3133 3222 3212 Idemque
3255 3139 3356 3194 est
3389 3151 3661 3212 cognos-

2070 3242 2212 3286 cere
2239 3225 2353 3284 has
2377 3225 2674 3286 veritates
2703 3225 2782 3286 de
2811 3226 3022 3287 futuro
3049 3227 3440 3306 contingenti
3467 3226 3533 3285 in
3559 3243 3664 3286 se-

2069 3319 2244 3398 ipsiS,
2277 3337 2428 3378 nam
2455 3321 2622 3380 Deus
2653 3337 2780 3379 non
2829 3319 3152 3398 cognoscit
3193 3319 3334 3379 illas
3375 3337 3496 3398 per
3523 3335 3662 3378 mo-

2075 3412 2226 3473 dum
2259 3412 2708 3491 complexionis
2743 3431 2852 3472 seu
2893 3413 3392 3492 compositioni5‚
3427 3411 3541 3472 sed
3568 3413 3664 3472 in-

2071 3504 2308 3566 tuendo
2341 3505 2618 3566 actuales
2643 3505 3004 3566 existentias
3023 3505 3418 3584 singularum
3443 3523 3664 3566 rerum

2073 3617 2189 3678 pro
2223 3598 2355 3658 suis
2389 3598 2802 3678 temporibus
2838 3600 3040 3678 Atque
3069 3599 3190 3660 hoc
3233 3600 3428 3661 modo
3477 3599 3666 3660 intel-

2073 3693 2284 3754 lexere
2345 3692 2514 3752 hunc
2571 3692 2924 3752 discursum
2981 3693 3054 3753 D.
3109 3693 3370 3754 Thomae
3417 3693 3660 3771 antiqui

2071 3787 2406 3848 Thomistae
2435 3785 2602 3847 citati
2631 3785 2696 3845 in
2735 3785 2858 3846 fine
2903 3785 3242 3864 superioris
3297 3787 3546 3865 capitis,
3597 3790 3663 3846 ct

2073 3881 2420 3960 praesertim
2465 3879 2700 3958 AEgid.,
2749 3879 2812 3938 in
2859 3882 2918 3950 l,
2963 3867 3236 3940 distinct.
3283 3880 3386 3951 38,
3433 3886 3654 3957 quaest.

2077 3972 2309 4046 ultim,
2345 3979 2406 4034 et
2437 3973 2663 4034 eodem
2689 3973 2780 4033 uti
2806 3971 3054 4032 videtur
3077 3972 3385 4032 Alexand.
3413 3973 3657 4045 Ateus,

2077 4070 2104 4127 1
2139 4071 2326 4146 part„
2361 4073 2582 4146 quaest.
2611 4069 2714 4140 23,
2746 4065 2980 4126 memb.
3031 4067 3094 4126 4.
3145 4073 3264 4126 art.
3299 4069 3360 4126 4.
3423 4067 3660 4145 Estque

2076 4161 2236 4220 ratio
2255 4161 2388 4220 baec
2417 4160 2503 4221 sic
2533 4160 2836 4240 exposita,
2869 4177 2996 4218 non
3015 4165 3261 4219 tantum
3283 4177 3401 4238 per
3429 4160 3663 4220 extrin-

2079 4271 2224 4314 seca
2269 4259 2330 4314 et
2357 4254 2738 4326 communia,
2782 4261 2850 4314 ut
2898 4253 3153 4333 quidam
3185 4253 3512 4332 objiciunt,
3547 4253 3662 4312 sed

2083 4365 2162 4406 cx
2193 4347 2481 4426 propriiS,
2511 4353 2572 4407 et
2599 4365 2638 4406 a
2662 4333 2960 4427 priori'ex
2991 4351 3168 4426 parte
3199 4345 3428 4407 divinae
3455 4347 3664 4406 scien-

2083 4441 2222 4511 tioe;
2257 4439 2511 4512 scilicet,
2557 4439 2708 4517 quia
2739 4441 2929 4500 simul
2961 4440 3152 4501 habet
3195 4457 3270 4499 ac
3297 4441 3662 4500 necessario

2083 4536 2278 4593 totam
2299 4532 2750 4611 perfectionem
2779 4532 3056 4594 scientiae
3087 4533 3477 4612 possibilem,
3499 4549 3666 4592 sem-

2085 4643 2199 4704 per
2225 4631 2437 4686 tamen
2465 4627 2758 4705 supponit
2785 4626 3390 4706 cognoscibilitatem
3411 4644 3490 4685 ex
3523 4645 3666 4704 par-

2087 4723 2148 4778 te
2180 4719 2427 4797 objecti,
2458 4736 2648 4797 quam
2683 4719 2874 4778 habet
2919 4737 2996 4780 ex
3031 4737 3108 4778 eo
3151 4719 3324 4798 quod
3353 4720 3422 4778 in
3449 4720 3662 4797 aliquo

2087 4815 2368 4890 tempore
2413 4811 2774 4872 habiturum
2803 4817 2894 4871 est
2924 4813 3342 4879 existentiam,
3381 4818 3447 4872 et
3475 4831 3666 4872 coex-

2089 4903 2345 4966 titurum
2373 4905 2723 4976 aeternitati,
2757 4909 2824 4966 ut
2863 4905 3012 4965 satis
3041 4905 3432 4966 declaratum
3461 4913 3578 4966 est.

2169 5002 2266 5060 12.
2325 4999 2555 5063 Ultimo
2606 5000 2922 5082 colliyitur
2977 5019 3109 5081 quoe
3151 5002 3417 5082 coquitio
3467 5019 3667 5063 causoe

2087 5091 2440 5173 requiratur
2467 5095 2550 5156 ad
2587 5095 2741 5156 hano
2777 5094 3116 5156 scientiam.
3147 5123 3229 5138 —-—
3255 5093 3493 5155 Ultimo
3517 5139 3534 5164 ,
3575 5093 3666 5152 in-

2091 5185 2390 5265 telligitur
2433 5204 2511 5245 ex
2559 5185 2738 5246 dictis
2795 5203 3082 5264 quoenam
3133 5185 3408 5265 cognitio
3455 5203 3664 5246 causae

2091 5280 2450 5340 necessaria
2479 5279 2556 5339 sit
2582 5277 2664 5338 ad
2693 5277 3052 5338 habendam
3077 5283 3312 5338 certam
3339 5277 3668 5338 scientiam

2091 5373 2445 5435 futurorum
2475 5371 2988 5452 contingentium.
3035 5371 3329 5442 Quamvis
3369 5371 3542 5432 enim
3569 5391 3668 5430 sn-

2093 5485 2230 5546 pra,
2281 5485 2418 5545 cap.
2461 5467 2522 5538 3,
2555 5483 2701 5525 cum
2751 5465 2820 5524 D.
2851 5464 3092 5525 Thoma
3131 5465 3478 5525 dixerimus
3535 5465 3666 5524 baec

2091 5559 2302 5621 futura
2343 5575 2470 5620 non
2499 5557 2880 5628 sufficienter
2907 5558 3196 5638 cognosci
3225 5557 3294 5617 in
3321 5575 3542 5632 causa,
3577 5557 3666 5617 ni-
