3850 6225
479 362 560 423 30

477 466 721 549 pliciter
743 468 1135 530 necessarius
1161 472 1404 529 tantum
1445 474 1542 529 est
1568 466 1670 529 ille
1713 484 1902 545 quem
1936 484 2040 527 ex-

478 561 830 642 plicuimus,
860 580 991 623 non
1017 581 1170 625 vero
1199 564 1320 625 hoc
1351 562 1593 626 virtutis
1621 560 2041 641 complemen-

477 661 634 717 tum.

561 750 658 811 14.
704 748 1066 831 Aliquorum
1093 748 2040 831 objectio.—Eoeploditur.—Di-

479 848 623 903 cent
645 842 940 904 virtutem
971 860 1176 905 causae
1221 841 1537 915 secundae,
1562 843 1681 903 hoc
1703 841 1842 921 ipso
1870 841 2042 920 quod

477 942 687 997 creata
749 942 863 1012 est,
921 956 1050 999 non
1105 953 1288 1016 posse
1335 954 1474 997 esse
1528 935 1901 1015 completam
1960 934 2043 995 ad

477 1030 816 1111 agendum,
850 1031 1040 1091 etiam
1073 1030 1136 1091 in
1177 1047 1289 1090 suo
1330 1030 1550 1091 ordine
1584 1046 1790 1089 causae
1819 1046 2044 1089 secun-

476 1122 600 1198 dae,
631 1123 835 1185 stabili
871 1140 944 1183 ac
970 1128 1404 1201 permanente,
1443 1122 1546 1183 vel
1577 1122 1668 1199 (ut
1707 1121 1791 1182 ita
1812 1120 2042 1201 dicam)

473 1216 781 1277 habituali
817 1216 1304 1295 complement0‚
1339 1214 1452 1276 sed
1479 1214 1762 1295 indigere
1793 1231 2046 1294 semper

477 1309 684 1388 aliquo
733 1309 966 1370 actuali
1016 1309 1500 1389 complemento,
1545 1306 1715 1387 quod
1753 1308 1973 1384 recipit
2005 1325 2038 1367 a

473 1402 604 1463 Deo
630 1420 744 1482 per
779 1403 941 1463 hanc
978 1403 1278 1481 praeviam
1307 1402 1640 1474 actionem,
1670 1418 1808 1480 quae
1829 1400 2043 1463 termi-

473 1496 612 1557 nari
636 1496 972 1557 intrinsece
1010 1495 1376 1575 intelligitur
1412 1495 1494 1555 ad
1529 1494 1870 1574 quamdam
1915 1494 2042 1554 vir-

472 1593 675 1650 tutem
697 1589 958 1653 inditam
991 1597 1054 1651 et
1085 1589 1574 1668 superadditam,
1599 1606 1790 1666 quam
1814 1592 2041 1649 vocant

475 1682 840 1762 qualitatem
891 1683 1192 1744 fluentem
1239 1681 1338 1743 vel
1385 1680 1881 1754 intentionalem,
1941 1680 2041 1741 vel

474 1776 626 1854 quid
663 1776 884 1837 simile.
921 1776 1030 1837 Cui
1056 1776 1264 1854 potius
1297 1775 1592 1837 tribuitur
1621 1775 2040 1854 complemen-

471 1875 609 1930 tum
646 1869 888 1931 virtutis
923 1886 1126 1930 causae
1161 1868 1470 1943 secundae,
1511 1868 1660 1946 quia
1701 1873 1796 1929 est
1834 1868 2039 1947 magis

472 1962 769 2036 actualis,
831 1961 1158 2041 magisque
1191 1961 1478 2040 pendens
1515 1978 1594 2021 ex
1643 1960 1870 2022 actuali
1907 1979 2039 2021 mo-

471 2056 642 2117 tione
671 2055 806 2116 Dei.
855 2057 934 2116 At
963 2056 1153 2129 enim,
1208 2054 1462 2133 quando
1513 2054 1716 2115 omnis
1749 2055 1906 2115 ratio
1958 2052 2039 2115 ad

471 2148 605 2209 haec
633 2147 1060 2229 impugnanda
1090 2148 1357 2221 deesset,
1387 2148 1527 2225 quis
1557 2165 1631 2207 ea
1657 2147 1870 2208 credat
1901 2148 2037 2209 siue

470 2242 736 2315 ratione,
770 2240 904 2303 sine
933 2241 1321 2313 auctoritate,
1351 2243 1412 2301 ct
1441 2240 1680 2319 absque
1723 2240 1849 2301 ullo
1878 2239 2038 2300 indi-

470 2335 566 2396 cio
599 2334 736 2396 talis
765 2334 1101 2415 qualitatiS,
1133 2334 1302 2413 quod
1345 2352 1422 2395 ex
1453 2334 1774 2395 effectibus
1817 2352 2039 2394 causa-

466 2446 612 2489 rum
639 2428 1056 2490 secundarum
1083 2428 1244 2487 sumi
1274 2427 1504 2505 possit?
1535 2427 1683 2499 Quis
1724 2427 2034 2506 (inquam)

471 2522 688 2584 credat
712 2524 1004 2583 virtutem
1045 2521 1191 2582 solis
1220 2521 1302 2582 ad
1330 2521 1808 2582 illuminandum
1836 2521 1902 2581 in
1934 2540 2029 2581 or-

467 2616 614 2678 dine
647 2635 852 2679 causae
900 2614 1190 2677 secundm
1229 2615 1670 2693 incompletam
1720 2619 1900 2675 esse?
1927 2619 2036 2674 aut

465 2710 670 2771 visum
717 2710 950 2791 optime
988 2709 1380 2787 dispositum,
1431 2714 1494 2769 et
1539 2708 1814 2788 perfecte
1849 2708 2037 2779 infor-

467 2810 706 2865 matum
749 2803 981 2883 specie,
1023 2803 1228 2864 adhuc
1261 2801 1542 2880 indigere
1573 2802 1694 2863 alio
1734 2802 2037 2863 extrinse-

467 2916 540 2959 co
592 2897 1092 2976 complemento?
1131 2902 1240 2957 aut
1280 2895 1689 2969 voluntatem,
1733 2896 2034 2956 charitate

464 2991 672 3051 infusa
702 2992 990 3052 affectam
1017 3036 1033 3063 ,
1089 2990 1296 3051 adhuc
1319 2990 1750 3068 imperfectam
1784 3007 1920 3050 esse
1968 2990 2034 3049 in

465 3086 710 3148 ratione
743 3090 921 3146 actus
955 3084 1187 3164 primi?
1217 3085 1394 3146 Certe
1424 3083 1556 3144 haec
1585 3088 1646 3144 et
1676 3082 1900 3144 similia
1919 3101 2035 3163 per

466 3197 605 3240 sese
635 3182 783 3240 sunt
811 3178 962 3239 satis
989 3177 1399 3242 incredibilia.
1436 3177 1880 3238 Verumtamen
1903 3197 2033 3240 non

465 3273 645 3335 deest
681 3273 872 3333 etiam
899 3271 1086 3346 ratic,
1124 3291 1250 3352 qua
1300 3271 1460 3333 falsa
1506 3289 1645 3332 esse
1697 3271 2033 3333 ostendan-

462 3370 585 3428 tur.

544 3461 643 3522 15.
675 3460 855 3533 Nam,
881 3457 1133 3538 quando
1163 3458 1324 3518 actio
1352 3456 1453 3518 vel
1479 3457 1737 3519 effectus
1766 3475 1892 3518 non
1925 3475 2025 3518 ex-

464 3553 627 3614 cedit
651 3552 1101 3638 perfectionem
1139 3570 1372 3626 causae,
1403 3569 1528 3611 non
1575 3556 1670 3612 est
1707 3569 1817 3612 eur
1845 3569 2029 3612 exce—

463 3646 570 3708 dat
599 3648 890 3708 virtutem
917 3646 1054 3725 ejus
1083 3646 1150 3705 in
1179 3663 1294 3705 suo
1323 3644 1580 3718 ordine;
1613 3643 1726 3706 sed
1763 3644 2029 3706 calefac-

464 3740 549 3801 tio
595 3746 658 3800 et
697 3739 868 3800 calor
913 3738 994 3800 ab
1037 3738 1184 3818 igne
1229 3737 1569 3818 productus
1609 3755 1736 3798 non
1785 3738 2029 3800 excedit

461 3832 914 3912 perfectionem
946 3831 1106 3912 ignis
1133 3849 1246 3893 seu
1277 3831 1502 3893 caloris
1542 3849 1667 3911 quo
1705 3830 1838 3910 ipse
1863 3832 2029 3894 cale-

461 3926 640 4000 facit;
687 3944 838 4006 ergo
879 3943 1088 4005 neque
1123 3923 1366 3987 excedit
1420 3923 1712 3985 virtutem
1759 3925 2027 3986 activam

462 4019 636 4098 ejus;
669 4018 786 4079 erit
814 4035 964 4097 ergo
1002 4017 1068 4077 in
1103 4017 1309 4078 calore
1337 4015 1444 4076 illo
1485 4015 1682 4077 virtus
1714 4017 2025 4096 completa

461 4113 526 4174 in
557 4130 788 4192 genere
833 4127 1042 4172 causae
1084 4111 1381 4191 proximae
1414 4108 1497 4172 ad
1545 4109 1810 4170 similem
1855 4109 2027 4171 ealo-

461 4224 596 4266 rem
637 4204 1135 4285 producendum.
1181 4204 1360 4264 Dices
1395 4221 1408 4262 :
1445 4203 1563 4264 hac
1607 4202 1740 4264 fere
1781 4200 2025 4263 ratione

461 4299 756 4362 utebatur
778 4298 1132 4373 Durandus,
1161 4303 1232 4358 ut
1263 4297 1558 4385 probaret
1591 4315 1720 4358 non
1751 4313 1888 4358 esse
1915 4313 2025 4358 ne-

461 4393 806 4455 cessarium
837 4409 1212 4454 concursum
1245 4409 1448 4452 causae
1475 4390 1710 4469 primae,
1740 4388 1853 4450 sed
1880 4407 2025 4450 cau-

460 4504 596 4548 sam
638 4485 982 4548 secundam
1027 4502 1142 4565 per
1179 4503 1247 4546 se
1297 4484 1497 4546 solam
1549 4483 1857 4545 sufficere.
1902 4485 2025 4544 Re-

461 4577 806 4660 spondetur
832 4579 918 4640 ita
942 4578 1196 4658 quidem
1221 4596 1384 4655 esse,
1407 4584 1622 4640 tamen
1645 4576 1790 4638 inde
1819 4577 2025 4638 solum

461 4673 662 4752 sequi,
695 4671 1066 4734 Durandum
1107 4689 1236 4733 non
1285 4675 1454 4734 recte
1503 4669 1672 4732 illam
1713 4670 2023 4732 rationem

461 4765 995 4828 accommodasse.
1030 4765 1210 4828 Unde
1237 4765 1462 4845 reliqui
1488 4767 1774 4828 auctores
1803 4764 1887 4825 illi
1927 4783 2024 4826 re-

459 4858 794 4940 spondent,
813 4859 986 4920 illam
1015 4858 1324 4920 rationem
1355 4857 1728 4920 concludere
1765 4877 2023 4920 causam

461 4952 808 5014 secundam
859 4949 1096 5013 habere
1151 4950 1562 5012 sufficientem
1615 4951 1906 5013 virtutem
1962 4951 2027 5014 in

461 5063 578 5106 suo
619 5061 875 5126 genere,
923 5061 1054 5106 non
1098 5049 1312 5106 tamen
1358 5043 1594 5105 habere
1624 5042 1815 5120 illam,
1849 5045 2028 5108 inde-

459 5138 842 5220 pendentem
897 5155 934 5198 a
993 5136 1196 5218 prima
1237 5154 1451 5212 causa,
1509 5137 1678 5218 quia,
1735 5139 1866 5199 tam
1919 5139 2025 5200 illa

460 5249 654 5310 quam
687 5232 946 5292 effectus
989 5230 1071 5292 ab
1107 5249 1182 5293 ea
1212 5230 1652 5310 producendus
1673 5276 1694 5307 ,
1725 5231 2023 5294 essentia·

457 5323 599 5387 liter
635 5343 674 5385 a
699 5323 903 5404 prima
941 5341 1128 5386 causa
1163 5323 1463 5404 pendent.
1493 5325 1584 5386 Ex
1611 5341 1736 5404 qua
1763 5343 2023 5405 respon-

459 5417 634 5480 sione
687 5417 1036 5498 colligimus
1055 5461 1071 5492 ,
1113 5418 1405 5480 virtutem
1463 5436 1666 5480 causae
1728 5419 2019 5482 secundae

459 5527 646 5590 posse
689 5529 828 5574 esse
865 5511 952 5574 ita
988 5512 1366 5595 completam
1414 5512 1480 5574 in
1508 5530 1622 5573 suo
1651 5530 1907 5593 genere,
1952 5518 2022 5574 ut

1237 364 1449 421 OPUSC.
1485 367 1526 429 1,
1561 366 1676 419 LlB.
1713 366 1752 419 1.
1789 366 1869 419 DE
1901 365 2221 419 CONCURSU
2254 368 2359 419 nm
2390 366 2515 421 cml
2546 366 2937 421 VOLUNTATE.

2119 466 2273 527 nihil
2292 467 2570 547 requirat
2592 466 2785 540 aliud,
2811 466 2931 527 nisi
2956 482 3331 527 concursum
3354 466 3527 529 illum
3546 484 3703 527 cau-

2120 580 2203 621 sae
2254 561 2495 641 primae,
2534 579 2725 641 quem
2766 558 3063 639 postulat,
3104 566 3240 621 tum
3278 578 3357 623 ex
3394 579 3469 623 eo
3514 559 3701 639 quod

2123 660 2219 715 est
2244 654 2439 715 virtus
2484 653 2853 734 participata
2898 659 2959 714 et
2996 653 3304 731 pendenS,
3334 660 3468 715 tum
3498 655 3701 715 etiam

2122 766 2199 809 ex
2250 766 2325 809 co
2381 748 2551 827 quod
2607 748 2901 821 effectus,
2956 746 3037 807 ab
3090 766 3167 808 ea
3220 748 3697 827 producenduS,

2124 841 2537 903 essentialiter
2566 847 2661 903 est
2688 859 2800 902 ens
2838 840 3295 920 participatum,
3330 841 3499 921 quod
3524 860 3605 901 ex
3632 839 3703 899 vi

2122 935 2319 1014 ipsius
2352 954 2489 996 esse
2514 934 2865 1015 participati
2892 934 3153 1013 requirit
3178 934 3482 995 influxum
3504 933 3703 1012 primi

2124 1029 2328 1104 entis;
2370 1030 2482 1091 sed
2528 1030 2651 1091 hoc
2682 1046 2882 1109 genus
2906 1028 3341 1107 dependentiae
3382 1028 3701 1089 sufficien-

2125 1124 2359 1185 tissime
2394 1123 2741 1203 completur
2768 1140 2881 1201 per
2909 1122 3273 1203 generalem
3312 1136 3702 1183 concursum

2126 1234 2163 1275 a
2186 1216 2369 1277 nobis
2396 1216 2783 1277 declaratum
2807 1234 2824 1288 ;
2860 1233 3011 1295 ergo
3038 1215 3103 1275 in
3148 1217 3393 1294 reliqua
3420 1212 3703 1277 efficaci-

2124 1314 2251 1372 tate
2289 1310 2606 1371 sufficiens
2652 1310 2849 1369 virtus
2888 1314 2983 1369 est
3029 1308 3095 1370 in
3126 1310 3409 1388 proxima
3452 1326 3695 1379 causa;

2124 1409 2311 1483 atque
2340 1402 2499 1466 adeo
2546 1419 2733 1464 omne
2764 1400 2935 1464 aliud
2985 1402 3511 1482 complementum
3560 1418 3701 1461 non

2128 1502 2223 1560 est
2253 1497 2679 1559 necessarium
2710 1513 2787 1555 ex
2823 1494 2885 1554 vi
2920 1494 3447 1557 subordinationis
3480 1510 3699 1555 causae

2127 1590 2418 1653 secundae
2452 1589 2533 1651 ad
2556 1588 2847 1669 primam,
2886 1586 3000 1651 sed
3026 1594 3123 1651 est
3154 1588 3287 1649 sine
3312 1587 3700 1648 fundamen-

2120 1692 2185 1746 to
2218 1685 2659 1765 excogitatum.

2204 1782 2301 1841 16.
2347 1781 2423 1841 Et
2464 1784 2731 1858 augetur
2759 1778 2949 1859 hujus
2992 1776 3246 1839 rationis
3288 1777 3423 1849 vis;
3486 1794 3640 1835 nam
3676 1820 3697 1847 ‚

2120 1874 2171 1935 si
2224 1875 2385 1934 Deus
2414 1872 2587 1951 prius
2632 1872 2760 1951 agit
2794 1872 2859 1933 in
2902 1888 3159 1933 causam
3189 1871 3573 1942 secundam,
3620 1871 3701 1928 ut

2103 1966 2429 2046 -compleat
2460 1966 2751 2027 virtutem
2795 1966 2957 2046 ejus»,
3008 1980 3187 2025 sumo
3216 1964 3507 2023 virtutem
3536 1980 3704 2022 cau-

2121 2077 2205 2119 sae
2238 2064 2306 2119 ut
2346 2059 2723 2138 completam
2750 2077 2863 2137 per
2890 2057 3063 2117 illam
3094 2056 3459 2137 qualitatem
3483 2055 3706 2115 inten-

2118 2154 2417 2214 tionalem
2466 2171 2578 2213 scu
2628 2157 3085 2225 transeuntem,
3116 2158 3207 2225 ut,
3238 2150 3413 2211 verbi
3460 2150 3699 2229 gratia,

2118 2247 2351 2323 ignem,
2389 2254 2457 2308 ut
2488 2248 2781 2308 affectum
2812 2266 2925 2308 suo
2961 2246 3169 2307 calore
3198 2248 3261 2305 et
3286 2243 3391 2304 illa
3420 2243 3703 2321 qualita-

2116 2346 2204 2401 te:
2225 2346 2423 2401 totum
2443 2342 2563 2401 hoc
2574 2340 2987 2420 compositum
3003 2339 3193 2401 habet
3211 2337 3519 2399 rationem
3540 2356 3705 2397 cau-

2117 2452 2201 2493 sae
2228 2434 2518 2495 secundae
2550 2452 2625 2495 ac
2652 2433 2951 2513 proximae
2977 2438 3270 2512 respectu
3302 2431 3527 2493 caloris
3548 2448 3703 2509 pro-

2116 2525 2411 2599 ducendi,
2448 2534 2509 2588 et
2549 2526 2614 2587 in
2642 2546 2757 2587 suo
2794 2546 3029 2605 genere
3068 2531 3163 2587 est
3193 2542 3385 2585 causa
3410 2524 3703 2602 comple-

2115 2623 2177 2680 ta
2200 2664 2215 2693 ,
2262 2619 2623 2700 indigetque
2662 2618 3065 2681 nihilominus
3102 2616 3328 2679 actuali
3378 2634 3705 2677 concursu

2117 2712 2229 2771 Dei
2256 2714 2714 2774 concomitante
2740 2759 2756 2786 ,
2788 2712 2991 2793 qualis
3035 2729 3072 2773 a
3110 2710 3290 2772 nohis
3344 2709 3703 2788 explicatus

2118 2812 2235 2876 est,
2266 2810 2337 2866 ut
2374 2806 2523 2867 satis
2552 2808 2741 2869 etiam
2767 2806 3213 2887 probabimus;
3249 2821 3401 2885 ergo
3446 2802 3549 2862 vel
3594 2803 3705 2861 in-

2118 2898 2291 2976 diget
2329 2900 2517 2960 etiam
2547 2900 2667 2961 alio
2700 2900 2931 2962 auxilio
2966 2904 3382 2977 praemovente
3424 2901 3486 2957 et
3516 2914 3703 2955 com-

2116 2991 2329 3071 plente
2358 2993 2684 3069 virtutem3
2722 3001 2784 3057 et
2811 2995 2933 3055 hoc
2958 2992 3079 3053 dici
3106 3009 3235 3052 non
3262 2994 3487 3069 potest,
3536 2989 3703 3067 quia

2114 3083 2233 3146 hoc
2266 3084 2455 3148 modo
2495 3088 2943 3166 procederetur
2967 3086 3033 3148 in
3058 3082 3394 3160 infinitum,
3424 3088 3489 3144 et
3524 3100 3703 3142 nun-

2114 3196 2306 3258 quam
2334 3180 2527 3242 virtus
2573 3201 2775 3244 causae
2804 3181 3101 3264 proximae
3149 3177 3573 3258 compleretur
3603 3176 3701 3238 ad

2114 3273 2469 3352 agendum:
2508 3276 2631 3348 vel,
2664 3278 2719 3336 si
2754 3295 2883 3336 non
2936 3273 3179 3353 indiget
3226 3270 3349 3332 alio
3396 3270 3631 3332 auxilio
3670 3315 3691 3340 ,

2113 3367 2226 3428 sed
2254 3369 2480 3429 sufficit
2504 3369 2613 3430 tali
2646 3387 2851 3432 causae
2868 3385 3211 3430 concursus
3235 3364 3337 3426 ille
3368 3364 3697 3426 concomi-

2108 3465 2274 3534 tans,
2300 3461 2466 3522 idem
2488 3461 2611 3524 dici
2638 3468 2883 3542 poterat
2906 3461 2985 3524 de
3009 3460 3143 3540 ipsa
3168 3455 3446 3520 secunda
3461 3474 3693 3528 causa,

2109 3559 2178 3614 ut
2247 3555 2508 3634 praecise
2566 3557 2901 3618 constituta
2962 3571 3077 3614 sua
3127 3550 3399 3614 naturali
3448 3551 3695 3610 virtute

2109 3647 2361 3725 agendi,
2396 3649 2461 3708 in
2488 3668 2603 3710 suo
2634 3649 2853 3712 ordine
2882 3647 3230 3710 sufficiente
3261 3645 3345 3708 ad
3374 3644 3566 3706 talem
3592 3641 3697 3702 ef-

2105 3738 2362 3800 fectum.
2413 3741 2719 3804 Probatur
2771 3739 3272 3820 consequentia„
3334 3742 3469 3799 tum
3524 3736 3695 3816 quia

2100 3833 2235 3914 jam
2269 3834 2492 3896 damus
2520 3836 2861 3916 quamdam
2876 3851 3131 3896 causam
3148 3832 3513 3905 secundam,
3536 3849 3693 3910 quae

2106 3945 2237 3986 non
2268 3928 2530 4008 requirit
2570 3930 2763 3990 alium
2816 3945 3236 4000 concursum;
3272 3925 3441 3988 unde
3494 3923 3569 3985 fit
3608 3931 3697 3986 ut

2108 4019 2534 4082 subordinatio
2564 4041 2769 4084 causae
2804 4021 3099 4084 secundae
3134 4020 3215 4082 ad
3239 4019 3528 4101 primam,
3560 4036 3693 4096 per

2106 4131 2175 4174 se
2204 4119 2267 4174 et
2281 4113 2341 4173 vi
2367 4132 2483 4174 sua
2504 4115 2695 4177 alium
2716 4133 2848 4176 non
2874 4115 3175 4194 requirat,
3206 4120 3269 4177 et
3282 4130 3692 4191 consequen-

2104 4211 2201 4268 ter
2234 4207 2404 4285 quod
2426 4208 2547 4269 hoc
2576 4207 2707 4270 solo
2734 4208 2913 4270 titulo
2948 4209 3012 4269 iu
3033 4208 3209 4268 nulla
3230 4224 3423 4269 causa
3448 4223 3693 4266 secun-

2105 4299 2185 4361 da
2225 4299 2603 4380 requiratur,
2636 4302 2752 4364 nisi
2794 4299 3048 4364 aliunde
3081 4302 3160 4363 sit
3200 4307 3263 4362 et
3310 4298 3695 4362 ostendatur

2106 4411 2243 4454 esse
2270 4393 2651 4456 insufficiens
2685 4395 2751 4456 in
2781 4414 2895 4457 suo
2926 4395 3147 4456 ordine
3175 4413 3191 4467 ;
3218 4411 3391 4466 nam,
3437 4411 3513 4454 ex
3552 4392 3693 4452 hoe

2103 4485 2237 4546 solo
2258 4486 2428 4564 quod
2448 4487 2527 4549 sit
2546 4505 2738 4550 causa
2763 4487 3043 4550 secunda
3070 4493 3133 4548 et
3160 4488 3369 4547 creata
3396 4485 3516 4546 hoc
3542 4503 3691 4546 non

2106 4579 2456 4658 colligitur-3
2518 4581 2665 4660 quia
2702 4580 2858 4642 illud
2894 4586 3312 4661 aggregatum
3354 4595 3430 4639 ex
3480 4595 3687 4638 causa

2108 4673 2388 4735 secunda
2418 4679 2479 4735 et
2502 4674 2731 4736 virtute
2762 4673 3179 4748 intentionali,
3200 4677 3297 4734 est
3312 4672 3499 4734 etiam
3522 4689 3690 4732 cau—

2106 4783 2177 4826 sa
2204 4765 2481 4828 secunda
2516 4772 2581 4829 et
2624 4772 2833 4830 creata
2862 4785 2879 4842 ;
2912 4773 2975 4830 et
3026 4773 3241 4828 tamen
3268 4783 3399 4827 non
3448 4770 3543 4826 est
3587 4765 3685 4825 ita

2105 4860 2440 4940 completa,
2470 4867 2540 4922 ut
2568 4879 2697 4923 non
2743 4867 2929 4939 egeat
2964 4861 3259 4942 praedicto
3304 4877 3619 4922 concursu
3654 4879 3675 4934 ;

2106 4956 2241 5013 tum
2272 4954 2463 5016 etiam
2488 4953 2633 5033 quia
2671 4954 2721 5016 si
2748 4975 2826 5017 ex
2850 4955 3077 5030 forma,
3108 4971 3249 5034 quae
3276 4959 3411 5015 erat
3432 4954 3499 5014 in
3524 4972 3683 5014 cau—

2106 5064 2177 5106 sa
2205 5047 2505 5120 secunda,
2538 5047 2768 5122 calore,
2795 5047 2969 5111 verbi
3001 5048 3224 5128 gratia,
3258 5051 3321 5108 et
3347 5045 3451 5107 illa
3468 5046 3685 5126 quali-

2102 5145 2231 5200 tate
2275 5138 2691 5214 intentionali‚
2721 5141 3071 5222 completur
3094 5139 3289 5202 virtus
3320 5155 3525 5200 causae
3572 5157 3685 5200 se·-

2104 5231 2353 5308 cundae,
2370 5251 2483 5295 cur
2500 5251 2629 5294 non
2644 5235 2843 5314 potuit
2868 5236 3039 5298 Deus
3060 5233 3211 5295 dare
3232 5237 3531 5296 creaturae
3552 5232 3684 5293 vir-

2102 5332 2301 5387 tutem
2333 5345 2446 5389 seu
2476 5327 2841 5406 qualitatem
2879 5327 3157 5407 aliquam
3182 5327 3267 5388 ita
3302 5325 3673 5406 perfectam,

2102 5425 2171 5480 ut
2214 5420 2475 5482 haberet
2526 5439 2605 5482 ex
2658 5437 2727 5480 se
2776 5425 2971 5482 totam
3016 5420 3187 5481 illam
3238 5419 3679 5481 efficacitatem

2102 5529 2243 5594 quae
2272 5513 2529 5594 fingitur
2556 5513 2854 5594 compleri
2890 5533 2968 5577 ex
3012 5511 3242 5594 duplici
3272 5512 3375 5574 illa
3406 5513 3681 5594 qualita-
