3850 6225
547 372 628 437 62

548 496 734 539 usum
761 494 966 539 causae
994 476 1288 539 secundae
1325 477 1408 537 ob
1437 478 1866 541 efficacitatem
1905 498 2107 553 suam,

549 571 775 634 eodem
800 571 990 632 modo
1015 571 1190 633 tollet
1217 569 1411 645 illam,
1445 572 1686 633 etiamsi
1719 572 1797 633 sit
1824 573 2019 633 libere
2048 572 2111 633 in

544 666 710 739 Deo;
757 664 904 746 quia
934 665 1222 726 eamdem
1263 665 1454 726 habet
1484 664 1863 739 efficaciam;
1909 670 1973 727 et
2008 665 2111 725 illa

545 756 800 819 libertas
823 758 934 819 Dei
957 758 1109 818 nihil
1131 758 1321 820 refert
1347 758 1429 818 ad
1455 765 1732 819 nostram
1758 759 2111 820 libertatem

547 870 756 931 neque
785 851 868 913 ad
891 851 1198 913 libertatis
1227 856 1459 925 actum,
1489 856 1560 912 ut
1583 857 1680 913 est
1704 870 1742 913 a
1765 852 1969 925 nobis,
1998 852 2113 913 sed

545 951 790 1007 tantum
837 948 906 1007 ut
949 950 1044 1005 est
1091 963 1129 1005 a
1171 945 1302 1005 Deo
1335 962 1352 1017 ;
1389 945 1548 1005 sicut
1593 945 1786 1006 motio
1832 945 2105 1018 brachii,

547 1037 787 1099 etiamsi
825 1037 1128 1099 voluntati
1171 1037 1250 1098 sit
1288 1037 1485 1097 libera
1507 1086 1522 1111 ,
1567 1044 1859 1117 respectu
1894 1042 2110 1099 tamen

545 1130 788 1192 brachii
828 1148 956 1191 non
991 1138 1084 1191 est
1123 1129 1360 1203 libera3
1403 1130 1574 1209 quia,
1608 1138 1678 1191 ut
1709 1138 1804 1193 est
1837 1130 1918 1192 ab
1948 1132 2105 1210 ipsc,

546 1244 675 1287 non
705 1224 898 1285 habet
923 1222 1406 1285 indifferentiam
1437 1224 1726 1285 activam.

639 1316 919 1391 Qualiter
959 1316 1194 1398 aliquid
1231 1317 1314 1379 ad
1347 1318 1504 1379 hanc
1537 1317 1835 1381 rationem
1866 1334 2111 1399 respon-

549 1412 750 1475 deant.
781 1442 864 1457 -
883 1410 1022 1471 Scio
1059 1409 1366 1488 quosdam
1406 1409 1492 1471 ita
1523 1410 1750 1471 rationi
1788 1410 1939 1471 huic
1978 1428 2113 1471 res·

549 1503 852 1582 pondere,
882 1508 954 1563 ut
983 1520 1124 1563 eam
1139 1508 1544 1565 contemnere
1567 1503 1898 1565 videantur
1919 1522 1937 1577 ;
1962 1503 2109 1583 quia

544 1614 713 1657 nunc
757 1596 1156 1675 (inquiunt),
1201 1614 1276 1657 eo
1321 1596 1491 1673 quod
1529 1598 1698 1658 Deus
1745 1596 1941 1657 libere
1990 1614 2109 1657 nos

545 1695 922 1769 praemovet,
963 1696 1176 1750 nostra
1203 1688 1492 1751 voluntas
1526 1690 1608 1751 ab
1637 1690 1802 1751 illius
1829 1689 2107 1751 motione

545 1783 876 1863 participat
907 1781 1298 1853 libertatem;
1347 1784 1400 1843 si
1440 1790 1652 1845 autem
1681 1786 1965 1845 moveret
2000 1802 2111 1844 ne-

550 1876 842 1949 cessario,
887 1894 1016 1936 non
1043 1879 1209 1939 esset
1230 1876 1400 1937 unde
1429 1876 1602 1939 illam
1630 1876 2053 1957 participaret.

624 1970 686 2030 2.
729 1968 1066 2047 Refutatur
1106 1970 1408 2049 proedicta
1462 1972 1792 2051 responsio.
1833 2000 1914 2015 —
1968 1970 2113 2036 Vide

547 2062 705 2144 disp.
737 2064 813 2125 19
839 2064 1112 2143 Metaph.
1128 2094 1210 2109 ·-
1225 2066 1500 2129 Movente
1523 2065 1646 2126 Deo
1665 2082 1739 2127 σω
1761 2062 2111 2126 necessitate

542 2162 786 2221 natum
807 2157 1001 2220 eodem
1029 2162 1196 2220 motu
1211 2174 1324 2238 quo
1341 2174 1501 2219 nuuc
1519 2157 1772 2220 liberum
1799 2160 1991 2219 movet
2010 2174 2111 2219 ar-

545 2251 818 2325 bito-ium,
847 2268 968 2313 non
1001 2252 1332 2315 dem-neret
1352 2250 1484 2332 ejus
1507 2251 1576 2313 in
1601 2268 1720 2313 m
1746 2250 2105 2313 libertatem.

543 2379 626 2395 -—
653 2346 778 2409 Sed
807 2345 946 2425 quis
977 2364 1202 2425 capere
1245 2351 1450 2425 potest
1477 2346 1861 2407 voluntatem
1921 2345 2111 2424 parti-

545 2440 756 2519 cipare
781 2438 1132 2501 libertatem
1159 2457 1274 2519 per
1321 2438 1690 2511 motionem,
1735 2457 1860 2517 qua
1893 2438 1977 2498 ab
2006 2456 2109 2499 ex-

548 2534 816 2594 trinseco
863 2537 1090 2611 agente
1137 2531 1593 2594 determinatur
1623 2530 1706 2591 ad
1763 2535 1994 2591 unum?
2034 2532 2107 2591 In

547 2644 672 2707 quo
702 2625 870 2688 enim
897 2624 1176 2686 consistit
1203 2625 1340 2685 haec
1359 2624 1748 2705 participatio
1777 2623 2101 2699 libertatis,

548 2738 694 2782 cum
739 2719 992 2781 libertas
1048 2718 1114 2778 in
1137 2717 1554 2780 indifferentia
1597 2719 1920 2793 consistat,
1966 2735 2107 2796 quae

545 2832 660 2895 per
711 2814 874 2874 hanc
901 2812 1374 2893 proemotionem
1402 2811 1608 2891 potius
1647 2810 1965 2873 aufertur?
1994 2810 2111 2873 De—

545 2910 760 2988 nique,
789 2907 840 2967 si
865 2906 1055 2967 motio
1079 2911 1176 2966 est
1195 2905 1440 2979 eadem,
1474 2910 1542 2967 ut
1569 2906 1963 2984 supponitur,
1981 2922 2111 2965 non

547 3002 750 3081 magis
775 3003 982 3081 potest
1007 3018 1176 3061 nunc
1205 3016 1346 3060 esse
1385 2996 1776 3078 participatio
1804 2997 2109 3059 libertatis

549 3117 740 3179 quam
767 3104 916 3160 tunc
947 3100 1133 3158 esset.
1173 3094 1352 3158 Nunc
1389 3110 1540 3174 ergo
1577 3093 1869 3156 voluntas
1897 3098 2112 3154 creata

547 3209 676 3254 non
727 3190 1056 3270 participat
1083 3189 1436 3250 libertatern
1467 3187 1530 3247 in
1563 3193 1708 3249 actu
1735 3187 1961 3267 primo,
1992 3187 2111 3248 nisi

548 3305 662 3368 per
689 3286 1070 3348 creationem
1093 3299 1294 3356 suam,
1327 3299 1440 3344 seu
1462 3299 1577 3361 per
1603 3279 1774 3342 illam
1793 3287 2105 3354 naturam,

547 3398 740 3462 quam
763 3378 982 3458 recipit
1000 3377 1152 3438 dum
1186 3381 1470 3448 creatum
1498 3374 1564 3436 in
1593 3381 1738 3435 actu
1763 3379 1980 3446 tamen
2014 3393 2113 3436 se-

547 3472 754 3536 cundo
767 3471 1098 3552 participat
1111 3469 1304 3544 illam,
1322 3487 1450 3530 non
1464 3486 1580 3547 per
1594 3468 1937 3530 motionem
1954 3485 2111 3548 prae-

547 3569 714 3629 viam
742 3565 824 3627 ad
847 3570 1058 3626 actum
1077 3581 1288 3640 suum,
1311 3561 1426 3623 sed
1446 3579 1560 3641 per
1589 3561 1901 3622 actualem
1923 3561 2109 3624 effec-

545 3663 784 3723 tionem
797 3658 892 3721 sui
909 3664 1084 3720 actus
1099 3673 1242 3718 cum
1257 3673 1568 3717 concursu
1581 3655 1943 3716 immediato
1962 3654 2098 3716 Dei.

547 3759 748 3835 Atque
765 3754 886 3814 hac
897 3751 1137 3813 ratione
1151 3767 1371 3811 verum
1388 3754 1504 3822 est,
1524 3767 1601 3810 ex
1620 3749 1724 3810 illa
1742 3749 2098 3830 hypothesi,

547 3850 598 3912 si
613 3849 780 3910 Deus
793 3864 922 3906 non
937 3851 1104 3906 esset
1117 3843 1296 3916 liber,
1323 3841 1526 3922 sequi,
1545 3841 1828 3924 absolute
1845 3841 2105 3921 loquen-

545 3943 651 4021 do,
680 3940 1068 4004 voluntatem
1112 3939 1456 3998 humanam
1485 3953 1614 3998 non
1635 3935 1770 3998 fore
1813 3935 2100 4010 liberam,

545 4037 692 4118 quia
713 4053 842 4097 non
870 4033 1130 4094 haberet
1155 4051 1194 4092 a
1216 4029 1426 4110 quoin
1447 4027 1762 4091 creatione
1789 4047 1904 4090 sua
1921 4029 2111 4092 liber-

545 4137 740 4195 tatem
791 4129 860 4188 in
885 4134 1028 4189 actu
1057 4125 1258 4205 primo
1296 4123 1718 4204 participaret,
1753 4129 1818 4184 et
1857 4123 1945 4184 ita
1988 4140 2110 4184 nec

544 4229 760 4306 posset
779 4221 952 4283 illam
977 4235 1270 4281 exercere
1291 4218 1360 4278 in
1383 4223 1528 4278 actu
1549 4215 1852 4278 secundo.
1869 4217 2109 4277 Tamen

548 4319 862 4380 discursus
879 4313 1082 4376 factus
1103 4311 1385 4392 procedit
1413 4328 1490 4372 ex
1507 4311 1632 4372 alia
1653 4311 2105 4390 suppositione,

549 4411 802 4484 scilicet,
857 4407 1028 4487 quod
1076 4407 1354 4466 humana
1395 4403 1684 4465 voluntas
1721 4410 2009 4466 maneret
2044 4404 2111 4464 in

549 4523 617 4567 se
647 4510 710 4566 et
735 4501 1090 4565 radicaliter
1113 4498 1339 4571 libera,
1393 4502 1456 4558 et
1481 4496 1650 4576 quod
1676 4497 1846 4558 Deus
1889 4515 2111 4558 neces-

547 4597 712 4660 sario
748 4595 836 4656 illi
863 4595 1040 4656 daret
1067 4609 1442 4654 concursum
1471 4609 1662 4670 quem
1701 4609 1870 4652 nunc
1911 4589 2110 4652 libere

549 4691 806 4754 confert.
837 4689 914 4750 Et
941 4706 1020 4748 ex
1045 4687 1166 4748 hac
1193 4685 1522 4766 hypothesi
1557 4690 1774 4763 aperte
1803 4685 2107 4764 seqnitur,

549 4786 740 4867 quod,
773 4783 824 4846 si
852 4783 920 4843 in
945 4779 1246 4861 praedicto
1271 4797 1424 4840 casu
1451 4778 1890 4840 necessitatem
1921 4776 2113 4838 inter-

547 4883 665 4953 ret,
689 4895 857 4938 nunc
877 4874 1066 4936 etiam
1083 4871 1332 4934 inferat.
1366 4871 1444 4934 Et
1470 4870 1612 4933 ideo
1639 4871 2023 4950 antiquiores
2048 4876 2112 4932 et

551 4973 868 5054 graviores
891 4966 1230 5029 Thomistoe
1263 4965 1330 5026 in
1366 4965 1488 5026 hoc
1521 4982 1716 5026 sensu
1749 4963 2111 5044 improbant

547 5067 713 5128 hanc
753 5061 920 5126 Scoti
957 5058 1358 5132 sententiam,
1405 5062 1474 5119 ut
1497 5057 1858 5137 cajetanus,
1917 5073 2110 5135 quem

551 5177 746 5240 supra
797 5153 1002 5227 citavi,
1036 5159 1102 5215 et
1137 5151 1496 5231 Capreolus,
1549 5169 1742 5231 quem
1785 5169 1924 5231 cap.
1969 5167 2103 5229 seq.
2138 5219 2149 5230 ,

549 5251 840 5314 referam.
877 5249 1010 5312 Imo
1039 5249 1102 5308 et
1129 5245 1266 5325 ipse
1297 5245 1368 5306 D.
1399 5245 1672 5308 Thomas
1699 5243 1867 5306 idem
1895 5244 2105 5320 sentit,

553 5349 582 5409 1
629 5351 830 5424 parte,
861 5345 1084 5422 quaest.
1119 5341 1220 5414 14,
1249 5343 1366 5399 art.
1399 5339 1498 5412 13,
1526 5337 1610 5398 ad
1662 5340 1734 5410 13
1771 5343 1836 5398 et
1865 5341 1890 5398 1
1938 5343 2104 5398 cont.

551 5439 758 5510 Gent.‚
785 5453 924 5514 cap.
947 5435 1050 5508 67,
1071 5438 1190 5494 art.
1219 5435 1280 5504 5,
1313 5431 1416 5491 ubi
1444 5431 1722 5504 Ferrar.;
1745 5435 1810 5493 et
1829 5435 2046 5510 quaest.
2070 5433 2111 5492 2

551 5533 632 5594 de
671 5529 888 5602 verit„
919 5533 1062 5588 art..
1100 5527 1198 5602 14,
1229 5525 1308 5586 ad
1339 5526 1398 5586 5.

1297 378 1510 433 OPUSC.
1545 380 1585 443 l,
1621 380 1738 434 Lm.
1775 382 1814 433 1.
1851 381 1932 433 DE
1962 376 2285 435 conculisu
2316 376 2421 429 DEI
2454 376 2581 431 CUM
2612 375 3006 429 VOLUNTATE.

2274 478 2334 538 3.
2390 476 2673 541 Sommda
2698 475 2862 539 racio
2904 475 2988 538 ad
3020 472 3334 537 hominm.
3358 505 3441 521 --
3462 474 3767 555 Exemplo

2193 589 2293 634 res
2322 570 2715 635 dilucidatur.
2744 600 2827 615 —
2855 566 3166 641 Secunde,
3198 586 3532 647 possumus
3570 568 3768 628 etiam

2192 662 2617 745 argumentari
2652 662 2735 723 ad
2774 662 3097 722 hominem
3126 666 3189 722 et
3218 680 3257 721 a
3286 662 3547 741 paritate
3576 662 3769 721 ratio-

2190 758 2322 831 nis;
2374 774 2523 819 nam
2580 756 2631 817 si
2680 758 2849 817 Deus
2877 755 3135 834 physice
3182 754 3771 835 praedeterminaret

2190 851 2577 911 voluntatem
2613 868 2727 929 per
2750 848 3115 927 qualitatem
3151 849 3251 909 vel
3314 849 3639 909 entitatem
3670 848 3767 907 in-

2190 944 2537 1005 haerentem
2564 944 2736 1021 prius
2760 941 3021 1001 inditam
3054 941 3379 1015 voluntati,
3409 941 3659 1001 tolleret
3686 941 3768 1000 li-

2188 1038 2498 1099 bertatem
2554 1038 2692 1116 ejus
2723 1036 2787 1097 in
2824 1054 2965 1107 usu,
3011 1046 3081 1097 ut
3148 1036 3368 1097 Scotus
3406 1034 3608 1109 docet,
3670 1036 3769 1095 lo-

2192 1148 2395 1209 quens
2440 1131 2520 1192 de
2546 1130 2765 1191 habitu
2798 1130 3105 1208 (utsupra
3129 1129 3454 1209 vidimus);
3502 1135 3600 1189 est
3654 1147 3766 1189 au-

2194 1230 2319 1285 tem
2352 1222 2576 1285 eadem
2616 1223 2775 1284 ratio
2828 1221 2907 1283 de
2938 1222 3219 1301 qualibet
3248 1223 3527 1296 entitate,
3564 1228 3631 1283 ut
3666 1226 3766 1281 est

2193 1318 2481 1396 superius
2526 1316 2785 1390 dictum,
2816 1318 2879 1376 et
2906 1334 3019 1394 per
3062 1334 3131 1377 se
3170 1322 3421 1389 notum;
3466 1334 3621 1394 ergo
3654 1334 3767 1376 ea-

2190 1410 2337 1471 dem
2385 1410 2653 1483 ratione,
2702 1410 2751 1471 si
2782 1408 3145 1471 immediate
3179 1409 3347 1470 Deus
3402 1426 3519 1488 per
3548 1408 3767 1469 effica-

2190 1504 2349 1565 ciam
2390 1522 2521 1565 suae
2550 1502 2888 1567 voluntatis
2918 1508 3201 1563 creatum
3233 1501 3563 1563 arbitrium
3600 1518 3765 1580 prae-

2190 1597 2591 1670 determinat‚
2620 1595 2685 1657 in
2708 1596 2905 1675 ipsius
2924 1601 3072 1657 actu
3094 1595 3449 1656 libertatem
3466 1593 3759 1673 peremit.

2190 1690 2497 1751 Probatur
2522 1690 2997 1768 consequentia,
3024 1706 3177 1749 nam
3196 1693 3325 1749 tota
3350 1688 3509 1749 ratio
3532 1706 3571 1747 a
3598 1688 3763 1767 prio-

2186 1784 2263 1858 ri,
2298 1784 2381 1846 ob
2411 1802 2603 1864 quam
2644 1803 2748 1845 res
2781 1784 3099 1844 inhaerens
3126 1786 3191 1843 et
3208 1782 3639 1845 determinans
3666 1776 3765 1840 iti-

2188 1876 2309 1938 t’ert
2338 1877 2775 1939 necessitatem
2804 1876 3017 1955 quoad
3046 1875 3435 1947 exercitium,
3462 1880 3581 1951 est,
3610 1876 3763 1953 quia

2188 1970 2315 2031 tale
2341 1969 2716 2050 principium
2746 1970 3059 2029 inhaerens
3088 1974 3255 2031 esset
3277 1986 3475 2047 agens
3502 1973 3757 2027 natura-

2190 2063 2273 2137 le,
2310 2068 2373 2125 et
2397 2063 2790 2142 praeveniens
2829 2063 3238 2135 voluntatem,
3286 2079 3362 2122 ac
3384 2078 3513 2121 non
3542 2060 3765 2120 subor-

2192 2156 2475 2217 dinatum
2503 2156 2642 2235 ipsi,
2684 2155 2791 2216 sed
2833 2156 3041 2234 potius
3096 2148 3353 2215 trahens
3409 2170 3625 2214 secum
3652 2171 3765 2212 vo-

2188 2249 2496 2311 luntatem
2522 2248 2603 2309 ad
2632 2248 2973 2329 agendum,
3002 2248 3110 2308 tali
3130 2247 3341 2321 modo,
3368 2252 3626 2326 tamque
3656 2246 3765 2305 de-

2189 2341 2519 2404 terminato
2572 2341 2655 2403 ad
2690 2359 2887 2402 unum
2924 2346 2987 2403 et
3018 2338 3101 2401 ad
3136 2358 3325 2401 usum
3366 2358 3499 2401 suae
3544 2340 3767 2399 activi-

2186 2436 2355 2509 tatis,
2396 2439 2619 2496 utnon
2643 2440 2857 2513 posset
2883 2434 3175 2495 voluntas
3202 2434 3259 2495 ei
3290 2436 3609 2506 resistere,
3642 2452 3761 2493 seu

2188 2529 2311 2591 tale
2328 2528 2703 2609 principium
2718 2526 3027 2607 impedire
3044 2546 3061 2600 ς
3082 2528 3197 2589 sed
3210 2529 3342 2589 haec
3356 2527 3581 2589 eadem
3600 2526 3763 2587 ratio

2188 2622 2471 2701 procedit
2516 2621 2579 2681 in
2616 2620 3137 2683 determinatione
3168 2620 3281 2681 Dei
3318 2620 3605 2683 effectiva
3642 2638 3763 2697 per

2187 2716 2577 2777 voluntatem
2601 2730 2781 2774 suam
2810 2714 3200 2787 absolutam;
3232 2732 3406 2788 nam,
3440 2713 3543 2773 illa
3586 2712 3763 2791 posi-

2189 2814 2275 2881 ta,
2310 2812 2443 2869 tam
2462 2806 2831 2868 naturaliter
2848 2825 2925 2868 ac
2948 2807 3305 2868 necessario
3330 2806 3459 2886 agit
3498 2806 3564 2867 id
3588 2805 3765 2883 quod

2190 2901 2343 2973 vult,
2380 2906 2445 2961 ut
2484 2918 2699 2961 secum
2730 2900 3089 2961 necessario
3126 2899 3330 2979 rapiat
3370 2899 3767 2961 voluntatem

2192 2998 2491 3067 creatam,
2542 3010 2661 3053 nec
2689 2993 2887 3073 possit
2913 2994 3047 3055 hoec
3092 2992 3179 3053 illi
3218 2992 3545 3065 resistere;
3577 2991 3770 3071 poni-

2192 3092 2295 3148 tur
2328 3092 2541 3150 autem
2576 3085 2682 3148 illa
2710 3086 2999 3148 voluntas
3038 3085 3149 3148 Dei
3196 3084 3299 3166 (ex
3328 3086 3769 3166 suppositione

2192 3180 2255 3240 in
2284 3198 2411 3260 qua
2438 3179 2779 3258 loquimur)
2809 3179 2897 3240 ita
2922 3179 3317 3259 praeveniens
3372 3179 3769 3240 voluntatem

2192 3279 2491 3348 creatam,
2522 3279 2595 3334 ut
2630 3279 3015 3352 praemoveat
3062 3279 3127 3334 et
3152 3271 3662 3354 praedeterminet
3690 3271 3771 3331 il-

2190 3365 2353 3440 lam;
2402 3383 2555 3446 ergo
2580 3384 2709 3427 non
2736 3365 2939 3445 magis
2982 3365 3279 3445 relinquit
3312 3365 3667 3428 libertatem
3698 3365 3773 3424 in

2193 3465 2337 3522 actu
2364 3459 2703 3520 voluntatis
2732 3459 3048 3534 humanae,
3079 3477 3269 3538 quam
3302 3459 3355 3520 si
3382 3458 3468 3520 illi
3488 3459 3771 3520 inhaere-

2188 3557 2305 3614 ret.
2339 3551 2511 3614 Sicut
2538 3551 2891 3624 brachium,
2923 3557 2995 3612 ut
3020 3571 3059 3611 a
3086 3553 3405 3614 voluntate
3432 3557 3773 3612 moveatur

2188 3646 2567 3720 necessario,
2598 3663 2725 3706 non
2770 3649 2914 3725 eget
2960 3645 3131 3724 quod
3172 3645 3409 3723 aliquid
3452 3643 3769 3724 praevium

2190 3739 2305 3802 sibi
2324 3739 2639 3800 inhaerens
2656 3739 3027 3800 avoluntate
3050 3738 3329 3820 recipiat,
3352 3738 3464 3799 sed
3486 3737 3635 3798 satis
3666 3743 3773 3798 est.

2188 3835 2261 3892 ut
2298 3832 2435 3911 ejus
2484 3831 2645 3894 actio
2674 3829 3027 3894 necessario
3066 3834 3387 3911 sequatur,
3420 3830 3625 3910 posita
3654 3847 3771 3890 vo-

2188 3925 2449 4000 luntate,
2472 3925 2559 3987 ita
2578 3929 2789 3986 utnon
2806 3925 2999 4005 possit
3017 3925 3073 3986 ei
3088 3925 3399 3988 resistere.
3422 3927 3549 3988 Nec
3564 3924 3775 3988 refert

2190 4019 2243 4082 si
2270 4019 2409 4099 quis
2432 4019 2599 4080 dicat
2621 4019 2949 4080 brachium
2970 4038 3011 4080 a
3038 4038 3105 4080 se
3131 4038 3259 4081 non
3294 4037 3431 4082 esse
3460 4019 3767 4092 liberum,

2188 4113 2575 4174 voluntatem
2626 4117 2839 4174 autem
2879 4130 3020 4174 esse
3050 4111 3351 4186 liberam3
3402 4113 3571 4192 quia,
3614 4111 3771 4172 licet

2190 4205 2415 4266 demus
2466 4205 2699 4284 alioqui
2722 4223 2861 4266 esse
2892 4205 3180 4279 liberam,
3220 4211 3435 4266 tamen
3464 4205 3545 4266 ad
3576 4205 3773 4266 resis-

2190 4297 2449 4362 tendum
2502 4299 2761 4360 motioni
2811 4298 2929 4359 Dei
2980 4317 3109 4359 non
3154 4297 3357 4379 magis
3392 4303 3491 4360 est
3530 4298 3767 4372 libera,

2190 4412 2381 4473 quam
2410 4393 2490 4454 sit
2520 4393 2849 4454 brachium
2876 4391 2959 4454 ad
2986 4393 3405 4454 resistendum
3426 4393 3767 4454 voluntati.

2191 4485 2371 4559 Quod
2392 4485 2571 4548 facile
2600 4486 2922 4566 probatur,
2953 4485 3101 4565 quia
3136 4492 3231 4548 est
3258 4504 3519 4562 prorsus
3562 4486 3773 4565 impo-

2192 4586 2333 4642 tens
2352 4579 2435 4642 ad
2458 4580 2875 4642 resistendum
2908 4579 3212 4642 voluntati
3238 4579 3463 4640 divinae
3494 4579 3767 4650 efficaci,

2192 4695 2311 4738 nec
2348 4681 2553 4756 potest
2590 4693 2729 4738 sese
2768 4676 3113 4750 continere,
3146 4676 3297 4756 quin
3340 4675 3603 4738 motioni
3632 4677 3773 4737 effi-

2192 4771 2321 4832 caci
2366 4771 2507 4849 ejus
2558 4769 2943 4848 obsequatur
2996 4775 3061 4830 et
3126 4774 3531 4848 cooperetur3
3606 4787 3769 4848 ergo

2191 4861 2402 4940 quoad
2437 4863 2559 4924 hoc
2588 4865 2683 4924 est
2714 4861 2939 4924 eadem
2966 4862 3127 4924 ratio
3148 4861 3563 4924 necessitatis.

2250 5135 2533 5202 Absolute
2554 5141 2613 5201 et
2636 5137 2997 5292 simplicitur
3028 5141 3408 5218 assmnptum
3426 5137 3705 5201 domom-

2880 5236 3080 5296 ratur.

2270 5435 2330 5496 4.
2376 5435 2577 5513 Atque
2606 5431 2904 5513 hincjam
2930 5433 3111 5496 tertio
3135 5433 3270 5496 fieri
3296 5439 3505 5514 potest
3536 5437 3767 5496 efficax

2192 5529 2674 5608 argumentatio,
2726 5545 2853 5587 non
2878 5525 2962 5589 ad
2986 5526 3307 5590 hominem
3336 5532 3611 5603 tantum,
3648 5529 3765 5590 sed
