3850 6225
475 378 594 441 382

474 484 558 546 lio
603 484 966 551 Tridentino
1021 492 1081 562 ¹,
1125 488 1510 550 Arausicano
1559 491 1701 564 11²,
1751 490 2046 571 Augusti-

475 594 578 653 n0,
613 578 920 660 Prospero
978 588 1040 644 et
1081 582 1220 643 aliis
1243 581 1290 642 ⁸.
1351 582 1663 656 Secundo,
1696 584 1844 663 quia
1885 602 2045 644 nun·

476 686 667 750 quam
720 673 934 736 Patres
987 680 1246 736 utuntur
1288 674 1393 734 ino
1455 674 1648 737 modo
1685 675 1983 755 loquendi
2022 722 2039 750 ,

473 765 645 843 quod
676 766 846 827 Deus
859 773 1108 829 nostras
1136 766 1486 829 voluntates
1505 768 2039 847 praedeterminet,

475 858 800 939 multoque
847 860 1060 921 minus
1108 859 1418 940 reperitur
1467 860 1532 921 in
1580 860 1670 921 eis
1711 862 2045 941 vestigium

473 951 752 1030 physicoe
795 952 1482 1033 praedeterminationis.
1517 953 1740 1015 Dicunt
1785 954 2043 1033 quidem

475 1042 678 1107 Deum
719 1064 1074 1126 praeparare
1103 1046 1490 1107 voluntatem
1515 1090 1535 1121 ,
1585 1038 1933 1125 proeve'nire
1974 1046 2046 1107 il-

475 1136 627 1211 lam,
660 1138 988 1213 inclinare,
1013 1140 1286 1211 trahere,
1321 1144 1384 1199 et
1417 1137 1626 1200 facere
1677 1144 1746 1201 ut
1777 1140 2043 1202 velimus

472 1229 924 1311 faciamusque,
959 1236 1022 1294 et
1049 1231 1270 1292 similia
1303 1250 1319 1304 ;
1347 1231 1902 1311 proedeteminare
1934 1251 2046 1293 au-

473 1330 602 1385 tem
630 1326 948 1397 absolute,
999 1332 1109 1387 aut
1155 1325 1412 1405 physice
1440 1369 1457 1396 ,
1523 1328 1632 1387 aut
1679 1326 2037 1400 efficaciter,

474 1434 801 1497 nunquam
833 1418 1070 1493 dicunt,
1107 1434 1314 1497 neque
1355 1417 1458 1480 illa
1490 1418 1682 1479 verba
1707 1419 1806 1479 his
1847 1420 2043 1499 oequi-

471 1510 706 1583 valent,
734 1510 886 1589 quia
911 1510 1120 1571 omnia
1153 1509 1584 1591 intelliguntur
1623 1511 1856 1591 optime
1903 1512 2041 1573 sine

473 1604 580 1665 tali
631 1604 1304 1684 praedeterminatione.
1345 1606 1476 1667 Imo
1522 1604 1602 1666 ab
1649 1604 1800 1685 ipsis
1845 1606 2041 1667 Patri·

477 1696 600 1757 bus
629 1697 718 1758 ita
765 1698 1172 1778 explicantur,
1201 1704 1274 1759 ut
1315 1716 1444 1759 non
1473 1697 1714 1778 possint
1738 1698 1922 1761 aliter
1944 1700 2043 1759 in-

475 1790 707 1871 telligi;
759 1791 972 1852 dicunt
1003 1791 1172 1853 enim
1201 1792 1402 1853 Deum
1433 1790 1498 1852 id
1531 1790 1740 1853 facere
1780 1790 2047 1852 invitan-

477 1882 584 1958 da,
634 1884 992 1957 alliciendo,
1025 1884 1432 1956 consulendo,
1467 1890 1530 1945 et
1555 1883 1690 1945 aliis
1721 1883 1924 1946 modis
1966 1885 2046 1947 si·

475 1976 750 2051 milibus,
785 1996 943 2057 quos
973 1978 1357 2057 Augustinus
1385 1978 1632 2039 duobus
1652 1978 1859 2039 verbis
1875 1995 2047 2039 com-

475 2070 698 2150 plexus
733 2078 866 2132 est:
921 2071 1080 2145 Quia
1127 2072 1282 2135 Dm
1331 2072 1424 2133 vel
1445 2072 1644 2153 aperit
1693 2072 1854 2153 quod
1896 2070 2047 2136 late-

475 2164 600 2237 bat,
633 2164 726 2227 vel
760 2181 943 2229 mave
983 2162 1135 2241 facit
1181 2166 1340 2245 quod
1361 2181 1482 2225 m
1523 2162 1875 2229 delectabat.

554 2258 654 2319 29.
672 2257 904 2331 Tertio,
937 2257 1084 2335 quia
1107 2274 1432 2337 nunquam
1457 2256 1765 2336 reperitur
1785 2256 1848 2318 in
1871 2274 2048 2319 sanc·

477 2349 554 2411 tis
571 2350 880 2424 Patribus,
897 2350 1068 2430 quod
1089 2350 1354 2412 fundent
1376 2351 1810 2413 necessitatem
1829 2351 2045 2431 gratim

473 2442 540 2503 in
563 2442 980 2505 indifferentia
1001 2443 1324 2516 libertatis,
1345 2460 1552 2523 neque
1577 2444 1642 2503 in
1671 2444 1802 2505 sola
1823 2443 2045 2505 subor-

473 2534 798 2597 dinatione
843 2554 1049 2599 causae
1081 2536 1372 2599 secundm
1409 2536 1492 2597 ad
1537 2536 1848 2617 primamz
1903 2536 2037 2609 sed,

475 2629 574 2689 vel
613 2630 676 2689 in
729 2629 1147 2711 repugnantia
1183 2631 1496 2709 appetitus
1521 2675 1536 2704 ‚
1584 2636 1646 2691 et
1673 2628 2039 2691 difficultate

475 2722 778 2802 operandi
825 2723 1064 2785 bonum
1099 2740 1174 2783 ex
1229 2729 1488 2805 peccato
1545 2722 1833 2803 originali
1879 2729 2038 2798 orta,

474 2814 575 2875 vel
603 2816 667 2875 in
704 2814 954 2877 defectu
999 2822 1062 2877 et
1117 2815 1608 2895 improportione
1663 2814 2045 2875 naturalium

475 2908 704 2969 virium
735 2909 1028 2971 humanas
1055 2907 1390 2981 facultatis,
1429 2927 1542 2969 seu
1574 2908 1929 2969 intellectus
1984 2914 2047 2969 et

476 3001 837 3074 voluntatis,
875 3002 956 3063 ad
987 3001 1182 3063 finem
1203 3008 1264 3062 et
1288 3000 1756 3075 beatitudinem,
1791 3008 2048 3081 propter

479 3115 672 3176 quam
723 3104 972 3162 creatus
1031 3103 1127 3160 est
1189 3098 1416 3172 homo,
1463 3098 1642 3160 etad
1679 3095 1886 3158 media
1936 3117 2053 3178 per

475 3207 616 3269 quae
649 3191 753 3252 ille
780 3190 922 3252 finis
957 3197 1386 3270 comparatum
1425 3192 1575 3253 etin
1617 3192 1920 3271 gravitate
1955 3191 2051 3262 di,-

474 3284 636 3344 vinoe
683 3284 1050 3346 offensionis
1101 3302 1292 3363 quam
1335 3285 1528 3346 homo
1578 3284 1898 3364 peccando
1954 3285 2050 3344 in-

475 3378 690 3452 currit,
723 3395 866 3458 quae
907 3377 1026 3437 nisi
1058 3395 1176 3456 per
1211 3377 1485 3438 divinam
1527 3377 1795 3456 gratiam
1819 3377 2047 3458 expelli

475 3489 602 3530 non
623 3476 852 3550 potest.
877 3471 1003 3532 111ae
1019 3477 1232 3532 autem
1254 3469 1392 3530 aliae
1411 3471 1707 3544 rationes,
1736 3489 1852 3532 nec
1868 3490 1906 3532 a
1933 3473 2050 3533 Pa-

476 3563 674 3626 tribus
698 3563 938 3625 traditae
965 3570 1132 3638 sunt,
1157 3581 1364 3642 neque
1381 3563 1462 3624 ab
1491 3565 1762 3643 antiquis
1785 3564 2049 3628 Theolo-

476 3657 600 3736 gis,
641 3675 800 3736 quos
843 3675 1096 3737 semper
1123 3657 1242 3718 sub
1281 3659 1396 3718 ha‘c
1423 3677 1576 3720 voce
1631 3659 2049 3738 comprehen-

475 3749 723 3823 demus,
773 3757 843 3811 ut
887 3751 1172 3812 brevitati
1221 3750 1608 3812 studeamus.

559 3847 658 3908 30.
711 3843 946 3918 Quarta
965 3845 1226 3908 ostensio
1244 3861 1318 3907 σω
1331 3845 1728 3908 locutionibus
1749 3845 2043 3910 Patr-um.

485 3971 563 3986 —
589 3937 821 4010 Quarto
848 3982 865 4011 ,
917 3937 1255 4018 asse-rimus
1300 3937 1674 3998 sententiam
1707 3939 1878 4000 illam
1916 3958 2047 4002 non

476 4031 682 4092 solum
715 4049 840 4092 non
877 4030 1112 4092 habere
1155 4030 1220 4090 in
1267 4030 1636 4110 antiquitate
1667 4031 2050 4094 tundamen-

473 4129 640 4196 tum,
681 4141 902 4186 verum
929 4123 1136 4204 potius
1189 4123 1386 4184 multa
1436 4123 1499 4182 in
1549 4124 1822 4203 antiquis
1853 4124 2050 4186 Patri-

475 4216 594 4278 bus
623 4215 646 4255 ⁴
677 4217 965 4296 reperiri,
994 4233 1137 4296 quae
1168 4214 1314 4276 huic
1353 4217 1674 4278 sententiae
1717 4217 2049 4280 manifeste

567 4419 584 4453 ⁸
627 4413 814 4475 Conc.
846 4411 1044 4488 'rx-id„
1075 4431 1229 4475 sess.
1271 4413 1334 4485 6,
1366 4430 1420 4473 c.
1461 4415 1499 4474 5
1527 4418 1589 4474 et
1614 4414 1678 4490 6,
1711 4421 1772 4476 et
1809 4432 1951 4476 can.
2006 4418 2047 4477 3

479 4511 546 4568 et
579 4510 640 4568 4.

558 4600 586 4638 ‘²
633 4599 818 4662 Conc.
855 4599 1077 4660 Araus.
1107 4599 1187 4674 11,
1217 4616 1358 4660 can.
1385 4601 1424 4660 5
1453 4603 1516 4659 et
1543 4616 1678 4677 seq.

555 4693 580 4733 ³
631 4692 818 4754 Conc.
854 4692 1118 4766 Senon„
1153 4709 1208 4753 c.
1235 4693 1350 4766 253
1385 4691 1626 4754 Caelest.
1677 4692 1975 4772 Pap.,ep.
2010 4694 2039 4753 1

475 4784 564 4845 ad
613 4782 1103 4862 Episc.‚Gallioe;
1147 4785 1335 4863 Aug„
1369 4785 1448 4846 de
1491 4783 1650 4864 Spir.
1693 4791 1754 4848 et
1787 4784 1931 4863 litt„
1986 4803 2043 4847 c.

472 4880 574 4953 34,
604 4877 644 4936 l.
685 4879 710 4936 1
749 4875 832 4936 ad
861 4877 1106 4956 simpl„
1128 4893 1190 4956 q.
1223 4877 1285 4950 Ξ,
1314 4877 1392 4938 de
1411 4877 1587 4938 Dono
1623 4895 1941 4957 persever.
1949 4899 2043 4955 ,c.

473 4971 574 5044 14,
623 4974 686 5032 et
713 4969 975 5049 passim;
1005 4970 1249 5049 Prosp.,
1290 4971 1520 5050 optime
1547 4969 1588 5030 l.
1631 4973 1670 5032 2
1701 4971 1780 5032 dc
1821 4973 2039 5034 Vocat.

471 5065 682 5136 Gent.,
711 5081 766 5124 c.
797 5065 860 5137 9,
893 5062 1048 5124 alias
1075 5065 1193 5136 26;
1239 5065 1427 5142 Aug„
1459 5063 1566 5124 lib.
1596 5064 1637 5125 2
1669 5063 1750 5126 de
1793 5063 2037 5126 Peccat.

469 5175 658 5230 mer„
689 5175 744 5218 c.
775 5158 874 5220 18.
893 5156 1192 5218 Videatur
1223 5158 1414 5218 etiam
1453 5157 1496 5217 l.
1533 5157 1570 5217 3
1597 5156 1676 5218 de
1709 5157 1841 5218 Lib.
1875 5157 2039 5234 arb.,

471 5269 528 5312 c.
576 5253 679 5326 13,
711 5253 776 5312 et
811 5249 1152 5324 Euchirid„
1187 5267 1247 5310 c.
1277 5251 1376 5312 13.

548 5344 574 5382 ⁴
620 5344 910 5407 Damaso.
941 5348 1006 5404 et
1041 5342 1388 5422 chrysost„
1417 5341 1570 5402 locis
1595 5341 1796 5404 citatis
1825 5359 2037 5422 supra.

470 5437 642 5500 Idem
669 5439 856 5498 sentit
871 5435 1237 5502 Ansel..lib.
1271 5435 1352 5498 de
1379 5435 1682 5498 Concord.
1717 5435 2036 5516 praedest.,

473 5549 612 5612 cap.
645 5535 706 5594 2.

1017 386 1230 439 OPUSC.
1263 388 1350 441 m.
1385 386 1606 441 BREVIS
1638 388 1985 443 nsssomrto
2018 386 2505 449 comovssnsm.
2538 396 2617 449 ot:
2650 396 2905 451 Auximo
2938 398 3133 453 Eme.

2124 504 2499 573 repugnant.
2548 498 2779 569 Primo,
2800 516 3075 579 namque
3120 500 3301 561 multi
3348 500 3569 563 Patres
3594 502 3683 562 in-

2123 590 2371 653 terdum
2416 590 2699 653 absolute
2740 592 2968 655 docent
3020 594 3220 656 Deum
3256 612 3385 655 non
3432 594 3683 675 praede-

2120 684 2305 747 finire
2354 691 2529 747 actus
2574 685 2827 760 liberos,
2860 706 2989 749 non
3035 688 3387 767 praevenire
3438 689 3687 750 liberta·

2124 784 2249 839 tem
2294 785 2612 853 nostram,
2660 783 2723 839 et
2768 780 2993 841 similia
3012 827 3028 855 ,
3062 800 3203 861 quae
3244 800 3375 843 non
3424 790 3687 863 possunt

2122 872 2189 931 in
2218 872 2340 932 alio
2378 890 2533 933 sano
2562 890 2751 933 sensu
2779 873 3063 954 intelligi,
3094 875 3213 936 nisi
3242 875 3407 937 dicta
3438 894 3583 938 esse
3604 876 3689 935 in-

2124 962 2484 1043 telligantur
2532 964 2616 1025 ad
2650 965 3103 1029 excludendam
3146 969 3415 1031 similem
3448 969 3688 1049 praede-

2122 1056 2654 1118 terminationem.

2204 1151 2303 1211 31.
2324 1150 2636 1223 Secundo,
2663 1152 2811 1231 quia
2837 1154 3178 1235 saepissime
3202 1157 3377 1219 aiunt
3400 1156 3689 1217 volunta-

2122 1247 2251 1303 tem
2280 1241 2621 1304 humanam
2652 1244 2737 1307 ita
2760 1263 2898 1307 esse
2928 1248 3329 1310 constitutam
3358 1268 3397 1311 a
3440 1250 3601 1321 Deo,
3628 1256 3689 1309 ut
3807 1308 3808 1347 ἡ

2124 1334 2383 1397 consilio
2414 1339 2479 1398 et
2528 1340 2771 1401 ratione
2816 1358 2883 1401 se
2932 1340 3309 1405 determinet
3346 1342 3433 1403 ad
3476 1342 3691 1403 volea-

2123 1429 2273 1491 dum
2304 1430 2405 1491 vel
2433 1430 2803 1507 nolendum,
2834 1432 3025 1497 etiam
3078 1434 3143 1496 in
3196 1437 3689 1515 supernaturali-

2122 1524 2274 1597 bus;
2312 1525 2575 1587 excitata
2604 1525 2863 1605 quidem
2890 1534 2955 1589 et
2978 1526 3193 1609 adjuta
3224 1528 3441 1591 divina
3470 1530 3686 1608 gratia,

2122 1635 2251 1678 non
2297 1623 2511 1679 tamen
2574 1619 3121 1698 praedeterminata
3158 1642 3177 1695 ;
3224 1623 3341 1685 sed
3402 1625 3549 1703 ipsa
3602 1642 3691 1685 se·

2125 1710 2327 1790 ipsam
2367 1711 2795 1793 determinans
2826 1715 3226 1795 cooperando
3272 1716 3511 1777 divinae
3558 1734 3691 1797 gra·

2124 1803 2229 1865 tiae
2257 1808 2301 1863 ¹.
2339 1804 2497 1865 Sunt
2518 1810 2731 1867 autem
2755 1807 2939 1869 valde
2968 1810 3276 1889 opposita,
3319 1809 3503 1890 quod
3530 1811 3687 1887 optio

2127 1896 2311 1959 detur
2340 1898 2643 1959 voluntati
2672 1918 2787 1961 seu
2826 1902 2998 1980 quod
3025 1904 3421 1983 relinquatur
3466 1902 3533 1963 in
3572 1922 3691 1963 ma·

2128 2010 2217 2051 nu
2268 1992 2505 2053 consilii
2542 1994 2663 2069 sui,
2708 2000 2771 2056 et
2796 1996 2967 2074 quod
2988 1996 3071 2057 ab
3097 1996 3219 2058 alio
3262 1996 3689 2078 praedetermi-

2126 2091 2333 2146 netur.
2368 2086 2571 2160 Unde,
2600 2087 2811 2165 quoad
2838 2088 3001 2151 hanc
3045 2097 3293 2169 partem
3328 2109 3465 2151 non
3496 2090 3691 2151 solum

2125 2178 2473 2241 locutiones
2530 2180 2781 2242 Patrum
2831 2181 2944 2242 sed
2999 2184 3187 2245 etiam
3230 2184 3689 2264 Scripturarum

2128 2270 2214 2331 illi
2242 2273 2569 2334 sententia
2608 2281 2984 2355 repugnant.

2208 2366 2308 2427 32.
2351 2365 2583 2440 Tertio,
2614 2366 2761 2447 quia
2800 2368 3017 2429 dicunt
3048 2370 3263 2431 Patres
3302 2370 3687 2433 voluntatem

2122 2476 2261 2520 esse
2302 2458 2567 2521 liberam
2594 2504 2611 2533 ,
2668 2466 2731 2521 et
2769 2463 3127 2525 conservari
3158 2462 3429 2525 liberam
3476 2482 3519 2525 a
3572 2466 3683 2525 Deo

2120 2551 2184 2611 in
2233 2550 2361 2611 suis
2410 2552 2759 2613 actionibus
2816 2554 3005 2615 etiam
3058 2558 3639 2636 supernaturalibus
3662 2603 3683 2633 ,

2124 2651 2191 2706 ut
2234 2645 2427 2725 possit
2474 2647 2645 2707 omni
2694 2650 3098 2727 praevenienti
3144 2652 3407 2713 motioni
3458 2652 3571 2713 Dei
3596 2670 3685 2712 re-

2126 2741 2367 2813 sistere,
2396 2744 2469 2801 nt
2501 2741 2729 2803 clarius
2762 2744 2999 2805 caeteris
3024 2745 3319 2824 explicuit
3354 2746 3685 2809 Concilium

2123 2832 2557 2895 Tridentinum
2585 2834 2763 2913 (sess
2790 2838 2857 2911 6,
2888 2854 3028 2899 can.
3064 2840 3122 2912 5,
3156 2842 3218 2899 ct
3242 2857 3385 2919 cap.
3416 2842 3507 2917 4).
3541 2840 3689 2900 Sunt

2128 2930 2340 2987 autem
2368 2926 2551 2989 valde
2566 2932 2983 3008 repugnantia
3004 2937 3065 2991 et
3099 2932 3410 3013 opposita,
3434 2949 3683 2992 manere

2130 3020 2516 3081 voluntatem
2530 3023 2787 3103 physice
2808 3024 3427 3103 praedetenninatam
3458 3044 3539 3087 ex
3566 3044 3691 3089 mov

2130 3115 2299 3176 tione
2326 3115 2559 3194 praevia
2587 3117 2721 3190 Dei,
2755 3123 2819 3178 et
2860 3135 3044 3196 posse
3072 3117 3159 3178 illi
3184 3120 3518 3191 resistere;
3550 3119 3687 3198 quia
3811 3127 3812 3208 ᾗ

2130 3207 2247 3287 {Piii
2289 3207 2564 3288 physicae
2611 3208 3251 3288 praedeterminationi
3308 3231 3442 3274 non
3494 3219 3687 3293 potest
3811 3229 3812 3240 ¹

2127 3301 2417 3362 voluntas
2449 3277 2763 3377 resistere,
2818 3306 2921 3366 vel
2966 3307 3227 3386 physica
3266 3307 3687 3386 praedetermi-

2128 3394 2299 3455 natio
2346 3413 2475 3456 non
2504 3402 2636 3469 est;
2675 3398 2847 3475 quia,
2880 3399 2931 3459 si
2957 3399 3017 3460 ei
3044 3405 3249 3478 potest
3273 3401 3567 3462 voluntas
3600 3417 3687 3460 re-

2130 3487 2371 3562 sistere,
2414 3487 2739 3568 subjicitur
2781 3491 2919 3571 ipsa
2962 3491 3103 3552 usui
3148 3493 3349 3554 libero
3384 3500 3448 3554 et
3486 3499 3687 3572 potes-

2128 3581 2238 3642 tati
2266 3581 2461 3660 ipsius
2485 3582 2860 3657 voluntatis;
2895 3587 3211 3664 quomodo
3227 3604 3381 3666 ergo
3410 3586 3581 3647 illam
3610 3585 3681 3645 ad

2130 3691 2328 3734 unum
2358 3675 2614 3756 physice
2644 3676 3197 3756 praedeterminat?

2214 3769 2313 3828 33.
2356 3768 2609 3843 Qum-tc,
2644 3771 2792 3850 quia
2834 3771 3023 3832 etiam
3052 3773 3268 3835 dicunt
3320 3791 3463 3835 esse
3492 3775 3555 3833 in
3581 3791 3683 3853 po-

2129 3867 2355 3924 testate
2389 3863 2661 3926 hominis
2710 3867 3011 3940 converti,
3040 3871 3103 3928 et
3126 3867 3287 3928 velle
3314 3866 3597 3940 credere,
3626 3872 3680 3926 et

2130 3954 2365 4017 habere
2404 3956 2708 4036 quidquid
2736 3975 2812 4018 ex
2852 3965 3029 4039 parte
3068 3960 3180 4022 Dei
3208 3960 3291 4020 ad
3320 3961 3457 4020 haee
3482 3959 3678 4022 omnia

2128 4050 2556 4110 necessarium
2586 4054 2716 4123 est3
2745 4053 2917 4130 quod
2957 4053 3018 4114 in
3062 4071 3137 4114 ea
3168 4054 3483 4116 sententia
3522 4052 3679 4113 nullo

2130 4140 2317 4202 modo
2360 4143 2699 4205 consistere
2742 4151 2976 4224 potest3
3031 4145 3177 4224 quia
3232 4145 3469 4208 habere
3518 4145 3677 4206 auxi-

2128 4233 2285 4296 lium
2304 4236 2545 4310 efficax,
2570 4236 2678 4299 illo
2693 4237 2883 4298 modo
2900 4237 3298 4318 explicatum,
3312 4239 3487 4300 millo
3504 4237 3676 4300 modo

2126 4334 2221 4390 est
2250 4329 2315 4388 in
2344 4333 2651 4410 potestate
2681 4329 2955 4392 hominis
2980 4377 2997 4405 ,
3050 4337 3119 4392 ut
3178 4332 3553 4410 exponendo
3595 4331 3677 4410 ip-

2126 4439 2261 4482 sam
2302 4424 2677 4484 sententiam
2724 4423 2875 4486 satis
2910 4424 3297 4486 declaratum
3322 4432 3452 4498 est,
3504 4425 3677 4502 idque

2126 4515 2191 4574 in
2219 4515 2422 4595 primo
2450 4515 2735 4579 discursu
2782 4517 3117 4582 efficaciter
3156 4519 3569 4580 ostendimus,

2134 4767 2361 4844 Quinta
2384 4771 2567 4848 ratio,
2600 4771 2675 4834 ab
2696 4771 3139 4837 inconvenienti
3174 4774 3246 4836 de
3268 4771 3679 4854 pra-determi-

2586 4867 2831 4931 natione
2852 4871 3027 4931 actm
3050 4865 3224 4931 mali.

2204 5077 2304 5139 34.
2350 5077 2573 5150 Quinto
2597 5079 2865 5154 videtur,
2894 5097 2971 5142 cx
3004 5079 3415 5142 fundamento
3448 5095 3671 5158 ponen-

2122 5171 2189 5232 di
2217 5171 2337 5232 hoc
2365 5171 2667 5233 auxilium
2710 5174 2969 5252 physice
2999 5173 3549 5253 praedeterminans
3574 5189 3669 5232 vo-

2124 5263 2453 5342 luntatem,
2514 5283 2593 5326 ex
2639 5265 3054 5329 indifferentia
3110 5265 3305 5346 ipsius
3352 5265 3667 5329 voluntatis

2208 5446 2225 5480 ⁸
2266 5441 2357 5502 De
2385 5441 2505 5502 hoc
2536 5445 2835 5503 tractatur
2860 5440 2985 5501 late
3012 5439 3121 5502 lib.
3164 5443 3225 5514 1,
3258 5459 3397 5521 cap.
3440 5443 3497 5514 1,
3526 5443 3565 5500 2
3612 5441 3667 5500 et

2120 5533 2179 5607 3,
2214 5539 2277 5594 et
2306 5532 2442 5594 aliis
2484 5533 2637 5594 locis
2656 5551 2849 5614 supra
2878 5531 3187 5595 indicatis,
