3850 6225
552 503 901 583 ponderata
946 504 1227 577 omniurn
1272 504 1691 575 multitudine,
1740 510 1801 565 et
1850 502 2121 581 singulo-

554 615 699 659 rum
750 597 1134 671 intensione,
1186 598 1451 679 aliisque
1512 597 1972 659 conditionibus
2039 594 2120 655 ad

552 689 847 751 meritum
915 689 1409 751 conducentibus
1438 736 1455 765 ‚
1526 695 1865 769 consurgat
1929 687 2120 748 veluti

554 801 721 843 unus
746 782 921 843 valor
946 782 1131 843 unius
1154 785 1385 861 praemii
1410 788 1597 845 tantae
1622 782 1990 845 intensionis
2014 800 2122 841 ex-

554 874 836 935 cedentis
860 875 1247 953 singulorum
1278 881 1533 937 actuum
1558 875 2015 947 intensionem,
2043 890 2122 933 ex

556 986 684 1047 quo
712 968 1016 1047 principio
1056 967 1377 1029 evidenter
1410 969 1693 1048 sequitur
1732 986 1845 1047 per
1892 967 2120 1045 quosli-

554 1062 663 1123 bet
694 1066 871 1121 actus
900 1060 1249 1122 meritorios
1286 1062 1527 1141 praemii
1568 1061 1938 1131 essentialis,
1989 1060 2118 1121 sive

555 1154 861 1227 intensoS‚
884 1154 1013 1213 sive
1038 1156 1355 1226 remissos,
1386 1154 1603 1235 augeri
1630 1154 1934 1215 intensive
1965 1170 2124 1232 prae-

556 1248 757 1309 mium
783 1245 992 1325 ipsum
1018 1247 1373 1319 essentiale,
1405 1266 1518 1309 seu
1534 1248 1639 1327 jus
1668 1246 1749 1307 ad
1780 1246 1988 1325 ipsum
2015 1245 2124 1305 ob-

556 1337 910 1413 tinendum,
958 1338 1105 1417 quia
1146 1340 1367 1400 crescit
1408 1340 1697 1401 cumulus
1732 1340 2117 1410 meritorum,

558 1430 659 1493 cui
684 1431 789 1491 illa
815 1430 1085 1493 intensio
1124 1440 1683 1494 commensuratur.
1734 1436 1938 1511 Atque
1979 1431 2122 1491 hinc

558 1530 862 1602 praeterra
893 1524 1195 1601 sequitur,
1223 1543 1337 1604 per
1374 1526 1717 1605 quemlibet
1750 1531 1960 1585 actum
1993 1542 2128 1584 me-

560 1617 845 1677 ritorium
874 1617 1117 1697 praemii
1146 1618 1513 1693 essentiam,
1548 1619 1737 1681 etiam
1765 1617 2123 1690 remissum,

558 1709 789 1770 mereri
840 1710 1159 1771 hominem
1200 1712 1465 1790 justum,
1514 1718 1926 1791 augmentum
1983 1728 2128 1789 pro-

561 1804 767 1883 prium
804 1804 1019 1881 gratias
1048 1804 1449 1877 intensivum,
1478 1806 1623 1884 quia
1650 1806 1849 1885 gratia
1876 1822 2127 1883 semper

561 1896 1091 1975 proportionanda
1112 1904 1207 1959 est
1230 1898 1481 1977 praimio
1506 1898 1855 1971 essentiali3
1890 1902 1952 1959 et
1979 1897 2128 1957 hac-

422 1984 451 2009 ·
561 1994 748 2051 tenus
784 1990 1067 2051 doctrina
1104 1990 1233 2051 haec
1270 1992 1619 2053 communis
1652 1995 1745 2053 est
1776 1989 2126 2067 Theologu-

563 2100 725 2155 rum,
747 2083 934 2143 etiam
962 2084 1294 2145 D.Thomae
1317 2084 1643 2163 (quidquid
1662 2085 1765 2145 ille
1792 2090 2013 2144 auctor
2037 2082 2126 2143 di·

566 2178 710 2253 cat).
746 2176 901 2235 Nam
942 2180 997 2235 1.
1035 2178 1097 2247 2,
1137 2195 1197 2255 q.
1226 2179 1363 2247 114,
1390 2182 1506 2237 art.
1540 2178 1601 2250 8,
1627 2177 1707 2237 ad
1740 2180 1799 2249 3,
1832 2193 2126 2254 expresse

566 2267 711 2329 dicit
740 2267 1015 2347 quolibet
1054 2275 1196 2329 actu
1224 2271 1451 2331 mereri
1480 2271 1801 2331 hominem
1828 2287 2130 2349 augmen-

565 2366 701 2423 tum
728 2363 979 2441 gratiae3
1018 2368 1081 2424 et
1118 2364 1394 2425 secunda
1436 2364 1747 2436 secundae,
1787 2363 2128 2442 quaestione

565 2454 866 2533 vigesima
892 2462 1137 2533 quarta,
1174 2456 1349 2517 artic.
1379 2458 1440 2529 6,
1466 2457 1557 2517 ad·
1590 2461 1643 2529 1,
1674 2456 1841 2517 idem
1868 2456 2016 2517 dicit
2050 2454 2130 2515 de

566 2554 905 2627 augmento
958 2549 1297 2611 charitatis.
1348 2550 1477 2611 Nec
1522 2556 1728 2629 potest
1772 2549 2000 2629 exponi
2051 2548 2129 2609 de

566 2648 906 2719 augmento
936 2641 1041 2702 illo
1070 2642 1413 2715 extensive,
1446 2641 1524 2703 de
1568 2643 1701 2703 solo
1732 2642 1998 2703 nomine
2022 2648 2132 2701 aut

564 2733 780 2806 titulo;
831 2752 980 2794 nam
1016 2734 1339 2795 evidenter
1380 2735 1445 2796 in
1490 2735 1611 2795 illis
1646 2735 1799 2795 locis
1828 2734 2132 2795 tractabat

570 2824 649 2885 de
679 2826 929 2905 proprio
963 2832 1025 2887 et
1050 2826 1387 2888 intrinseco
1418 2832 1757 2907 augmento
1787 2828 2126 2887 charitatis

570 2920 903 2999 Supposita
966 2937 1117 3000 ergo
1180 2921 1299 2981 hac
1352 2922 1633 2995 veritate,
1680 2920 1891 2999 quoad
1944 2920 2150 2981 aliam‘

568 3012 1005 3092 quaestionem,
1046 3031 1127 3074 an
1169 3013 1289 3075 hoc
1328 3020 1735 3093 augmentum
1774 3012 1982 3075 statim
2023 3012 2134 3073 dc-

568 3114 691 3180 tur,
718 3125 939 3180 necne,
981 3125 1057 3168 ex
1090 3113 1267 3186 parte
1298 3108 1682 3170 admittimus
1710 3109 1875 3169 illius
1916 3111 2136 3168 aucto-

568 3199 653 3261 ris
697 3216 1071 3276 censuram,
1121 3206 1431 3280 quatenus
1464 3201 1694 3262 fatetur
1748 3199 2134 3280 probabilius

568 3310 708 3352 esse
737 3293 940 3352 statim
972 3291 1105 3352 dari
1132 3299 1541 3372 augmentum
1569 3293 1905 3364 charitatiS,
1943 3310 2135 3371 quam

569 3383 634 3444 in
662 3384 951 3463 ingressu
980 3385 1225 3464 gloriae;
1277 3405 1406 3446 non
1436 3387 1605 3465 quod
1633 3387 1984 3466 oppositam
2007 3385 2137 3464 opi·

570 3476 829 3537 nionem
871 3477 1061 3550 scoti,
1100 3495 1239 3556 quae
1272 3477 1535 3540 fortasse
1562 3478 1773 3558 quoad
1810 3479 1974 3539 hanc
1999 3497 2137 3556 par-

568 3575 697 3630 tem
723 3569 841 3630 fuit
876 3569 1063 3630 etiam
1092 3570 1164 3630 D.
1194 3571 1472 3644 Thomae,
1505 3579 1871 3651 reputemus
1905 3571 2136 3650 impro-

566 3662 863 3735 babilem,
914 3681 1057 3724 cum
1105 3681 1233 3725 non
1274 3664 1353 3724 sit
1397 3671 1615 3726 contra
1654 3665 1867 3737 fidem,
1920 3681 2129 3742 neque

567 3762 785 3818 contra
814 3756 1169 3818 evidentem
1192 3759 1523 3832 rationem,
1552 3765 1617 3820 et
1641 3759 1871 3820 habeat
1907 3775 2132 3838 graves

563 3849 861 3910 Doctores
890 3854 952 3911 et
992 3849 1329 3912 nonnullas
1365 3853 1781 3932 conjecturas,
1822 3850 1933 3912 sed
1962 3849 2132 3930 quod

566 3941 849 4020 opposita
900 3942 1284 4022 probabilior
1320 3943 1626 4018 videatur,
1668 3948 1731 4006 et
1770 3942 2132 4006 fortioribus

568 4035 678 4098 niti
700 4035 1069 4098 rationibus.

722 4283 1144 4368 Respondetur
1168 4285 1251 4347 ad
1263 4255 1539 4366 privtum
1566 4283 1966 4366 objectionem.

640 4505 740 4565 34.
772 4503 866 4565 Ad
894 4503 1321 4568 difficultatem
1366 4521 1517 4582 ergo
1563 4505 1948 4584 propositam
1991 4523 2135 4566 con-

558 4595 713 4656 cedo
764 4597 1109 4674 sequelam,
1154 4613 1519 4676 quanquam
1547 4602 1759 4676 posset
1804 4598 1994 4658 etiam
2023 4597 2136 4658 ali·

562 4687 703 4766 quis
730 4687 902 4746 illam
944 4707 1203 4768 negare,
1250 4696 1317 4748 ut
1357 4695 1721 4750 extraneam
1752 4689 1978 4750 vitaret
2007 4689 2138 4748 dis-

559 4779 969 4860 putationem.
1004 4781 1184 4854 Nam,
1212 4799 1357 4842 cum
1385 4780 1647 4842 dicimus
1678 4781 1901 4842 merita
1935 4779 2138 4840 vivifi-

558 4876 696 4934 cata
721 4872 929 4933 statim
960 4873 1191 4934 habere
1222 4873 1511 4934 effectum
1554 4873 1769 4952 gratiae
1815 4873 1938 4934 illis
1963 4873 2134 4934 debi-

560 4971 665 5036 tae,
697 4963 761 5024 id
809 4964 1287 5044 intelligendum
1330 4971 1422 5026 est
1471 4965 1549 5026 de
1580 4965 1683 5026 illa
1726 4965 1951 5044 gratia,
1993 4983 2132 5044 quae

561 5063 819 5138 propter
866 5057 1013 5118 talia
1062 5059 1281 5119 merita
1326 5059 1459 5137 jam
1504 5058 1651 5119 data
1695 5057 1921 5130 fuerat,
1982 5076 2132 5137 quia

559 5153 767 5230 quoad
811 5151 981 5212 illam
1012 5151 1157 5212 talia
1186 5151 1407 5212 merita
1452 5151 1703 5210 fuerunt
1754 5151 2029 5212 efficacia
2062 5155 2132 5212 ut

556 5245 766 5306 statim
796 5245 1085 5318 daretur;
1121 5251 1184 5306 et
1211 5245 1375 5319 ideO,
1402 5262 1545 5306 cum
1575 5245 1841 5322 primum
1874 5244 1978 5305 illa
2003 5255 2140 5307 me³

552 5337 673 5398 rita
721 5337 1142 5410 vivificantur,
1203 5338 1411 5398 statim
1458 5337 1797 5397 restituunt
1833 5339 2128 5400 eumdem

551 5431 873 5504 effectum3
909 5449 1059 5494 nam
1102 5449 1179 5492 ex
1222 5447 1442 5492 eorum
1496 5427 1859 5490 efficacitate
1904 5449 2017 5510 per
2057 5449 2126 5494 se

1130 402 1340 455 OPUSG.
1379 402 1438 455 V.
1472 401 1777 454 RELEcwo
1810 402 1889 453 DE
1921 399 2402 453 nssvmsessNTtA
2435 398 2814 451 ussnlrontm.
2863 398 3098 451 msmrr.
3131 400 3197 451 11.

2201 500 2322 561 nis.
2370 502 2464 561 An
2510 517 2658 559 vero
2701 504 2958 577 propter
2985 498 3132 579 talia
3161 500 3386 559 merita
3411 498 3548 559 data
3569 500 3710 563 fuerit

2203 593 2400 673 gratia
2453 592 2802 653 secundum
2852 592 3320 671 proportionem
3361 591 3445 651 ad
3489 593 3710 659 valorem

2203 688 2484 749 omnium
2519 691 2772 747 actuum
2809 686 3194 745 intensorum
3235 692 3300 747 et
3341 688 3706 761 remissorum,

2201 781 2301 841 vel
2339 780 2541 841 solum
2573 778 2921 839 secundum
2956 778 3430 858 proportionem
3457 778 3534 839 ad
3560 779 3710 843 inten-

2202 874 2434 933 siorem
2457 879 2692 948 actum,
2727 870 2846 931 alia
2873 872 3130 949 quaestio
3181 878 3298 943 est,
3335 888 3476 949 quae
3500 890 3614 933 non
3631 876 3712 935 ha-

2199 965 2309 1027 het
2339 966 2760 1027 necessariam
2799 964 3252 1025 connexionem
3277 982 3426 1025 cum
3453 965 3708 1043 praedicta.

2203 1060 2418 1120 Posset
2445 1060 2612 1119 enim
2639 1058 2864 1137 aliquis
2895 1058 3126 1119 sentire
3155 1059 3428 1137 gratiam
3445 1058 3504 1117 in
3527 1058 3626 1119 hac
3649 1062 3712 1120 vi-

2202 1160 2266 1216 ta
2295 1172 2422 1215 non
2447 1154 2684 1215 intendi
2711 1154 2828 1213 nisi
2849 1154 3028 1233 juxta
3057 1152 3454 1213 latitudinem
3475 1151 3712 1215 intensio-

2201 1248 2288 1309 ris
2333 1254 2532 1321 actm,
2565 1265 2690 1325 quo
2717 1247 2908 1307 homo
2949 1246 3018 1307 in
3061 1246 3181 1307 bac
3207 1247 3338 1307 vita
3387 1245 3470 1305 ad
3507 1246 3646 1307 illam
3665 1269 3710 1309 se

2201 1341 2527 1421 disposuit,
2547 1346 2612 1401 et
2629 1340 3034 1401 nihilominus
3054 1357 3342 1401 asserere
3355 1339 3710 1402 intensionem

2206 1434 2442 1510 gratiae,
2474 1433 2796 1494 obtentam
2828 1451 2944 1511 per
2961 1432 3188 1493 merita
3223 1431 3602 1500 mortificata,
3623 1442 3714 1494 sta-

2207 1528 2320 1587 tim
2344 1527 2550 1589 redire
2581 1534 2885 1605 quantum
2925 1526 3356 1589 necessarium
3394 1532 3520 1597 est3
3551 1527 3620 1587 ita
3649 1537 3711 1600 ut,

2209 1620 2266 1681 si
2290 1620 2394 1679 illa
2419 1620 2686 1681 intensio
2717 1620 2832 1680 fuit
2857 1624 2928 1681 ut
2957 1626 3236 1693 centum,
3271 1621 3550 1699 quamvis
3577 1622 3711 1681 homo

2208 1719 2495 1791 resurgat
2521 1730 2636 1791 per
2661 1713 3099 1774 contritionem
3135 1718 3204 1773 ut
3231 1714 3386 1785 duc,
3415 1714 3604 1772 statim
3621 1732 3716 1774 res-

2207 1806 2466 1868 tituatur
2493 1806 2692 1884 gratia
2727 1811 2798 1867 ut
2816 1812 3090 1877 centum,
3123 1807 3278 1885 quia
3305 1824 3434 1866 non
3463 1824 3714 1867 commen-

2207 1902 2457 1960 suratur
2483 1899 2646 1960 actui
2691 1898 3004 1977 praesenti,
3045 1899 3158 1959 sed
3212 1898 3536 1959 intensiori
3573 1916 3714 1975 quem

2205 1990 2426 2052 hahuit
2448 1992 2640 2053 homo
2669 1998 2952 2070 tempore
2965 1991 3222 2069 justitias
3243 1992 3582 2071 praeteritae,
3607 2013 3716 2052 nam

2205 2086 2308 2147 ille
2337 2102 2588 2163 semper
2621 2092 2834 2146 manet
2858 2085 3034 2145 vivus
3063 2084 3234 2163 apud
3263 2087 3486 2153 Deum,
3523 2094 3578 2145 et
3611 2088 3718 2144 reti·
3778 2144 3779 2159 ¹

2205 2186 2314 2241 net
2331 2180 2638 2239 rationem
2669 2179 2922 2239 moralis
2945 2178 3374 2257 dispositionis
3391 2179 3711 2239 sufficientis.

2207 2271 2344 2333 Dixi
2373 2275 2608 2342 autem,
2639 2277 2932 2351 quantum
2959 2270 3366 2334 necessarium
3387 2276 3495 2343 est,
3517 2274 3656 2349 quia,
3683 2274 3718 2331 si

2209 2364 2275 2423 in
2299 2382 2376 2424 eo
2413 2382 2562 2425 casu
2589 2364 2778 2425 homo
2805 2370 3162 2443 resurgeret
3199 2382 3318 2443 per
3351 2363 3716 2425 contritionem

2211 2462 2282 2517 ut
2299 2459 2575 2528 centum,
2603 2464 3062 2535 consequenter
3087 2456 3433 2536 loquend0,
3465 2458 3522 2517 in
3545 2475 3720 2517 sasen-

2210 2549 2404 2609 tentia
2472 2548 2808 2611 dicendum
2869 2556 2964 2611 est
3025 2568 3154 2609 non
3221 2549 3465 2609 infundi
3529 2558 3718 2629 propter
3778 2592 3779 2637 ἦ

2213 2642 2420 2721 priora
2447 2642 2670 2703 merita
2695 2641 3100 2703 intensiorem
3125 2643 3398 2721 gratiam
3426 2660 3590 2720 quam
3617 2662 3718 2701 cen·
3778 2652 3779 2693 1

2213 2741 2370 2805 tum,
2413 2735 2560 2812 quia
2589 2734 2942 2795 omnia‘illa
2985 2754 3116 2795 non
3151 2735 3534 2797 excedebant
3570 2735 3716 2795 inten-

2214 2828 2456 2887 sionem
2483 2833 2552 2885 ut
2567 2834 2856 2899 centum3
2887 2832 2970 2899 et,
3003 2828 3294 2907 quamvis
3319 2834 3596 2907 perpetuo
3619 2830 3716 2886 viva
3778 2860 3779 2865 κ

2213 2920 2728 2999 permansissent,
2787 2938 2914 2979 non
2969 2921 3344 2982 habuissent
3385 2921 3714 2981 intensiorem
3778 2908 3779 2951 3

2215 3013 2534 3075 effectum.
3778 3016 3779 3019 ’

2295 3108 2394 3168 35.
2440 3106 2852 3170 Nihilominus
2901 3114 3112 3168 tamen
3157 3108 3366 3187 magis
3403 3125 3717 3186 consequen·

2213 3203 2310 3262 ter
2365 3201 2888 3279 respondebimus
2942 3202 3355 3262 concedendo
3413 3202 3712 3280 sequelam:
3778 3257 3779 3272 ,

2217 3294 2363 3374 quia
2411 3314 2538 3356 non
2567 3297 2768 3356 solum
2817 3315 3214 3374 consequens
3255 3297 3460 3374 ipsum
3489 3295 3714 3374 probabi-

2215 3389 2338 3450 lius
2369 3395 2484 3458 est,
2521 3389 2634 3449 scd
2678 3390 2865 3450 etiam
2891 3396 3060 3450 recte
3101 3389 3389 3468 sequitur
3417 3407 3490 3449 ex
3515 3388 3714 3466 paritate

2213 3482 2474 3543 rationis
2509 3487 2572 3542 et
2615 3482 3030 3554 fundamenti,
3077 3481 3340 3555 scilicet,
3385 3481 3540 3560 quod
3579 3497 3711 3540 causa

2213 3574 2530 3636 meritoria
2573 3577 2780 3636 statim
2833 3581 3129 3654 operatur
3179 3583 3484 3654 quantum
3534 3580 3712 3652 potest,

2215 3687 2332 3729 nec
2370 3669 2630 3747 requirit
2673 3667 2862 3728 aliam
2903 3669 3234 3747 positivam
3279 3667 3710 3746 dispositionem,

2213 3761 2326 3822 sed
2355 3761 2554 3822 solam
2581 3763 2990 3840 capacitatem
3014 3761 3288 3840 subjecti
3311 3767 3374 3822 et
3401 3766 3594 3834 statuS,
3611 3778 3710 3818 cum
3778 3799 3779 3806 1

2212 3855 2560 3916 remotione
2589 3853 3043 3934 impedimenti;
3075 3860 3138 3916 et
3163 3854 3340 3934 qnod
3371 3859 3596 3932 propter
3617 3869 3712 3910 me-

2213 3948 2402 4008 ritum
2449 3947 2662 4026 glorias
2695 3947 2904 4008 statim
2931 3947 3115 4009 datur
3156 3949 3552 4008 intrinsecum
3567 3947 3647 4024 jus
3667 3949 3708 4002 et

2216 4043 2533 4122 proportio
2561 4043 2642 4104 ad
2671 4043 2873 4116 illam;
2917 4045 3014 4106 hae
3061 4063 3342 4123 namque
3385 4045 3638 4110 rationeS,
3667 4045 3709 4099 et
3778 4071 3779 4082 ³

2219 4136 2475 4210 simileS,
2493 4153 2672 4215 aeque
2687 4136 3034 4215 procedunt
3059 4137 3124 4199 in
3147 4138 3392 4199 meritis
3407 4143 3622 4197 actuum
3639 4153 3708 4193 re-
3778 4147 3779 4216 3

2217 4229 2572 4302 missorum,
2607 4248 2682 4291 ac
2713 4228 2778 4290 in
2815 4230 3053 4292 meritis
3105 4231 3458 4303 vivificatis3
3505 4229 3708 4306 ideoque
3778 4221 3779 4292 ζ

2217 4322 2538 4398 sequelam
2571 4322 2994 4384 concedimus
3778 4317 3779 4352 ³

2257 4569 2346 4632 De
2376 4566 2587 4632 merito
2637 4574 2694 4633 et
2731 4575 3047 4652 auqmento
3077 4591 3194 4652 per
3237 4574 3678 4637 continuationem
3778 4593 3779 4652 ss

2899 4670 3094 4728 actus.
3778 4675 3779 4682 ¹

2293 4869 2394 4931 36.
2435 4867 2696 4950 Sequela
2721 4869 2912 4949 primi
2954 4875 3304 4952 argumenti
3336 4874 3481 4938 male
3502 4875 3698 4952 insertur

2211 4980 2286 5026 6oe
2313 4964 2700 5027 antecedenti.
2731 4966 2906 5028 —In
2931 4967 3134 5044 primo
3162 4979 3374 5029 autem
3401 4971 3697 5046 argumento
3778 4989 3779 5046 3

2213 5057 2336 5117 alia
2361 5056 2434 5118 fit
2459 5057 2653 5118 illatio
2681 5076 2807 5118 uon
2831 5059 3096 5119 multum
3123 5079 3400 5122 connexa
3417 5079 3540 5121 cum
3559 5057 3694 5137 priori
3778 5135 3779 5148 χ

2215 5159 2672 5231 consequente,
2722 5171 3078 5232 novamque
3105 5155 3510 5218 difficultatem
3543 5159 3694 5232 postu·
3778 5149 3779 5220 ἒ

2209 5245 2320 5317 lat,
2353 5263 2494 5325 quae
2523 5245 2586 5306 in
2633 5246 2806 5306 omni
2831 5245 2962 5307 fere
3011 5248 3304 5327 opinione
3329 5251 3514 5310 locum
3539 5246 3686 5306 habet.

2209 5339 2318 5400 Est
2344 5345 2554 5400 autem
2585 5339 2722 5398 haec
2747 5339 3024 5400 secunda
3073 5343 3354 5420 sequela,
3381 5340 3546 5421 quod,
3577 5335 3689 5396 scili·
3778 5341 3779 5418 f

2208 5437 2328 5505 cet,
2375 5439 2674 5511 sequatur
2721 5433 3016 5494 eumdem
3057 5441 3270 5496 actum
3295 5437 3512 5497 ratione
3547 5429 3683 5492 solius

548 5523 805 5604 pendet,
838 5545 965 5586 non
996 5543 1073 5587 ex
1094 5523 1391 5603 qualitate
1416 5523 1743 5606 praesentis
1772 5523 2125 5606 dispositio-
2205 5525 2686 5606 perseverantiae
2745 5532 2806 5588 et
2871 5527 3288 5592 coexistentiae
3341 5527 3418 5592 ad
3468 5530 3682 5590 nostrum
3778 5537 3779 5606 j
