3850 6225
498 382 961 396 ——U

1584 387 1886 396 .———-—.——..

886 563 1386 707 INDEX
1478 561 2156 708 CAPITUM
2217 561 2668 754 ‘LIBRI
2751 561 3328 704 TERTII.

612 865 715 940 DE
765 865 1042 942 DIVINA
1084 865 1463 956 MOTIONE,
1514 867 1661 942 SEU
1708 865 2072 942 EFFIGAGI
2115 863 2254 940 DEI
2299 863 2627 940 AUXILIO
2677 864 2788 940 AD
2833 863 3557 938 SUPERNATURALES

1152 977 1257 1052 ET
1302 978 1647 1054 LIBEROS
1682 977 2179 1054 VOLUNTATIS
2223 977 2478 1052 AGTUS
2521 975 3028 1052 NECESSARIO.

483 1341 645 1416 Cn.
704 1341 760 1414 1.
822 1339 991 1416 Esse
1048 1341 1126 1416 in
1194 1343 1395 1418 nobis
1450 1359 1647 1418 actus
1709 1345 2048 1444 quosdam
2223 1357 2664 1442 cooperante,
2713 1369 2869 1443 quoe
2889 1367 3018 1444 per
3044 1344 3328 1418 modum
3363 1344 3676 1443 principii

582 1453 920 1528 humanos
941 1455 1509 1552 supernaturales
1525 1457 1946 1555 supponitur
1963 1481 2048 1531 ac
2225 1456 2508 1556 physice
2544 1457 2780 1554 proede
2791 1457 3114 1530 terminet
3148 1455 3574 1530 voluntatem
3604 1461 3678 1530 ad
3797 1471 3799 1494 ²

585 1563 1013 1638 declaratur.
2229 1567 2642 1642 exercitium
2675 1580 2898 1641 actus.

482 1674 643 1749 Cn».
674 1675 763 1748 11.
810 1672 1211 1750 Gratuitum
1225 1691 1293 1750 et
1307 1678 1839 1775 supernaturale
1854 1680 2050 1751 auxi-
2129 1679 2293 1754 cn.
2325 1678 2518 1752 XIII.
2575 1676 3018 1752 Voluntatem
3039 1676 3340 1751 hominis
3363 1702 3506 1752 non
3527 1704 3679 1775 proe-

586 1785 758 1859 lium
806 1787 901 1861 ad
936 1789 1061 1862 hos
1096 1801 1291 1862 actus
1316 1787 1884 1887 supernaturales
1904 1813 2051 1862 esse
2230 1789 2689 1864 determinari
2706 1791 2990 1890 physice
3013 1813 3145 1889 per
3167 1791 3522 1864 auxilium
3541 1816 3674 1889 qra-
3797 1813 3799 1856 :

582 1897 1077 1974 necessarium.
2234 1901 2349 1976 tioe
2381 1901 2566 2000 quod
2587 1925 2718 1999 per
2739 1903 3026 1980 modum
3051 1929 3430 1982 concursus
3461 1903 3670 1983 datur.

483 2007 645 2082 Cu».
694 2010 815 2084 111.
874 2009 1247 2086 Auxilium
1294 2010 1541 2109 qratioe
1582 2035 1711 2108 per
1760 2011 2049 2085 modum
2227 2037 2355 2090 nec
2397 2038 2526 2110 per
2573 2013 2996 2092 voluntatem
3047 2017 3182 2094 Dei
3233 2043 3282 2094 a
3335 2041 3482 2116 qua
3523 2016 3676 2088 illud

582 2143 955 2195 concursus
1002 2146 1149 2198 esse
1193 2122 1660 2198 necessarium
1709 2123 1804 2197 ad
1852 2137 2052 2196 actus
2229 2123 2570 2222 procedit.

582 2235 1173 2332 supernaturaLes.
2137 2235 2300 2310 Cn.
2345 2237 2526 2310 XIV.
2585 2237 2944 2328 Quomodo
2973 2240 3220 2338 qratice
3249 2240 3572 2338 efficacia
3593 2241 3676 2311 in·
3797 2313 3799 2344 ᾗ

484 2344 647 2420 Cn.
707 2347 817 2420 lv.
880 2345 1066 2436 Quid
1137 2348 1231 2422 sit
1296 2347 1641 2424 auxilium
1709 2349 2048 2434 excitans,
2238 2347 2612 2446 telliqenda
2661 2350 2756 2423 sit
2800 2351 3056 2449 absque
3097 2351 3392 2450 physica
3431 2351 3674 2448 prcede-

582 2457 755 2554 quid
789 2483 951 2534 vero
990 2459 1361 2558 adjuvans.
2238 2459 2752 2536 terminatione.

484 2567 647 2642 Cn.
686 2571 767 2644 V.
830 2568 1017 2659 Quid
1034 2571 1126 2644 sit
1148 2571 1383 2669 qratia
1408 2570 1863 2669 proeveniens,
1890 2595 2054 2644 con·
2133 2570 2299 2646 Cn».
2354 2572 2501 2647 XV.
2559 2571 2939 2648 Solvuntur
2991 2573 3446 2671 objectiones,
3517 2599 3673 2670 prae-

582 2682 927 2755 comitans
982 2697 1051 2757 et
1120 2685 1573 2782 subsequens,
1632 2706 1934 2780 operans
1985 2697 2053 2756 et
2228 2683 2474 2756 sertim
2509 2707 2598 2758 ex
2633 2682 3005 2783 Scriptura
3037 2701 3108 2759 et
3132 2685 3554 2783 Auqustino.
3798 2747 3799 2754 ,

584 2814 991 2890 cooperans,
1030 2795 1398 2869 moraliter
1421 2809 1543 2868 aut
1571 2793 1857 2893 physice
1886 2817 2051 2867 con·
2129 2793 2293 2868 Cn».
2335 2795 2517 2868 XVI.
2561 2793 2874 2869 Solvitur
2896 2795 3042 2870 alia
3062 2796 3384 2894 objectio,
3417 2797 3676 2893 ejusque
3798 2813 3799 2846 ³

582 2927 869 2978 currens
884 2931 912 2990 ‚·
960 2920 1029 2980 et
1080 2907 1423 3004 quomodo
1468 2908 1611 2980 haec
1665 2907 1906 2979 omnia
1959 2905 2053 2979 ad
2233 2904 2595 2981 occasione
2646 2907 3050 2981 declaratur
3113 2907 3461 3004 quomodo
3517 2905 3678 2980 Deus
3797 2913 3799 2944 ³

580 3017 1011 3113 superiorem
1040 3016 1453 3092 divisionem
1483 3031 1915 3092 revocentur.
2231 3041 2360 3090 sua
2407 3017 2559 3090 sola
2613 3017 2960 3092 voluntate
3001 3017 3214 3117 eliqat
3249 3017 3564 3092 homines
3604 3020 3678 3090 ad
3797 3011 3799 3018 ⁴

484 3127 647 3201 Cn».
690 3128 805 3201 vl.
862 3128 968 3203 De
1016 3129 1284 3203 auxilio
1328 3130 1725 3228 sufficiente
1771 3143 1838 3201 et
1888 3129 2056 3227 effi-
2235 3130 2560 3228 qloriam,
2603 3132 2713 3205 vel
2747 3130 3100 3229 praefiniat
3131 3130 3680 3227 supernaturales

582 3240 759 3313 caci.
2233 3256 2452 3315 actus.

480 3350 643 3425 Cn».
696 3350 843 3425 vn.
906 3351 1025 3423 An
1058 3350 1319 3449 efficax
1350 3350 1701 3425 auxilium
1747 3350 1930 3424 illud
1963 3351 2056 3425 sit
2131 3354 2295 3429 Cu».
2354 3353 2567 3427 xvn.
2625 3354 2850 3426 Actus
2903 3352 3476 3450 supernaturales
3512 3376 3678 3449 prce-

578 3462 767 3560 quod
796 3463 1077 3563 physice
1108 3477 1175 3537 et
1210 3488 1299 3537 ex
1328 3487 1400 3538 se
1427 3463 1854 3536 voluntatem
1876 3487 2056 3560 proe-
2229 3463 2427 3561 finiri
2485 3487 2530 3537 a
2583 3463 2754 3548 Deo,
2817 3464 3094 3537 etiamsi
3140 3488 3279 3537 non
3317 3465 3678 3557 praedeter-

581 3572 1001 3647 determinat
1015 3601 1043 3660 ;
1105 3574 1651 3673 proponiturque
1708 3574 2054 3648 sententia
2231 3574 2448 3648 minet
2498 3574 2780 3673 physice
2837 3574 3132 3649 liberum
3182 3575 3557 3648 arbitrium
3601 3576 3678 3646 ad

583 3683 659 3757 id
694 3685 1093 3782 affirmans.
2229 3685 2388 3760 illos
2425 3687 2860 3784 efficiendos.

482 3794 645 3869 CAP.
710 3798 892 3871 V111.
962 3797 1253 3871 Nullum
1323 3796 1627 3896 relinqui
1702 3796 2052 3870 auxilium
2129 3796 2292 3871 CAP.
2336 3796 2584 3871 XVIII.
2638 3797 3109 3895 Exponuntur
3137 3812 3206 3870 et
3229 3797 3680 3871 conciliantur

578 3907 939 4004 sufficiens
988 3909 1081 3983 ad
1126 3908 1733 4008 supernaturalem
1780 3920 2040 3993 actum,
2227 3907 2429 3981 varia
2478 3908 2776 3982 Patrum
2831 3908 3254 3999 testimonia,
3305 3908 3680 4005 praesertim

579 4043 705 4092 nec
740 4020 1131 4095 libertatem
1168 4021 1262 4095 ad
1302 4045 1443 4095 non
1475 4018 2048 4094 consentiendum
2224 4020 2626 4119 Auqustini,
2671 4022 2863 4095 circa
2893 4020 3302 4095 electionem
3329 4021 3678 4118 proedesti-

578 4133 826 4229 qratiae
858 4132 1159 4218 vocanti,
1194 4134 1259 4207 si
1293 4134 1552 4232 efficax
1592 4129 1942 4205 auxilium
1971 4130 2046 4203 in
2225 4148 2549 4207 natorum
2583 4136 2676 4208 ad
2702 4134 3025 4232 qloriam.

578 4246 708 4317 hac
731 4244 1020 4342 physica
1044 4242 1776 4343 praedeterminatione
1794 4240 2054 4314 consis-
2132 4243 2294 4318 Cn).
2336 4246 2525 4319 XIX.
2585 4244 2855 4343 Satisfit
2888 4244 3306 4344 quibusdam
3341 4244 3539 4317 novis
3571 4244 3676 4317 ob-

586 4364 713 4425 tat.
2215 4354 2643 4447 jectionibus
2691 4372 2934 4430 contra
2979 4356 3374 4430 doctrinam
3431 4380 3677 4451 proece·

478 4462 641 4537 cap.
691 4464 811 4539 IX.
870 4466 1243 4539 Auxilium
1292 4466 1553 4563 efficax
1596 4490 1737 4539 non
1778 4464 2051 4539 consis-
2232 4466 2546 4539 dentium
2577 4467 2914 4563 capitum.

584 4588 727 4649 tere
776 4576 854 4649 in
904 4576 1145 4676 aliqua
1179 4578 1411 4676 qratia
1462 4578 1836 4660 excitante,
1879 4578 2051 4674 phy·
2129 4577 2294 4653 Cn.
2329 4577 2487 4653 XX.
2545 4576 3018 4653 Solvituralia
3038 4576 3359 4674 objectio,
3385 4578 3681 4673 etexpli-

578 4684 719 4760 sice
768 4688 1424 4783 proedeterminante
1477 4688 1903 4763 voluntatem
1957 4686 2052 4760 ad
2227 4703 2432 4762 catur
2465 4687 2779 4787 quoestio,
2823 4712 2915 4762 an
2943 4690 3300 4787 continqat
3325 4712 3414 4761 ex
3436 4687 3680 4761 duobus

580 4798 993 4873 exercitium
1024 4814 1245 4874 actus.
2229 4798 2620 4874 hominibus
2643 4800 2909 4899 aequale
2929 4800 3277 4875 auxilium
3295 4804 3540 4900 qratiae
3561 4804 3680 4875 ha-

482 4906 647 4980 cn.
698 4909 782 4982 X.
842 4910 959 4983 An
974 4911 1195 5007 possit
1222 4910 1455 5009 qratia
1469 4910 1783 4983 excitans
1800 4910 2052 4984 saltem
2231 4909 2572 4995 bentibus,
2623 4936 2840 4985 unum
2877 4912 3162 4986 credere
3201 4929 3326 4988 aut
3357 4914 3673 4995 converti,

577 5020 942 5093 moraliter
976 5021 1402 5095 voluntatem
1429 5020 1925 5095 determinare.
2231 5036 2298 5095 et
2325 5045 2466 5094 non
2500 5022 2748 5095 alium.

483 5128 646 5202 cst.
678 5130 803 5203 xl.
844 5129 1221 5206 Solvuntur
1250 5132 1605 5205 nonnulloe
1629 5131 2052 5227 objectiones
2133 5134 2295 5208 Cn».
2327 5132 2519 5206 XXI.
2577 5130 2989 5205 Occurritur
3011 5134 3176 5208 aliis
3201 5138 3680 5261 objectionibus

581 5256 826 5314 contra
857 5244 1361 5339 proecedentem
1397 5243 1817 5316 doctrinam.
2229 5259 2473 5316 contra
2501 5244 2895 5317 doctrinam
2921 5246 3308 5341 superioris
3341 5248 3608 5345 capitis.

483 5350 647 5425 Cn.
692 5352 848 5426 ΧΠ.
907 5353 1279 5429 Auxilium
1308 5355 1568 5453 efficax
1601 5378 1743 5427 non
1780 5352 2050 5427 consis-
2131 5353 2296 5428 CAP.
2335 5352 2560 5428 XXII.
2589 5354 2906 5452 Aliquot
2928 5356 3516 5453 propositionibus
3537 5358 3684 5430 doc-

586 5478 731 5538 tere
794 5465 869 5539 in
936 5467 1179 5565 aliqua
1236 5468 1470 5565 qratia
1536 5482 1867 5563 operante
1943 5466 2053 5539 vel
2233 5464 2419 5539 trina
2459 5465 2667 5539 totius
2703 5464 2868 5539 libri
2897 5468 3525 5563 comprehenditur.
