3850 6225
765 383 901 436 ml).
936 383 998 438 ll.
1032 383 1158 438 NON
1187 383 1770 442 PRAEnmnumAnn
1801 385 1973 438 DEUH
2006 387 2213 451 NEQUE
2244 387 2652 450 PBAEMOVERE,
2686 389 2823 442 m'c.

169 497 323 542 eam
349 483 1060 562 praedeteminationem
1079 493 1392 554 mordicus
1417 493 1748 555 retineant.

171 575 364 638 Hanc
392 579 584 658 igitur
607 581 932 644 veritatem
961 585 1108 647 satis
1125 587 1390 667 probant
1412 588 1519 650 illa
1539 587 1752 650 Jacobi

169 670 402 746 verba,
451 675 648 753 capite
676 675 954 738 decimo:
993 681 1162 744 Deus
1199 683 1530 746 intentator
1563 682 1749 744 malo-

167 781 324 826 rum
339 770 450 841 est,
469 767 597 844 ipse
635 774 834 832 autem
857 773 1146 836 neminem
1166 779 1356 840 lma!
1370 802 1396 850 ‚·
1442 777 1590 857 quia
1615 782 1750 838 ten·

169 859 342 918 tatio
367 858 448 918 ad
475 860 856 938 peccandum
891 881 1018 926 non
1047 865 1118 926 fit
1153 867 1276 929 alio
1316 869 1526 946 modo,
1559 887 1748 950 quam

169 950 506 1014 moraliter
545 953 927 1034 inclinando,
965 961 1316 1038 excitando,
1339 969 1404 1024 et
1443 963 1749 1025 movendo

167 1041 508 1106 hominem
525 1048 604 1108 ad
617 1053 826 1111 actum
841 1052 1092 1114 malum.
1125 1055 1332 1136 Neque
1345 1057 1424 1118 ad
1441 1057 1748 1119 rationem

167 1138 546 1200 tentationis
577 1159 822 1204 necesse
846 1151 938 1205 est
969 1151 1044 1206 ut
1080 1146 1136 1208 is
1161 1149 1269 1228 qui
1295 1153 1519 1223 tentat,
1546 1150 1749 1210 inten-

167 1228 286 1289 dat
343 1229 688 1295 formaliter
739 1235 1073 1314 malitiam,
1125 1257 1236 1302 seu
1285 1240 1747 1304 deformitatem

171 1327 360 1384 actus
405 1324 580 1398 mali,
623 1334 696 1386 ut
723 1334 961 1392 constat
995 1331 1062 1391 in
1112 1331 1366 1396 homine
1414 1334 1748 1398 inducente

171 1415 382 1478 alium
433 1417 754 1482 hominem
798 1422 878 1483 ad
931 1423 1190 1498 malum,
1243 1443 1372 1488 non
1417 1426 1746 1489 intendens

169 1510 514 1587 malitiam,
568 1513 676 1574 sed
719 1515 1046 1579 utilitatem
1085 1517 1386 1598 aliquam,
1425 1519 1525 1583 vel
1579 1520 1756 1582 volu-

171 1609 420 1682 ptatem
451 1623 530 1665 ex
567 1623 752 1686 opere
795 1609 982 1671 malo.
1013 1611 1077 1672 Si
1108 1629 1258 1690 ergo
1285 1613 1446 1676 Deus
1485 1612 1596 1674 illo
1619 1633 1752 1676 mo-

171 1695 296 1756 rali
319 1697 508 1760 modo
535 1699 858 1779 instigaret
878 1708 987 1763 aut
1007 1705 1305 1767 excitaret
1327 1705 1646 1768 hominem
1669 1709 1748 1769 ad

173 1795 392 1850 actum
425 1789 688 1868 malum,
723 1811 870 1856 vere
903 1814 976 1857 ac
1003 1796 1248 1876 proprie
1273 1803 1542 1860 tentaret
1565 1800 1748 1864 illum

173 1881 254 1940 ad
280 1882 548 1960 malum,
572 1893 756 1965 atque
783 1887 870 1949 ita
889 1906 1118 1950 munus
1137 1891 1378 1952 Satanae
1407 1899 1744 1973 exerceret,

173 1977 346 2054 quod
385 1977 616 2040 divinae
664 1979 928 2042 bonitati
971 1990 1319 2063 repugnat3
1362 1985 1528 2048 hanc
1577 1987 1745 2050 enim

171 2069 310 2129 vim
335 2068 575 2132 habent
591 2071 777 2134 citata
795 2075 1014 2136 verba:
1051 2077 1218 2139 Deus
1259 2078 1590 2142 intentator
1617 2098 1747 2142 ma-

171 2161 378 2224 loram
399 2168 512 2226 est.
549 2163 710 2238 Quin
734 2166 938 2245 potius
965 2167 1138 2229 addit
1172 2167 1422 2246 Paulus,
1468 2176 1494 2232 1
1535 2171 1614 2234 ad
1637 2173 1748 2234 Co·

173 2255 376 2316 rinth.
407 2256 674 2334 decimo,
701 2277 832 2321 non
857 2261 1058 2322 solum
1096 2280 1224 2324 non
1253 2269 1496 2327 tentare
1525 2267 1742 2346 Deum,

173 2366 400 2410 verum
431 2351 622 2412 etiam
659 2371 776 2414 nec
799 2355 1160 2434 permittere
1187 2375 1302 2418 nos
1333 2359 1558 2420 tentari
1585 2360 1748 2422 ultra

169 2441 240 2502 id
269 2443 442 2522 quod
485 2462 833 2524 possumus.
885 2447 1032 2520 Quae
1075 2450 1290 2511 omnia
1331 2449 1743 2531 intelligenda

171 2553 310 2596 csse
338 2536 416 2597 de
445 2540 808 2615 tentatione,
835 2557 962 2620 qua
979 2542 1242 2622 quisque
1269 2550 1516 2623 peccato
1535 2545 1747 2625 impli-

171 2635 376 2705 catur,
419 2629 754 2693 declaravit
780 2631 1186 2712 AugustinuS,
1215 2635 1378 2698 libro
1404 2638 1739 2712 Quaestion.

169 2721 238 2780 in
263 2721 518 2798 Genes„
541 2729 758 2804 quaest.
791 2727 906 2801 573
943 2731 1006 2788 et
1029 2745 1300 2792 sermon.
1325 2733 1392 2790 ss
1429 2730 1508 2790 de
1526 2730 1744 2793 Verbis

169 2815 450 2892 Domini,
479 2817 571 2877 ait
591 2835 722 2878 esse
756 2820 1158 2881 tentationem
1179 2839 1320 2901 quae
1342 2823 1590 2886 adducit
1613 2843 1745 2904 peo-

169 2913 372 2970 catoem
389 2933 418 2983 ,·
445 2909 578 2971 haec
607 2917 818 2972 autem
843 2930 974 2973 non
995 2921 1093 2974 est
1123 2915 1270 2990 alia,
1305 2915 1428 2976 nisi
1455 2935 1596 2997 quoe
1611 2937 1742 2979 mo-

169 3000 386 3062 raliter
405 3003 646 3063 inducit
671 3003 752 3064 ad
777 3011 986 3066 actum
1020 3008 1274 3086 peccati.
1306 3009 1540 3072 Rursus
1558 3010 1672 3072 lib.
1701 3015 1742 3074 2

169 3094 246 3155 de
271 3097 572 3158 Consens.
601 3097 928 3178 Evangel„
951 3101 1134 3182 capit.
1160 3104 1261 3179 30,
1293 3103 1561 3183 appellat
1583 3104 1742 3168 hanc

169 3190 606 3266 tentationem,
657 3194 1017 3257 seductiones
1034 3221 1061 3267 ,·
1105 3194 1272 3276 quod
1327 3196 1588 3259 verbum
1647 3206 1744 3261 est

169 3282 578 3344 annotatione
601 3283 860 3363 dignum
873 3300 894 3363 3
932 3306 1106 3363 nam,
1137 3290 1296 3349 sicut
1339 3290 1448 3368 qui
1471 3296 1738 3371 pecccat,

169 3390 376 3434 errare
391 3373 622 3437 dicitur
639 3380 931 3457 practice,
947 3381 1132 3459 juxta
1149 3380 1339 3443 illud:
1365 3384 1610 3447 Errant
1633 3387 1740 3467 qui

169 3473 502 3544 operantur
545 3472 768 3532 molum
782 3517 803 3548 ,
839 3472 930 3534 ita
963 3474 1262 3535 inducens
1309 3476 1626 3539 moraliter
1659 3478 1739 3540 ad

167 3566 374 3619 actum
409 3562 666 3639 peccati,
695 3566 965 3642 practice
993 3566 1250 3642 seducit,
1298 3568 1462 3649 quod
1509 3569 1738 3631 divinae

163 3659 478 3731 repugnat
521 3654 807 3718 bonitati.
847 3658 1006 3721 Hinc
1039 3661 1294 3740 congeri
1343 3668 1585 3741 possent
1613 3663 1738 3727 alia

165 3744 424 3807 infinita
445 3749 774 3829 scripturae
801 3754 1192 3830 testimonia,
1239 3754 1304 3815 in
1331 3754 1556 3834 quibus
1585 3756 1736 3819 dici-

167 3842 270 3898 tur
296 3840 498 3901 Deum
537 3842 736 3903 odisse
761 3851 1104 3923 peccatum,
1136 3852 1200 3907 et
1223 3864 1352 3908 non
1389 3846 1734 3927 implanare

163 3928 478 4007 homines,
505 3938 570 3994 et
599 3934 827 3997 similia
862 3956 1002 4016 quse
1041 3936 1304 4001 inferius
1323 3940 1728 4018 attingemuS,

165 4030 228 4085 et
252 4026 512 4087 Patrum
551 4032 886 4091 sententias
909 4046 929 4107 ;
971 4049 1140 4093 nunc
1167 4032 1338 4093 enim
1377 4032 1446 4094 in
1471 4052 1540 4095 re
1567 4034 1734 4097 clara

164 4134 294 4179 non
333 4124 432 4179 est
450 4136 696 4183 necesse
723 4128 908 4185 testes
939 4124 1363 4205 multiplicari.

243 4214 304 4271 7.
357 4212 742 4277 Nazianzeni
809 4218 1239 4286 testimonium.
1281 4250 1362 4267 -
1406 4220 1734 4285 Per-similo

163 4304 512 4385 Auyutim'
535 4310 962 4373 testimonium.
991 4344 1076 4359 -
1103 4311 1384 4373 Notanda
1409 4331 1557 4375 vero
1589 4321 1734 4376 sunt

160 4396 352 4459 verba
378 4398 660 4478 Gregorii
687 4402 1079 4480 Nazianzeni,
1110 4404 1258 4484 quia
1297 4404 1374 4467 de
1400 4405 1518 4468 hoc
1543 4425 1732 4485 gene-

162 4507 230 4551 re
277 4491 658 4555 inductionis
697 4501 759 4556 et
803 4495 1176 4558 causalitatis
1227 4504 1376 4561 sunt
1421 4516 1728 4579 expressa,

163 4589 320 4644 orat.
359 4586 400 4647 3
419 4593 630 4647 contra
647 4587 878 4651 Julian.
885 4634 908 4665 ,
931 4596 1082 4650 ante
1098 4590 1394 4667 medium,
1413 4591 1603 4673 §Neo
1630 4600 1716 4658 ta-

163 4694 294 4738 men
311 4701 336 4736 .·
357 4677 418 4740 A
445 4680 660 4759 quibus
690 4682 938 4761 (inquit)
956 4684 1299 4749 rationibus
1325 4684 1578 4763 (divinas
1613 4688 1728 4749 sei-

163 4766 304 4829 licet
329 4770 756 4851 providentiae)
773 4792 892 4837 non
911 4776 1018 4839 ille
1045 4776 1356 4854 (Julianus
1371 4782 1618 4859 nempe)
1647 4782 1734 4844 ad

165 4862 392 4924 malum
440 4865 736 4928 excitam
781 4872 870 4930 est
881 4892 910 4940 ,·
952 4870 1119 4931 Deus
1161 4872 1320 4933 enim
1355 4872 1522 4933 nullo
1555 4875 1724 4937 modo

165 4955 312 5016 mali
329 4972 518 5019 causa
543 4964 652 5033 est,
681 4960 900 5039 quippe
917 4967 1144 5025 natura
1165 4963 1372 5040 bonus,
1391 4965 1724 5047 vitiumque

164 5046 292 5124 ejus
311 5050 526 5129 estqui
569 5052 769 5131 eleyit,
801 5052 970 5115 haud
993 5060 1194 5117 tamen
1231 5057 1304 5118 ab
1349 5058 1576 5137 impetu
1613 5074 1722 5121 suo

161 5158 468 5219 repressus
520 5150 626 5206 cst.
673 5144 793 5207 Ubi
831 5146 1106 5209 notanda
1147 5154 1240 5209 est
1277 5148 1388 5210 illa
1433 5149 1718 5229 causalis,

161 5233 346 5311 quod,
371 5234 424 5295 si
453 5236 610 5297 Deus
637 5238 716 5299 ad
745 5236 985 5300 malum
1028 5242 1342 5318 excitaret,
1382 5243 1534 5304 mali
1562 5252 1721 5307 esset

161 5345 379 5402 causa3
419 5330 710 5392 excitatio
729 5338 942 5395 autem
969 5333 1117 5394 dicit
1141 5334 1563 5397 causalitatem
1587 5354 1719 5399 mo-

1831 488 2087 550 initium
2112 489 2285 550 nullo
2316 489 2500 551 modo
2523 507 2697 569 posse
2725 491 2849 551 Deo
2894 489 3182 553 attribui:
3229 487 3406 556 Era-'

1832 583 2031 645 dicari
2056 582 2306 662 (inquit)
2328 585 2483 646 hanc
2506 585 2672 647 Deus
2696 584 2829 646 vult
2856 584 3164 648 deanimis
3188 587 3399 666 sinqu-

1829 675 2057 749 lorum‚·
2085 676 2365 756 quomodo
2389 694 2515 738 eam
2532 676 2661 755 ipsa
2678 682 3011 756 querant,
3032 693 3164 738 cum
3188 679 3399 744 clamet

1830 769 2137 848 Propheta
2161 793 2184 829 .·
2216 770 2485 831 Desinite
2514 787 2551 832 a
2574 769 2836 832 malitiis
2872 769 3093 832 vestris
3111 795 3137 843 ,·
3155 776 3211 833 et
3228 790 3397 850 proe-

1829 860 2001 939 cipue
2037 867 2285 924 sanctu-3
2321 861 2563 924 David:
2593 861 2817 924 Desino
2848 863 3089 942 (inquit)
3132 881 3173 924 a
3212 866 3395 941 malo,
3490 909 3526 922 ..

1828 958 1886 1014 et
1905 955 2015 1031 fao
2041 955 2273 1016 bouum.
2308 953 2602 1028 Quomodo
2641 971 2779 1034 erqo
2808 956 2863 1018 ei
2906 955 3157 1018 initium
3192 974 3231 1017 a
3274 959 3399 1020 Do·

1825 1046 1991 1108 mino
2016 1047 2273 1111 damus?
2297 1048 2401 1111 sed
2422 1047 2545 1111 koeo
2563 1049 2763 1126 opinio
2790 1049 3012 1124 feralis
3037 1067 3260 1122 eorum,
3286 1053 3396 1132 qui

1825 1140 2295 1218 perturbandam
2322 1141 2665 1203 Ecclesiam
2690 1147 3079 1220 putaverunt.
3111 1143 3396 1223 Legenda

1827 1237 1973 1292 sunt
1999 1237 2219 1294 caetera
2250 1250 2389 1312 quae
2416 1238 2547 1295 toto
2568 1233 2675 1294 illo
2704 1233 2907 1314 capite
2936 1234 3173 1311 scribit,
3216 1243 3277 1298 et
3322 1238 3395 1299 li·

1827 1322 1943 1384 bro
1967 1323 2045 1386 de
2073 1325 2374 1400 Par-adis„
2404 1326 2606 1406 capite
2631 1325 2873 1389 decimo
2900 1329 3153 1407 quint03
3184 1337 3397 1410 aperte

1833 1417 2004 1478 enim
2032 1417 2357 1479 confirmat
2374 1418 2537 1481 hanc
2564 1420 2909 1482 veritatem.
2940 1421 3033 1482 Ex
3048 1421 3256 1484 verbis
3283 1442 3394 1484 au-

1833 1515 1962 1570 tem
1992 1511 2216 1587 citatis,
2254 1511 2389 1573 haec
2436 1519 2637 1592 potest
2662 1513 2823 1574 ratio
2859 1515 3041 1590 sumi,
3076 1516 3240 1594 quod
3275 1517 3394 1579 ini-

1833 1603 1994 1666 tium
2024 1605 2259 1683 peceati
2279 1624 2355 1668 ex
2384 1605 2589 1686 prima
2612 1607 3005 1686 suggestione
3024 1614 3087 1669 et
3106 1611 3393 1672 tentatio-

1835 1714 1915 1758 ne
1944 1699 2248 1777 sumitur3
2284 1717 2433 1779 ergo
2469 1701 2594 1761 non
2636 1706 2837 1780 potest
2860 1700 3019 1762 Deus
3045 1699 3164 1764 hoc
3205 1701 3392 1764 modo

1828 1789 2125 1854 inducere
2152 1792 2229 1853 ad
2263 1799 2473 1854 actum
2502 1793 2757 1874 peccati.
2802 1792 2963 1853 Sunt
2988 1793 3176 1855 etiam
3210 1793 3391 1857 valde

1827 1885 2103 1947 notanda
2128 1886 2318 1947 verba
2344 1887 2702 1966 Augustini,
2744 1885 2965 1965 quinto
3008 1885 3087 1947 de
3134 1887 3391 1952 civitate

1825 1977 1959 2052 Dei,
2006 1996 2138 2058 cap.
2190 1994 2388 2040 nono:
2422 1979 2616 2044 Maloe
2646 1979 2981 2044 voluntates
3028 1979 3102 2042 ab
3134 1981 3243 2042 illo
3274 1999 3394 2044 non

1825 2075 1994 2147 sunt,
2010 2073 2156 2151 quia
2170 2078 2377 2136 contra
2390 2077 2675 2134 maram
2700 2077 2867 2148 sunt,
2883 2089 3017 2152 μω
3040 2071 3114 2134 ab
3140 2072 3248 2135 illo
3274 2080 3387 2136 est.

1825 2163 1985 2224 Nam
2004 2165 2071 2225 in
2098 2164 2277 2227 bonis
2297 2164 2436 2226 ideo
2454 2164 2679 2226 dicitur
2696 2165 2855 2227 Deus
2872 2164 3021 2226 dare
3038 2183 3165 2226 non
3186 2165 3389 2230 solum

1827 2263 2217 2336 potestatem,
2269 2258 2377 2320 sed
2410 2257 2605 2320 etiam
2633 2257 3043 2336 voluntatem,
3074 2259 3223 2339 quia
3262 2277 3391 2323 non

1827 2349 2031 2412 solum
2057 2351 2229 2413 dedit
2253 2351 2522 2414 liberum
2554 2350 2911 2428 arbitrium,
2944 2353 3053 2414 sed
3082 2352 3271 2414 etiam
3294 2354 3390 2416 in-

1823 2443 2017 2506 clinat
2046 2444 2199 2506 illud
2224 2446 2300 2507 ad
2330 2445 2525 2506 bonas
2550 2445 2847 2519 actiones,
2870 2445 3219 2520 excitando,
3242 2464 3390 2508 sua-

1823 2536 2051 2614 dendo,
2079 2539 2356 2620 vocando
2370 2585 2391 2616 ,
2414 2546 2486 2601 ut
2510 2538 2677 2600 idem
2715 2538 3097 2617 Augustinus
3116 2539 3391 2602 declarat

1823 2631 1898 2692 de
1916 2631 2129 2712 Spirit.
2162 2639 2224 2694 et
2250 2633 2441 2695 litter.
2448 2677 2469 2708 ,
2497 2633 2697 2712 capite
2734 2632 2947 2708 tertio,
2979 2639 3042 2694 et
3068 2633 3387 2712 trigesimo

1823 2729 2079 2804 quarto,
2102 2731 2165 2786 et
2191 2725 2351 2787 libro
2382 2727 2583 2806 primo
2610 2725 2689 2786 ad
2719 2725 3023 2805 Simplic.,
3050 2727 3389 2805 quaestione

1821 2818 2115 2894 secmida,
2146 2826 2210 2881 et
2228 2820 2367 2880 aliis
2390 2819 2538 2880 locis
2563 2819 2932 2894 innumeris,
2964 2836 3103 2898 quoe
3122 2819 3288 2880 infra
3314 2820 3387 2880 li-

1823 2910 1936 2972 bro
1968 2913 2151 2974 tertio
2178 2912 2655 2988 annotabimus3
2714 2913 2767 2972 si
2806 2931 2953 2992 ergo
2981 2913 3141 2973 Deus
3162 2913 3387 2974 excita-

1821 3013 1916 3065 ret
1945 3011 2009 3066 et
2034 3005 2359 3066 induceret
2378 3005 2698 3066 moraliter
2734 3005 2814 3065 ad
2838 3005 3071 3066 malum
3102 3005 3385 3066 volunta-

1821 3104 1935 3174 tes,
1962 3099 2149 3161 etiam
2198 3098 2319 3161 111ae
2358 3098 2778 3180 propriissime
2806 3097 3162 3161 dicerentur
3194 3117 3323 3161 esse
3345 3118 3387 3161 a

1821 3192 1977 3268 Deo;
2020 3192 2186 3273 quod
2228 3198 2321 3255 est
2368 3190 2619 3269 falsum,
2663 3198 2726 3253 et
2752 3192 2894 3253 ideo
2920 3192 3221 3271 scriptum
3256 3211 3383 3254 non

1820 3291 1912 3345 est
1936 3307 1955 3360 ;
1986 3286 2128 3347 licet
2156 3285 2237 3347 sit
2260 3284 2557 3365 scriptum
2590 3282 2787 3362 (Paul.
2794 3327 2815 3361 ,
2840 3284 2921 3347 ad
2952 3285 3214 3347 Roman.
3245 3286 3377 3365 13):

1817 3379 1892 3444 N
1891 3397 1965 3440 on
1990 3384 2077 3441 ost
2102 3384 2391 3458 potestas,
2420 3379 2549 3441 nisi
2566 3396 2605 3441 a
2631 3379 2779 3454 Deo,
2804 3384 2878 3439 ut
2905 3376 3071 3439 idem
3092 3378 3383 3457 Augusti-

1819 3488 1937 3533 nus
1960 3472 2139 3547 dixit,
2165 3471 2243 3535 de
2272 3470 2483 3551 Spirit.
2514 3475 2576 3531 et
2594 3470 2783 3532 litter.
2793 3516 2814 3547 ,
2841 3488 2976 3551 cap.
3010 3472 3111 3531 31.

1899 3566 1961 3625 8.
2008 3564 2265 3629 Ratione
2304 3564 2563 3627 assertio
2599 3564 3064 3628 demonstratur.
3094 3594 3177 3611 -—
3199 3564 3379 3626 Ratio

1819 3654 2087 3736 denique
2120 3656 2371 3719 evidens
2396 3662 2511 3732 est,
2543 3656 2693 3735 quia
2718 3655 3013 3717 inducere
3030 3656 3115 3719 ad
3141 3656 3379 3719 malum

1818 3748 2218 3826 consulendo,
2246 3755 2310 3811 et
2336 3749 2645 3812 movendo
2688 3749 3007 3813 moraliter
3030 3749 3377 3827 hominem,

1816 3849 1883 3904 ut
1927 3843 2077 3905 velit
2119 3842 2185 3904 id
2226 3843 2389 3923 quod
2423 3841 2795 3905 licite-velle
2840 3861 2970 3903 non
3010 3848 3233 3923 potest,
3284 3849 3378 3903 est

1812 3936 2144 3999 intrinsece
2162 3936 2434 4013 malum;
2456 3953 2605 4014 ergo
2624 3935 2881 3997 omnino
2900 3942 3207 4015 repugnat
3224 3936 3373 4011 Deo,

1812 4030 1974 4091 sicut
2000 4030 2269 4091 mentiri.
2306 4030 2384 4089 Et
2431 4029 2593 4090 hanc
2619 4028 2924 4091 rationem
2964 4028 3232 4089 reddunt
3264 4029 3377 4089 Pa-

1811 4128 1959 4198 tres,
1987 4140 2129 4183 cum
2174 4121 2393 4183 dieunt
2429 4122 2627 4184 Deum
2670 4138 2801 4183 esse
2846 4125 3073 4183 natura
3110 4120 3371 4195 bonum,

1809 4215 1939 4277 imo
1986 4215 2327 4276 bonitatem
2364 4215 2563 4295 ipsam
2580 4260 2601 4292 ,
2660 4220 2723 4275 et
2756 4212 2898 4277 ideo
2937 4230 3067 4274 non
3092 4229 3269 4293 posse
3292 4211 3374 4275 ad

1811 4307 2049 4370 malum
2074 4307 2331 4369 incitare
2364 4309 2465 4370 vel
2494 4306 2833 4387 impellere.
2874 4306 3045 4370 Unde
3088 4308 3373 4385 ineptum

1811 4407 1904 4465 est
1933 4402 2099 4482 quod
2129 4400 2405 4465 heretici
2425 4402 2625 4474 aiunt,
2656 4400 2853 4461 Deum
2882 4400 2999 4464 hoc
3014 4398 3217 4461 facere
3230 4415 3373 4478 pro-

1809 4506 1950 4574 pter
1974 4495 2303 4558 honestum
2330 4492 2548 4570 finem,
2578 4499 2641 4555 et
2669 4492 2807 4556 ideo
2843 4509 2972 4553 non
3002 4509 3130 4553 esse
3154 4497 3373 4553 contra

1807 4588 2151 4650 honitatem
2186 4586 2346 4665 ejus.
2376 4587 2531 4652 Nam
2574 4585 2719 4647 finis
2760 4584 3053 4648 honestus
3098 4601 3229 4646 non
3257 4583 3373 4645 ho-

1807 4685 2015 4744 nestat
2038 4680 2347 4745 actionem
2368 4698 2509 4760 quoe
2548 4697 2629 4749 ex
2656 4678 2897 4758 obJecto
2924 4683 3015 4740 est
3040 4676 3371 4751 intrinsece

1807 4774 2010 4851 mala3
2040 4773 2192 4833 alias
2220 4773 2437 4837 eodem
2488 4772 2673 4837 modo
2696 4777 2901 4851 posset
2928 4771 3087 4843 Deus
3115 4770 3369 4833 mentiri

1803 4873 2059 4948 propter
2084 4865 2414 4929 honestum
2440 4864 2654 4927 finem.
2708 4866 2829 4927 Nec
2860 4864 3127 4943 denique
3160 4862 3367 4923 locum

1801 4960 1904 5021 hic
1932 4958 2121 5021 habet
2158 4958 2471 5024 distinctio
2515 4958 2593 5019 de
2627 4956 2877 5024 formali
2920 4955 3020 5018 vel
3060 4954 3368 5020 materiali

1801 5052 2077 5134 peccati3
2121 5068 2327 5131 neque
2376 5050 2457 5112 ad
2490 5050 2609 5113 hoc
2652 5050 3034 5130 propositum
3068 5046 3367 5109 hactenus

1800 5147 1882 5209 ab
1923 5146 2134 5226 aliquo
2174 5144 2691 5208 Scholasticorum
2736 5142 3198 5207 accommodata
3232 5147 3361 5217 est;

1800 5242 1951 5321 quia
1978 5256 2199 5301 revera
2214 5238 2469 5301 moralis
2498 5238 2775 5302 inductio
2802 5243 2867 5299 et
2892 5236 3207 5319 persuasio
3234 5251 3365 5295 non

1802 5338 1916 5411 est,
1948 5350 2091 5407 nec,
2128 5331 2446 5395 moraliter
2475 5330 2811 5411 loquendO,
2853 5347 2983 5392 esse
3030 5332 3233 5408 potest
3282 5324 3365 5387 ad

157 5418 354 5481 ralem
381 5439 494 5500 per
517 5424 871 5502 consilium,
899 5425 1214 5503 affectum,
1241 5434 1360 5489 eto.
1387 5428 1549 5491 Hinc
1571 5431 1722 5492 Am·
1797 5426 2081 5502 formale,
2117 5425 2224 5488 sed
2267 5425 2347 5485 ad
2379 5430 2585 5488 actum
2613 5426 2817 5504 ipsum
2844 5422 3117 5497 volendi,
3154 5437 3193 5479 a
3235 5435 3362 5497 quo

156 5512 422 5591 brosius,
453 5514 612 5578 libro
651 5517 924 5579 secundo
951 5520 1268 5599 Examen,
1301 5522 1416 5599 ait,
1463 5523 1720 5587 malitia
1796 5522 1878 5583 sit
1900 5519 2328 5601 inseparabilis
2355 5519 2616 5593 malitia,
2638 5508 2823 5599 prout
2842 5535 2877 5579 a
2904 5515 3013 5577 tali
3036 5522 3258 5594 agente
3286 5512 3363 5573 li·-
