3850 6225
783 417 920 472 CAP.
956 419 1082 472 vm.
1119 419 1412 482 QUOMODO
1445 419 1805 474 COGNOSGAT
1840 418 1999 470 Deus
2032 417 2169 469 RAEC
2206 418 2475 474 FUTURA.
2512 417 2645 470 ETC.

107 517 323 582 luntas
354 518 500 582 talis
527 525 616 582 est
641 525 902 594 naturoe,
918 520 1243 594 libertatis,
1277 540 1348 584 ac
1366 521 1674 596 bonitatis,

107 615 222 676 hoc
239 613 438 683 vole&
485 619 546 674 et
597 613 880 676 absolute
923 614 1132 676 dicere
1165 633 1178 674 :
1210 615 1356 679 Mea
1395 617 1677 680 voluntas

105 707 268 770 volet
295 723 496 770 creare
534 709 844 780 mundum,
896 707 1042 785 quia
1073 708 1178 768 illa
1224 711 1574 787 suppositio
1613 711 1678 770 in

107 819 206 866 se,
259 805 326 860 et
355 805 424 860 ut
461 799 638 874 scita,
669 799 1025 862 necessario
1063 801 1454 880 supponitur.
1499 802 1678 874 Quod
1715 870 1722 878 ,

105 899 326 953 autem
352 891 756 953 nihilominus
787 893 1148 972 hujusmodi
1177 893 1500 955 decretum
1537 912 1676 973 pos-

106 989 190 1049 sit
219 987 392 1066 prius
433 987 679 1048 ratione
720 988 1012 1068 cognosci
1057 995 1126 1050 ut
1149 988 1450 1062 futurum,
1485 1007 1676 1068 quam

101 1085 178 1142 ut
207 1086 350 1142 actu
397 1099 696 1160 praesens‚
740 1099 854 1142 seu
899 1081 1112 1161 (quod
1137 1081 1303 1142 idem
1347 1081 1474 1160 est)
1505 1083 1676 1160 quod

102 1175 310 1254 possit
341 1175 632 1254 cognosci
681 1173 906 1236 eadem
930 1175 994 1236 vi
1033 1178 1098 1236 et
1125 1175 1368 1252 ratione
1409 1193 1536 1254 qua
1569 1195 1676 1238 co-

105 1272 500 1348 gnoscuntur
523 1267 646 1328 alia
669 1265 877 1328 futura
900 1267 1342 1342 conditionata,
1373 1268 1676 1348 probatur

103 1361 316 1440 primo
355 1360 420 1420 in
461 1361 632 1421 hunc
673 1360 954 1434 modum,
983 1361 1154 1439 quia,
1195 1362 1478 1439 quamvis
1513 1360 1675 1423 ‘illud

103 1454 432 1516 decretum
463 1455 530 1514 in
557 1472 625 1515 se
650 1455 728 1516 sit
757 1461 1061 1516 oeternum
1095 1460 1158 1515 et
1197 1460 1340 1516 actu
1375 1474 1670 1534 praesens,

103 1553 326 1611 tamen
373 1548 665 1626 cognosci
713 1551 920 1626 potest
959 1548 1136 1628 quasi
1178 1547 1675 1628 independenter

107 1641 200 1702 ab
231 1641 336 1702 illa
365 1641 592 1702 actuali
623 1642 975 1720 praesentia,
1005 1641 1176 1720 quod
1215 1660 1331 1721 per
1365 1643 1528 1704 hanc
1558 1644 1676 1722 hy-

105 1735 425 1814 pothesim
451 1735 684 1814 optime
713 1735 1089 1813 explicatur:
1125 1735 1188 1796 Si
1239 1753 1354 1814 per
1393 1735 1673 1814 impossi-

99 1829 234 1890 hile
261 1828 414 1889 illud
439 1829 765 1890 decretum
786 1846 916 1890 non
935 1833 1102 1890 esset
1126 1833 1452 1902 aeternum,
1483 1836 1544 1891 et
1569 1830 1676 1890 ali-

101 1922 368 2002 quando
391 1922 546 1984 illud
573 1923 902 1986 habiturus
939 1927 1106 1984 esset
1139 1924 1328 1997 Deus,
1361 1923 1676 1986 nihilomi-

99 2035 234 2076 nus
261 2034 510 2095 semper
531 2015 926 2095 cognovisset
941 2034 1120 2076 suam
1139 2017 1525 2078 voluntatem
1539 2017 1672 2080 fore

97 2110 266 2171 illud
300 2109 620 2172 decretum
647 2109 1034 2182 habituram3
1068 2127 1220 2189 ergo
1243 2111 1486 2172 etiamsi
1505 2129 1674 2172 nunc

95 2203 190 2264 sit
217 2209 522 2264 aeternum
543 2249 560 2274 ,
605 2202 972 2281 intelligitur
1007 2203 1425 2282 cognoscibile
1467 2204 1546 2264 de
1585 2203 1675 2264 di-

91 2299 255 2357 vina
283 2296 602 2358 voluntate
627 2295 706 2356 ad
732 2295 992 2356 modum
1028 2295 1242 2370 futuri,
1284 2303 1348 2358 et
1371 2295 1676 2375 indepen-

95 2392 334 2452 denter
359 2391 440 2450 ab
473 2390 700 2451 actuali
726 2389 1085 2469 praesentim
1121 2394 1184 2450 et
1211 2390 1330 2450 hoc
1357 2390 1560 2450 solum
1582 2395 1676 2452 est

91 2485 286 2565 prius
321 2483 562 2548 ratione
607 2482 903 2560 cognosci
945 2487 1012 2542 ut
1057 2481 1338 2562 futurum
1377 2502 1568 2562 quam
1609 2491 1678 2590 ff

91 2595 414 2657 praesens,
429 2576 600 2653 quia,
617 2576 772 2636 utin
795 2575 1182 2654 argumentis
1206 2575 1270 2634 in
1295 2578 1674 2637 contrarium

91 2669 507 2747 tangebatur,
536 2671 668 2730 haec
705 2668 994 2747 prioritas
1021 2685 1150 2728 non
1193 2674 1287 2730 est
1322 2669 1388 2730 in
1415 2690 1504 2744 re,
1539 2671 1672 2744 sed,

89 2763 192 2825 ad
221 2761 654 2842 explicandam
693 2762 818 2822 vim
865 2767 928 2822 et
969 2761 1228 2822 modum
1277 2763 1672 2843 cognitionis„

87 2856 542 2920 consideratur
569 2873 647 2916 ex
673 2853 894 2915 ordine
924 2853 1024 2916 vel
1047 2855 1540 2934 independentia
1571 2857 1676 2916 ob-

77 2954 444 3031 jectorum.

185 3047 248 3105 7.
295 3044 478 3108 Ratio
511 3044 792 3106 secunda.
822 3075 904 3088 —
933 3042 1248 3117 Secundo,
1300 3043 1418 3104 hoc
1465 3043 1672 3123 ipsum

86 3142 192 3201 ita
243 3138 619 3211 declaratur,
663 3138 810 3217 quia
859 3137 1146 3217 quamvis
1194 3136 1514 3198 decretum
1561 3137 1672 3198 Dei

83 3234 378 3295 liberum
419 3235 724 3293 aeternum
777 3230 876 3305 sit,
922 3231 1327 3293 nihilominus
1365 3232 1536 3310 prius
1571 3250 1674 3291 ra-

85 3327 276 3387 tione
305 3325 692 3404 concipimus
731 3342 1112 3404 cognoscere
1154 3327 1351 3386 Deum
1387 3324 1673 3384 volunta-

81 3429 234 3483 tem
259 3438 440 3479 suam
471 3424 782 3497 quatenus
805 3424 1012 3498 potest
1035 3418 1158 3479 hoc
1177 3418 1275 3479 vel
1305 3416 1455 3479 illud
1479 3417 1674 3478 libere

81 3515 302 3587 velle,
340 3531 532 3592 quam
563 3507 636 3574 'ut
669 3518 811 3574 actu
854 3513 1168 3573 volentem
1199 3513 1318 3572 hoc
1348 3512 1450 3572 vel
1475 3511 1668 3584 illud;

83 3626 256 3688 ergo
291 3606 484 3667 etiam
521 3605 698 3685 prius
737 3605 978 3667 ratione
1011 3610 1214 3684 potest
1251 3605 1538 3676 eamdem
1571 3623 1674 3665 vo-

81 3702 418 3763 luntatem
443 3717 824 3781 cognoscere
851 3705 920 3761 ut
941 3699 1294 3771 volituram,
1319 3716 1508 3777 quam
1531 3704 1673 3759 actu

83 3796 459 3867 volentem3
492 3798 664 3872 patet
688 3792 1158 3871 consequentia,
1189 3792 1335 3871 quia
1359 3810 1564 3871 neque
1597 3810 1674 3853 ex

81 3893 280 3971 parte
327 3888 554 3967 objecti
599 3892 696 3949 est
735 3887 940 3966 major
977 3886 1394 3966 repugnantia
1436 3887 1499 3945 in
1543 3904 1670 3946 uno

3201 403 3318 478 373

1758 519 2067 590 firmatur,
2096 518 2415 597 supposito
2443 517 2565 578 alio
2594 519 2921 598 principio,
2945 520 3010 580 in
3038 539 3163 600 quo
3190 541 3317 584 om-

1758 631 1873 674 nes
1899 617 2187 672 auctores
2216 611 2401 689 hujus
2424 611 2747 672 sententiae
2774 614 3170 688 conveniunt,
3205 617 3316 676 sci-

1755 707 1901 768 licet
1927 705 2160 766 habere
2178 704 2378 764 Deum
2404 704 2567 764 hanc
2590 704 2912 765 scientiam
2937 707 3318 768 conditiona-

1756 805 1886 860 tam
1917 798 1994 859 de
2018 797 2255 858 actibus
2278 797 2613 859 voluntatis
2634 804 2877 870 creatae,
2901 800 3076 877 prius
3096 819 3318 862 secun-

1757 892 1908 954 dum
1936 891 2243 952 rationem
2276 935 2291 962 ,
2343 908 2534 970 quam
2564 891 2697 970 ipse
2726 891 2961 970 aliquid
2987 893 3180 954 libere
3208 895 3316 958 de-

1755 991 1971 1049 cernat
1998 985 2163 1046 circa
2188 984 2379 1045 ullam
2407 992 2759 1046 creatarum
2782 987 3195 1047 voluntatum.
3229 989 3318 1049 Ex

1756 1098 1882 1160 quo
1919 1083 2325 1159 argumentor
2364 1078 2429 1137 in
2463 1078 2631 1138 hunc
2669 1080 2931 1140 modum
2966 1099 2979 1139 :
3019 1082 3193 1160 prius
3220 1101 3320 1142 ra·

1755 1174 1926 1236 tione
1958 1218 1973 1246 ,
2029 1189 2221 1251 quam
2276 1171 2441 1231 Deus
2488 1171 2723 1234 habeat
2778 1173 2940 1233 hanc
2990 1173 3313 1236 scientiam

1756 1266 2242 1330 conditionatam
2271 1263 2351 1324 de
2380 1265 2681 1326 creaturis
2700 1311 2723 1342 ,
2772 1266 2965 1328 habet
2996 1267 3319 1328 scientiam

1757 1360 2119 1440 simpliciter
2144 1359 2563 1420 necessariam
2592 1359 2671 1419 de
2698 1359 2989 1420 omnibus
3014 1379 3149 1440 quae
3174 1379 3321 1440 pos-

1755 1458 1903 1514 sunt
1930 1458 2233 1514 creaturae
2264 1451 2597 1512 convenire
2622 1473 2639 1526 ;
2686 1471 2857 1526 nam,
2884 1453 3063 1532 juxta
3093 1457 3320 1534 proba-

1752 1547 2043 1607 biliorem
2074 1544 2455 1624 opinionem,
2480 1545 2647 1606 hanc
2672 1546 2995 1606 scientiam
3022 1547 3312 1627 simplicis

1754 1639 2175 1719 intelligentiae
2214 1644 2643 1700 creaturarum
2682 1640 2873 1701 habet
2910 1642 3077 1704 Deus
3116 1641 3181 1702 in
3212 1644 3317 1705 illo

1756 1735 1960 1814 primo
1994 1732 2197 1812 signo,
2234 1732 2301 1792 in
2340 1750 2465 1810 quo
2504 1733 2779 1811 seipsum
2819 1735 3315 1813 comprehendit,

1757 1847 1868 1890 seu
1901 1827 1965 1888 in
1998 1845 2123 1905 quo
2155 1827 2337 1887 Pater
2364 1831 2625 1906 generat
2648 1825 2893 1898 Filium,
2925 1828 2991 1887 in
3014 1847 3139 1907 quo
3168 1847 3322 1890 non·
3386 1849 3403 1862 ·

1755 1923 1908 1984 dum
1936 1919 2299 1998 intelligitur
2332 1919 2571 1980 habere
2614 1920 2777 1980 hanc
2816 1921 3138 1981 scientiam
3170 1941 3319 1982 con-

1755 2016 2142 2086 ditionatam,
2190 2012 2339 2090 quia
2380 2031 2509 2072 non
2545 2018 2639 2074 est
2677 2013 2760 2074 ita
2810 2013 3167 2092 simpliciter
3212 2034 3319 2076 ne-

1754 2109 2060 2179 cessaria;
2087 2125 2159 2166 ac
2184 2105 2437 2167 scientia
2461 2105 2753 2184 simplicis
2780 2106 3231 2183 intelligentiae3
3259 2115 3320 2170 et

1754 2201 2163 2264 nihilominus
2208 2199 2271 2261 in
2316 2199 2435 2260 alio
2475 2199 2653 2278 signo
2694 2200 3054 2262 aeternitatis
3092 2201 3317 2263 dicitur

1753 2297 1922 2358 Deus
1964 2294 2198 2356 habere
2249 2293 2419 2354 illam
2464 2292 2788 2354 scientiam
2834 2293 3319 2355 conditionatam

1757 2389 1930 2468 prius
1974 2387 2247 2462 ratione,
2288 2406 2478 2467 quam
2522 2388 2687 2448 circa
2730 2395 3051 2449 creaturas
3088 2390 3320 2451 habeat

1757 2483 2082 2544 decretum
2100 2481 2369 2542 liberum
2396 2481 2765 2553 voluntatis;
2799 2500 2949 2562 ergo
2972 2482 3319 2544 admittitur

1756 2575 1823 2636 in
1851 2575 2165 2636 intellectu
2208 2574 2414 2634 divina
2456 2574 2713 2634 scientia
2749 2593 2878 2634 non
2916 2581 3173 2636 omnino
3204 2596 3318 2638 ne-

1759 2669 2051 2740 cessaria,
2090 2667 2201 2728 sed
2244 2667 2454 2746 aliquo
2499 2667 2687 2728 modo
2729 2669 2948 2745 libera,
3001 2670 3173 2748 prius
3214 2689 3319 2731 ra-

1757 2763 1949 2834 tione,
1986 2778 2177 2841 quam
2220 2760 2299 2821 sit
2336 2761 2401 2820 in
2442 2761 2761 2823 voluntate
2799 2763 3123 2824 decretum
3161 2764 3320 2825 libe-

1755 2873 1930 2927 rum;
1968 2871 2140 2934 crg0,
2174 2852 2395 2915 eadem
2424 2854 2687 2928 ratione,
2720 2855 3078 2935 praecedere
3108 2863 3316 2936 potest

1755 2949 1820 3010 in
1843 2948 2159 3008 intellectu
2182 2947 2389 3008 divino
2418 2948 2635 3008 similis
2662 2949 2919 3010 scientia
2944 2951 3157 3030 aliquo
3186 2970 3318 3012 mo—

1755 3043 1834 3104 do
1863 3041 2061 3103 libera
2084 3042 2326 3102 habens
2344 3060 2457 3121 pro
2484 3041 2730 3123 objecto
2760 3043 2967 3123 ipsum
2992 3044 3315 3106 decretum

1752 3137 2021 3197 liberum
2060 3135 2396 3197 voluntatis
2429 3134 2559 3208 Dei,
2606 3137 2779 3215 prius
2812 3138 3077 3212 ratione,
3125 3156 3317 3217 quam

1753 3232 1877 3292 tale
1909 3231 2233 3291 decretum
2263 3230 2327 3289 in
2356 3248 2423 3290 re
2454 3230 2723 3309 positum
2752 3230 3155 3311 intelligatur.
3202 3234 3318 3294 Pa-

1754 3329 1843 3385 tet
1868 3324 2338 3402 consequentia,
2376 3324 2523 3403 quia
2556 3342 2763 3404 neque
2796 3344 2873 3386 ex
2902 3332 3077 3405 parte
3108 3327 3313 3387 scien-

1753 3418 1854 3479 tiae
1887 3423 1951 3479 et
1976 3422 2153 3477 actus
2180 3416 2357 3476 liberi
2388 3422 2483 3477 est
2508 3418 2710 3497 major
2735 3418 2894 3478 ratio
2921 3463 2937 3491 ,
2982 3436 3189 3498 neque
3221 3424 3316 3480 est

1753 3516 1959 3592 major
1986 3511 2289 3573 connexio
2333 3512 2493 3573 inter
2522 3513 2908 3574 voluntatem
2950 3520 3227 3575 creatam
3258 3520 3320 3575 et

1753 3613 1971 3671 actum
1990 3624 2197 3679 suum,
2226 3623 2417 3684 quam
2442 3607 2607 3667 inter
2628 3607 3014 3669 voluntatem
3042 3607 3319 3669 divinam

1755 3708 1817 3763 et
1841 3718 2027 3762 suum
2057 3700 2380 3763 decretum
2400 3748 2414 3775 ,
2458 3707 2553 3762 est
2592 3700 2763 3761 enim
2802 3703 2921 3762 hoc
2950 3702 3320 3782 perfectissi-

1753 3813 1854 3855 me
1883 3795 2172 3855 liberum.
2209 3796 2425 3875 Neque
2455 3796 2758 3875 assignari
2798 3802 3007 3875 potest
3032 3796 3161 3855 ulla
3188 3796 3319 3856 suf-

1751 3888 1969 3949 ficiens
1994 3889 2149 3949 ratio
2173 3906 2283 3948 cur
2308 3889 2426 3949 hoc
2452 3889 2653 3969 magis
2678 3895 2990 3968 repugnet
3010 3889 3075 3949 in
3102 3890 3320 3971 volun-

1753 3987 1879 4043 tate
1907 3981 2207 4053 increata,
2240 4000 2431 4060 quam
2464 3982 2529 4041 in
2548 3982 2867 4044 voluntate
2897 3988 3128 4044 creata.
3163 3984 3321 4044 Con-

1753 4074 2059 4149 firmatur,
2101 4076 2249 4153 quia
2282 4076 2345 4135 in
2375 4076 2478 4136 illo
2511 4076 2786 4137 secundo
2822 4077 3000 4156 signo
3030 4075 3313 4145 rationis,

1753 4168 1818 4227 in
1843 4185 1969 4245 quo
1994 4173 2140 4229 ante
2169 4168 2494 4229 decretum
2519 4187 2645 4229 suae
2667 4169 3004 4230 voluntatis
3034 4174 3177 4230 actu
3206 4188 3318 4249 po-

1755 4260 1944 4322 situm
1980 4260 2299 4340 cognoscit
2325 4263 2493 4323 Deus
2528 4262 2609 4336 de
2633 4262 3059 4331 voluntatibus
3090 4263 3317 4323 creatis

1756 4355 1910 4434 quid
1935 4354 2059 4415 sint
2079 4360 2331 4430 acturae,
2364 4355 2413 4415 si
2440 4340 2681 4429 hocfvel
2707 4356 2859 4417 illud
2883 4356 3031 4435 ipsis
3052 4356 3318 4427 accidat,

1755 4454 1969 4511 nostro
2023 4446 2211 4509 modo
2259 4438 2651 4529 intelligendi
2704 4456 2798 4511 est
2854 4452 2917 4510 in
2977 4451 3105 4511 Deo
3156 4470 3321 4511 nova

1755 4542 2013 4604 scientia
2042 4542 2207 4603 circa
2240 4549 2589 4617 creaturas,-
2630 4550 2858 4623 praeter
2884 4530 3033 4605 cam'
3055 4563 3195 4623 quae
3228 4554 3323 4605 est

1757 4654 1929 4716 purae
1958 4637 2253 4716 simplicis
2279 4637 2701 4716 intelligentiae
2730 4642 2790 4699 et
2814 4639 3319 4716 comprehensio-

1755 4731 1854 4790 nis
1879 4730 2085 4790 omnis
2114 4732 2408 4809 potentiae
2442 4736 2743 4791 creaturae
2769 4750 2785 4802 ;
2820 4749 2969 4810 ergo
2997 4732 3063 4790 in
3094 4729 3315 4791 eodem

1756 4823 1936 4902 signo
1960 4822 2341 4903 intelligetur
2360 4824 2528 4885 Deus
2554 4823 2786 4884 habere
2815 4823 3089 4901 aliquam
3116 4824 3321 4885 scien-

1755 4915 1906 4977 tiam
1934 4914 2273 4981 voluntatis
2299 4932 2426 4976 suae
2454 4921 2683 4995 praeter
2713 4914 3059 4994 simplicem
3092 4917 3321 4978 intelli-

1757 5008 2036 5090 gentiam
2062 5015 2123 5069 et
2141 5009 2764 5088 comprehensionem
2784 5010 3108 5087 potestatis
3141 5011 3277 5088 ejus
3304 5032 3317 5079 ;

1757 5120 1908 5183 ergo
1929 5148 1946 5176 ,
1998 5102 2157 5163 sicut
2210 5101 2289 5163 de
2340 5102 2661 5162 voluntate
2716 5107 2923 5162 creata
2984 5108 3321 5181 cognoscet

1757 5195 1908 5275 quid
1929 5201 2142 5256 actura
2172 5194 2251 5256 sit
2274 5212 2353 5255 ex
2380 5194 2587 5272 aliqua
2615 5194 2969 5273 hypothesi,
3001 5194 3087 5255 ita
3119 5194 3196 5255 de
3220 5214 3321 5255 vo·

1754 5289 1995 5350 luntate
2024 5307 2137 5349 sua
2167 5294 2501 5369 cognoscet
2528 5287 2677 5365 quid
2702 5288 2964 5348 volitura
2990 5292 3187 5349 estex
3208 5288 3323 5366 hy—

1756 5382 2026 5461 pothesi,
2069 5399 2260 5461 quam
2297 5382 2361 5441 in
2402 5400 2470 5442 re
2510 5381 2775 5459 positam
2819 5380 3009 5453 videt,
3061 5379 3315 5447 scilicet,

1756 5474 1926 5553 quod
1972 5480 2067 5535 est
2100 5474 2241 5535 talis
2275 5480 2518 5534 naturae
2546 5518 2563 5545 ,
2603 5472 2928 5543 bonitatiS‚
2982 5477 3097 5532 etc.
3142 5473 3320 5533 Patet

1755 5567 2230 5646 consequentia,
2264 5566 2411 5645 quia
2439 5564 2613 5625 nulla
2638 5570 2733 5625 est
2752 5562 2913 5624 ratio
2937 5563 3017 5624 ob
3043 5582 3235 5642 quarn
3262 5564 3323 5623 in

82 4000 296 4063 quam
330 3982 398 4041 in
433 3980 554 4041 alio
584 4024 600 4052 ,
651 3997 866 4057 neque
908 3997 988 4039 ex
1031 3984 1208 4059 parte
1241 3980 1672 4059 cognoscentis

79 4080 308 4157 potest
341 4074 656 4135 sufficiens
679 4074 874 4133 virtus
903 4072 1160 4144 deesse;
1193 4091 1400 4152 neque
1434 4074 1676 4134 aeterni-

77 4177 188 4231 tas
223 4168 426 4247 ipsius
453 4166 644 4227 divini
678 4165 914 4227 decreti
943 4170 1290 4245 repugnat,
1331 4166 1432 4227 vel
1455 4165 1676 4227 'exclu-

79 4264 178 4324 dit
211 4264 392 4321 hunc
431 4260 716 4321 ordinem
760 4261 1108 4321 secundum
1133 4261 1462 4322 rationem.
1492 4263 1594 4333 Ut,
1623 4260 1673 4321 si

77 4360 265 4419 Deus
311 4361 587 4418 creasset
623 4355 706 4415 ab
741 4360 976 4416 aeterno
1013 4354 1400 4416 voluntatem
1439 4354 1670 4434 angeli,

77 4458 148 4513 et
179 4450 298 4510 illa
331 4466 408 4509 ex
437 4449 781 4511 aeternitate
819 4448 1083 4508 haberet
1117 4452 1328 4507 actum
1358 4448 1624 4507 liberum
1655 4494 1671 4521 ,

75 4564 228 4606 non
268 4548 658 4621 repugnaret
695 4545 896 4604 Deum
929 4560 1314 4622 cognoscere
1352 4542 1530 4602 illum
1572 4562 1676 4604 ac-

73 4646 270 4711 tum,
311 4653 442 4696 non
467 4636 674 4695 solum
716 4641 786 4695 ut
832 4640 1204 4713 praesentem
1245 4635 1524 4711 realiter,
1563 4636 1674 4697 sed

73 4732 294 4793 etiam
357 4734 423 4791 ut
469 4734 909 4791 emanaturum
959 4746 998 4789 a
1047 4728 1152 4789 tali
1207 4728 1568 4802 voluntate;
1622 4731 1674 4791 si

73 4824 274 4885 enim
327 4820 442 4881 hoc
481 4822 776 4900 cognosci
821 4825 1028 4900 potest
1071 4821 1152 4883 de
1199 4840 1270 4881 re
1311 4840 1452 4901 quae
1485 4824 1674 4884 estin

75 4923 390 4993 tempore
425 4912 660 4986 futura,
707 4931 820 4973 cur
851 4932 979 4975 non
1010 4914 1238 4993 poterit
1266 4918 1558 4993 cognosci
1595 4916 1673 4977 de

71 5028 156 5070 re
191 5012 462 5079 aeterna,
509 5004 856 5067 secundum
887 5024 1350 5085 quemcumque
1392 5007 1675 5068 ordinem

71 5099 366 5175 rationis
395 5100 878 5164 consideretur?
923 5103 1124 5180 Atque
1165 5102 1287 5163 hoc
1319 5103 1676 5182 exemplum

73 5196 252 5257 satis
289 5193 572 5255 declarat
599 5212 730 5255 non
775 5174 912 5255 e⁸sse
955 5195 1382 5255 necessarium
1420 5196 1552 5257 hoec
1578 5195 1676 5256 fu·—

75 5296 266 5359 tura,
299 5294 488 5365 prout
525 5286 761 5347 cadunt
791 5287 857 5347 in
885 5288 1048 5347 hanc
1075 5287 1432 5361 scientiam,
1465 5289 1673 5349 dicere

71 5382 390 5445 ordinem
435 5380 782 5443 durationis
813 5426 829 5453 ,
886 5380 998 5441 sed
1053 5380 1338 5443 sufficere
1389 5381 1674 5443 ordinem

71 5473 490 5537 causalitatis
519 5492 634 5534 seu
664 5473 944 5535 rationis

175 5568 242 5629 8.
291 5567 508 5631 Tertia
531 5568 716 5631 ratio.
749 5598 838 5613 -
875 5568 1108 5645 Tertia,
1140 5568 1260 5629 hoc
1289 5567 1496 5649 ipsum
1524 5587 1674 5633 con-
