3850 6225
463 360 542 425 28

458 476 568 533 aut
595 470 742 531 satis
773 470 1006 551 percipi
1028 472 1259 551 possit3
1289 492 1438 535 nam
1468 473 1517 535 si
1538 473 1642 535 illa
1663 471 2021 553 conjunctio

463 564 542 625 sit
567 564 631 623 in
654 568 796 625 actu
825 564 1126 641 secundo,
1143 566 1280 627 haec
1307 584 1436 627 non
1461 566 1532 629 fit
1555 567 1676 629 nisi
1701 584 1814 647 per
1835 564 2023 627 actio-

461 674 610 718 nem
655 656 850 735 ipsius
895 676 1100 721 causas
1141 659 1456 733 secundoe,
1504 664 1565 722 et
1601 679 1728 721 non
1761 679 1875 740 per
1911 658 2023 719 ali-

463 749 615 829 quid
635 752 934 830 praeviutn
959 752 1042 813 ad
1065 755 1408 828 actionem3
1437 754 1488 815 si
1513 770 1662 816 vero
1691 754 1854 816 sitin
1879 758 2021 815 actu

461 844 688 922 prim0.
721 862 851 905 non
875 845 946 907 tit
965 846 1086 907 nisi
1105 865 1220 927 per
1236 847 1436 927 ipsam
1456 847 1746 909 virtutem
1767 846 2022 927 agendi,

464 953 603 1015 quae
630 954 744 1016 per
772 956 840 999 se
883 944 975 1001 est
1003 958 1318 1020 propensa
1347 941 1428 1002 ad
1457 958 1638 1001 suam
1671 940 1981 1003 actionem
2002 986 2023 1016 ,

465 1030 639 1091 etita
663 1074 684 1105 ,
723 1033 1060 1113 suppositis
1089 1035 1226 1096 aliis
1255 1034 1620 1099 extrinsecis
1659 1032 2029 1097 conditioni-

463 1122 582 1183 bus
607 1124 942 1204 requisitio,
967 1144 1082 1205 per
1104 1128 1378 1208 seipsam
1399 1136 1497 1192 est
1519 1130 1668 1193 satis
1687 1128 2021 1209 applicata,

464 1234 580 1277 seu
617 1218 824 1296 potius
859 1219 1156 1283 inclinata
1193 1222 1278 1283 ad
1312 1224 1625 1285 actionem
1654 1238 1862 1295 suam;
1908 1238 2027 1283 nec

461 1314 671 1388 potest
695 1312 826 1373 haec
853 1312 1206 1393 applicatio,
1239 1317 1602 1396 propensio,
1634 1322 1743 1377 aut
1768 1313 2027 1376 inclina·

463 1404 550 1467 tio
593 1405 833 1481 augeri,
883 1405 1006 1467 nisi
1055 1416 1238 1470 aucta
1277 1409 1506 1472 virtute
1556 1410 1694 1489 ipsa
1739 1405 1969 1488 agendi
2000 1426 2018 1481 ;

465 1496 659 1575 quod,
701 1516 818 1577 per
843 1518 910 1559 se
935 1500 1275 1580 loquendo,
1319 1503 1743 1565 necessarium
1771 1520 1902 1563 non
1932 1507 2028 1563 est

467 1589 548 1650 ad
579 1607 954 1652 concursum
991 1612 1196 1655 causoe
1237 1596 1476 1676 primae,
1521 1603 1587 1657 ut
1612 1596 1723 1669 sic,
1764 1600 1833 1655 ut
1861 1594 2027 1655 circa

463 1682 637 1745 aliud
661 1685 1016 1747 membrum
1041 1686 1314 1763 dicetur3
1347 1708 1498 1770 ergo
1527 1690 1664 1751 talis
1692 1688 2025 1769 applicatio

464 1778 696 1855 praevia
713 1822 730 1852 ‚
779 1797 918 1858 quae
948 1799 1064 1860 per
1089 1800 1158 1843 se
1185 1782 1540 1845 necessaria
1575 1784 1652 1845 sit
1681 1800 1760 1844 ex
1783 1783 1847 1843 vi
1877 1800 2028 1843 con-

466 1889 690 1931 cursus
717 1873 934 1952 primae
963 1892 1193 1950 causae,
1225 1882 1451 1956 praeter
1475 1875 1862 1939 conditiones
1891 1893 2031 1936 om·-

465 1982 580 2026 nes
620 1968 951 2046 requisitas
988 1988 1066 2031 ex
1111 1976 1287 2049 parte
1339 1988 1675 2033 causarum
1717 1968 2027 2031 secunda-

465 2076 628 2133 rum,
664 2066 726 2121 et
752 2078 890 2139 quae
916 2080 954 2122 a
981 2062 1114 2123 sola
1142 2064 1344 2143 prima
1375 2082 1566 2125 causa
1592 2063 1723 2137 fiat,
1759 2069 1853 2126 est
1879 2062 2028 2124 ficta

467 2158 530 2215 et
567 2153 987 2234 impossibilis,
1019 2156 1166 2235 quia
1191 2156 1348 2218 nihil
1379 2157 1634 2219 omnino
1664 2162 1778 2218 est.

588 2350 918 2415 Proemotio
940 2370 1136 2417 ooemoe
1155 2354 1378 2435 primoe
1403 2372 1488 2418 an
1512 2356 1856 2419 meeum-ia
1879 2356 1908 2418 3

549 2527 612 2587 9.
657 2526 784 2587 Nec
810 2524 1190 2604 probabilior
1216 2531 1311 2588 est
1341 2526 1538 2587 altera
1571 2543 1716 2606 pars
1769 2525 1849 2587 de
1891 2544 2029 2588 mo-

464 2617 638 2680 tione
684 2617 902 2696 primae
951 2636 1156 2679 causae
1207 2618 1532 2692 secundnm
1587 2618 1814 2680 eodem
1859 2620 2029 2680 enim

469 2707 656 2771 modo
679 2710 1124 2789 inquirendum
1151 2718 1248 2775 est
1270 2730 1460 2791 quem
1479 2711 1886 2775 intrinsecum
1907 2719 2031 2776 ter-

470 2803 710 2865 minum
745 2804 975 2866 habeat
1003 2806 1138 2867 haec
1170 2805 1396 2879 motio;
1427 2823 1616 2869 omne
1650 2806 1818 2867 enim
1859 2805 2031 2885 quod

471 2902 779 2971 movetur,
809 2897 892 2958 ad
919 2898 1154 2978 aliquid
1177 2900 1414 2961 moveri
1437 2918 1696 2963 necesse
1725 2907 1858 2974 est3
1892 2902 2031 2962 haec

475 2994 686 3053 autem
711 2992 902 3055 motio
933 3011 1064 3053 non
1095 2998 1192 3053 est
1218 2992 1550 3055 intrinsece
1582 3000 1644 3055 et
1671 2993 2030 3055 immediate

475 3086 558 3150 ad
583 3086 890 3148 actionem
916 3104 1118 3150 causoe
1143 3088 1454 3164 secundae,
1483 3087 1596 3150 sed
1615 3087 1697 3150 ad
1717 3105 2035 3150 summum

476 3180 599 3243 dici
620 3186 845 3260 potest,
877 3181 956 3244 ad
984 3181 1176 3254 illam,
1194 3188 1264 3244 ut
1278 3181 1360 3242 ad
1377 3182 1794 3243 extrinsecum
1815 3183 2031 3256 finem,

477 3270 752 3335 ordinari
777 3292 793 3346 ;
840 3279 974 3336 tum
1020 3275 1166 3354 quia
1215 3275 1440 3336 dicitur
1481 3293 1619 3338 esse
1667 3275 1798 3337 haec
1841 3275 2033 3337 motio

477 3369 708 3448 praevia
735 3367 820 3428 ad
849 3368 1018 3428 illam
1049 3368 1360 3432 actionem
1383 3415 1400 3444 ,
1451 3375 1513 3430 et
1538 3387 1608 3430 re
1637 3369 1924 3430 distincta
1954 3368 2035 3430 ab

473 3461 614 3534 illa;
659 3467 792 3522 tum
837 3461 1024 3524 etiam
1061 3461 1209 3542 quia
1247 3463 1408 3524 actio
1439 3481 1566 3524 non
1603 3468 1698 3524 est
1731 3463 2035 3524 terminus

473 3555 813 3638 productus
829 3572 944 3636 per
961 3555 1149 3616 aliam
1173 3555 1506 3631 actionem,
1533 3573 1646 3618 seu
1663 3555 2032 3630 motionem;

474 3653 608 3712 tum
637 3649 930 3728 denique,
955 3648 1102 3728 quia
1129 3649 1196 3710 in
1228 3648 1432 3710 causis
1461 3649 1754 3712 secundis
1780 3655 2040 3711 natura-

475 3744 660 3816 libus,
685 3761 824 3823 quae
847 3749 1042 3823 agunt
1069 3743 1311 3804 actione
1331 3748 1720 3816 transeunte,
1745 3743 1882 3804 haec
1901 3761 2039 3805 mo-

476 3839 562 3900 tio
589 3837 813 3900 dicitur
841 3855 980 3898 esse
1015 3836 1084 3898 in
1111 3837 1246 3918 ipsa
1277 3855 1468 3898 causa
1497 3837 1776 3899 secunda
1810 3855 1826 3911 ;
1873 3837 2037 3900 actio

478 3949 626 3992 vero
655 3949 860 3992 causae
887 3930 1180 3994 secundae
1209 3935 1308 3992 est
1341 3929 1405 3991 in
1433 3949 1618 4010 passo
1657 3949 1672 3992 ε
1717 3931 2035 4010 quomodo

479 4043 630 4106 ergo
659 4043 788 4086 una
825 4025 942 4086 erit
979 4024 1298 4104 proximus
1327 4029 1390 4085 et
1416 4025 1790 4088 intrinsecus
1824 4025 2041 4087 termi-

477 4137 598 4180 nus
627 4118 925 4180 alterius?
963 4119 1034 4178 In
1068 4117 1386 4180 voluntate
1418 4135 1570 4181 vero
1604 4119 1738 4180 haec
1775 4119 2041 4180 mutatio

477 4218 722 4275 tantum
751 4212 974 4274 dicitur
997 4211 1134 4274 fieri
1161 4231 1200 4272 a
1225 4212 1356 4274 Deo
1373 4255 1390 4286 ,
1431 4217 1494 4274 et
1527 4213 1918 4276 voluntatem
1942 4231 2045 4274 so-

479 4305 612 4366 lum
651 4305 898 4385 passive
937 4324 1007 4366 se
1048 4305 1284 4366 hahere
1326 4311 1618 4385 respectu
1648 4305 1850 4382 illiu83
1883 4323 2039 4386 ergo

479 4417 608 4460 non
634 4403 840 4478 potest
864 4399 1000 4459 haec
1026 4398 1220 4459 motio
1247 4397 1568 4460 terminari
1600 4397 1682 4459 ad
1711 4395 1912 4478 ipsam
1941 4415 2042 4458 ac-

481 4493 716 4554 tionem
752 4491 1006 4553 vitalem
1045 4497 1107 4554 et
1147 4491 1412 4552 liberam
1445 4491 1804 4565 voluntatis,
1853 4496 1922 4552 ut
1959 4489 2041 4552 ad

481 4586 818 4648 terminum
861 4584 1266 4647 intrinsecum
1297 4604 1314 4658 ;
1367 4585 1522 4646 alias
1567 4603 1606 4646 a
1653 4601 1781 4663 quo
1817 4582 1890 4646 fit
1935 4583 2041 4645 illa

481 4679 697 4753 motio,
739 4678 920 4742 fieret
949 4679 1134 4740 etiam
1160 4678 1299 4740 hoec
1333 4678 1520 4753 actio,
1563 4677 1709 4759 quia
1737 4677 2041 4740 terminus

480 4773 856 4834 intrinsecus
892 4771 1184 4834 motionis
1211 4770 1292 4832 ab
1321 4788 1398 4834 eo
1426 4776 1672 4834 tantum
1695 4771 1767 4834 fit
1789 4817 1806 4834 .
1847 4790 1884 4831 a
1913 4789 2041 4850 quo

480 4865 550 4928 fit
589 4866 724 4945 ipsa
752 4866 982 4941 motio;
1027 4883 1108 4926 ex
1133 4882 1258 4944 quo
1287 4862 1470 4926 fieret
1505 4864 1816 4927 actionem
1843 4863 2041 4941 ipsius

481 4959 841 5033 voluntatis,
857 4958 940 5018 ad
967 4958 1162 5037 qn'am
1181 4957 1312 5020 haec
1333 4957 1528 5019 motio
1550 4955 1873 5018 terminari
1899 4955 2048 5017 dici-

481 5057 586 5114 tur
605 5097 622 5126 ,
661 5071 706 5112 a
750 5051 884 5113 solo
927 5051 1059 5114 Deo
1097 5048 1253 5124 fieri,
1300 5057 1364 5112 et
1411 5050 1798 5112 voluntatem
1839 5048 2047 5110 solum

480 5145 728 5225 passive
754 5145 836 5207 ad
863 5146 1062 5224 ipsam
1092 5161 1491 5217 concurrere,
1523 5141 1694 5224 quod
1721 5149 1820 5205 est
1847 5143 2047 5204 haere-

482 5240 676 5302 ticum
698 5239 764 5299 in
791 5237 1140 5300 actionibus
1165 5237 1400 5318 liberis,
1449 5235 1531 5299 de
1563 5235 1790 5316 quibus
1821 5242 2047 5298 tracta-

483 5351 648 5396 mus.
687 5333 948 5395 Seclnsa
973 5337 1184 5394 autem
1213 5347 1422 5393 causae
1451 5330 1744 5392 secunda}
1775 5330 2042 5405 actione,

485 5427 696 5489 nullus
723 5427 882 5489 alius
914 5425 1218 5489 terminus
1254 5423 1629 5486 intrinsecus
1651 5423 1794 5484 talis
1823 5424 2048 5485 motio-

487 5521 586 5584 nis
609 5519 760 5602 fingi
791 5525 902 5582 aut
929 5517 1262 5600 excogitari
1289 5521 1512 5596 potest,
1537 5517 1684 5598 qnia
1713 5533 1920 5598 neque
1950 5521 2047 5579 est

1203 369 1414 434 OPUSC,
1451 372 1490 435 1,
1529 368 1648 423 ΗΒ.
1683 370 1722 423 1.
1758 369 1840 423 DE
1873 366 2195 421 CONCURSU
2229 366 2333 419 nm
2366 364 2491 419 CUM
2522 364 2913 419 VOLUNTATE.

2103 468 2357 549 aliquod
2396 467 2523 544 ubi,
2571 486 2780 547 neque
2820 466 3077 547 aliquod
3108 470 3433 546 quantum,
3482 468 3548 529 et
3580 464 3679 524 sic

2102 562 2182 624 de
2210 561 2488 643 reliquis.
2520 560 2736 623 Solum
2764 561 2884 623 dici
2911 564 3115 641 potest
3134 560 3300 620 hanc
3322 558 3681 621 motionem

2100 656 2421 717 terminari
2466 655 2547 717 ad
2588 656 2865 735 aliquam
2914 654 3273 733 qualitatem
3316 698 3332 727 ,
3386 670 3525 732 quae
3578 650 3683 729 (ut

2107 751 2304 831 aiunt)
2362 750 2545 813 detur
2592 768 2707 829 per
2764 747 3018 809 modum
3068 746 3450 809 transeuntis
3478 790 3495 819 ,
3555 761 3681 805 seu

2105 846 2379 909 fluentis.
2406 847 2532 910 Sed
2550 864 2687 926 quae
2706 852 2801 907 est
2820 844 3183 919 necessitaS,
3216 842 3387 923 quod
3408 859 3674 912 munuS,

2108 940 2247 1019 quis
2272 958 2425 1001 usus
2454 946 2561 1001 aut
2586 938 2865 1001 formalis
2894 938 3153 999 effectus
3180 936 3371 1016 hujus
3407 932 3681 1015 qualita-

2106 1034 2185 1096 tis
2217 1036 2243 1094 ἲ
2280 1033 2565 1113 Denique
2606 1031 2761 1093 nihil
2812 1030 2936 1092 dici
2976 1034 3202 1110 potest,
3242 1027 3363 1089 nisi
3403 1027 3680 1088 fortasse

2106 1127 2277 1211 quod
2318 1127 2397 1189 sit
2438 1128 2636 1188 virtus
2676 1126 2877 1188 activa
2914 1124 3143 1199 fluens,
3192 1122 3365 1203 quod
3390 1122 3454 1183 in
3481 1119 3681 1182 tertio

2106 1222 2390 1283 membro
2428 1219 2830 1282 refutandum
2864 1222 2981 1280 est.

2190 1318 2288 1377 10.
2340 1315 2511 1390 Quod
2528 1319 2708 1378 extra
2734 1330 2797 1378 se
2820 1314 2955 1395 aqit
2980 1328 3237 1395 operans
3250 1358 3269 1387 ,
3304 1307 3535 1374 actione
3556 1324 3687 1370 ewa

2104 1428 2225 1474 mm
2268 1409 2619 1493 perficitur.
2663 1438 2746 1453 —
2791 1406 3069 1480 Accedit,
3116 1402 3289 1485 quod
3335 1418 3554 1482 agens,
3604 1404 3685 1459 ut

2107 1522 2338 1584 agenS‚
2376 1520 2504 1562 non
2534 1505 2813 1562 mutatur
2835 1544 2850 1573 ,
2892 1504 3050 1561 teste
3082 1496 3409 1561 Aristotele
3434 1540 3450 1567 ,
3488 1492 3683 1555 tertio

2108 1597 2538 1677 physicorum.
2574 1592 2977 1673 Respondent
3006 1591 3197 1670 aliqui
3226 1589 3475 1670 agentia
3501 1605 3685 1648 crea-

2108 1700 2171 1755 ta
2190 1690 2437 1772 agendo
2458 1688 2709 1761 mutari,
2742 1686 2889 1768 quia
2908 1686 3341 1766 perficiuntur,
3372 1682 3523 1743 dum
3544 1682 3687 1741 vim

2108 1802 2291 1847 suam
2332 1781 2801 1863 quodammodo
2846 1778 2927 1842 ad
2970 1778 3093 1841 alia
3138 1777 3520 1847 extendunt3
3568 1773 3688 1834 ina

2108 1880 2277 1941 enim
2297 1877 2540 1939 virtutis
2566 1874 2867 1947 extensio,
2900 1872 3199 1954 perfectio
3232 1869 3524 1951 quaedam
3552 1872 3679 1928 est.

2106 1975 2187 2034 At
2230 1974 2348 2033 hoc
2389 1970 2618 2031 falsum
2669 1974 2785 2043 est,
2826 1973 2889 2028 et
2932 1984 3061 2027 non
3106 1965 3313 2027 solum
3356 1959 3685 2024 communi

2108 2066 2407 2129 doctrinae
2458 2060 2805 2124 Aristotelis
2854 2065 2916 2121 et
2958 2060 3225 2121 aliorum
3266 2054 3690 2135 Philosopho-

2107 2176 2251 2237 rum
2276 2173 2502 2239 parum
2528 2160 3049 2227 consentaneum,
3090 2168 3313 2213 verum
3340 2150 3531 2213 etiam
3561 2165 3689 2229 per

2108 2270 2178 2313 se
2226 2248 2634 2321 incredibile3
2684 2246 2838 2328 quid
2882 2246 3053 2307 enim
3102 2242 3499 2325 perfectionis
3554 2240 3676 2301 soli

2110 2349 2447 2417 accrescet,
2476 2341 2543 2403 in
2567 2341 2689 2403 hoc
2718 2340 2977 2421 praecise
3006 2338 3177 2418 quod
3203 2354 3419 2399 aerem
3442 2334 3683 2396 illumi-

2109 2442 2263 2499 net?
2289 2436 2400 2499 Illa
2430 2436 2599 2498 enim
2632 2434 2910 2497 extensio
2936 2432 3180 2494 virtutis
3206 2429 3360 2491 nihil
3382 2434 3477 2491 est
3498 2426 3681 2489 aliud

2111 2549 2302 2612 quam
2330 2532 2465 2610 ipsa
2493 2528 2653 2589 actio
2684 2525 3097 2599 illuminandi,
3128 2542 3268 2604 quae
3292 2541 3420 2583 non
3447 2520 3685 2584 illumi-

2110 2632 2390 2698 nantem,
2422 2624 2533 2687 sed
2563 2622 2981 2684 illuminatum
3008 2618 3271 2700 perficit.
3316 2610 3685 2679 Communi-

2111 2720 2271 2783 catio
2314 2720 2465 2780 item
2514 2714 2914 2797 perfectionis
2970 2714 3219 2793 signum
3268 2710 3521 2791 quidem
3580 2714 3695 2770 cst

2110 2813 2561 2895 praecxistentis
2580 2808 3001 2893 perfectionis,
3028 2828 3157 2869 non
3176 2825 3325 2869 vero
3346 2824 3510 2867 nova
3530 2822 3687 2883 per—

2110 2908 2321 2969 fectio.
2368 2906 2544 2979 Quod
2583 2906 2636 2966 si
2678 2921 2751 2965 ea
2787 2922 2925 2983 quae
2961 2908 3157 2983 agunt
3186 2900 3428 2962 actione
3455 2898 3689 2958 imma-

2114 3006 2327 3073 nente,
2368 2998 2611 3079 agendo
2637 2996 3047 3078 perficiuntur
3069 3042 3086 3070 ,
3120 2993 3342 3056 nonin
3370 2996 3689 3069 quantum

2116 3092 2367 3174 agentia
2398 3096 2543 3152 sunt
2570 3091 2691 3153 hoc
2717 3090 2808 3152 eis
2834 3090 3091 3164 accidit,
3132 3088 3244 3150 sed
3272 3091 3585 3168 quatenus
3615 3083 3691 3142 in

2116 3205 2183 3248 se
2206 3186 2513 3265 recipiunt
2542 3185 2603 3246 id
2629 3185 2798 3263 quod
2824 3189 3019 3264 agunt
3046 3203 3062 3256 ς
3096 3201 3236 3262 quae
3264 3179 3525 3242 mutatio
3548 3195 3687 3238 non

2116 3285 2211 3342 est
2238 3279 2470 3359 praevia
2500 3277 2581 3340 ad
2620 3278 2952 3351 actionem,
2993 3275 3106 3338 sed
3146 3289 3541 3353 consequens
3578 3269 3693 3330 vel

2116 3373 2561 3435 concomitans.
2604 3370 2729 3433 Sed
2766 3377 2898 3432 esto
2928 3370 3150 3432 demus
3179 3367 3427 3449 agentia
3466 3369 3696 3426 creata

2116 3465 2363 3547 agendo
2387 3465 2599 3546 perfici
2628 3463 2726 3526 vel
2754 3465 3009 3537 mutari,
3047 3465 3165 3524 hoc
3190 3469 3405 3524 tamen
3426 3459 3633 3540 posito
3670 3501 3691 3528 ,

2118 3560 2198 3622 ad
2236 3577 2554 3621 summum
2590 3558 2653 3619 id
2694 3557 2802 3620 fiet
2828 3559 3100 3638 ipsamet
3134 3557 3380 3619 actione
3408 3600 3426 3630 ,
3474 3553 3523 3613 si
3554 3551 3699 3612 for-

2116 3659 2284 3715 tasse
2310 3652 2375 3713 in
2400 3651 2549 3730 ipsis
2576 3651 2894 3731 recipitur,
2927 3657 3037 3712 aut
3058 3648 3294 3730 aliquid
3322 3648 3467 3710 inde
3496 3646 3560 3707 in
3592 3645 3699 3706 eis

2116 3746 2412 3818 resultat;
2449 3751 2685 3820 tamen,
2718 3745 2891 3824 prius
2920 3762 3111 3826 quam
3141 3747 3355 3825 agant,
3383 3757 3513 3802 non
3542 3757 3699 3800 mu-

2118 3845 2331 3902 tantur
2359 3845 2427 3900 ut
2457 3846 2667 3919 agant.
3029 3833 3039 3842 ‘

2200 3937 2299 3995 Η.
2324 3930 2615 4006 Ari-stoc„
2640 3931 2918 4014 apuys„
2942 3949 3075 4012 cap.
3099 3931 3137 3992 5
3156 3935 3214 3993 et
3235 3925 3700 4010 seq.-Aristo-

2120 4027 2363 4094 teliowm
2392 4025 2634 4090 axioma
2650 4071 2670 4103 ‚
2719 4043 2888 4089 cmm
2930 4025 3089 4107 quod
3128 4027 3419 4094 movetur,
3451 4019 3523 4084 ab
3560 4019 3701 4083 alio

2121 4120 2347 4184 moveri
2382 4135 2615 4184 moes-50
2656 4123 2767 4194 est,
2815 4119 2921 4200 qui
2955 4115 3432 4199 intolliqendum.
3474 4145 3555 4160 —
3580 4111 3703 4172 Di-

2124 4217 2269 4274 cent
2293 4211 2421 4272 imo
2449 4229 2645 4293 agens
2668 4215 2945 4274 creatum
2972 4229 3099 4272 non
3128 4225 3341 4287 agere,
3370 4207 3488 4268 nisi
3510 4206 3703 4286 prius

2118 4309 2400 4379 motum;
2434 4305 2557 4366 hoc
2597 4305 2767 4366 enim
2808 4303 2997 4365 modo
3040 4301 3401 4364 Aristoteles
3442 4299 3707 4362 reduxit

2119 4401 2477 4462 universam
2528 4403 2819 4460 naturam
2868 4395 2951 4458 ad
2992 4415 3191 4457 unnrn
3236 4395 3507 4474 primum
3556 4410 3703 4453 mo-

2121 4511 2279 4556 vens
2304 4492 2649 4553 immobile.
2683 4491 2817 4564 Quo
2849 4490 3135 4551 discursu
3172 4489 3357 4550 etiam
3386 4485 3704 4563 Theologi

2123 4589 2385 4647 utuntur
2432 4583 2514 4646 ad
2562 4583 2959 4665 probandum
3011 4601 3151 4645 esse
3212 4598 3410 4642 unum
3462 4581 3698 4642 Deum.

2122 4678 2558 4756 Respondetur
2582 4677 2829 4738 axioma
2857 4675 3034 4751 illud,
3066 4675 3131 4736 in
3156 4675 3279 4737 hoc
3318 4673 3553 4736 habere
3588 4691 3705 4734 vc-

2121 4789 2285 4842 rum,
2320 4769 2491 4848 quod
2517 4787 2715 4848 agens
2746 4773 3026 4831 creatum
3063 4786 3193 4829 non
3230 4767 3384 4848 agit,
3425 4767 3547 4826 nisi
3568 4766 3705 4826 vir-

2122 4869 2319 4926 tutem
2341 4862 2573 4942 agendi
2596 4862 2677 4922 ab
2704 4862 2826 4922 alio
2851 4861 3134 4940 accipiat,
3166 4879 3309 4941 quae
3338 4878 3452 4940 per
3494 4859 3707 4919 conti-

2126 4975 2323 5018 nuum
2352 4955 2659 5016 influxum
2688 4955 2753 5016 in
2782 4973 2859 5018 eo
2896 4959 3321 5016 conservetur.
3360 4955 3600 5014 Rursus
3631 4951 3703 5012 in

2130 5069 2204 5113 eo
2235 5051 2425 5113 etiam
2460 5067 2681 5112 verum
2708 5050 2921 5124 habet,
2962 5047 3133 5128 quod
3160 5066 3351 5128 supra
3378 5045 3699 5121 dicebam,

2126 5145 2378 5225 agentia
2418 5149 2629 5205 creata
2654 5142 2787 5204 fere
2815 5159 3142 5222 nunquam
3177 5141 3477 5202 inchoare
3506 5141 3705 5200 actio-

2126 5256 2273 5299 nem
2292 5237 2429 5298 sine
2458 5253 2620 5298 nova
2646 5234 2857 5314 aliqua
2887 5235 3325 5316 applicatione,
3356 5233 3459 5296 vel
3482 5233 3699 5306 locali,

2126 5330 2181 5392 si
2206 5330 2367 5393 actio
2406 5330 2485 5391 sit
2512 5329 2863 5391 extrInseca
2911 5333 2973 5390 et
3020 5327 3382 5408 corporalis,
3416 5343 3557 5406 quae
3589 5343 3706 5405 rp-

2125 5423 2377 5504 plicatio
2406 5421 2719 5484 interdum
2753 5421 2824 5484 fit
2858 5439 2973 5502 per
3010 5427 3251 5484 motum
3292 5420 3570 5500 agentis,
3606 5421 3709 5480 in-

2126 5517 2377 5579 terdum
2414 5535 2530 5596 per
2572 5519 2813 5576 motum
2856 5515 3069 5596 passi;
3116 5514 3218 5576 vel
3258 5514 3393 5576 sine
3420 5513 3703 5594 applica-
