3850 6225
902 411 1071 463 ssscT.
1109 411 1168 462 V.
1204 411 1485 474 anmu
1518 409 1583 464 m
1614 407 1735 462 mio
1770 409 1865 462 SIT
1904 409 2302 465 vmchnvA
2332 411 2625 466 JUSTITIA.

162 513 599 577 commutativa
626 517 879 575 tenetur
918 511 1131 575 debita
1162 511 1539 594 Reipublicae
1593 513 1717 575 exi·

161 627 326 689 gere.
352 609 501 670 Haec
524 625 674 669 vero
704 606 999 688 obligatio
1024 607 1371 670 extrinseca
1396 614 1573 670 estet
1600 624 1717 688 per

162 701 444 764 accidens
498 701 581 763 ad
626 703 947 781 propriam
991 707 1051 762 et
1078 701 1481 764 intrinsecam
1527 702 1717 763 ratio-

159 813 298 858 nem
332 795 497 855 illius
548 800 745 868 actus,
802 793 951 874 quia
1002 795 1291 875 provenit
1337 813 1413 856 ex
1460 793 1714 873 speciali

159 887 507 949 conditione
528 905 817 968 personne
844 888 1185 968 operantiS,
1204 907 1337 950 non
1364 907 1438 949 ex
1469 889 1713 968 obiecto

159 979 347 1062 ipsius
383 981 682 1056 actionis3
712 999 829 1060 per
872 997 941 1042 se
986 999 1135 1062 ergo
1158 981 1398 1061 justitia
1440 999 1715 1044 commu-

158 1075 341 1136 tativa
380 1073 445 1134 in
481 1073 603 1135 hoc
638 1079 780 1135 actu
808 1093 935 1135 non
978 1079 1295 1154 operatur,
1342 1075 1463 1136 nisi
1504 1073 1715 1155 quoad

159 1166 555 1248 negationem
584 1166 971 1246 praedictam,
1002 1168 1298 1230 nimirum
1332 1173 1401 1229 ut
1440 1169 1503 1229 in
1531 1169 1715 1249 puni-

158 1261 323 1322 tione
364 1277 497 1320 non
538 1259 649 1322 fiat
686 1259 915 1341 injuria
960 1259 1322 1323 excedendo
1364 1259 1528 1322 ultra
1567 1279 1719 1323 con·

159 1354 436 1436 dignum.

158 1545 315 1610 Deus
337 1545 512 1610 nullo
557 1548 727 1612 modo
762 1549 965 1615 utitur
994 1549 1254 1630 ‚iustitia
1290 1547 1717 1616 commutativa

518 1643 585 1706 in
606 1644 924 1726 punitione
939 1649 1342 1726 peccam-nom.

236 1811 331 1874 10.
370 1809 736 1894 Aliquorum
772 1811 1047 1894 probatio
1072 1811 1405 1892 frivola.--
1423 1811 1579 1880 Vera
1614 1829 1715 1875 ra-

158 1904 1073 1987 tio.—Objeotio.—Respmuio.
1094 1939 1174 1954 —
1194 1908 1285 1968 Ex
1320 1907 1419 1968 his
1448 1923 1601 1985 ergo
1626 1906 1715 1967 fa-

157 1998 289 2070 cile,
330 2005 397 2060 ut
431 1999 679 2077 opinor,
726 1998 972 2060 ostendi
1010 2005 1218 2080 potest
1252 2001 1471 2074 Deum,
1502 1999 1569 2062 in
1602 2019 1717 2081 pu·

154 2091 385 2152 uitione
414 2097 821 2172 peccatorum
840 2139 859 2168 ,
900 2109 1109 2173 neque
1154 2093 1413 2173 positive
1439 2139 1455 2168 ,
1506 2111 1715 2174 neque

154 2186 465 2266 negative,
498 2203 707 2265 neque
746 2203 865 2265 per
896 2203 987 2260 se,
1032 2204 1245 2266 neque
1272 2203 1387 2266 per
1428 2185 1719 2248 accidens

154 2279 241 2340 uti
269 2277 515 2357 justitia
546 2278 1011 2340 commutativa.
1040 2279 1219 2352 Quod
1256 2299 1384 2342 non
1428 2279 1713 2360 positive,

154 2373 417 2452 probant
448 2372 672 2452 aliqui,
716 2373 865 2452 quia
904 2372 1240 2436 vindicatio
1280 2374 1483 2436 tendit
1518 2373 1600 2435 ad
1621 2391 1717 2435 re·

154 2467 536 2529 movendum
583 2467 841 2547 aliquod
896 2467 1197 2530 damnum
1254 2467 1529 2543 illatum3
1588 2470 1715 2530 Deo

157 2568 359 2625 autem
412 2562 665 2624 nullum
711 2563 1010 2625 damnum
1062 2563 1277 2625 inferri
1318 2567 1543 2644 potest.
1593 2564 1715 2627 Sed

156 2657 267 2717 hoc
292 2655 591 2718 frivolum
632 2663 760 2732 est;
806 2675 979 2730 nam,
1020 2663 1093 2718 ut
1119 2657 1190 2718 D.
1222 2657 1497 2719 Thomas
1545 2669 1714 2720 recte

154 2749 495 2830 respondet
521 2751 579 2809 1.
622 2751 685 2827 2,
724 2765 786 2828 q.
813 2751 915 2824 47,
954 2756 1069 2812 art.
1098 2753 1157 2824 1,
1187 2751 1270 2812 ad
1306 2755 1364 2828 1,
1402 2752 1547 2813 licet
1572 2769 1715 2832 pec·

154 2848 321 2904 cator
344 2843 509 2903 nihil
538 2841 819 2904 effective
844 2845 1039 2923 possit
1070 2845 1201 2906 Deo
1228 2845 1589 2907 nocumenti
1620 2846 1717 2907 in·

152 2935 331 3011 ferre,
354 2935 771 2998 nihilominus
796 2937 1049 3017 proprie
1078 2939 1267 3000 sumit
1290 2939 1457 3000 Deus
1483 2939 1716 3001 vindic-

152 3033 275 3090 tam
316 3029 395 3091 de
461 3036 719 3110 peccato
742 3076 759 3104 ,
803 3031 904 3091 vel
944 3037 1255 3109 quatenus
1312 3039 1405 3094 est
1459 3033 1714 3113 quidam

155 3130 574 3206 contemptus,
610 3125 937 3205 et‘inJuria
978 3127 1174 3206 ipsius
1206 3128 1348 3198 Dei,
1384 3116 1500 3189 ‘vel
1530 3134 1719 3207 prout

154 3217 333 3280 infert
360 3225 817 3281 nocumentum
846 3220 1055 3294 alicui,
1091 3222 1198 3300 qui
1240 3225 1335 3283 est
1371 3221 1489 3282 sub
1512 3222 1715 3300 provi-

153 3311 359 3373 dentia
396 3319 467 3375 et
506 3314 703 3375 tutela
741 3312 935 3393 ipsius
966 3316 1101 3377 Dei.
1136 3316 1211 3376 Et
1234 3315 1469 3377 addere
1498 3334 1715 3395 possu-

152 3422 311 3480 mus,
362 3405 436 3466 in
482 3404 666 3467 bonis
703 3406 1067 3469 extrinsecis
1112 3406 1298 3469 famae
1346 3414 1411 3470 et
1458 3408 1717 3471 honoris

156 3498 336 3559 etiam
367 3514 559 3579 posse
594 3504 989 3577 peccatorem
1036 3500 1205 3563 bona
1241 3500 1352 3562 Dei
1388 3502 1719 3563 imminue·

153 3608 249 3665 re;
278 3592 419 3655 haec
450 3610 601 3671 ergo
626 3592 785 3654 ratio
810 3592 1054 3673 injuriae
1094 3599 1155 3657 et
1182 3595 1543 3657 nocumenti
1566 3595 1717 3656 satis

154 3703 469 3767 superque
516 3692 704 3761 esset,
766 3693 837 3749 ut
886 3688 1018 3750 haec
1054 3688 1393 3751 vindicatio
1434 3695 1601 3751 esset
1639 3707 1717 3750 ex

147 3779 379 3858 justitia
416 3782 882 3856 commutativa,
926 3782 976 3842 si
1021 3782 1142 3842 alia
1171 3782 1529 3844 necessaria
1572 3800 1717 3843 con-

156 3879 503 3935 currerent.
546 3874 847 3936 Probatur
893 3892 1044 3954 ergo
1088 3875 1288 3951 aliter,
1330 3874 1475 3952 quia
1524 3874 1712 3948 Deus,

152 3965 499 4045 puniendo,
531 3986 659 4029 non
689 3969 871 4031 solvit
894 3968 1197 4043 debitum,
1224 3969 1335 4030 sed
1361 3968 1568 4049 potius
1594 3969 1719 4031 exi·

153 4060 239 4139 git
261 4077 277 4133 3
302 4060 429 4121 hoc
448 4066 661 4122 autem
692 4078 819 4122 non
848 4068 1089 4141 spectat
1113 4062 1195 4124 ad
1218 4062 1523 4143 justitiam
1552 4080 1719 4123 com-

152 4152 543 4214 mutativam.
576 4154 788 4215 Dices:
822 4154 930 4234 qui
968 4154 1123 4235 petit
1166 4156 1447 4217 debitum
1477 4174 1514 4216 a
1546 4154 1718 4216 debi-

152 4248 309 4320 tore,
353 4252 565 4308 actum
611 4246 865 4325 justitiae
914 4264 1211 4311 exercere
1258 4249 1526 4323 videtur,
1572 4248 1717 4325 quia

151 4336 255 4399 ille
280 4345 465 4402 actus
498 4346 591 4401 est
624 4340 705 4401 ad
738 4340 1025 4416 alterum,
1058 4346 1121 4405 et
1146 4360 1275 4403 non
1304 4342 1549 4405 videtur
1578 4360 1715 4403 esse

154 4432 413 4494 alterius
476 4432 741 4495 virtutis.
788 4433 1225 4513 Respondetur
1276 4434 1451 4497 illum
1508 4443 1717 4498 actum

152 4528 404 4607 proprie
433 4544 509 4589 ac
551 4526 897 4590 formaliter
940 4546 1068 4589 non
1100 4548 1239 4592 esse
1262 4530 1541 4611 justitiae,
1571 4529 1720 4609 quia

153 4636 283 4681 non
304 4626 401 4683 est
428 4618 697 4683 reddere
720 4622 899 4685 alteri
911 4624 1019 4703 jus
1036 4640 1242 4697 suum,
1270 4622 1435 4704 quod
1464 4630 1559 4685 est
1578 4640 1723 4703 pro-

152 4713 361 4791 prium
390 4730 623 4775 munus
642 4715 919 4795 justitiae.
954 4714 1133 4780 Unde
1172 4717 1224 4778 si
1250 4722 1485 4779 attente
1524 4716 1723 4795 inspi-

154 4804 380 4881 ciatur,
428 4825 554 4869 non
597 4814 695 4871 est
732 4808 815 4871 ad
861 4810 1147 4885 alterum,
1184 4810 1296 4871 sed
1322 4808 1405 4871 ad
1448 4826 1539 4885 se,
1572 4810 1720 4889 quia

155 4898 239 4959 ad
266 4919 339 4962 se
366 4901 625 4964 tandem
651 4903 1055 4975 terminatur;
1091 4904 1281 4983 exigit
1308 4902 1475 4963 enim
1496 4902 1577 4965 ab
1598 4902 1721 4963 alio

154 4998 223 5053 ut
254 4994 373 5055 sihi
412 4994 645 5065 solvat:
679 4996 849 5059 unde
872 5014 1001 5057 non
1028 4997 1282 5076 respicit
1304 4996 1409 5076 jus
1438 4996 1716 5071 alterius,

154 5086 269 5148 sed
301 5088 411 5163 jus
432 5090 777 5169 proprium.
814 5090 985 5153 Solet
1016 5095 1227 5152 autem
1250 5088 1356 5151 ille
1394 5094 1572 5151 actus
1600 5088 1722 5151 dici

145 5180 383 5260 justus,
411 5198 525 5243 seu
539 5182 817 5262 justitiae,
836 5183 1126 5264 negative
1158 5182 1366 5262 potius
1394 5198 1587 5261 quam
1614 5200 1724 5263 po·

156 5273 359 5347 sitive,
383 5274 531 5354 quia
548 5291 677 5336 non
706 5282 801 5338 est
823 5276 1003 5339 alteri
1034 5277 1119 5357 inj
1128 5276 1394 5350 uriosus;
1419 5280 1723 5357 praeterea

156 5366 309 5445 quia
334 5366 577 5431 inducit
602 5368 869 5432 alterum
888 5370 973 5433 ad
992 5378 1203 5433 actum
1219 5370 1473 5452 justitias
1491 5369 1723 5433 facien·

156 5459 355 5534 dum3
386 5464 545 5526 sicut
584 5464 839 5543 quando
880 5466 1106 5547 aliquis
1152 5484 1289 5528 rem
1342 5482 1524 5527 suam
1552 5464 1723 5545 apud

158 5554 356 5615 alium
381 5555 703 5621 inventam
730 5558 892 5621 clam
920 5559 1161 5641 accipit,
1195 5560 1342 5640 quia
1371 5558 1553 5621 aliter
1580 5574 1721 5621 eam

3239 391 3358 466 573

1796 521 2172 593 recuperare
2201 531 2328 574 non
2355 519 2581 594 potest,
2615 512 2856 574 dicetur
2881 509 3090 572 facere
3134 529 3361 572 secun-

1796 607 1951 668 dum
1973 607 2304 688 justitiam,
2337 607 2482 688 quia
2506 613 2568 668 et
2583 604 2892 686 justitiam
2920 623 3048 667 non
3077 603 3265 676 laedit,
3298 609 3360 666 et

1796 699 1861 760 in
1894 719 1963 761 re
1993 701 2129 780 ipsa
2159 700 2476 762 constituit
2518 700 2976 780 aequalitatem;
3015 695 3360 758 formaliter

1794 811 1946 855 vero
1977 812 2052 854 ac
2099 792 2350 874 proprie
2401 812 2530 854 non
2573 793 2723 854 facit
2767 795 2977 853 actum
3008 789 3280 852 elicitum
3322 807 3358 850 a

1789 887 2053 967 justitia,
2100 887 2246 965 quia
2289 904 2404 968 per
2429 885 2604 948 illum
2645 893 2852 947 actum
2883 902 3010 945 non
3039 881 3244 944 reddit
3276 881 3360 942 al-

1794 983 1910 1044 teri
1939 981 2045 1062 jus
2075 999 2284 1058 suum,
2315 979 2428 1042 sed
2466 981 2786 1061 proprium
2808 980 2914 1059 jus
2955 983 3207 1058 reparat
3252 981 3361 1038 aut

1797 1080 2151 1151 conservat,
2208 1074 2612 1153 permittente
2669 1073 2922 1152 quidem
2950 1118 2966 1146 ,
3019 1077 3090 1133 ut
3137 1071 3223 1133 ita
3273 1071 3361 1131 di-

1796 1185 1962 1244 cam,
1985 1166 2250 1247 justitia,
2289 1183 2418 1227 non
2455 1171 2668 1228 tamen
2711 1165 2995 1228 eliciente
3036 1165 3137 1228 vel
3164 1165 3363 1244 impe·

1796 1266 2002 1321 rante.

1878 1355 1978 1414 11.
2000 1353 2201 1433 Atque
2227 1353 2357 1415 haec
2376 1353 2534 1414 ratio
2562 1352 2846 1433 procedit
2875 1351 3064 1414 etiam
3091 1352 3156 1412 in
3183 1353 3315 1412 Deo
3339 1367 3354 1424 ;

1796 1465 1948 1509 nam
1986 1465 2131 1510 cum
2165 1445 2346 1528 punit
2370 1453 2790 1527 peccatorem,
2823 1465 2952 1508 non
2987 1445 3238 1526 respicit
3255 1446 3362 1525 jus

1793 1541 2164 1621 peccatoris,
2192 1540 2305 1603 sed
2323 1541 2670 1620 proprium,
2695 1539 2796 1601 vel
2817 1557 3152 1601 commune
3171 1539 3360 1600 totius

1792 1634 2116 1708 universi,
2161 1634 2226 1694 iu
2276 1651 2401 1712 quo
2453 1632 2659 1696 differt
2714 1633 2982 1694 multum
3034 1631 3362 1693 retributio

1792 1745 2000 1808 poenae
2051 1746 2088 1788 a
2136 1726 2545 1788 retributione
2575 1726 2839 1806 praemii.
2877 1727 3034 1787 Nam
3075 1722 3157 1787 ad
3197 1741 3362 1805 prse-

1794 1821 2016 1896 mium,
2043 1819 2212 1900 quod
2258 1825 2352 1882 est
2393 1819 2629 1881 bonum
2669 1817 3019 1899 quoddam,
3071 1824 3134 1880 et
3181 1817 3362 1898 cujus

1795 1913 2121 1976 retributio
2154 1913 2506 1976 voluntaria
2533 1919 2627 1974 est
2655 1910 3004 1992 recipienti,
3037 1916 3244 1990 potest
3269 1909 3364 1990 ip-

1798 2027 1865 2070 se
1916 2007 2154 2069 babere
2206 2007 2346 2088 jus;
2399 2007 2482 2068 ad
2517 2024 2774 2087 poenam
2805 2008 3041 2078 autem,
3094 2022 3232 2084 quae
3270 2009 3365 2066 est

1798 2100 2038 2162 malum
2063 2099 2576 2176 involuntarium,
2619 2117 2808 2162 nemo
2843 2097 3087 2160 dicetur
3127 2097 3362 2160 habere

1791 2197 1923 2276 jus,
1961 2193 2073 2258 sed
2113 2195 2321 2275 potius
2369 2193 2552 2257 subdi
2586 2195 2716 2275 juri
2749 2191 3026 2266 alterius,
3067 2195 3138 2253 ut
3176 2191 3258 2252 ab
3287 2207 3362 2252 eo

1796 2289 2004 2370 puniri
2045 2288 2270 2370 possit3
2330 2307 2480 2370 ergo
2517 2293 2808 2367 respectu
2846 2283 3192 2366 peccatoris
3233 2303 3360 2346 non

1795 2382 1944 2445 facit
1971 2385 2139 2444 Deus
2175 2387 2385 2444 actum
2422 2379 2879 2443 commutativae
2903 2379 3159 2459 justitioe
3187 2377 3362 2440 illum

1794 2475 2149 2558 puniendo;
2183 2481 2474 2556 respectu
2503 2479 2710 2535 autem
2745 2473 2844 2534 sui
2871 2472 2971 2534 vel
3003 2471 3272 2534 aliorum
3298 2470 3364 2531 id

1794 2567 2184 2632 manifestius
2216 2573 2332 2642 est,
2355 2567 2719 2648 patebitque
2750 2565 3020 2643 amplius
3050 2583 3128 2628 ex
3156 2564 3363 2626 dicen·

1796 2664 1916 2727 dis,
1942 2663 2122 2735 Quod
2149 2681 2301 2725 vero
2326 2679 2444 2723 nec
2470 2679 2589 2740 per
2612 2666 2822 2723 actum
2849 2657 3214 2740 negativum
3234 2656 3364 2719 for-

1794 2759 2028 2820 malem
2085 2763 2196 2818 aut
2246 2755 2580 2817 virtualem
2624 2753 2709 2816 ibi
2745 2757 3076 2815 concurrat
3121 2751 3362 2831 Justitia

1797 2849 2238 2913 commutativa
2272 2849 2416 2927 Dei,
2457 2847 2774 2929 peculiare
2821 2848 2916 2908 est
2962 2846 3028 2906 in
3081 2844 3238 2924 ips0,
3286 2862 3363 2906 eo

1797 2945 1968 3025 quod
2014 2945 2091 3006 sit
2142 2960 2474 3024 supremus
2519 2941 2812 3003 dominus
2867 2939 3032 3000 illius
3076 2955 3364 3018 personae

1798 3057 1988 3121 quam
2016 3038 2230 3120 punit;
2265 3035 2534 3117 ideoque
2566 3035 2804 3115 absque
2831 3031 3133 3113 injustitia
3153 3035 3366 3111 posset

1797 3132 2239 3213 quodcumque
2284 3130 2521 3192 malum
2573 3128 2660 3189 illi
2712 3126 2978 3200 inferre,
3041 3125 3144 3186 vel
3201 3124 3366 3185 ultra

1796 3226 2088 3287 meritum
2120 3223 2340 3304 culpoe,
2386 3222 2490 3283 vel
2520 3221 2709 3283 etiam
2753 3221 2887 3282 sine
2939 3218 3146 3298 culpa.
3188 3216 3366 3289 Quod

1796 3338 1950 3399 ergo
1983 3320 2152 3380 Deus
2175 3314 2532 3397 infligendis
2560 3314 2764 3395 poenis
2791 3314 2956 3376 hanc
2997 3318 3204 3375 servet
3229 3329 3365 3372 mo-

1797 3412 2212 3489 derationem,
2261 3416 2332 3472 ut
2379 3425 2707 3488 nunquam
2742 3406 3006 3470 excedat
3052 3406 3366 3487 quantita-

1796 3512 1925 3569 tem
1956 3504 2174 3585 culpae,
2223 3504 2287 3566 in
2332 3502 2471 3582 ipso
2515 3519 2644 3563 non
2688 3498 2976 3580 provenit
3016 3516 3092 3561 ex
3121 3498 3362 3589 justitia

1800 3599 2281 3673 commutativa‚
2333 3596 2449 3659 sed
2497 3614 2576 3658 ex
2623 3594 2862 3675 justitia
2903 3592 3360 3674 providentiali,

1798 3692 1899 3755 vel
1946 3696 2137 3756 etiam
2191 3710 2268 3752 ex
2318 3688 2730 3768 benignitate,
2769 3685 3217 3760 misericordia,
3261 3684 3362 3745 vel

1798 3807 2014 3849 amore
2055 3804 2204 3867 erga
2228 3804 2404 3846 suam
2437 3790 2789 3847 creaturam
2809 3803 2825 3856 ;
2849 3783 2975 3844 imo
3000 3782 3147 3843 hinc
3173 3780 3362 3842 etiam

1796 3880 2108 3961 provenit,
2147 3884 2214 3939 ut
2241 3878 2392 3939 citra
2439 3877 2820 3955 condignum
2851 3893 2994 3937 eam
3022 3874 3261 3957 puniat,
3293 3879 3366 3933 ut

1800 3978 1895 4034 est
1931 3972 1997 4033 in
2027 3990 2135 4033 ore
2161 3970 2442 4031 omnium
2467 3968 2953 4048 Theologorum.
2982 3968 3186 4046 Atque
3215 3967 3361 4026 hinc

1799 4067 1989 4128 etlam
2028 4085 2065 4126 a
2102 4063 2340 4125 fortiori
2383 4066 2650 4138 constat,
2692 4078 2900 4140 neque
2930 4078 3007 4121 ex
3037 4058 3360 4121 accidente

1799 4162 1861 4221 in
1888 4160 2011 4221 hoc
2057 4158 2311 4237 negotio
2341 4172 2714 4218 concurrere
2737 4154 3043 4234 justitiam
3079 4168 3362 4213 commu-

1797 4254 2075 4328 tativam,
2109 4250 2256 4330 quia
2275 4253 2468 4323 Deus,
2496 4267 2640 4310 cum
2669 4248 2748 4309 sit
2781 4262 3115 4326 supremus
3134 4244 3362 4326 guber-

1796 4354 2003 4422 nator,
2025 4364 2142 4427 per
2165 4364 2234 4408 se
2261 4364 2391 4407 non
2430 4342 2740 4423 obligatur
2765 4359 2843 4403 ex
2877 4342 2994 4402 hac
3010 4340 3252 4420 justitia
3281 4338 3364 4401 ad

1796 4439 2189 4523 puniendum
2228 4438 2476 4511 delicta,
2509 4434 2854 4517 proesertim
2880 4451 3019 4495 cum
3065 4432 3144 4495 sit
3173 4433 3360 4495 etiam

1802 4550 2133 4612 supremus
2183 4530 2476 4593 dominus
2533 4528 2835 4591 omnium.
2885 4527 3106 4606 Neque
3174 4526 3362 4588 etiam

1801 4627 2116 4707 obligatur
2143 4643 2221 4687 ex
2249 4624 2688 4704 promissione,
2719 4622 2821 4684 vel
2855 4620 3004 4701 quia
3040 4620 3106 4681 in
3145 4620 3364 4700 hujus·-

1800 4718 1973 4781 modi
2020 4718 2306 4792 materia,
2363 4722 2426 4779 et
2466 4717 2710 4778 actione
2763 4712 3072 4776 reddendi
3125 4713 3362 4773 malum

1800 4830 1917 4892 pro
1945 4812 2134 4885 malo,
2167 4810 2416 4891 proprie
2445 4810 2654 4871 locum
2687 4825 2816 4869 non
2843 4807 3060 4881 habet,
3089 4806 3188 4868 vel
3215 4806 3363 4886 quia

1802 4905 1883 4967 ad
1918 4922 2237 4967 summum
2268 4908 2481 4984 posset
2518 4920 2656 4965 esse
2697 4902 3026 4983 promissio
3071 4900 3361 4980 simplex,

1784 4998 2108 5060 inducens
2136 4996 2583 5078 obligationem
2608 4995 2887 5057 veritatis
2909 4993 3361 5067 velfidelitatis,

1802 5108 1932 5152 non
1952 5090 2235 5171 justitiae,
2275 5090 2436 5151 utin
2463 5088 2654 5170 priori
2684 5088 3040 5150 Relectione
3069 5084 3360 5159 tractavi,

1802 5191 1867 5247 et
1890 5186 1956 5247 in
1995 5184 2279 5265 sequenti
2308 5190 2542 5264 puncto
2571 5184 2798 5244 iterum
2822 5182 3147 5261 attingam.
3181 5178 3364 5241 Nullo

1803 5280 1993 5360 igitur
2021 5277 2210 5340 modo
2245 5274 2580 5341 vindicatio
2605 5276 2741 5337 haec
2767 5280 2926 5337 esta
2951 5273 3082 5337 Deo
3111 5270 3365 5354 propria

1796 5373 2036 5453 justitia
2061 5372 2526 5437 commutativa.
