3850 6225
525 395 646 456 530

523 499 724 582 posita
757 503 852 558 est
893 496 959 556 in
990 496 1106 556 hoc
1133 497 1314 576 jure;
1349 503 1412 557 et
1439 498 1608 576 quod
1649 496 1801 558 illud
1847 497 2084 558 oriatur

524 611 601 656 ex
631 591 737 652 tali
766 590 864 650 vel
891 589 997 652 tali
1037 596 1358 651 contractu
1409 609 1522 651 seu
1571 591 2077 662 commutatione,

525 693 622 748 est
641 683 986 744 materiale.
1023 683 1098 742 Et
1125 683 1208 743 ob
1255 684 1417 745 hanc
1443 685 1748 744 rationem
1787 682 2081 762 obligatio

525 786 588 841 et
613 779 774 840 actio
803 777 1081 838 solvendi
1123 777 1378 856 aliquod
1422 779 1702 838 debitum
1743 779 2083 857 exjustitia

523 871 966 934 commutativa
1009 871 1174 931 inter
1203 871 1488 932 homines
1527 871 1810 950 ejusdem
1841 871 2083 931 virtutis

523 963 825 1044 specificae
861 969 975 1035 est,
1023 965 1149 1026 sive
1180 963 1416 1025 oriatur
1455 982 1530 1024 ex
1558 964 1908 1024 voluntario
1932 981 2086 1042 ‘con-

521 1063 746 1128 tractu,
789 1057 916 1116 sive
967 1074 1042 1117 ex
1087 1057 1526 1128 involuntario,
1558 1057 1686 1116 sive
1727 1075 1802 1116 ex
1847 1057 1967 1117 hac
1996 1057 2085 1117 in-

519 1149 710 1230 juria,
745 1150 872 1208 sive
899 1167 976 1210 ex
999 1149 1126 1222 illa,
1159 1150 1288 1210 sive
1317 1150 1506 1210 etiam
1537 1167 1614 1210 ex
1641 1149 1834 1222 nulla,
1865 1150 1977 1209 sed
2004 1168 2083 1210 ex

528 1244 650 1304 alio
677 1242 884 1314 titulo;
917 1261 1068 1322 ergo
1093 1243 1433 1304 contractio
1458 1243 1620 1322 juris
1639 1243 1892 1322 justitias
1917 1260 2083 1303 com-

523 1337 862 1410 mutativae,
897 1339 966 1396 ut
997 1337 1106 1412 sic,
1159 1337 1242 1396 ad
1297 1337 1488 1397 talem
1529 1336 2083 1398 commutationem

529 1433 870 1491 humanam
901 1435 966 1490 et
1007 1430 1419 1510 corporalem,
1461 1435 1530 1490 ut
1571 1431 1660 1490 sic
1687 1429 1917 1502 dicam,
1954 1447 2083 1490 non

525 1529 620 1584 est
646 1523 947 1595 formaliS,
979 1523 1092 1584 sed
1119 1523 1304 1582 nimis
1345 1523 1685 1583 materialis
1716 1523 2077 1584 contractio.

523 1619 586 1680 Si
617 1636 767 1697 ergo
795 1617 1058 1678 inveniri
1087 1617 1358 1696 potuerit
1395 1618 1500 1696 jus
1535 1616 1856 1696 proprium
1903 1617 2083 1676 alteri

527 1709 906 1770 servandum
971 1709 1318 1772 secundum
1382 1709 1798 1788 oequalitatem
1855 1709 1947 1770 rei
2000 1708 2083 1769 ad

523 1821 680 1876 rem,
737 1804 1074 1883 pertinebit
1117 1804 1194 1864 ad
1228 1803 1532 1882 justitiam
1571 1803 2081 1864 commutativam

527 1902 592 1957 ut
619 1897 730 1970 sic,
761 1914 874 1958 seu
901 1895 1266 1978 formaliter,
1301 1896 1544 1958 etiamsi
1582 1914 1658 1957 ex
1682 1896 1790 1957 tali
1817 1896 2084 1958 materia

523 2007 654 2050 non
680 1989 934 2050 oriatur.

523 2245 806 2309 Jmtitiae
860 2242 1296 2306 commutativoe
1342 2243 1663 2306 materiam
1711 2242 1782 2306 in
1829 2241 2085 2322 Amyclis

1047 2337 1232 2400 etiam
1273 2334 1556 2400 inveniri.

603 2551 662 2610 8.
707 2548 1020 2623 Secundo,
1073 2549 1230 2608 ratio
1285 2549 1448 2626 pacti
1508 2554 1570 2608 et
1627 2547 2079 2620 conventionis,

525 2647 656 2702 tam
705 2642 1096 2714 voluntariis,
1143 2658 1332 2720 quam
1381 2642 1808 2702 involuntaria·-
1827 2685 1848 2716 ,
1895 2640 2083 2702 latius

523 2740 696 2814 patet
723 2753 912 2814 quam
941 2735 1346 2795 commutatio
1387 2734 1550 2796 inter
1577 2735 1887 2808 homineS,
1930 2733 2080 2807 ime,

521 2835 586 2888 et
613 2845 800 2908 quam
825 2829 1028 2908 pactio
1049 2827 1212 2888 inter
1239 2835 1557 2888 creaturas
1577 2847 1593 2900 3
1617 2827 1728 2888 sed
1753 2828 2082 2888 conventio

521 2927 586 2982 et
603 2921 804 2998 pactio
833 2927 1050 2982 mutua
1069 2921 1296 2981 sufficit
1321 2919 1804 2982 adfundandam
1825 2921 2084 2998 aequita-

522 3021 652 3076 tem
675 3014 926 3092 justitiae
951 3014 1442 3085 commutativae3
1483 3031 1634 3094 ergo
1659 3032 1786 3074 non
1811 3019 1981 3074 recte
2010 3012 2083 3070 li·

523 3109 780 3171 mitatur
830 3107 912 3169 ad
966 3105 1484 3167 commutationes
1515 3107 1847 3168 humanas,
1885 3106 2085 3184 Major

518 3202 894 3274 declaratur,
916 3201 1142 3281 primo,
1159 3200 1308 3281 quia
1335 3200 1500 3261 inter
1519 3200 1794 3279 Angelos
1821 3202 1989 3279 ipsos
2018 3200 2085 3259 in

516 3314 676 3375 pura
703 3302 928 3357 natura
955 3294 1378 3355 consideratos
1407 3300 1613 3372 potest
1638 3294 1780 3355 talis
1803 3312 2085 3355 commu—

519 3384 673 3449 tatio
701 3388 986 3466 reperiri,
1006 3393 1094 3459 ut,
1125 3386 1412 3448 siveram
1440 3393 1536 3449 est
1561 3404 1756 3447 unum
1785 3388 2083 3467 angelum

519 3499 704 3561 posse
729 3482 858 3542 vim
887 3482 1116 3543 inferre
1143 3480 1346 3557 alteri,
1367 3488 1578 3559 posset
1592 3482 1734 3542 talis
1759 3485 1920 3542 actio
1940 3493 2081 3543 esse

517 3576 817 3654 injuriosa
845 3575 1006 3635 inter
1029 3590 1160 3647 eos,
1193 3580 1256 3635 et
1285 3573 1524 3652 justitia
1563 3574 1870 3655 obligaret
1903 3574 1985 3635 ad
2014 3574 2082 3633 il·-

538 3668 664 3727 lam
721 3668 849 3727 vim
911 3684 1040 3727 non
1085 3667 1498 3729 inferendam.
1551 3668 1710 3729 Item
1757 3668 2079 3747 supposito

523 3760 696 3839 quod
735 3760 798 3821 in
828 3760 1068 3839 angelis
1097 3778 1176 3821 ex
1201 3765 1424 3821 natura
1461 3762 1555 3822 rei
1593 3761 1788 3839 possit
1815 3760 2082 3821 inveniri

519 3854 806 3933 deceptio
829 3854 891 3915 in
917 3854 1420 3935 contingentibus
1447 3860 1510 3915 et
1535 3854 1768 3927 liberis,
1789 3854 2081 3932 decipere

519 3948 738 4021 alium,
788 3948 892 4010 vel
931 3948 1153 4007 saltem
1195 3948 1500 4009 infamare
1520 3991 1537 4020 ,
1581 3952 1748 4007 esset
1796 3966 1945 4007 vera
1990 3948 2081 4007 in-

513 4042 712 4123 juria3
757 4042 880 4113 vel,
913 4042 964 4101 si
990 4042 1232 4103 ratione
1261 4041 1578 4121 dignitatis
1621 4046 1684 4101 et
1723 4041 1906 4101 officii
1964 4040 2081 4101 sibi

520 4136 784 4196 invicem
830 4134 1138 4195 honorem
1171 4134 1427 4211 debent,
1469 4134 1550 4195 ad
1574 4134 1876 4213 justitiam
1921 4135 2083 4195 inter

520 4230 661 4291 illos
689 4230 1024 4309 pertinebit
1069 4247 1197 4291 non
1249 4230 1494 4309 privare
1533 4230 1798 4289 alterum
1841 4230 2081 4290 honore

519 4344 655 4387 suo.
691 4328 1002 4388 Praeterea
1031 4345 1190 4387 unus
1217 4324 1480 4405 angelus
1507 4329 1796 4403 respectu
1825 4323 2079 4384 alterius

519 4438 718 4499 capax
747 4425 840 4481 est
865 4418 1324 4491 misericordiae,
1362 4420 1520 4479 sicut
1548 4422 1642 4479 est
1671 4436 1868 4495 capax
1899 4436 2083 4477 scun-

518 4514 665 4575 dali.
697 4512 938 4575 Lucifer
973 4514 1158 4588 enim,
1193 4514 1302 4591 qui
1327 4513 1406 4573 ad
1435 4512 1792 4592 superbiam
1813 4513 1968 4572 alios
1992 4510 2081 4571 in-

519 4608 718 4677 duxit,
746 4607 1112 4668 scandalum
1155 4609 1246 4668 eis
1273 4607 1556 4686 praebuit,
1593 4612 1656 4667 et
1683 4606 1748 4667 in
1787 4606 1904 4686 hoc
1935 4622 2081 4666 con·

517 4708 616 4763 tra
641 4702 1010 4762 charitatem
1038 4708 1100 4762 et
1127 4701 1615 4763 misericordiam
1643 4700 1942 4781 peccavit.
1966 4698 2081 4759 Mi-

517 4794 696 4857 chael
745 4811 918 4867 vero,
983 4794 1134 4854 dum
1191 4794 1346 4855 alios
1390 4794 1828 4873 praedicatione
1871 4794 2077 4853 suain

520 4889 723 4950 officio
752 4888 1076 4961 continuit,
1107 4906 1267 4967 opus
1295 4886 1736 4949 misericordiae
1765 4886 2071 4959 exercuit3

521 4981 743 5042 eadem
797 5000 948 5061 ergo
990 4982 1232 5042 ratione
1283 4981 1586 5061 potuisset
1615 4996 1906 5041 exercere
1944 4980 2075 5039 offl-

515 5078 680 5138 cium
702 5076 980 5155 justitiae,
1011 5076 1060 5136 si
1085 5094 1160 5135 ex
1188 5093 1302 5137 suo
1333 5092 1594 5136 munere
1621 5075 1717 5135 vel
1747 5074 1869 5135 alio
1891 5079 2072 5153 pacto

513 5170 594 5230 ad
619 5170 684 5231 id
711 5176 1048 5231 teneretur.
1097 5170 1314 5247 ltaque
1355 5185 1432 5229 eo
1475 5168 1662 5229 modo
1705 5185 1830 5246 quo
1865 5166 2073 5247 angeli

511 5265 748 5326 habent
775 5264 983 5341 aliqua
1009 5263 1174 5323 bona
1215 5262 1580 5341 spiritualia,
1619 5280 1886 5341 quorum
1925 5278 2071 5321 vere

515 5365 660 5419 sunt
693 5358 950 5429 domini,
981 5356 1034 5417 si
1075 5356 1156 5417 ab
1193 5356 1329 5417 aliis
1361 5356 1598 5434 possint
1626 5356 1730 5415 illa
1765 5356 2069 5433 recipere,

513 5452 612 5513 vel
645 5453 734 5512 eis
763 5451 1014 5531 privari,
1049 5454 1254 5529 potest
1288 5450 1355 5509 in
1391 5448 1482 5509 eis
1518 5449 1779 5509 inveniri
1808 5447 2073 5507 materia

503 5544 756 5625 justitiae
789 5544 1280 5617 commutativae3
1312 5549 1377 5604 et
1402 5542 1758 5621 hujusmodi
1795 5546 1939 5601 sunt
1962 5525 2075 5599 hb-

1477 395 1686 450 owse.
1723 397 1804 449 vl.
1843 395 2211 448 msrun‘rlo
2247 397 2325 450 nh:
2356 397 2631 452 Jus'rmA
2666 401 2785 452 nm.

2162 515 2301 572 nor,
2332 497 2522 574 fama,
2552 499 2807 561 libertas
2848 497 2929 558 ab
2958 496 3132 558 omni
3154 494 3483 557 coactione
3510 494 3577 552 et
3604 493 3729 552 vio—
3831 518 3832 580 3

2162 589 2377 664 lentia,
2432 600 2493 654 et
2532 594 2585 654 si
2616 593 2765 672 quid
2800 597 2895 652 est
2944 591 3167 651 simile.
3205 587 3391 651 Unde
3418 588 3559 665 jam
3584 587 3725 646 satis

2164 693 2409 748 constat
2462 707 2588 748 non
2615 694 2783 748 recte
2818 685 3121 746 coarctari
3162 682 3501 744 materiam
3548 682 3725 760 hujus
3831 725 3832 730 η

2689 801 2717 840 s
2738 781 3043 840 homines.
3066 778 3301 840 Omitto
3320 776 3727 853 comparatio-
3831 795 3832 844 ῃ

2156 780 2413 858 justitiae
2440 781 2523 842 ad

2164 891 2310 934 nem
2350 875 2607 934 hominu
2712 891 2856 935 cum
2898 873 3159 952 angelis,
3214 877 3279 932 et
3324 888 3361 930 e
3400 885 3723 940 converso,
3831 863 3832 882 ³

2165 966 2333 1044 quia,
2366 985 2508 1027 cum
2540 968 2701 1028 inter
2738 984 2804 1027 se
2840 985 2971 1026 non
2996 965 3275 1026 habeant
3300 962 3607 1023 socialem
3650 960 3731 1018 vi·
3831 999 3832 1024 1

2162 1064 2318 1135 tam,
2344 1077 2473 1120 non
2504 1059 2791 1138 videntur
2826 1059 2991 1120 inter
3030 1075 3097 1118 se
3132 1073 3441 1118 exercere
3472 1055 3593 1112 has
3616 1054 3731 1112 vir-
3831 1055 3832 1070 ¹

2162 1157 2327 1212 tutes
2382 1152 2463 1212 ad
2502 1152 2767 1213 alterum
2790 1197 2807 1224 ,
2850 1149 3199 1230 praesertim
3232 1166 3315 1210 ex
3348 1145 3729 1225 obligatione

2156 1245 2435 1324 justitiae,
2472 1244 2642 1323 quod
2668 1251 2766 1306 est
2788 1243 3029 1304 clarum
3058 1241 3269 1321 quoad
3300 1240 3731 1301 commutatio·
3831 1271 3832 1332 3

2164 1355 2279 1398 nes
2307 1337 2713 1410 voluntariaS,
2738 1343 2804 1398 et
2825 1336 3035 1415 quoad
3062 1333 3525 1396 involuntariae
3552 1333 3731 1392 etiam
3831 1345 3832 1360 ¹

2166 1449 2245 1491 ex
2300 1437 2478 1509 parte
2526 1431 2877 1492 hominum.
2932 1428 3097 1500 Quid
3150 1427 3321 1488 enim
3374 1424 3733 1486 nocumenti
3831 1445 3832 1448 ¹

2164 1543 2499 1604 possumus
2530 1543 2647 1586 nos
2676 1525 2915 1603 angelis
2946 1523 3219 1584 inferre?
3253 1524 3333 1582 At
3354 1538 3517 1582 vero
3538 1537 3575 1579 e
3594 1538 3735 1579 con-

2162 1637 2367 1690 verse,
2428 1619 2726 1698 quoniam
2766 1618 2883 1696 ipsi
2920 1621 3184 1696 possunt
3232 1631 3475 1676 nocere
3515 1613 3727 1686 nobis,

2164 1711 2472 1781 existimo,
2504 1710 2896 1772 considerato
2922 1715 3165 1770 tantum
3184 1707 3411 1768 ordine
3436 1703 3729 1777 naturali,
3831 1697 3832 1700 ’

2166 1805 2364 1866 teneri
2394 1806 2567 1884 ipsos
2596 1823 2674 1866 ex
2706 1805 2947 1885 justitia
2976 1801 3425 1864 commutativa
3466 1805 3533 1860 et
3570 1798 3733 1876 rigo-

2162 1917 2329 1968 rose,
2386 1917 2503 1960 nos
2552 1917 2679 1960 non
2716 1897 2943 1958 laedere
2972 1897 3037 1956 in
3075 1895 3257 1956 bonis
3312 1894 3601 1971 corporis
3638 1892 3733 1951 vel

2164 1991 2380 2064 animi,
2420 1997 2481 2052 et
2526 1993 2717 2052 etiam
2744 1991 2811 2050 in
2850 1989 3013 2062 aliis,
3056 2005 3327 2066 quorum
3360 2003 3591 2046 sumus
3628 1985 3735 2044 do·-

2164 2087 2341 2159 mini,
2372 2093 2435 2148 et
2461 2086 2579 2166 ipsi
2612 2103 2741 2146 nou
2770 2090 2949 2156 sunt;
3000 2082 3147 2162 quia
3198 2081 3449 2142 nullum
3488 2081 3601 2159 jus
3642 2080 3735 2140 vel

2164 2179 2514 2241 dominium
2540 2179 2775 2240 habent
2818 2179 2883 2237 in
2910 2195 3027 2237 nos
3054 2175 3223 2254 ipsos
3248 2193 3331 2235 ex
3355 2181 3593 2234 natura
3622 2172 3729 2233 rei.
3831 2193 3832 2254 ᾗ

2166 2275 2337 2336 Sicut
2366 2275 2555 2334 etiam
2602 2279 2697 2334 est
2734 2270 3057 2350 probabile
3086 2269 3287 2330 teneri
3320 2268 3407 2328 ad
3438 2285 3735 2328 exercen-
3831 2295 3832 2358 j

2166 2369 2314 2428 dam
2358 2365 2847 2428 misericordiam
2884 2363 3235 2434 nobiscum,
3283 2360 3365 2421 de
3396 2379 3529 2439 quo
3558 2361 3727 2420 alias.

2203 2624 2481 2690 lustitioe
2522 2620 2959 2686 commutativoe
2986 2619 3309 2683 materiam
3339 2617 3607 2700 reperiri
3632 2617 3695 2677 in

2599 2717 2831 2778 laomim
2852 2718 3123 2796 respectu
3148 2710 3283 2774 Dei.

2240 2932 2301 2990 9.
2354 2929 2437 2990 In
2462 2925 2661 3008 pactis
2702 2929 2759 2986 et
2790 2921 3269 2986 conventionibus
3295 2921 3733 2984 involuntariis

2164 3022 2467 3104 reperitur
2478 3017 2757 3098 [bo-malis
2760 3019 2799 3098 j
2804 3018 3023 3079 ustitia
3036 3018 3105 3077 in
3119 3017 3353 3077 homine
3365 3017 3707 3097 eryaDem
3716 3061 3731 3074 .

2164 3150 2247 3163 —
2274 3114 2543 3178 Ulterius
2588 3130 2717 3173 non
2758 3110 2961 3171 solum
2991 3109 3152 3169 inter
3194 3116 3525 3169 creaturas
3552 3107 3735 3169 ratio·
3831 3105 3832 3129 l

2164 3209 2343 3269 nales
2381 3208 2481 3267 vel
2510 3204 2983 3275 intellectuales,
3030 3202 3143 3263 sed
3180 3204 3373 3263 etiam
3418 3203 3589 3262 inter
3628 3202 3733 3261 has

2168 3310 2227 3364 et
2245 3304 2439 3363 Deum
2454 3306 2659 3380 potest
2688 3306 3021 3375 utrumque
3042 3314 3243 3375 genus
3268 3296 3727 3367 conventionis,

2164 3414 2277 3457 seu
2322 3394 2627 3475 pactionis
2660 3388 3025 3453 voluntariae
3066 3393 3128 3449 et
3164 3388 3613 3449 involuntariae
3640 3406 3732 3447 re-

2162 3488 2373 3570 periri,
2398 3486 2719 3565 supposita
2744 3482 3001 3562 quidem
3022 3482 3231 3561 aliqua
3257 3480 3729 3560 imperfectione

2164 3602 2241 3645 ex
2272 3588 2451 3661 parte
2480 3586 2801 3649 creaturas,
2828 3578 3001 3637 nulla
3028 3584 3245 3637 tamen
3270 3575 3727 3637 interveniente

2164 3696 2241 3739 ex
2274 3684 2449 3756 parte
2477 3674 2611 3735 Dei.
2646 3672 2825 3744 Quod
2869 3673 3071 3751 primo
3110 3674 3281 3750 patet
3314 3669 3399 3730 de
3448 3668 3729 3729 involun-

2162 3770 2357 3843 tariiS‚
2389 3785 2537 3828 nam
2566 3764 2887 3827 rationalis
2914 3772 3225 3835 ereatura,
3256 3762 3611 3841 peccando,
3640 3762 3727 3821 in-

2160 3864 2279 3925 fert
2319 3862 2450 3922 Deo
2498 3876 2713 3920 veram
2754 3864 2817 3918 et
2854 3856 3287 3937 gravissimam
3312 3855 3637 3935 injuriam,
3666 3856 3725 3913 in

2162 3974 2287 4036 quo
2330 3958 2547 4034 peccat
2584 3956 2799 4013 contra
2820 3952 3128 4030 justitiam
3170 3955 3468 4029 respectu
3496 3950 3636 4021 Dei,
3670 3954 3723 4007 et

2162 4068 2241 4111 ex
2279 4047 2503 4109 eadem
2545 4050 2759 4107 manet
2806 4044 3081 4123 obligata
3104 4043 3185 4103 ad
3214 4042 3721 4103 satisfaciendum
3831 4106 3832 4117 χ

2162 4144 2271 4217 illi,
2314 4146 2617 4221 quantum
2646 4138 2954 4216 potuerit;
2998 4154 3138 4215 quae
3176 4135 3436 4216 quidem
3461 4136 3717 4215 justitia,

2162 4236 2507 4299 formaliter
2532 4252 2643 4293 seu
2666 4232 2977 4293 abstracte
2994 4229 3335 4310 loquendo,
3370 4229 3497 4291 dici
3528 4236 3721 4309 potest

2160 4326 2627 4399 commutativa,
2656 4344 2785 4385 non
2812 4324 3069 4405 quidem
3102 4324 3245 4384 talis
3266 4324 3333 4383 in
3354 4324 3569 4402 speeie
3590 4322 3719 4382 ulti-
3831 4366 3832 4397 ÷

2158 4444 2288 4501 ma,
2310 4422 2511 4503 qualis
2545 4426 2641 4481 est
2670 4420 2948 4479 humana
2966 4418 3229 4497 justitia,
3262 4434 3403 4495 quae
3428 4417 3593 4477 inter
3620 4417 3719 4475 bo-
3831 4404 3832 4459 ἶ

2160 4518 2363 4579 mines
2394 4519 2703 4587 versatur,
2762 4517 2829 4571 ut
2867 4513 3107 4590 putavit
3150 4509 3523 4582 Diuundus3
3583 4509 3715 4587 qaia

2160 4610 2440 4673 debitum
2480 4606 2759 4667 divinum
2796 4602 3198 4665 excellentius
3234 4608 3329 4663 est
3380 4620 3575 4681 quam
3616 4603 3715 4660 hu·
3831 4626 3832 4655 1

2159 4719 2455 4772 manum;
2488 4698 2602 4761 sed
2644 4698 2787 4758 talis
2836 4702 2902 4758 ut
2949 4695 3245 4777 respiciat
3272 4695 3597 4775 proprium
3618 4696 3715 4772 jus
3831 4692 3832 4715 ³

2157 4798 2293 4870 Dei,
2328 4802 2391 4855 et
2424 4796 2489 4854 in
2528 4792 2633 4853 illo
2678 4790 2961 4852 intendat
3006 4788 3432 4868 aequalitatem
3472 4806 3711 4849 servare

2160 4896 2269 4950 aut
2296 4904 2587 4967 reparare
2632 4889 2820 4963 prout
2846 4888 3073 4963 potest,
3106 4881 3277 4961 quod
3320 4888 3416 4942 est
3462 4880 3711 4943 formale
3831 4904 3832 4919 2

2156 5000 2384 5043 munus
2406 4980 2661 5060 justitiae
2702 4976 3185 5038 commutativae.
3211 4973 3393 5048 Quod
3420 4976 3477 5035 si
3500 4975 3582 5035 ab
3606 4975 3711 5033 hac

2154 5075 2505 5154 inqualitate
2534 5070 2823 5133 facienda
2858 5069 3067 5131 deficit
3106 5068 3168 5128 in
3216 5088 3379 5149 pura
3410 5075 3705 5141 creatura,

2154 5168 2295 5229 ideo
2350 5172 2445 5227 est
2472 5166 2617 5244 quia
2654 5181 2927 5242 persona
2978 5164 3115 5240 ipsa
3154 5168 3251 5222 est
3291 5162 3607 5241 impotens
3638 5160 3707 5219 ad

2156 5279 2298 5321 eam
2312 5258 2693 5327 faciendam;
2726 5256 2987 5317 affectus
3004 5261 3215 5315 autem
3231 5256 3483 5315 virtutis
3506 5255 3583 5315 ad
3604 5254 3703 5313 hoc

2152 5353 2459 5424 tenderet,
2484 5353 2533 5412 si
2560 5350 2911 5430 subjectum
2952 5354 3185 5426 posset.
3214 5349 3457 5409 Rursus
3484 5350 3699 5408 ratione

2152 5447 2341 5526 hujus
2368 5446 2611 5524 injuriae
2642 5449 2857 5503 manet
2892 5447 3179 5503 creatura
3212 5440 3491 5506 obnoxia
3524 5448 3582 5501 et
3606 5440 3697 5500 de-

2152 5540 2339 5601 bitrix
2386 5536 2708 5617 condignae
2754 5550 2983 5614 poenae,
3031 5535 3115 5593 ita
3152 5539 3221 5593 ut
3250 5550 3327 5593 ex
3356 5532 3565 5595 debito
3584 5548 3695 5611 Jus-
