3850 6225
740 413 877 466 CAP.
910 413 1040 466 xm.
1077 411 1261 466 ‘rom
1288 411 1683 467 LIBERTATEM
1716 413 1925 476 QUoAD
1957 413 2360 476 Exssncl'rmn,
2395 413 2529 465 ETC.

125 518 303 578 dicunt
324 513 489 575 multi
518 532 593 574 ex
616 513 917 589 Patribus,
950 515 1097 592 quia
1123 533 1253 575 non
1278 515 1417 576 ideo
1449 521 1624 576 actus

122 611 267 670 liberi
290 607 508 668 arbitrii
540 607 781 667 futurus
810 612 904 668 est
937 608 1085 686 quia
1118 609 1285 669 Deus
1313 608 1625 688 praescivit

120 707 263 766 illum
302 705 589 774 futurum,
642 700 753 762 sed
800 720 835 762 e
892 720 1218 777 converso,
1266 702 1411 764 ideo
1456 704 1623 763 Deus

118 797 399 878 prescivit,
442 797 585 874 quia
622 795 869 856 futurus
903 801 1018 856 est.
1046 798 1137 858 Ita
1171 797 1447 876 loquitur
1484 796 1623 856 Hie-

118 909 391 970 romaum,
422 889 647 970 dialog.
682 891 721 950 3
761 895 924 950 cont.
966 889 1205 970 Pelag„
1237 891 1470 952 Jerem.
1502 889 1619 965 26,

122 985 297 1044 Ezeeh.
348 985 385 1043 2
425 987 487 1043 et
516 985 589 1054 33
633 983 1139 1062 chrysostomus,
1174 983 1389 1044 homil.
1429 984 1509 1045 60
1557 983 1625 1043 in

116 1079 326 1148 Matth.;
365 1075 536 1149 Bed„
576 1084 799 1156 quaest.
838 1079 935 1149 13,
978 1094 1055 1136 ex
1080 1076 1303 1147 variis;
1339 1076 1619 1156 Origen.,

112 1172 223 1230 libr.
269 1173 323 1244 7,
351 1171 415 1231 in
443 1188 577 1249 cap.
638 1171 679 1230 8
727 1169 808 1230 ad
842 1173 1048 1243 Rom.,
1086 1175 1147 1230 et
1194 1169 1333 1230 libr.
1375 1171 1413 1230 2
1454 1175 1620 1230 cont.

111 1265 337 1338 Celsum,
377 1281 515 1342 pag.
572 1263 687 1335 '183
728 1265 1095 1324 Damascen.
1121 1308 1137 1335 ,
1168 1261 1400 1343 dialog.
1455 1267 1620 1324 cont.

112 1359 378 1427 Manich.;
418 1355 673 1432 sustin„
702 1364 917 1435 quaest.
957 1359 1057 1422 58.
1106 1357 1349 1436 Optime
1385 1356 1621 1436 cyrill„

111 1452 195 1510 lib.
218 1453 252 1512 9
272 1450 329 1510 in
354 1449 556 1521 Joan.,
585 1469 729 1530 cap.
763 1455 863 1525 10,
890 1457 952 1510 et
979 1451 1244 1511 sumitur
1272 1469 1350 1511 ex
1380 1452 1621 1532 Augus-

112 1546 235 1614 unc,
266 1545 386 1604 δάε
415 1544 613 1617 Οἰνίῐ.,
646 1563 787 1624 cap.
818 1547 915 1606 10.
945 1545 1021 1606 Et
1046 1545 1161 1605 hos
1191 1545 1405 1605 Patres
1424 1543 1625 1604 imita-

114 1637 145 1696 ti
168 1643 289 1697 sunt
306 1637 539 1716 Magist.
582 1646 775 1710 sent.,
802 1636 1013 1698 etsere
1046 1637 1253 1698 caeteri
1288 1637 1625 1699 Scholasti-

115 1732 177 1798 ci,
212 1731 263 1790 in
293 1731 350 1790 d.
394 1731 503 1803 38;
542 1731 725 1791 Alex.
755 1731 994 1802 Mens„
1030 1734 1057 1791 1
1108 1749 1165 1808 p.
1195 1775 1210 1803 ,
1250 1735 1467 1808 quaest.
1520 1732 1619 1804 32,

114 1822 299 1884 memb.
320 1823 386 1894 3;
420 1823 757 1898 AbulenS.‚
778 1825 968 1884 Josue
993 1826 1091 1896 11,
1122 1827 1342 1901 quaest.
1376 1822 1478 1896 76,
1512 1823 1624 1882 cir-

114 1935 167 1973 ca
188 1916 450 1986 medium,
478 1922 541 1977 et
564 1915 821 1990 Matth„
850 1915 1094 1977 decimo
1125 1923 1369 1989 octavo,
1399 1922 1619 1995 quaest.

111 2008 377 2086 trigesima
412 2009 616 2082 tertia,
682 2009 787 2087 qui
825 2009 1051 2070 eodem
1104 2009 1292 2069 modo
1336 2009 1421 2069 ait
1463 2026 1625 2087 prae-

111 2102 379 2162 scientiam
404 2122 529 2162 non
558 2103 789 2164 tollere
813 2103 1191 2175 libertatem,
1230 2103 1378 2181 quia
1410 2102 1625 2163 subse-

114 2193 283 2271 quitur
306 2196 757 2274 operationem,
785 2213 911 2256 non
941 2195 1260 2274 praecedit.

174 2289 251 2346 16.
294 2287 403 2360 Qui
426 2289 657 2351 Patres
686 2289 990 2352 declarent
1009 2288 1369 2351 sententiam
1384 2291 1629 2366 fatuare-

107 2397 219 2438 rnm
240 2398 357 2442 cum
380 2379 659 2444 libertate
680 2399 800 2444 ozon
824 2398 1117 2462 paquara
1144 2413 1228 2426 -
1253 2383 1488 2442 Rursus
1507 2383 1627 2442 boc

110 2475 178 2532 ita
196 2473 485 2535 declarant
506 2475 758 2548 PatreS,
788 2476 933 2554 quia
964 2473 1223 2535 scientia
1247 2473 1623 2549 futurorum,

108 2571 160 2624 nt
184 2566 275 2636 sic,
318 2567 377 2626 id
404 2573 515 2640 est,
562 2574 639 2628 ut
675 2574 771 2629 est
812 2567 1073 2646 simplex
1125 2567 1367 2629 intuitio
1408 2586 1627 2628 eorum

108 2675 217 2734 quae
254 2657 445 2720 futura
488 2666 669 2732 sunt,
718 2679 845 2720 non
884 2665 979 2720 est
1018 2677 1206 2720 causa
1234 2677 1469 2734 rerum,
1515 2659 1628 2720 sed

110 2769 249 2811 mera
271 2757 496 2813 tant-um
544 2755 799 2826 notitia,
842 2771 981 2832 quae
1024 2755 1331 2814 sententia
1372 2754 1624 2814 nomine

112 2845 168 2902 D.
200 2847 423 2906 Thomas
464 2847 751 2908 habetur
786 2846 851 2906 in
893 2863 1111 2924 opusc.
1160 2846 1239 2907 de
1272 2845 1623 2908 Praescient.

116 2945 167 2997 et
212 2941 567 3016 praedestin„
626 2959 773 3021 cap.
822 2945 883 3013 4,
923 2943 1021 3002 his
1048 2941 1295 3003 verbis:
1347 2939 1429 3004 Si
1463 2959 1631 3023 prze-

122 3030 325 3095 scientia
352 3036 479 3117 ‚Dei
521 3035 877 3117 accipiatur
919 3053 1035 3118 pro
1084 3033 1351 3118 simplici
1408 3033 1627 3098 notitia

110 3126 415 3199 futurorum,
444 3144 477 3190 ο
490 3133 703 3191 ertum
726 3132 821 3190 ost
842 3131 1002 3209 quod
1023 3131 1163 3211 ipsa
1186 3146 1304 3191 nou
1325 3132 1416 3191 est
1442 3145 1631 3190 causa

107 3237 271 3280 rerum
282 3220 732 3301 praescitarum,
772 3224 831 3283 et
858 3220 1010 3297 ideo,
1041 3222 1183 3285 licet
1202 3218 1495 3303 praesciat
1529 3237 1629 3283 res

106 3314 329 3383 futuras,
358 3330 473 3373 non
514 3319 729 3377 tamen
770 3312 855 3376 eis
892 3313 1303 3379 necessitatem
1345 3313 1624 3394 imponit.

106 3402 251 3473 Quod
273 3406 397 3465 aliis
418 3407 635 3467 verbis
664 3406 819 3466 dixit
843 3408 966 3468 Leo
1004 3408 1194 3486 Papa,
1226 3424 1414 3467 serm.
1450 3406 1527 3466 16
1553 3404 1631 3465 de

108 3496 277 3557 pass:
306 3500 467 3569 Non,
495 3497 883 3582 praesciendo
899 3502 1069 3581 quod
1080 3501 1423 3581 faciendum
1455 3504 1629 3572 esset,

104 3592 202 3671 effic
220 3600 283 3655 ut
304 3594 495 3671 fieret.
531 3594 698 3655 Hinc
726 3594 1133 3673 AugustinUS,
1160 3593 1299 3654 libr.
1328 3594 1365 3652 3
1391 3592 1471 3667 de
1494 3592 1625 3653 Lib.

100 3683 317 3757 arbim,
364 3702 501 3765 cap.
544 3690 655 3759 14,
702 3704 893 3765 quem
926 3686 1203 3746 imitatur
1244 3686 1450 3757 Beda,
1492 3686 1631 3746 loco

100 3776 203 3851 cit„
224 3776 383 3839 Boet.
413 3778 591 3853 item,
625 3778 738 3838 lib.
771 3780 809 3839 5
830 3777 909 3839 de
938 3779 1278 3851 Consolat.,
1308 3796 1479 3858 pros,
1505 3780 1547 3838 4
1571 3783 1631 3838 et

100 3870 145 3937 6,
175 3871 275 3930 hoc
305 3871 583 3932 declarat
613 3872 907 3950 exemplo
936 3878 1164 3931 nostrae
1206 3871 1477 3931 scientiae
1525 3876 1635 3931 aut

98 3962 253 4022 visus.
310 3964 477 4027 Sicut
534 3964 735 4038 enim,
787 3981 863 4024 ex
896 3982 973 4025 eo
1013 3965 1184 4043 quod
1230 3982 1347 4045 ego
1386 3964 1633 4025 videam

102 4054 314 4115 Petrum
364 4063 779 4137 operantem,
824 4076 953 4117 non
1005 4056 1371 4118 immutatur
1409 4056 1635 4118 modus

100 4167 201 4225 quo
226 4150 351 4228 ipse
390 4156 722 4229 operatur,
752 4149 1043 4229 idemque
1074 4148 1235 4210 foret
1264 4150 1311 4210 si
1357 4148 1637 4211 viderem

99 4259 237 4301 nunc
255 4244 559 4321 quidquid
586 4244 861 4303 crastina
891 4243 990 4303 die
1011 4249 1178 4305 esset
1190 4248 1465 4317 acturuS,
1488 4244 1636 4322 quia

102 4334 471 4397 nihilominus
520 4356 603 4398 ex
646 4354 715 4397 se
756 4338 891 4416 ipse
934 4342 1184 4397 acturus
1236 4337 1301 4398 id
1344 4344 1538 4409 esset,
1576 4342 1639 4399 et

102 4444 209 4485 non
235 4446 305 4488 ex
334 4448 477 4491 mea
501 4430 772 4505 visione,
808 4430 976 4491 unde
1008 4448 1137 4491 non
1171 4428 1317 4491 ideo
1359 4430 1638 4492 facturus

102 4525 245 4580 esset
262 4522 410 4599 quia
430 4522 763 4585 videretur
785 4542 821 4583 a
844 4540 967 4597 me,
1003 4522 1115 4583 sed
1134 4540 1169 4584 e
1191 4540 1491 4584 converso
1519 4540 1637 4601 ego

102 4612 353 4673 viderem
404 4616 587 4675 illum
634 4622 1021 4694 operantem,
1068 4614 1215 4695 quia
1266 4622 1638 4693 operaturus

100 4710 239 4766 esset
258 4726 273 4779 ;
296 4708 377 4768 ita
406 4709 607 4788 igitur
624 4709 797 4770 aiunt
824 4708 1036 4769 Patres
1058 4708 1341 4789 praedioti
1356 4708 1638 4771 accidere

99 4794 153 4853 in
180 4798 371 4861 divina
400 4801 827 4881 praescientia,
875 4808 943 4863 ut
979 4804 1075 4862 est
1103 4801 1362 4882 simplex
1394 4801 1639 4863 intuitio

102 4908 195 4949 seu
221 4895 428 4954 notitia
452 4914 469 4967 3
502 4900 569 4954 et
595 4895 713 4955 hoc
744 4894 1097 4955 existimant
1122 4894 1543 4955 necessarium
1573 4899 1640 4954 ut

105 4981 423 5048 libertatem
481 5006 619 5048 non
664 4988 853 5048 violet
878 4990 989 5047 aut
1025 4986 1361 5064 impediat;
1417 5004 1643 5066 suppo-

106 5085 239 5137 nunt
279 5098 427 5160 ergo
464 5080 717 5141 nullum
771 5087 981 5141 actum
1029 5080 1477 5141 immanentem
1504 5080 1639 5152 Dei,

105 5174 559 5234 antecedentem
592 5174 841 5234 omnino
886 5192 1073 5233 usum
1125 5172 1463 5234 voluntatis
1502 5190 1644 5233 nos-

104 5266 217 5336 trae,
260 5264 339 5325 ita
384 5266 452 5327 in
504 5266 680 5326 illam
724 5266 1017 5339 influere,
1064 5270 1133 5327 ut
1178 5266 1347 5326 illam
1386 5284 1642 5345 prorsus

108 5358 595 5429 praedeterminet
616 5360 695 5421 ad
720 5358 1073 5438 agendum;
1098 5360 1350 5438 alioqui,
1379 5359 1429 5418 si
1454 5358 1523 5417 in
1542 5374 1645 5417 vo-

104 5446 315 5512 luntate
364 5452 583 5513 divina
620 5452 735 5514 hoc
783 5458 1115 5513 censerent
1156 5452 1473 5531 possibile,
1517 5468 1643 5511 non

104 5550 253 5602 esset
283 5564 391 5605 cur
419 5545 699 5607 scientiae
728 5562 1083 5626 repugnare
1114 5536 1558 5607 existimarent.

3187 411 3264 470 67

1786 518 1883 575 17.
1938 513 2136 589 Quare
2164 515 2486 597 aliquando
2527 517 2832 593 affirment
2872 516 3098 578 Patres
3136 515 3263 580 ideo

1702 622 1803 670 res
1822 609 1985 687 fieri,
2015 607 2157 688 quia
2179 610 2344 672 Deus
2369 608 2538 671 novit
2557 608 2728 681 illas,
2755 626 2873 670 non
2899 627 2930 671 e
2961 627 3262 672 converso.

1703 734 1785 746 —
1829 703 2046 780 Neque
2099 703 2304 763 obstat
2357 703 2525 782 quod
2577 703 2713 763 aliis
2772 703 2836 762 in
2886 703 3040 764 locis
3091 705 3266 764 aiunt

1706 794 1893 854 etiam
1920 797 2154 868 PatreS,
2191 815 2291 856 res
2313 796 2454 856 ideo
2485 815 2621 856 esse
2650 796 2892 857 futuras
2931 798 3079 876 quia
3107 815 3265 876 prae-

1706 887 1988 948 sciuntur
2020 907 2057 948 a
2104 889 2278 950 Deo:
2329 890 2736 969 Augustinus,
2782 889 2889 950 lib.
2943 895 2978 952 6
3016 889 3097 950 >de
3136 891 3265 952 Tri-

1703 980 1845 1055 nit.,
1878 999 2016 1060 cap.
2051 983 2150 1054 10,
2199 989 2261 1042 et
2303 982 2412 1042 lib.
2451 985 2547 1056 15,
2581 1001 2720 1061 cap.
2761 984 2868 1054 13;
2900 982 3259 1062 GregoriuS,

1704 1073 1811 1133 lib.
1838 1075 1918 1134 ΞΟ
1943 1073 2188 1150 Moral.‚
2219 1093 2356 1154 cap.
2380 1077 2483 1147 24,
2511 1081 2572 1136 et
2589 1077 2662 1136 D.
2687 1075 2982 1148 Thoma5‚
3011 1081 3034 1136 1
3074 1082 3260 1154 part.,

1708 1184 1771 1244 q.
1807 1167 1908 1241 54,
1939 1172 2054 1228 art.
2084 1169 2144 1241 8,
2185 1168 2268 1227 ad
2296 1170 2355 1239 1,
2383 1174 2446 1228 et
2483 1173 2598 1230 art.
2637 1170 2736 1239 13,
2770 1167 2852 1228 ad
2889 1169 2945 1228 1.
2987 1169 3118 1230 Hoc
3145 1169 3264 1248 (in-

1706 1259 1919 1338 quam)
1969 1277 2100 1319 non
2147 1260 2380 1333 obstat3
2425 1261 2625 1338 primo
2675 1260 2950 1338 quidem,
3005 1262 3152 1340 quia
3197 1261 3262 1320 hi

1708 1351 1922 1412 Patres
1948 1370 2076 1412 non
2103 1351 2318 1414 dicunt
2344 1370 2448 1413 res
2475 1371 2612 1414 esse
2639 1353 2880 1414 futuras
2907 1355 3054 1434 quia
3095 1356 3262 1415 Deus

1705 1443 1877 1504 novit
1906 1463 2044 1505 esse
2071 1445 2342 1520 futuras;
2378 1445 2490 1506 sed
2519 1445 2734 1507 dicunt
2769 1448 2970 1508 Deum
3015 1447 3262 1509 efficere

1702 1556 1803 1598 res
1828 1538 2071 1598 futuras
2087 1541 2234 1618 quia
2254 1540 2425 1600 novit
2439 1539 2597 1613 illas,
2623 1546 2684 1600 et
2705 1558 2855 1613 non,
2877 1559 2910 1602 e
2931 1559 3258 1614 converso,

1703 1633 1950 1693 novisse
1991 1633 2127 1693 illas
2155 1634 2301 1713 quia
2330 1634 2466 1695 illas
2492 1633 2656 1695 fecit.
2703 1635 2983 1696 Alterum
3026 1654 3178 1714 ergo
3225 1655 3260 1698 e

1704 1725 1950 1786 duobus
1975 1727 2075 1786 vel
2102 1733 2438 1808 utrumque
2467 1727 2652 1788 simul
2679 1729 3029 1790 intendunt.
3056 1731 3261 1793 Unum

1707 1825 1821 1899 est,
1852 1821 2055 1880 Deum
2085 1839 2214 1880 non
2241 1821 2520 1900 recipere
2551 1821 2974 1901 cognitionem
3004 1841 3184 1883 suam
3225 1843 3263 1884 a

1704 1913 1914 1986 rebus,
1947 1912 2119 1992 quod
2147 1919 2240 1974 est
2283 1913 2720 1990 certissimum,
2755 1921 2816 1976 et
2843 1915 2962 1975 hoc
2993 1917 3264 1978 maxime

1703 2005 1970 2066 intendit
1997 2006 2403 2086 Augustiana,
2435 2013 2505 2068 ut
2539 2007 2769 2087 legenti
2800 2005 2980 2070 faciIe
3018 2015 3265 2070 consta-

1702 2099 1813 2160 bit.
1841 2098 2020 2161 Unde
2047 2117 2241 2179 quum
2272 2099 2374 2160 alii
2405 2099 2613 2164 Sancti
2635 2098 2869 2176 dicunt,
2903 2100 3043 2162 ideo
3069 2103 3264 2164 Deum

1706 2192 1863 2252 scire
1893 2210 1996 2252 res
2039 2211 2175 2253 esse
2206 2192 2448 2254 futuras
2495 2194 2644 2272 quia
2677 2193 2796 2253 illae
2832 2194 3054 2256 futurae
3095 2203 3262 2270 sunt,

1707 2303 1835 2344 non
1860 2284 2212 2365 significant
2237 2285 2300 2344 in
2330 2287 2519 2346 rebus
2552 2305 2689 2348 esse
2716 2305 2932 2348 veram
2959 2289 3264 2351 rationem

1712 2397 1915 2439 causae
1963 2386 2250 2458 respectu
2297 2380 2572 2441 scientiae
2601 2382 2738 2454 Dei,
2771 2382 2886 2444 sed
2915 2401 3052 2444 esse
3079 2383 3269 2444 ratio-

1711 2489 1858 2531 nem
1890 2472 2114 2551 objecti
2143 2491 2255 2533 seu
2281 2473 2552 2547 termini,
2584 2475 2752 2553 quod
2781 2475 2844 2536 in
2885 2477 3126 2537 ratione
3157 2477 3266 2537 ob-

1702 2564 1852 2642 jecti
1900 2566 2032 2624 veri
2084 2566 2510 2626 necessarium
2555 2573 2650 2628 est
2696 2573 2766 2628 ut
2807 2569 3003 2629 videri
3043 2571 3260 2647 possit.

1709 2655 1891 2715 Aliud
1918 2657 2088 2735 quod
2117 2657 2436 2719 declarare
2459 2658 2814 2736 intendunt,
2841 2668 2934 2722 est
2961 2664 3160 2722 Deum
3191 2681 3270 2724 ex

1708 2765 1775 2808 se
1806 2748 2041 2810 habere
2077 2750 2421 2829 perfectam
2446 2752 2772 2814 scientiam
2804 2772 3022 2815 earum
3051 2774 3266 2816 rerum

1708 2859 1847 2920 quae
1873 2842 1939 2901 in
1968 2848 2248 2922 tempore
2277 2844 2500 2906 futurae
2547 2852 2713 2918 sunt,
2745 2865 2860 2926 per
2887 2865 3078 2926 quam
3101 2851 3268 2910 Deus

1710 2940 1805 2994 est
1836 2953 2024 2996 causa
2052 2937 2241 2997 totius
2273 2956 2411 2998 esse
2440 2939 2610 3017 quod
2635 2938 2916 3001 futurum
2949 2948 3044 3001 est
3084 2942 3148 3001 in
3174 2947 3271 3002 ta-

1714 3027 1874 3087 libus
1924 3029 2148 3102 rebus;
2198 3036 2258 3090 et
2309 3050 2424 3110 per
2473 3033 2760 3092 eamdem
2807 3033 3060 3095 omnino
3091 3035 3154 3094 in
3199 3053 3270 3096 se

1714 3127 2073 3183 manentem
2105 3123 2238 3185 sine
2269 3125 2394 3185 ullo
2421 3125 2576 3186 reali
2605 3132 2943 3205 augmento
2967 3129 3067 3188 vel
3093 3128 3271 3189 addi-

1712 3214 1879 3275 tione
1910 3218 2229 3296 cognoscit
2257 3236 2362 3278 res
2393 3236 2528 3279 esse
2568 3220 2845 3294 futuras;
2875 3221 3142 3299 ideoque
3171 3240 3272 3283 ea-

1712 3306 1857 3367 dem
1889 3309 2148 3370 scientia
2196 3317 2292 3371 est
2333 3330 2524 3372 causa
2552 3312 2774 3373 futurae
2807 3314 3087 3391 actionis,
3129 3313 3274 3375 licet

1712 3419 1841 3460 non
1884 3409 2098 3463 causet
2124 3404 2294 3464 illam
2331 3406 2679 3465 seeundum
2711 3407 2880 3484 quod
2910 3407 3276 3487 intelligitur

1713 3493 1948 3555 hahere
1976 3495 2057 3554 ad
2099 3495 2270 3557 illam
2309 3497 2738 3559 habitudinem
2765 3500 3058 3578 simplicis
3098 3507 3159 3561 et
3184 3502 3273 3561 in·

1712 3587 1943 3648 tuitivae
1975 3588 2208 3649 notitiae
2241 3590 2329 3651 rei
2361 3592 2686 3669 praesentis
2715 3591 2778 3652 in
2818 3594 3184 3653 aeternitate.

1796 3684 1892 3742 18.
1938 3681 1988 3743 I
1982 3700 2017 3741 η
2025 3686 2254 3744 tentum
2271 3685 2590 3747 roboratur
2610 3702 2682 3746 ex
2699 3687 3079 3767 responsione
3096 3705 3274 3768 quam

1714 3774 1992 3838 adhibent
2019 3774 2244 3837 Patres
2279 3776 2602 3856 quoestioni
2637 3796 2796 3858 ηερε
2827 3780 3054 3860 saepius
3081 3780 3273 3843 incul-

1715 3873 1897 3931 catoe..
1917 3900 1998 3913 --
2025 3868 2274 3941 Ultimo,
2305 3874 2511 3946 potest
2539 3870 2658 3931 hoe
2699 3870 3051 3931 confirmari
3085 3890 3162 3932 ex
3196 3888 3274 3932 eo

1716 3960 1887 4039 quod
1913 3961 2324 4028 Patres,¹eum
2349 3980 2512 4041 saepe
2547 3963 2930 4042 interrogent
2959 3982 3069 4024 eur
3108 3966 3274 4026 Deus

1714 4054 2067 4133 permiserit
2105 4054 2448 4129 hominem,
2470 4055 2782 4115 Adamum
2806 4057 3000 4133 (verbi
3022 4058 3268 4137 gratia),

1718 4149 1803 4208 ita
1854 4148 2139 4227 operari,
2186 4164 2376 4226 quem
2419 4154 2826 4225 peccaturum
2869 4150 3270 4229 praesciebat,

1716 4240 2104 4320 respondent
2132 4240 2216 4301 ita
2245 4258 2310 4301 se
2337 4258 2556 4319 gerere
2585 4242 2787 4301 Deum
2821 4260 2965 4301 eum
2991 4244 3268 4318 homine,

1720 4351 1796 4394 ne
1826 4333 2014 4393 violet
2040 4333 2178 4412 ejus
2224 4332 2596 4405 libertatem,
2629 4334 2809 4413 eique
2839 4336 3276 4397 necessitatem

1720 4426 1963 4486 inferat.
1993 4426 2084 4487 Ita
2113 4428 2608 4505 ClirysostomuS,
2633 4427 2849 4501 homil,
2879 4430 2958 4488 26
2979 4428 3042 4487 in
3061 4430 3273 4500 Joan.,

1718 4520 1961 4581 dicens:
2007 4520 2151 4583 Non
2201 4521 2265 4583 vi
2311 4526 2367 4582 et
2419 4522 2766 4586 necessitate
2811 4524 3070 4603 quadam
3112 4525 3278 4587 Deus

1718 4614 1893 4676 bonos
1938 4618 2130 4690 facere
2187 4614 2492 4677 consuevit
2506 4639 2532 4686 ;
2581 4615 3019 4691 Tertullianus,
3074 4615 3182 4675 lib.
3239 4618 3277 4676 2

1720 4713 1885 4768 cont.
1912 4706 2238 4780 Marcion„
2273 4726 2409 4785 cap.
2444 4709 2516 4781 6;
2550 4708 2884 4788 Epiphan.,
2916 4710 3136 4770 haeresi
3170 4712 3275 4784 163

1722 4798 2028 4871 Anselm.‚
2075 4800 2138 4860 in
2189 4800 2561 4873 Elucidario‚
2615 4802 2801 4879 paulo
2861 4808 3003 4881 post
3050 4802 3280 4881 princi-

1720 4894 1924 4972 pium;
1969 4891 2446 4972 Theophylact„
2479 4894 2542 4954 in
2570 4894 2635 4954 id
2661 4897 2844 4956 Joan.
2879 4896 2953 4955 6:
2987 4894 3088 4958 Ad
3109 4914 3280 4975 quem

1722 4987 1961 5049 ibimm.
1998 4988 2140 5049 Haec
2176 4992 2386 5047 autem
2411 4988 2735 5065 responsio
2767 4987 3018 5049 Patrum
3048 4990 3279 5049 nullius

1723 5078 2026 5141 momenti
2068 5082 2253 5151 esset,
2284 5078 2357 5152 si,
2391 5080 2562 5139 salva
2589 5080 2906 5155 libertate,
2937 5088 3150 5160 posset
3172 5100 3282 5142 vo-

1724 5174 1931 5232 luntas
1957 5172 2228 5233 hominis
2264 5172 2346 5233 ad
2385 5172 2622 5233 bonum
2663 5173 3193 5252 praedeterminari
3245 5192 3282 5233 a

1724 5268 1888 5339 Deo;
1919 5282 2070 5345 ergo
2126 5265 2400 5327 sentiunt
2446 5267 2632 5345 plane
2685 5268 2882 5327 Deum
2923 5267 3280 5327 ablaturum

1724 5359 1915 5419 fuisse
1952 5359 2300 5420 libertatem
2333 5359 2588 5432 homini,
2621 5359 2672 5418 si
2717 5357 2852 5438 ejus
2897 5344 3284 5418 voluntatem

1727 5470 1838 5512 sua
1869 5452 2103 5513 efficaci
2130 5450 2537 5531 pra⁸motione
2571 5458 2635 5511 et
2681 5451 3000 5512 voluntate
3049 5450 3130 5509 ad
3178 5470 3284 5510 vo-

1725 5544 1986 5605 lendum
2012 5544 2251 5604 bonum
2279 5543 2745 5607 determinaret.
