3850 6225
479 370 554 432 12

476 480 592 536 est·
621 476 909 541 voluntas
955 478 1270 541 sufficiens
1325 478 1407 539 ad
1451 496 1636 539 suum
1671 480 1880 539 actum
1925 476 2035 539 eli·

475 569 788 645 ciendum,
826 590 1133 653 suamque
1164 570 1580 633 exercendam
1607 573 1981 651 potestatem
2010 588 2026 643 ;

474 680 644 741 erg0,
675 663 901 726 eadem
924 667 1166 728 ratione
1189 712 1208 741 ‚
1247 666 1488 727 etiamsi
1539 665 1854 745 objectum
1902 682 2033 725 non

473 754 650 830 desit,
685 757 734 817 si
755 756 1008 821 aliunde
1029 760 1114 820 ita
1142 758 1318 819 deest
1337 759 1730 821 necessarius
1756 756 2032 837 superio-

471 847 556 909 ris
586 867 791 911 causae
811 869 1178 925 concursus,
1197 858 1264 913 ut
1292 869 1422 913 non
1438 852 1598 913 sitin
1624 851 1896 912 hominis
1917 870 2033 930 po-

471 947 694 1003 testate
723 943 897 1005 illum
921 944 1155 1007 habere
1186 990 1202 1019 ‚
1251 944 1536 1025 quamvis
1579 946 1711 1025 ipsa
1751 946 2031 1025 potentia

469 1035 731 1114 physica
760 1057 890 1100 non
913 1040 1256 1113 minuatur,
1293 1044 1504 1101 manet
1529 1040 1594 1101 in
1620 1039 1728 1100 tali
1751 1045 1937 1113 statu,
1960 1044 2031 1101 ut

471 1129 834 1208 simpliciter
859 1132 938 1193 sit
965 1133 1278 1212 impotens
1332 1133 1411 1193 ad
1439 1133 1817 1206 volendum;
1876 1135 2024 1211 quia

471 1223 604 1283 sine
650 1224 902 1285 alterius
933 1243 1074 1304 ope,
1117 1244 1338 1287 revera
1377 1244 1507 1287 non
1532 1232 1626 1288 est
1649 1244 1763 1307 per
1799 1246 1868 1289 se
1898 1228 2027 1290 suf-

466 1316 683 1378 ficiens
697 1318 777 1379 ad
793 1337 977 1379 suum
1005 1326 1212 1381 actum
1223 1320 1596 1382 eliciendum
1615 1340 1631 1394 ;
1663 1340 1837 1401 ergo,
1857 1328 2031 1383 stan-

469 1416 530 1471 te
572 1411 808 1490 judicio
837 1414 1094 1474 rationis
1122 1459 1139 1485 ,
1183 1419 1389 1494 potest
1435 1434 1586 1476 usus
1611 1434 1740 1476 non
1777 1415 2027 1478 volendi

468 1507 854 1584 propositum
875 1508 1188 1586 objectum
1213 1526 1342 1569 non
1367 1527 1504 1569 esse
1533 1509 1711 1586 liber,
1751 1528 1828 1571 ex
1849 1516 2027 1591 parte

469 1616 673 1659 causae
705 1600 1066 1679 superioriS,
1096 1600 1285 1662 modo
1319 1602 1645 1681 explicato.

557 1691 863 1765 Quatenus
913 1694 1198 1776 impediri
1237 1696 1436 1776 possit
1475 1696 1725 1760 libertas
1769 1714 1844 1761 ex
1871 1714 2027 1779 par-

470 1792 528 1849 te
549 1786 782 1866 objwti.
811 1818 892 1833 -—
907 1788 985 1848 At
1009 1806 1158 1849 vero
1184 1788 1394 1867 quoad
1415 1796 1784 1869 potestatem
1808 1790 2025 1851 nolen-

469 1880 530 1940 di
556 1880 658 1941 vel
682 1898 810 1940 non
836 1881 1110 1954 volendi,
1139 1902 1268 1943 non
1307 1888 1512 1963 potest
1547 1883 1831 1964 impediri
1871 1903 2023 1945 usus

468 1973 774 2035 libertatis
805 1992 882 2035 cx
927 1978 1102 2054 parte
1134 1977 1398 2056 objecti,
1431 1977 1480 2037 si
1511 1978 1759 2057 proprie
1807 1978 2023 2057 loqua-

467 2084 643 2140 mur3
678 2072 882 2147 potest
909 2072 1122 2130 tamen
1166 2070 1454 2150 impediri
1485 2070 1564 2130 ab
1593 2071 1804 2149 aliqua
1856 2077 2027 2131 exte-

467 2160 614 2221 riori
635 2179 848 2233 causa,
877 2162 963 2223 ita
979 2162 1338 2240 impellente
1354 2164 1763 2237 voluntatem,
1786 2170 1856 2223 ut
1885 2182 2027 2224 eam

467 2272 594 2314 non
620 2254 781 2315 sinat
824 2272 938 2315 sua
960 2254 1252 2315 facultate
1281 2256 1389 2315 uti.
1425 2256 1600 2317 Prior
1627 2274 1772 2335 pars
1813 2255 2029 2317 decla-

466 2352 678 2419 ratur3
710 2365 860 2407 nam
885 2392 904 2422 ,
948 2348 1094 2409 licet
1143 2348 1458 2410 interdum
1484 2349 1774 2409 voluntas
1805 2348 1884 2409 ab
1915 2349 2027 2409 ob—

459 2440 626 2519 jecto
659 2442 748 2502 ita
799 2446 1147 2516 moveatur,
1177 2447 1248 2502 ut
1279 2442 1368 2501 illi
1393 2442 1654 2503 motioni
1685 2442 1818 2521 ipsa
1841 2441 2031 2503 resis-

465 2540 600 2595 tere
631 2554 758 2595 non
788 2535 1008 2615 possit,
1043 2538 1106 2597 et
1141 2541 1290 2597 tune
1325 2537 1682 2596 necessario
1711 2542 1771 2597 et
1792 2536 1929 2597 sine
1958 2535 2033 2595 li-

466 2628 705 2688 bertate
733 2628 989 2702 feratur,
1024 2628 1170 2707 quia
1205 2647 1334 2689 non
1373 2634 1469 2689 est
1493 2629 1557 2689 in
1605 2628 1709 2690 illa
1756 2635 2033 2709 potestas

465 2738 595 2781 non
619 2721 896 2795 volendi,
929 2728 999 2783 ut
1045 2721 1105 2782 in
1154 2740 1368 2783 amore
1410 2722 1740 2783 beatorum
1786 2724 2029 2783 contiu-

467 2832 618 2893 gere
647 2814 962 2875 credimus
991 2860 1005 2889 ,
1037 2820 1248 2876 tamen
1277 2816 1396 2876 hoc
1415 2834 1744 2895 nunquam
1777 2816 2020 2891 accidit,

466 2905 584 2967 nisi
618 2908 868 2986 quando
915 2906 1205 2969 voluntas
1231 2914 1456 2970 natura
1493 2928 1606 2970 sua
1648 2914 1740 2970 est
1770 2910 1854 2971 ita
1880 2928 2027 2988 pro-

465 3018 665 3079 pensa
692 3001 755 3061 in
787 3001 942 3063 illud
967 3002 1304 3079 objectum,
1329 3006 1398 3063 ut
1426 3003 1475 3062 si
1503 3002 1774 3081 perfecte
1802 3022 2027 3082 propo-

466 3094 653 3154 situm
681 3094 779 3168 sit,
808 3095 1079 3157 naturali
1109 3096 1344 3174 impetu
1364 3095 1431 3156 in
1459 3094 1612 3156 illud
1633 3095 1870 3158 feratur
1883 3097 2025 3158 abs-

466 3205 587 3266 que
639 3192 946 3266 potestate
994 3189 1326 3250 intrinseca
1377 3189 1458 3249 ad
1512 3189 2024 3268 suspendendum

465 3285 694 3342 actum.
729 3281 1030 3354 Quocirca
1078 3283 1180 3344 hic
1205 3301 1335 3344 non
1363 3283 1539 3344 deest
1583 3286 1826 3344 tantum
1869 3303 2023 3345 usus

463 3374 644 3435 liberi
689 3375 950 3449 arbitrii,
984 3375 1096 3438 sed
1139 3377 1328 3438 etiam
1377 3375 1712 3437 intrinseca
1763 3377 2025 3438 facultas

461 3467 658 3529 libera
697 3469 761 3528 in
790 3469 1007 3530 ordine
1042 3470 1123 3530 ad
1149 3470 1341 3531 talem
1361 3474 1606 3542 actum3
1641 3487 1713 3530 ac
1741 3476 2027 3550 propter-

464 3577 540 3620 ea
555 3566 706 3621 tunc
719 3579 938 3623 revera
952 3581 1082 3623 non
1099 3564 1440 3642 impeditur
1453 3563 1742 3624 voluntas
1765 3581 1845 3624 ne
1868 3563 2026 3623 libe-

462 3671 530 3715 re
555 3659 870 3733 operetur,
891 3655 1003 3716 sed
1019 3655 1272 3717 omnino
1285 3675 1440 3718 exse
1470 3675 1598 3718 non
1619 3661 1824 3736 potest
1839 3655 1898 3716 in
1913 3656 2021 3716 tali

463 3752 606 3807 actu
635 3747 830 3808 libere
859 3749 1134 3826 operari:
1161 3754 1222 3809 et
1249 3749 1364 3810 hac
1392 3750 1657 3825 ratione,
1681 3748 1888 3810 divina
1915 3766 2023 3808 vo-

459 3839 692 3913 luntas,
729 3857 866 3918 quoe
895 3840 1186 3919 impediri
1221 3860 1350 3902 non
1393 3847 1641 3921 potest,
1684 3842 2023 3920 ipsummet

460 3934 662 3993 Deum
705 3934 1062 4008 necessario
1106 3938 1170 3995 et
1219 3935 1354 3995 sine
1385 3952 1536 3996 vera
1589 3935 2020 3996 indifferentiae

460 4025 746 4088 libertate
782 4033 971 4088 amat.
1020 4027 1112 4088 Ita
1153 4045 1303 4108 ergo
1341 4027 1406 4088 in
1450 4034 1663 4089 nostra
1701 4028 2023 4089 voluntate

459 4119 850 4180 censendum
881 4124 994 4180 est.
1027 4119 1124 4192 Et,
1171 4121 1339 4199 quod
1368 4120 1600 4182 dictum
1641 4127 1735 4182 est
1778 4121 1843 4181 in
1879 4125 2023 4182 actu

458 4210 818 4291 simpliciter
860 4213 1239 4284 necessarie,
1282 4213 1476 4274 hahet
1524 4213 1714 4275 etiam
1759 4213 1967 4273 locum
2001 4256 2018 4286 ,

459 4303 858 4382 proportione
888 4309 1156 4379 servata,
1214 4305 1277 4364 in
1311 4311 1453 4367 actu
1503 4307 1610 4385 qui
1651 4325 1728 4367 ex
1778 4305 2022 4385 objecto

457 4395 651 4457 habet
679 4401 916 4457 tantum
961 4397 1404 4458 necessitatem
1445 4398 1658 4478 quoad
1701 4397 2024 4478 specifica-

458 4487 718 4561 tionem,
759 4493 832 4549 ut
861 4493 956 4550 est
983 4507 1160 4550 amor
1183 4489 1331 4550 boni
1374 4491 1439 4550 in
1477 4491 1815 4563 communi,
1849 4497 1912 4551 et
1940 4490 2023 4550 si-

459 4580 657 4640 mileS.
723 4581 1056 4660 Nunquam
1105 4587 1314 4642 autem
1362 4583 1662 4663 contingit
1715 4601 1792 4642 ex
1843 4587 2020 4662 parte

459 4671 684 4751 objecti
709 4673 844 4734 haec
883 4675 1246 4750 necessitaS,
1297 4675 1414 4736 nisi
1466 4674 1719 4754 quando
1766 4674 1834 4734 in
1881 4676 2021 4755 ipsa

455 4763 748 4826 facultate
779 4765 957 4828 deest
981 4767 1398 4828 indifferentia
1424 4773 1714 4846 respectu
1745 4769 1884 4829 talis
1912 4768 2024 4830 ob-

449 4857 598 4936 jecti
639 4858 726 4918 sic
769 4860 1090 4938 propositi,
1131 4861 1278 4939 quia
1317 4860 1632 4939 objectum
1665 4859 1874 4922 movet
1909 4879 2022 4940 po-

455 4951 717 5012 tentiam
755 4952 1096 5014 intrinseco
1150 4959 1214 5015 et
1243 4953 1633 5014 connaturali
1683 4953 1871 5014 modo
1904 4971 1918 5026 3
1958 4959 2021 5014 et

459 5043 603 5104 ideo
637 5063 964 5124 nunquam
1011 5047 1214 5126 magis
1267 5052 1524 5121 movet,
1571 5065 1764 5127 quam
1811 5048 2021 5126 ipsum

457 5143 677 5198 natum
717 5144 812 5199 est
839 5157 1117 5214 movere,
1149 5147 1210 5201 et
1239 5158 1432 5220 quam
1457 5141 1578 5202 ista
1601 5141 1880 5220 potentia
1907 5159 2022 5200 na-

457 5238 519 5293 ta
563 5234 658 5292 est
700 5249 739 5293 a
764 5231 872 5291 tali
901 5232 1144 5311 objecto
1187 5232 1467 5306 moveri;
1503 5233 1772 5294 maxime
1827 5234 1880 5294 si
1917 5251 2024 5294 ve-

457 5343 596 5385 rum
635 5330 728 5386 est
761 5325 1074 5405 objectum
1107 5371 1126 5402 ,
1182 5333 1252 5387 ut
1279 5326 1390 5400 sic,
1437 5344 1564 5387 non
1594 5345 1848 5389 movere
1891 5328 2022 5389 effi-

459 5416 680 5479 ciendo
704 5462 722 5491 ,
773 5418 887 5480 sed
933 5418 1262 5480 alliciendo
1309 5425 1554 5482 tantum
1605 5439 1720 5499 per
1759 5421 2019 5482 modum

458 5511 636 5584 finis;
691 5511 780 5573 sic
811 5513 978 5574 enim
1006 5519 1174 5574 recte
1211 5513 1489 5575 redditur
1528 5513 1686 5574 ratio
1721 5513 1802 5574 ob
1825 5532 2017 5594 quam

1223 376 1434 430 OPUSC.
1469 378 1508 441 1,
1545 377 1661 431 Lm.
1697 378 1737 429 1.
1773 378 1856 429 DE
1887 377 2206 430 CONCURSU
2242 380 2342 431 DEI
2377 378 2503 431 CUM
2535 376 2929 430 VOLUNTATE.

2114 494 2243 537 non
2265 478 2462 557 possit
2490 475 2618 537 vim
2646 476 3224 555 praeternaturalem
3269 478 3525 551 inferre,
3568 478 3691 539 sed

2116 569 2317 631 solum
2348 570 2537 631 modo
2566 569 2739 631 suavi
2770 574 2833 630 et
2860 570 3248 631 connaturali
3278 573 3573 633 excitare.

2129 758 2419 825 Voluntas
2445 764 2651 823 creata
2664 764 2909 915 potestD
2892 761 2977 823 ad
2997 760 3307 825 volendum
3324 762 3692 826 moossitari

2776 870 2818 915 a
2908 870 2991 915 eo.

2193 1040 2289 1100 12.
2310 1039 2545 1103 Esther
2562 1043 2668 1113 13ς
2692 1042 2847 1103 idem
2870 1046 2995 1120 stre
3016 1042 3259 1116 Ps.94;
3287 1042 3572 1123 Sapient.
3606 1048 3683 1117 7;

2105 1131 2295 1194 Prov.
2314 1134 2387 1193 21
2410 1130 2602 1216 ςΑαρ.
2622 1134 2691 1196 in
2702 1134 2964 1197 Encbir.
2978 1180 2993 1207 ,
3015 1153 3066 1198 c.
3086 1136 3188 1197 96.
3208 1136 3477 1217 Leyatm·
3490 1139 3689 1199 etiam

2108 1242 2160 1287 ο.
2200 1227 2301 1299 95,
2342 1232 2404 1291 ot
2430 1228 2537 1290 lib.
2560 1230 2631 1291 do
2666 1226 2847 1293 Grac.
2884 1234 2943 1291 et
2964 1229 3069 1292 lib.
3102 1230 3260 1302 arb„
3296 1248 3349 1292 c.
3376 1232 3457 1293 20
3490 1236 3551 1295 et
3572 1234 3681 1291 21.

2110 1320 2513 1381 —Posterior
2528 1338 2677 1381 vero
2702 1338 2849 1401 pars
2878 1321 3233 1383 declaratur
3254 1322 3319 1383 in
3348 1322 3519 1383 hunc
3540 1342 3691 1384 mo-

2108 1412 2283 1486 dum,
2312 1412 2481 1491 quia,
2508 1432 2653 1474 cum
2678 1415 2743 1475 in
2768 1414 3087 1476 voluntate
3110 1416 3309 1475 libera
3336 1415 3571 1495 duplex
3600 1416 3688 1477 sit

2106 1512 2383 1585 potestas
2425 1506 2519 1583 (ut
2562 1506 2736 1587 dixi),
2780 1508 2863 1568 ad
2904 1508 3274 1582 volendum,
3318 1508 3575 1585 scilicet,
3616 1516 3689 1571 et

2105 1618 2235 1660 non
2262 1600 2600 1661 volendum
2628 1620 2741 1661 seu
2774 1601 3141 1675 nolendum,
3179 1610 3405 1663 neutra
3451 1621 3687 1665 earum

2108 1700 2201 1754 est
2219 1693 2474 1754 infinitae
2502 1694 2745 1755 virtutis
2774 1698 2835 1755 et
2864 1695 3193 1769 efficaciae3
3227 1713 3378 1773 ergo
3404 1698 3468 1758 in
3504 1704 3686 1758 utra-

2106 1804 2229 1865 que
2245 1792 2449 1865 potest
2463 1787 2743 1866 superari
2759 1806 2796 1847 a
2812 1788 2942 1849 Deo
2964 1788 3273 1867 superiori
3294 1796 3547 1869 agente,
3562 1791 3684 1869 qui

2106 1884 2201 1940 est
2238 1879 2494 1940 infinitae
2536 1880 2779 1941 virtutis
2815 1886 2877 1941 et
2906 1881 3195 1942 efficacia}
3223 1900 3238 1954 ;
3286 1900 3439 1961 ergo
3462 1888 3683 1963 potest

2104 1972 2187 2033 ita
2223 1990 2262 2031 a
2286 1974 2417 2033 Deo
2444 1973 2685 2034 moveri
2716 1978 2779 2033 et
2804 1974 2906 2053 agi
2931 1974 3221 2037 voluntas
3248 1980 3485 2049 nostra,
3518 1994 3682 2056 qua-

2104 2069 2290 2125 tenus
2326 2064 2517 2126 habet
2554 2071 2927 2145 potestatem
2964 2067 3237 2143 volendi,
3283 2076 3355 2131 ut
3394 2070 3472 2130 sit
3496 2088 3681 2149 pror-

2108 2176 2214 2219 sus
2238 2159 2549 2238 impotens
2578 2158 2658 2219 ad
2684 2161 3124 2235 resistendum,
3157 2180 3277 2224 nec
3301 2164 3495 2242 possit
3536 2164 3677 2225 ullo

2105 2249 2293 2311 modo
2322 2252 2412 2312 uti
2440 2252 2637 2313 altera
2658 2257 2986 2333 potestate,
3014 2273 3205 2333 quam
3228 2257 3419 2318 habet
3447 2256 3529 2317 ad
3557 2276 3679 2317 no-

2107 2343 2401 2418 lendum;
2432 2362 2581 2425 ergo
2618 2351 2767 2408 tunc
2816 2348 2881 2407 in
2902 2348 3010 2409 tali
3040 2355 3179 2410 actu
3218 2367 3347 2410 non
3372 2351 3489 2411 erit
3514 2369 3681 2412 usus

2108 2436 2432 2511 libertatiS,
2460 2438 2704 2500 etiamsi
2728 2439 2991 2501 facultas
3023 2442 3087 2501 in
3118 2460 3187 2502 se
3231 2441 3310 2503 sit
3341 2441 3565 2517 libera,
3610 2450 3681 2505 et

2113 2530 2427 2609 objectum
2460 2530 2545 2591 ita
2574 2531 2653 2593 sit
2680 2534 3091 2611 propositum,
3119 2538 3193 2595 ut
3230 2537 3684 2597 necessitatem

2112 2640 2241 2683 non
2286 2622 2531 2685 inferat.
2580 2626 2855 2687 Primum
2896 2626 3279 2688 antecedens
3312 2646 3427 2707 per
3468 2648 3535 2690 se
3578 2636 3685 2691 est

2110 2715 2387 2791 evidenS,
2426 2718 2572 2796 quia
2598 2724 2865 2799 utraque
2907 2719 3011 2779 illa
3052 2726 3331 2799 potestas
3378 2728 3473 2784 est
3501 2740 3685 2783 com—

2106 2817 2467 2871 mensurata
2494 2812 2857 2891 perfectioni
2880 2814 3215 2875 voluntatis
3258 2820 3505 2890 creatae,
3530 2836 3681 2896 quae

2104 2902 2279 2965 finita
2314 2908 2429 2965 est.
2478 2906 2629 2965 Duae
2662 2906 2815 2967 item
2854 2908 3071 2986 primae
3102 2908 3410 2970 illationes
3450 2909 3681 2971 viden-

2104 3002 2207 3057 tur
2229 2997 2585 3059 certissimae
2616 3016 2691 3060 ex
2719 2999 2959 3061 infinita
2992 3001 3217 3063 virtute
3247 3002 3384 3075 Dei,
3418 3009 3481 3064 et
3518 3003 3679 3082 quia

2102 3089 2169 3150 in
2192 3090 2305 3152 tali
2334 3091 2559 3153 effectu
2578 3092 2749 3154 nulla
2770 3098 2863 3154 est
2884 3095 3325 3174 repugnantia.
3358 3096 3537 3159 Unde
3564 3097 3677 3157 hic

2104 3183 2311 3244 locum
2338 3185 2549 3259 habet,
2576 3186 2745 3264 quod
2775 3188 3015 3248 Esther.
3044 3191 3123 3249 13
3148 3189 3403 3250 dicitur:
3435 3191 3519 3252 In
3534 3209 3675 3252 ma-

2103 3295 2187 3339 nu
2219 3285 2348 3353 tua,
2382 3280 2653 3355 Domine,
2688 3281 2971 3344 universa
2998 3288 3147 3346 sunt
3166 3285 3397 3365 posita,
3426 3301 3533 3346 nee
3574 3293 3677 3349 est

2103 3371 2210 3452 qui
2245 3373 2441 3450 possit
2488 3375 2767 3438 resistere
2813 3375 3112 3439 voluntati
3162 3383 3305 3440 ιω.
3361 3376 3673 3455 Quodque

2105 3465 2486 3542 Augustinus
2538 3466 2690 3526 dixit
2740 3486 2753 3525 ε
2800 3469 3013 3549 Neque
3045 3470 3203 3532 enim
3254 3471 3549 3533 veraciter
3598 3473 3673 3534 ob

2104 3557 2277 3621 aliud
2305 3563 2553 3622 vocatur
2594 3560 2963 3640 omnipotens
2980 3607 2994 3636 ,
3040 3561 3166 3624 nisi
3192 3561 3336 3644 quia
3376 3565 3677 3644 quidquid

2096 3650 2234 3713 mdc
2274 3655 2492 3730 potest,
2520 3670 2627 3714 nec
2654 3653 2963 3718 voluntate
2998 3655 3341 3738 cujmpiam
3370 3664 3673 3721 creatum·

2100 3743 2431 3806 voluntatis
2444 3745 2867 3826 omnipotentis
2886 3748 3216 3827 impeditur
3230 3749 3498 3830 effectus.
3521 3751 3671 3811 Pos-

2101 3841 2302 3897 trema
2341 3856 2491 3899 vero
2536 3841 2983 3918 consequentia
3030 3847 3127 3902 est
3162 3845 3353 3904 etiam
3403 3843 3669 3905 evidens

2104 3947 2181 3990 ex
2217 3930 2396 3990 dictis
2420 3976 2435 4004 ,
2489 3931 2635 4008 quia
2676 3937 2950 4010 potestas
2994 3934 3251 3995 nolendi
3292 3941 3441 3996 tunc
3486 3937 3665 3996 nullo

2102 4023 2291 4083 modo
2316 4028 2521 4103 potest
2545 4022 2625 4084 ad
2652 4026 3015 4087 exercitium
3044 4034 3105 4087 et
3122 4045 3309 4088 usum
3334 4029 3661 4108 applicari,

2104 4116 2253 4195 quia
2282 4117 2569 4178 voluntas
2602 4119 2807 4178 solum
2850 4119 3043 4180 habet
3082 4120 3254 4180 illam
3291 4127 3667 4200 potestatem

2102 4216 2391 4288 respectu
2436 4216 2611 4272 actus
2662 4211 3009 4272 secundum
3058 4231 3151 4286 se,
3206 4231 3335 4274 non
3374 4233 3523 4275 vero
3568 4233 3669 4274 re-

2104 4305 2321 4380 spectu
2364 4304 2702 4382 superioris
2744 4305 2989 4382 agentis
3012 4349 3027 4376 ‚
3080 4309 3223 4368 actu
3270 4305 3670 4386 impedientis

2103 4394 2304 4466 illam:
2340 4415 2491 4475 ergo
2533 4415 2661 4458 non
2690 4397 2966 4459 salvatur
3008 4398 3075 4458 in
3102 4417 3179 4459 eo
3226 4406 3369 4460 actu
3410 4419 3565 4461 usus
3592 4401 3672 4461 li-

2102 4487 2393 4560 bertatis3
2430 4487 2575 4566 quia
2602 4489 2703 4551 hic
2742 4508 2869 4550 non
2900 4491 3165 4551 sumitur
3192 4509 3271 4552 ex
3308 4492 3440 4553 sola
3466 4492 3669 4554 facul-

2102 4585 2229 4642 tate
2256 4589 2517 4654 remota,
2548 4583 2648 4644 vel
2676 4601 2754 4644 ex
2782 4584 3029 4663 objecto
3053 4570 3217 4658 solo,
3248 4586 3361 4646 sed
3390 4605 3471 4648 ex
3491 4595 3669 4648 utra-

2102 4691 2225 4752 que
2254 4675 2355 4734 illa
2397 4675 2689 4738 facultate
2726 4677 3007 4756 proxime
3056 4679 3349 4758 expedita
3390 4681 3474 4741 ad
3512 4699 3667 4761 ope-

2100 4767 2369 4830 randum
2398 4787 2511 4830 seu
2532 4769 2951 4832 exercendum
2970 4777 3199 4832 actum.
3220 4773 3357 4834 Non
3386 4793 3539 4854 ergo
3569 4794 3669 4836 so-

2100 4859 2163 4920 la
2190 4861 2607 4923 indifferentia
2630 4862 2849 4941 judicii
2880 4863 2979 4924 vel
3008 4864 3234 4943 objecti
3262 4867 3511 4942 sufficit,
3544 4869 3665 4928 nisi

2100 4954 2289 5016 etiam
2324 4956 2609 5034 superior
2640 4973 2829 5016 causa
2860 4956 3245 5018 voluntatem
3278 4963 3559 5022 nostiam
3588 4963 3667 5022 si·

2100 5052 2209 5107 nat
2230 5065 2343 5108 suo
2358 5047 2748 5109 connaturali
2779 5048 2971 5110 modo
2990 5053 3236 5128 operari
3257 5071 3273 5125 3
3304 5053 3473 5114 hunc
3494 5054 3667 5115 enim

2100 5146 2307 5219 potest
2332 5159 2527 5220 agens
2552 5142 2967 5202 extrinsecum
2994 5143 3348 5220 immutare,
3377 5149 3665 5225 quamvis

2104 5233 2307 5294 solum
2347 5234 2662 5313 objectum
2708 5253 3035 5315 nunquam
3078 5236 3259 5298 illum
3294 5239 3519 5301 alteret
3550 5259 3664 5302 seu

2101 5325 2415 5388 immutet.

2185 5420 2281 5481 13.
2314 5419 2755 5502 Argumentum
2790 5423 2873 5486 ad
2900 5423 3213 5487 hominem.
3242 5455 3326 5472 -
3351 5427 3659 5507 Denique,

2098 5514 2183 5576 ad
2216 5515 2337 5576 hoc
2366 5513 2887 5590 confirmandum,
2916 5517 3151 5581 addere
3192 5537 3528 5600 possumus
3566 5541 3667 5582 ιιι-
