3850 6225
758 394 894 447 CAP.
928 394 1059 455 XIV.
1092 394 1389 459 Quouono
1418 395 1669 451 GRATIAE
1699 392 2026 449 Efficacia
2057 392 2533 447 INTELLIGENDA.
2568 390 2702 443 Ere.

170 492 413 555 Primum
455 498 564 565 est,
612 494 781 573 quod
816 513 853 555 a
888 496 1019 557 Deo
1054 496 1241 557 datur
1269 516 1345 559 ex
1374 498 1691 578 proposito

168 585 251 645 vel
275 584 599 647 intentione
630 589 1033 649 convertendi
1058 589 1156 651 vel
1185 591 1465 653 salvandi
1493 589 1691 654 homi-

166 696 309 748 nem,
342 682 401 739 et
427 678 561 741 ideo
586 680 745 742 solet
771 682 1157 761 Augustinus
1180 685 1499 764 appellare
1528 686 1690 745 hanc

166 770 519 833 vocationem
555 775 879 837 secundom
914 764 1291 857 propositum
1325 779 1573 857 waliae,
1620 783 1691 839 ut

168 869 317 942 patet
336 881 407 923 ex
444 865 641 927 citatis
670 866 850 940 lociS,
884 868 963 931 de
992 870 1415 933 Proedestinat.
1450 873 1686 945 Senot,

169 974 213 1015 c.
244 958 282 1017 8
312 962 371 1019 et
400 958 493 1030 16,
534 963 597 1019 et
636 960 713 1023 de
746 962 923 1023 Dono
944 980 1293 1041 persever„
1330 982 1468 1045 cap.
1496 968 1595 1038 14,
1628 970 1693 1025 et

164 1048 301 1109 libro
320 1049 513 1127 primo
540 1052 837 1128 Retract.,
880 1072 1019 1135 cap.
1059 1057 1161 1129 24,
1196 1074 1391 1136 quam
1417 1058 1692 1138 appella-

162 1141 367 1201 tionem
401 1145 661 1223 sumpsit
698 1147 958 1227 August.
999 1168 1077 1209 ex
1100 1150 1207 1211 illo
1247 1150 1421 1211 Pauli
1464 1150 1547 1211 ad
1572 1153 1692 1213 Ro-

163 1250 309 1294 man.
338 1236 417 1295 8:
454 1236 869 1321 Diliymibu
894 1242 1110 1316 Donum
1146 1244 1351 1307 omnia
1376 1260 1693 1324 cooperan-

164 1330 255 1387 tur
286 1326 348 1387 in
382 1327 627 1405 bouum,
669 1332 755 1395 iis
802 1331 909 1413 qui
946 1336 1269 1399 secumdam
1308 1339 1692 1418 propositum

161 1419 330 1483 vocati
354 1427 493 1483 eunt
517 1424 724 1489 sancti
743 1451 773 1498 ,·
815 1432 878 1489 et
904 1428 1089 1506 capit.
1122 1431 1163 1491 9
1195 1447 1209 1488 :
1256 1430 1339 1493 Ut
1366 1432 1691 1496 secundum

162 1513 464 1617 flectionem
512 1521 900 1601 propositum
950 1522 1069 1585 Dei
1116 1530 1387 1589 maneret
1420 1551 1449 1599 ;
1502 1531 1565 1586 et
1618 1544 1696 1587 ex

161 1606 249 1666 illo
291 1608 365 1669 ad
408 1610 715 1688 Ephesios
760 1618 786 1673 1
848 1633 864 1675 :
902 1616 1344 1683 Proedestinati
1370 1621 1697 1683 secundum

153 1702 499 1782 propositum
518 1707 680 1784 ejus,
707 1709 815 1787 qui
844 1715 1129 1790 operatua·
1152 1710 1352 1777 omnia
1371 1714 1697 1777 secundum

160 1794 440 1858 concilim
465 1799 807 1865 voluntatis
830 1819 999 1875 πῶς·
1025 1808 1095 1865 ut
1117 1802 1285 1866 idem
1308 1806 1695 1887 Augustinus

159 1888 379 1951 diserte‘
406 1892 705 1970 explicuit
742 1895 807 1955 in
852 1896 1238 1975 expositione
1273 1901 1693 1978 quarumdam

158 1982 630 2059 propositionum
652 1988 931 2067 epistolae
948 1988 1032 2049 ad
1056 1992 1233 2051 Rom.
1241 2036 1263 2069 ‚
1280 2011 1461 2073 prop.
1486 1994 1585 2055 δῦ.
1604 1995 1695 2054 Ex

158 2091 260 2151 quo
280 2074 411 2137 loco
436 2078 631 2141 etiam
660 2086 925 2154 constat,
951 2098 1149 2159 quum
1174 2086 1557 2165 Augustinus
1586 2105 1693 2165 ap·

156 2167 317 2244 pellat
333 2172 701 2235 vocationem
726 2176 1051 2239 secundm
1067 2181 1449 2260 propositum
1470 2180 1693 2260 qratioe

156 2262 283 2333 Dei,
322 2262 490 2342 loqui
520 2264 605 2327 de
640 2269 961 2346 proposito
990 2270 1277 2337 absoluto
1298 2318 1315 2345 ,
1352 2278 1415 2337 et
1452 2273 1693 2337 efficaci

157 2356 547 2429 convertendi,
600 2360 703 2419 vel
752 2360 1179 2431 sanctificandi
1232 2364 1577 2440 hominem,
1630 2370 1694 2428 et

154 2464 263 2505 non
282 2448 425 2511 satis
442 2468 659 2537 neque
676 2459 847 2516 recte
873 2455 1097 2533 exponi
1124 2455 1203 2519 de
1224 2457 1356 2519 sola
1376 2458 1693 2521 voluntate

154 2542 555 2619 antecedente,
598 2564 729 2625 qua
754 2550 923 2611 Deus
948 2549 1098 2624 vult,
1142 2553 1535 2629 quantumin
1558 2554 1693 2633 ipso

153 2640 249 2708 est,
288 2654 503 2699 omnes
535 2638 805 2703 salvare.
853 2641 1061 2704 Primo
1090 2644 1369 2722 quidem,
1400 2646 1549 2724 quia
1574 2647 1695 2707 hoc

152 2728 313 2790 modo
351 2731 554 2799 omnis
596 2734 843 2795 vocatio
884 2742 979 2796 est
1014 2738 1365 2799 secundum
1406 2741 1688 2819 proposi·

152 2826 263 2881 tum
290 2824 517 2903 gratim,
554 2830 624 2887 et
653 2827 937 2904 quamvis
963 2829 1043 2889 sit
1064 2830 1379 2905 inefficax,
1412 2837 1511 2893 est
1541 2850 1690 2894 con-

154 2923 443 2993 sentanea,
467 2924 531 2981 et
547 2922 1022 3000 proportionata
1042 2924 1131 2986 illi
1151 2927 1491 3006 proposito;
1516 2928 1687 3007 quia,

152 3016 205 3069 ct
234 3010 309 3071 ad
335 3012 639 3074 eumdem
674 3012 869 3076 finem
894 3015 1129 3092 tendit,
1176 3023 1241 3080 et
1266 3026 1571 3098 quantum
1600 3025 1693 3083 est

153 3121 217 3162 cx
240 3123 332 3177 se,
372 3106 601 3168 efficax
634 3114 768 3181 est;
810 3127 1137 3190 nunquam
1164 3118 1377 3174 autem
1407 3114 1695 3194 Augusti-

151 3213 251 3259 nus
270 3199 617 3278 appellaret
646 3202 1037 3265 vocationem
1062 3205 1471 3281 inefficacem,
1514 3225 1697 3268 voca·

152 3290 357 3392 tionem
402 3293 760 3357 secundum
806 3297 1193 3375 propositum
1220 3318 1237 3372 ;
1290 3301 1419 3360 imo
1466 3299 1531 3360 in
1576 3301 1695 3362 hoc

150 3380 441 3463 distinguit
463 3386 791 3448 efficacem
818 3389 903 3450 ab
924 3389 1253 3452 inefficaci.
1290 3392 1602 3466 Secundo,
1634 3399 1697 3454 et

152 3477 389 3538 maxime
420 3480 571 3558 quia
604 3481 857 3554 PauluS,
884 3501 925 3542 a
948 3499 1075 3560 quo
1100 3485 1485 3564 Augustinus
1514 3505 1694 3546 suam

150 3567 497 3640 locutionem
520 3579 855 3636 mutuatus
880 3580 995 3648 est,
1026 3595 1155 3640 non
1178 3579 1455 3660 loquitur
1477 3579 1557 3642 de
1585 3599 1695 3643 vo-

148 3661 359 3726 luntate
396 3667 825 3736 antecedente
854 3671 1273 3734 conditionata
1303 3719 1319 3747 ,
1362 3672 1475 3735 sed
1501 3673 1579 3736 de
1611 3674 1695 3736 ei-

149 3754 301 3819 ficaci
324 3766 385 3821 et
408 3762 733 3836 absoluta3
758 3763 1035 3842 loquitur
1053 3765 1221 3836 enim
1250 3765 1329 3830 de
1354 3768 1695 3846 proposito,

151 3851 297 3954 quod
318 3852 730 3921 infallibiliter
754 3857 947 3920 habet
976 3858 1289 3934 effectum,
1322 3865 1391 3920 ut
1417 3867 1587 3939 patet
1618 3881 1699 3926 ex

150 3943 249 4004 illis
276 3947 479 4010 verbis
512 3969 527 4010 :
592 3950 679 4014 Ut
705 3951 1029 4016 secundum
1052 3950 1391 4016 electionem
1422 3955 1691 4035 proposi-

150 4043 259 4102 tum
280 4043 390 4106 Dei
407 4049 687 4110 maneret
715 4046 1002 4123 (Roman.
1032 4047 1119 4124 9).
1154 4048 1245 4110 Ex
1272 4047 1501 4124 quibus
1526 4047 1699 4110 aliud

150 4131 314 4194 ctiam
340 4137 615 4199 sumitur
642 4143 1106 4216 argumentum,
1140 4157 1290 4200 nam
1320 4141 1541 4204 electio
1570 4161 1699 4202 non

150 4222 277 4285 dicit
302 4227 697 4291 inefficacem
724 4229 1132 4304 voluntatem,
1182 4231 1299 4294 sed
1334 4234 1693 4308 efficacem;

150 4313 251 4378 hoc
294 4327 502 4384 autem
545 4323 943 4402 propositum
982 4323 1063 4386 ad
1104 4325 1475 4391 electionem
1507 4327 1699 4405 perti-

151 4417 269 4483 net,
306 4420 375 4474 ut
409 4422 587 4494 patet
628 4433 707 4478 ex
749 4416 939 4480 Paulo
977 4416 1043 4478 in
1082 4417 1281 4480 citatis
1324 4419 1533 4486 verbis
1560 4465 1575 4494 ‚
1636 4426 1698 4488 et

152 4502 221 4563 ad
252 4505 402 4584 Eph.
432 4509 665 4587 primo,
710 4508 819 4575 ubi
842 4509 1368 4588 praedestinationi
1404 4513 1523 4576 hoc
1552 4531 1698 4593 pro-

150 4598 397 4672 positum
426 4601 779 4681 conjungit,
828 4619 977 4680 qno,
1006 4603 1328 4680 nimirum,
1380 4605 1697 4684 praedesti-

152 4691 263 4752 nati
290 4691 491 4756 dilecti
519 4702 692 4770 sunt,
716 4713 830 4758 seu
857 4697 1039 4761 electi
1064 4715 1101 4758 a
1124 4699 1277 4764 Deo.
1308 4699 1485 4762 Unde
1512 4700 1699 4762 etiam

157 4785 539 4864 Augustinus,
584 4793 617 4850 1
662 4791 959 4865 Rau-act„
1006 4791 1191 4868 capit.
1225 4793 1327 4864 24,
1376 4791 1523 4854 dicit
1558 4808 1699 4862 esse

154 4879 445 4956 propriam
470 4881 819 4942 electorum
838 4901 855 4956 ;
882 4881 1041 4944 etde
1062 4882 1488 4946 Proedestinat.
1514 4886 1699 4946 Sanc·

154 4972 279 5043 tor„
309 4990 445 5053 cap.
484 4977 585 5049 16,
630 4974 795 5036 hanc
826 4974 1221 5037 vocationem
1254 4994 1392 5037 esse
1418 4976 1521 5052 ait,
1570 4996 1696 5057 qua

152 5071 429 5127 vocantur
452 5068 674 5140 electi3
710 5072 774 5130 et
800 5086 938 5149 cap.
972 5071 1071 5141 17,
1100 5067 1345 5131 subdit:
1376 5070 1700 5153 [utaliqu-

152 5173 273 5218 mue
300 5177 434 5242 erqo
462 5163 833 5225 vocationem
851 5208 867 5236 ,
897 5179 1021 5244 qua
1034 5164 1196 5242 fiunt
1225 5161 1415 5238 electi,
1449 5179 1569 5224 non
1595 5164 1701 5244 qui

154 5249 441 5330 eliquam-
459 5257 613 5336 quia
632 5256 1029 5330 crediderunt,
1050 5255 1157 5318 sed
1179 5254 1285 5335 qui
1306 5254 1614 5337 eliquatur
1630 5261 1703 5320 ut

154 5345 398 5409 credant.
445 5349 565 5420 Qui
586 5367 739 5431 ergo
762 5367 849 5411 ex
886 5350 1005 5412 hac
1036 5348 1341 5418 electione
1372 5355 1695 5424 vocantur,

154 5433 427 5502 dicuntur
458 5445 670 5506 vocati
712 5461 793 5506 ex
826 5442 1168 5525 proposito,
1200 5459 1317 5502 seu
1352 5442 1700 5504 secundum

156 5535 529 5612 propositum
556 5536 692 5598 Dei.

3211 380 3333 443 223

1853 494 2125 556 Accedat
2152 493 2424 572 denique
2453 490 2792 553 auctoritas
2819 487 2893 548 D.
2911 487 3164 550 Thomae
3186 492 3244 548 1.
3269 490 3331 559 2,

1772 594 1994 667 quaest.
2031 590 2170 658 112,
2203 592 2321 650 art.
2363 589 2424 659 3,
2457 584 2757 648 dicentis:
2797 580 2878 645 Si
2907 598 2981 643 σω
3008 582 3337 645 intentione

1770 681 1885 744 Dei
1908 681 2200 745 moventis
2230 685 2344 754 est,
2370 678 2526 759 quod
2551 678 2743 749 aomo,
2775 676 2953 755 cuju
2987 693 3090 737 cor
3121 679 3334 748 movet,

1769 773 2038 857 qratiam
2076 778 2494 854 consequatur.
2531 768 2944 849 infallibiliter
2964 768 3163 849 ipsam
3203 784 3338 829 com

1769 870 2064 949 sequitur.
2099 865 2247 938 Quae
2271 865 2464 926 verba
2489 862 2748 941 intelligi
2781 866 3042 941 possunt
3082 860 3162 921 de
3199 876 3339 939 gra-

1768 962 1857 1022 tia
1888 960 2215 1033 habituali,
2243 976 2436 1039 quam
2466 956 2870 1019 infallibiliter
2897 956 3085 1016 homo
3117 971 3342 1015 conse-

1772 1056 1984 1135 quitur
2012 1073 2079 1117 se
2108 1050 2500 1133 disponendo
2533 1050 2614 1111 ad
2642 1049 2835 1125 illam,
2877 1046 3019 1127 quia
3063 1049 3252 1121 Deus,
3299 1064 3338 1107 a

1772 1150 1954 1229 cujus
1983 1149 2260 1209 motione
2291 1152 2386 1208 est
2436 1145 2541 1205 illa
2583 1142 2936 1223 dispositio,
2967 1140 3234 1203 intendit
3270 1146 3340 1202 ut

1772 1244 1963 1305 homo
1997 1260 2112 1321 per
2152 1242 2326 1303 illam
2369 1243 2793 1317 consequatur
2817 1236 3084 1317 gratiam
3116 1235 3340 1297 sancti-

1771 1336 2105 1410 ficantem3
2145 1342 2206 1397 et
2253 1335 2352 1397 hic
2395 1352 2620 1395 sensus
2668 1335 2764 1393 est
2793 1348 3002 1406 verus,
3049 1329 3162 1391 sed
3209 1347 3338 1390 non

1776 1431 1881 1493 ille
1906 1436 2154 1493 tantum
2183 1434 2278 1491 est
2299 1446 2332 1489 a
2371 1430 2446 1489 D.
2479 1426 2720 1489 Thoma
2748 1426 3050 1497 intentuS‚
3079 1426 3150 1483 ut
3170 1427 3342 1502 patet

1778 1545 1857 1587 ex
1893 1513 2250 1587 testimonio
2277 1524 2458 1585 Joan.
2495 1522 2556 1595 6,
2601 1538 2726 1600 quo
2757 1536 2936 1580 suam
2967 1517 3340 1579 sententiam

1776 1618 2142 1681 confirmat:
2177 1615 2388 1680 Omnis
2419 1613 2524 1696 qui
2545 1613 2780 1677 audivit
2803 1630 2844 1675 a
2867 1611 3061 1673 Patre
3092 1615 3152 1673 et
3189 1610 3341 1673 didi-

1778 1714 1885 1787 cit,
1914 1712 2080 1776 vonit
2111 1712 2195 1774 acl
2223 1728 2353 1783 mn
2381 1714 2444 1769 et
2487 1726 2564 1769 ex
2588 1704 2946 1768 testimonio
2983 1703 3336 1783 Augustini,

1775 1823 1963 1885 quem
1995 1806 2184 1867 etiam
2213 1803 2362 1865 citat
2377 1801 2456 1861 de
2481 1798 2906 1862 Praedestinat.
2934 1797 3172 1870 Sanct.,
3197 1812 3336 1873 cap.

1778 1904 1888 1962 ¹4:
1927 1898 2098 1974 Quod
2117 1915 2231 1980 per
2255 1896 2540 1974 beneficia
2575 1895 2694 1957 Dei
2718 1892 3050 1956 certissime
3077 1889 3342 1953 liberan-

1774 2000 1905 2071 tur,
1935 1993 2286 2075 quicumque
2327 1989 2684 2064 liberantur,
2748 1986 2893 2068 quia
2932 1981 3188 2047 intentio
3223 1982 3342 2045 Dei

1773 2106 1893 2150 non
1924 2089 2122 2169 potest
2149 2086 2418 2159 deficere.
2448 2081 2658 2143 Voluit
2684 2098 2834 2161 ergo
2863 2078 3046 2141 divus
3059 2078 3340 2139 -Thomas

1774 2181 1962 2244 etiam
1993 2180 2244 2253 docere,
2277 2174 2801 2257 quandocumque
2835 2172 2998 2233 Deus
3023 2174 3205 2232 vocat
3232 2168 3343 2231 ali-

1774 2292 1964 2355 quem
2013 2291 2094 2335 ex
2135 2269 2480 2331 intentione
2523 2267 2760 2331 efficaci
2809 2264 3339 2339 sanctificationiS,

1779 2386 1891 2429 seu
1921 2363 2347 2429 conversionis
2373 2362 2534 2441 ejuS,
2563 2358 2886 2423 infallibile
2918 2374 3056 2421 esse
3099 2362 3170 2417 ut
3197 2374 3344 2429 con·-

1778 2463 2006 2525 sentiat
2043 2466 2104 2521 et
2150 2458 2603 2529 sanctificetur-3
2648 2455 3040 2518 vocationem
3072 2470 3222 2533 ergo
3263 2470 3344 2513 ex

1776 2556 1883 2619 tali
1929 2552 2276 2615 intentione
2326 2550 2629 2613 intellexit
2669 2548 2850 2611 divus
2889 2547 3162 2615 Thomas
3189 2562 3340 2617 ,esse

1774 2648 2170 2712 vocationem
2197 2663 2274 2709 ex
2309 2643 2650 2725 proposito.
2680 2643 2814 2703 Hoc
2845 2658 2998 2719 ergo
3027 2644 3122 2701 est
3171 2637 3342 2718 quod

1768 2743 1972 2825 primo
1995 2738 2331 2819 requiritur
2357 2736 2438 2797 ad
2463 2735 2858 2800 vocationem
2889 2733 3232 2807 efficacem,
3251 2737 3338 2807 et,

1772 2836 1827 2897 si
1854 2833 2104 2915 proprie
2131 2832 2488 2910 loquamur,
2520 2828 2722 2907 magis
2745 2832 2841 2889 est
2865 2826 3044 2889 radix
3071 2830 3135 2887 et
3162 2824 3340 2905 origo

1774 2928 2044 2990 efficacis
2069 2924 2437 2997 vocafioni8‚
2470 2938 2664 3002 quam
2689 2919 2966 2987 formalis
2993 2919 3150 2981 ratio
3177 2918 3336 2997 ejus,

1774 3040 1923 3083 nam
1976 3022 2162 3094 Deus,
2215 3017 2322 3097 qui
2381 3022 2678 3096 operatur
2731 3013 2938 3075 omnia
2992 3011 3340 3075 secundum

1775 3113 2102 3177 consilium
2128 3110 2465 3174 voluntatis
2493 3127 2642 3184 suae,
2668 3106 2812 3170 ideo
2843 3108 2932 3170 sic
2957 3111 3255 3186 operatur
3274 3104 3338 3165 in

1774 3207 2030 3270 homine
2057 3205 2340 3268 vocando
2372 3222 2518 3264 eum
2545 3201 2904 3276 efficaciter,
2937 3199 3084 3279 quia
3117 3198 3338 3275 voluit,

1776 3309 1966 3380 atque
2005 3299 2283 3362 decrevit
2321 3297 2495 3358 illum
2526 3300 2912 3358 convertere.

1858 3399 1917 3456 7.
1966 3391 2256 3456 Secundo
2272 3390 2461 3469 igitur
2482 3388 2564 3450 ad
2583 3388 2976 3453 vocationem
2999 3386 3339 3463 efficacem,

1776 3486 2202 3550 necessarium
2236 3491 2330 3547 est
2349 3489 2418 3544 ut
2439 3483 2608 3544 Deus
2627 3481 2735 3542 tali
2763 3486 3045 3560 tempore
3073 3485 3134 3542 et
3151 3478 3340 3540 modo

1774 3581 2097 3644 hominem
2124 3583 2324 3653 vocet,
2365 3575 2470 3654 qui
2501 3573 3008 3644 accommodatus
3035 3573 3114 3645 sit
3145 3571 3226 3635 ad
3253 3570 3344 3638 et*-

1774 3675 2012 3738 fectum
2057 3668 2482 3734 conversionis
2521 3668 2681 3748 ejus,
2715 3685 2905 3746 quam
2941 3668 3106 3732 Deus
3145 3665 3344 3726 inten-

1780 3769 1890 3830 dit.
1937 3769 2096 3833 Nam
2147 3764 2253 3844 qui
2311 3762 2653 3843 prudenter
2701 3767 3038 3840 operatur,
3083 3758 3343 3826 adhibet

1780 3861 1990 3922 media
2040 3863 2466 3920 consentanea
2515 3854 2626 3915 fini
2671 3853 2930 3920 intento.
2989 3851 3144 3923 Quia
3191 3868 3342 3929 ergo

1714 3957 1727 3966 '
1781 3957 1973 4026 Beue,
2015 3959 2086 4014 ut
2113 3951 2404 4022 diximuS‚
2437 3947 2755 4010 interdum
2799 3951 2982 4007 vocat
3024 3944 3344 4006 hominem

1782 4067 1859 4109 ex
1882 4047 2226 4110 intentione
2252 4040 2656 4105 convertendi
2679 4057 2795 4100 seu
2819 4036 3250 4110 sanctificandi
3271 4037 3346 4096 il·-

1778 4143 1939 4218 lum,
1978 4157 2122 4201 cum
2161 4136 2404 4198 infinita
2443 4151 2563 4207 sua
2601 4133 2906 4214 sapientia
2955 4135 3018 4197 et
3065 4128 3344 4210 potentia

1780 4233 2126 4298 innumeris
2153 4229 2356 4296 modis
2394 4228 2590 4308 possit
2627 4227 2804 4294 illum
2841 4243 3090 4298 vocare,
3119 4223 3203 4286 ita
3241 4243 3346 4286 vo-

1780 4328 2090 4390 cationem
2121 4321 2574 4397 accommodat,
2597 4324 2784 4400 prout
2805 4323 3229 4398 opportunum
3250 4321 3347 4378 est

1779 4420 1861 4482 ad
1892 4419 2089 4482 finem
2139 4419 2474 4488 intentum,
2525 4421 2586 4476 et
2637 4413 2778 4476 ideo
2837 4410 3239 4482 infallibiliter
3271 4409 3342 4472 il·-

1776 4515 1908 4576 lum
1940 4511 2366 4590 consequitur.
2400 4511 2604 4586 Atque
2631 4506 2777 4568 hinc
2819 4503 3226 4585 AugustinuS,
3259 4501 3345 4562 ci-

1778 4602 1923 4670 tatis
1951 4606 2125 4681 lociS,
2159 4605 2324 4666 hanc
2357 4599 2755 4668 vocatiouem
2779 4614 3107 4680 corcyram
3134 4595 3346 4675 appel-

1780 4701 1889 4777 lat,
1920 4699 1984 4761 id
2013 4703 2128 4774 est,
2161 4713 2442 4776 congruo
2469 4701 2750 4773 tempore
2779 4698 2844 4755 et
2879 4691 3068 4756 modo
3106 4688 3345 4756 homini

1780 4793 2014 4856 datam.

1904 4975 2145 5042 Vocatio
2175 4989 2444 5054 eoum
2465 4989 2622 5054 quae,
2649 4971 2886 5042 etmde
2909 4969 2978 5042 id
3002 4968 3232 5036 tabeat.

1862 5157 1988 5222 Sed
2014 5159 2080 5220 in
2105 5175 2232 5236 quo
2262 5154 2543 5220 consistit
2580 5155 2714 5225 haec
2763 5149 3164 5232 congruitas?
3207 5147 3348 5226 Qui-

1782 5251 1930 5314 dam
1977 5256 2237 5320 censent
2275 5249 2616 5311 consistere
2662 5245 2730 5306 in
2771 5245 3052 5325 quadam
3083 5259 3348 5322 propor-

1783 5345 1978 5420 tione,
2025 5361 2164 5423 quoe
2217 5349 2310 5404 est
2366 5342 2530 5402 inter
2571 5340 2758 5408 talem
2798 5335 3344 5408 illuminationem,

1777 5439 1877 5501 vel
1906 5433 2380 5516 inspirationem
2411 5433 2519 5496 tali
2545 5431 2732 5495 modo
2753 5449 2792 5492 a
2811 5432 2942 5494 Deo
2971 5428 3258 5501 effectam
3281 5427 3348 5496 in

1778 5532 2036 5602 homine
2076 5528 2216 5592 talis
2257 5525 2728 5607 complexionis,
2755 5529 2994 5596 nature
3027 5519 3347 5602 sstfflqnsii·
