3850 6225
736 391 871 444 CAP.
908 394 992 447 xl.
1028 392 1397 445 SOLVUNTUR
1430 390 1777 445 NONNULLAE
1808 390 2214 445 omssc'rtonsss
2246 392 2508 452 CONTRA,
2545 390 2679 445 ETC.

116 497 207 557 vis
244 497 377 556 haec
404 496 473 556 in
500 496 701 575 rigore
729 496 1091 558 viderentur
1130 495 1417 557 sufficere
1463 493 1545 556 ad
1580 494 1671 555 in·

118 589 447 669 telligenda
500 590 715 652 Christi
762 590 980 662 verba,
1029 590 1415 669 Augustinus
1458 594 1669 649 tamen

118 684 275 743 aliud
305 684 491 743 altius
520 683 887 762 mysterium
922 684 1149 745 divinae
1181 682 1671 761 praedestinatio-

120 779 205 837 nis
237 782 295 835 ot
332 776 549 853 gratiae
576 776 639 835 in
676 776 767 837 eis
790 777 984 837 latere
1026 776 1349 847 intellexit,
1402 781 1473 836 ut
1501 778 1671 853 patet

122 892 189 931 ex
214 871 413 931 citatis
448 870 623 943 lociS,
676 877 737 933 et
776 870 1123 950 praesertim
1172 870 1279 930 lib.
1330 874 1355 931 1
1400 870 1479 931 de
1507 871 1672 930 Prae-

120 965 263 1024 dest.
301 964 541 1038 Sanvt„
572 981 709 1043 cap.
742 969 777 1025 '1
816 970 878 1026 et
906 982 1038 1043 seq.
1070 962 1248 1027 Unde
1289 982 1437 1023 nnn·
1468 963 1669 1023 solum

119 1057 415 1137 intelligit,
460 1058 631 1137 quod
676 1058 880 1120 omnis
926 1060 1034 1139 qui
1056 1058 1292 1119 audivit
1342 1063 1405 1117 et
1431 1056 1665 1130 didicit,

120 1152 277 1211 venit
310 1152 559 1212 ratione
600 1153 997 1231 cooperantis
1034 1152 1269 1231 gratiae,
1318 1150 1434 1211 sed
1476 1150 1671 1211 etiam

118 1243 341 1305 ratione
370 1262 669 1323 congruas
694 1244 1059 1318 vocationis,
1096 1249 1157 1307 et
1183 1244 1492 1305 interioris
1522 1242 1669 1305 doc·

120 1338 279 1398 trinae
300 1337 383 1397 ita
412 1337 907 1400 accommodatae
938 1338 1019 1399 ad
1046 1338 1339 1399 affectum
1370 1336 1663 1411 hominiS,

122 1440 181 1491 ut
205 1448 341 1491 eum
378 1430 663 1491 suaviter
698 1432 781 1493 ad
808 1430 1276 1511 cooperandum
1320 1430 1534 1509 gratiae
1562 1429 1669 1490 Dei

122 1525 385 1596 inducat3
420 1528 487 1583 ut
510 1523 599 1585 ita
628 1523 907 1585 efficacia
926 1525 1117 1604 hujus
1141 1522 1353 1605 gratiae
1382 1541 1509 1583 non
1538 1528 1672 1583 tan-

122 1627 241 1680 tum
260 1618 335 1679 sit
360 1618 425 1678 in
450 1626 857 1697 cooperante,
888 1619 998 1681 sed
1030 1620 1221 1681 etiam
1246 1619 1311 1677 in
1338 1618 1669 1689 excitante,

124 1730 243 1789 quoe
270 1718 415 1772 tunc
444 1712 643 1773 habet
662 1713 825 1773 hane
850 1712 1193 1774 efficaciam
1214 1714 1305 1789 (ut
1333 1710 1673 1789 saepissime

124 1806 321 1884 repetit
338 1806 774 1884 Augustinus),
794 1805 1047 1883 quando
1062 1811 1157 1867 est
1166 1804 1512 1865 secundum
1538 1820 1677 1882 pro-

124 1899 373 1977 positum
390 1898 626 1959 divinae
648 1899 996 1969 electionis;
1024 1898 1103 1959 de
1130 1916 1255 1978 qua
1278 1903 1445 1959 recte
1470 1902 1675 1976 potest

128 1991 359 2071 intelligi
396 1992 667 2052 verbum
704 1992 861 2053 illud
894 2011 909 2052 t
944 1990 1129 2055 Omne
1167 1992 1325 2073 quod
1360 1991 1467 2054 dat
1518 1991 1674 2052 mihi

128 2085 315 2159 Pater,
347 2087 431 2149 ad
470 2104 573 2148 me
608 2086 793 2155 tenu,
824 2085 1088 2158 scilicet,
1144 2102 1331 2146 omne
1370 2084 1539 2164 quod
1566 2083 1674 2145 dat

130 2198 225 2257 per
248 2184 543 2239 aeternam
590 2179 985 2251 electionem,
1014 2178 1112 2241 vel
1142 2197 1255 2258 per
1279 2178 1675 2240 vocationem

132 2290 449 2351 congruam
504 2273 593 2333 ab
640 2272 747 2333 illa
792 2273 1265 2353 procedentem,
1304 2273 1483 2351 juxta
1524 2270 1677 2332 illud

130 2365 477 2428 loannisfw
512 2384 527 2425 :
564 2365 710 2429 Nou
730 2382 847 2447 pro
862 2368 1083 2428 mundo
1110 2384 1279 2447 rom,
1312 2367 1418 2428 sed
1441 2382 1559 2448 pro
1582 2363 1677 2425 liis

130 2478 253 2537 quos
300 2458 517 2521 dedisti
570 2461 749 2532 mihi,
800 2466 871 2519 ut
927 2460 1311 2539 Augustinus
1368 2458 1671 2538 exposuit,

132 2558 288 2611 tract.
342 2553 475 2613 107.
528 2553 611 2613 Et
656 2552 833 2631 juxta
878 2552 1045 2614 hanc
1100 2552 1291 2613 etiam
1345 2550 1677 2631 Augustini

134 2644 475 2716 doctrinam,
504 2645 685 2705 nulla
712 2645 1277 2724 praedeteminatio
1308 2645 1565 2726 physica
1597 2662 1673 2704 ex

134 2737 322 2797 verbis
362 2737 479 2797 illis
511 2737 725 2816 colligi
767 2743 1005 2817 potest;
1042 2757 1191 2799 nam
1230 2738 1361 2800 hoec
1404 2738 1679 2799 efficacia

138 2847 403 2908 congruae
438 2830 827 2905 vocationis,
885 2850 1031 2893 cum
1078 2837 1205 2893 tota
1246 2832 1552 2911 pertineat
1598 2830 1680 2891 ad

138 2923 482 2985 excitantem
526 2926 797 3004 gratiam
817 2971 833 2999 ,
886 2942 1017 2987 non
1065 2932 1269 3005 potest
1310 2926 1373 2985 in
1422 2925 1679 3005 physica

138 3015 763 3093 pz-aedeterminatione
792 3019 1156 3089 consistere,
1204 3018 1317 3079 sed
1358 3019 1421 3079 in
1456 3018 1680 3079 morali

140 3113 471 3175 causalitate
528 3121 601 3176 et
658 3115 1047 3187 inductione,
1088 3133 1213 3194 qua
1262 3117 1453 3187 DeuS,
1500 3116 1681 3194 juxta

139 3203 409 3266 infinitam
451 3214 517 3268 et
570 3213 869 3268 aeternam
913 3227 1094 3270 suam
1132 3209 1538 3287 sapientiam,
1572 3209 1681 3270 ho—

142 3297 343 3359 miuem
377 3319 451 3361 eo
478 3301 679 3361 modo
715 3307 899 3362 vocat
925 3319 1117 3380 quem
1156 3309 1370 3381 aptum
1402 3303 1537 3364 fore
1578 3321 1681 3363 co-

145 3392 353 3466 gnoscit
388 3399 455 3454 ut
498 3393 705 3455 libere
744 3411 1071 3456 assensum
1123 3395 1419 3473 praebeat,
1460 3402 1528 3457 ut
1555 3402 1681 3456 sta-

142 3483 233 3542 tim
276 3487 541 3564 amplius
594 3487 1075 3548 declarabimus,
1116 3489 1191 3549 Et
1226 3488 1305 3550 de
1338 3489 1454 3549 hac
1493 3507 1680 3549 voca-

143 3577 285 3638 tione
311 3597 593 3659 congrua
624 3580 1051 3660 intelliguntur
1078 3581 1287 3642 omnia
1310 3599 1449 3659 quae
1476 3583 1541 3642 in
1572 3582 1679 3642 illa

146 3673 387 3734 secunda
420 3673 781 3753 objectione
808 3691 885 3734 ex
914 3671 1262 3754 Augustino
1291 3675 1477 3736 citata
1506 3683 1671 3747 sunt,

144 3767 199 3822 ut
234 3783 363 3826 mox
404 3767 787 3842 videbimus,
838 3773 902 3829 et
948 3786 1025 3828 ex
1052 3767 1203 3846 ipsis
1244 3768 1397 3830 locis
1436 3775 1500 3830 et
1532 3787 1677 3830 con·

146 3862 287 3917 textu
322 3861 723 3940 perspicuum
744 3865 858 3922 est.

214 3955 299 4012 11.
342 3953 705 4033 Εωροπίἰω·
746 3953 1151 4018 testimonium
1185 3957 1267 4020 ad
1288 3955 1468 4020 Rom.
1498 3956 1559 4016 8.
1592 3987 1675 4002 --

146 4043 387 4108 Tertium
406 4049 833 4109 testimonium
866 4049 1159 4110 eumdem
1184 4050 1372 4110 hahet
1390 4067 1669 4122 sensum,

150 4156 309 4215 quem
352 4142 804 4221 praecedentia;
842 4161 971 4204 non
1019 4143 1187 4204 enim
1232 4143 1525 4204 dicuntur
1562 4143 1675 4206 filii

152 4230 241 4292 Dei
266 4235 341 4294 ita
370 4237 467 4316 agi
502 4237 735 4317 Spiritu
764 4238 895 4310 Dei,
928 4239 1079 4316 quin
1122 4237 1311 4299 etiam
1339 4238 1456 4318 ipsi
1482 4243 1674 4318 agant

152 4331 201 4384 et
234 4326 409 4390 libere
450 4349 519 4391 se
564 4335 881 4392 moveant.
936 4331 1115 4394 Unde
1166 4337 1335 4393 recte
1386 4334 1676 4412 Augusti-

152 4435 269 4490 nus,
297 4420 397 4482 lib.
428 4428 456 4484 1
500 4425 581 4486 de
620 4425 787 4487 Grat.
840 4425 1083 4500 Christi,
1117 4444 1173 4486 c.
1206 4427 1285 4488 25
1314 4445 1327 4484 :
1379 4425 1464 4489 Ut
1487 4430 1676 4508 ayant

154 4513 283 4588 quod
302 4515 501 4578 bonum
521 4524 637 4590 est,
672 4519 745 4581 ab
778 4519 887 4580 illo
928 4523 1195 4600 ammtua·
1224 4520 1329 4600 qui
1352 4520 1535 4582 bonus
1556 4525 1666 4583 est.

152 4604 213 4664 Et
234 4609 549 4686 copiosius,
594 4629 788 4674 serm.
827 4614 903 4673 13
930 4611 1009 4674 de
1044 4614 1229 4673 Verb.
1261 4615 1522 4692 Apost.:
1558 4615 1670 4675 Di-

156 4699 225 4760 cit
254 4705 393 4766 milei
417 4706 679 4787 aliquis:
718 4707 895 4787 Ergo
930 4707 1213 4785 affinium
1236 4723 1357 4768 uon
1386 4707 1651 4790 aqimus.
1643 4708 1671 4752 ἲ

156 4789 504 4873 Responsa.-
534 4801 671 4862 Imo
710 4801 845 4880 ayis
884 4804 945 4862 et
986 4800 1211 4882 aperis,
1262 4805 1319 4863 et
1364 4806 1507 4864 tunc
1535 4802 1673 4863 bene

160 4887 287 4964 aqi-5,
313 4893 419 4954 sia
444 4895 585 4956 bono
620 4894 842 4975 ayeris.
888 4893 1171 4976 Spiritus
1196 4897 1355 4958 enim
1386 4897 1520 4971 Dei,
1566 4899 1671 4976 qui

160 4983 207 5038 te
242 4985 357 5062 agit
374 5031 389 5056 ,
435 4987 747 5067 aqeutibus
788 4989 1033 5069 adjutor
1075 4994 1188 5062 est,
1224 4991 1427 5070 ipsum
1466 5007 1677 5052 nomen

162 5073 425 5177 adjutoris
442 5082 787 5158 prescribit
815 5083 948 5152 tibi,
992 5083 1139 5163 quia
1179 5084 1403 5163 tuipse
1442 5083 1681 5163 aliquid

161 5179 288 5242 (1928,
315 5175 423 5230 etc.
454 5173 541 5232 Ex
591 5173 817 5250 quibus
852 5174 1182 5253 Augustini
1206 5175 1415 5235 verbis
1452 5175 1673 5236 intelli-

164 5255 357 5332 gimus,
386 5281 507 5325 non
547 5268 747 5326 solum
784 5267 1025 5329 ratione
1054 5267 1375 5328 excitantis
1427 5269 1665 5346 gratiae,

164 5349 255 5408 sed
278 5353 449 5416 etiam
475 5357 820 5438 adjuvantis
857 5358 1097 5422 dictum
1135 5379 1323 5422 esse:
1362 5361 1477 5435 Qus·
1523 5361 1669 5444 Spi-

3196 384 3306 447 201

1751 497 2125 571 exhortante,
2153 494 2542 559 illuminante
2561 499 2619 556 et
2655 494 3002 574 adjuvante.
3038 492 3317 570 Explicat

1750 593 1962 649 autem
1995 588 2116 650 hoc
2165 587 2548 668 adjutorium
2591 606 2728 649 esse
2772 604 2888 665 per
2933 585 3315 665 cooperatio-

1750 700 1921 753 nem,
1950 681 2268 744 adducens
2295 681 2451 742 illud
2471 682 2552 742 ad
2579 683 2758 743 Rom.
2789 681 2829 741 8
2857 698 2873 741 2
2903 679 3316 762 Dilfyentibus

1751 779 1941 839 Deum
1964 780 2164 839 omnia
2182 782 2574 857 cooperantur
2601 776 2670 836 iu
2693 776 2942 846 bouum,·
2975 776 3038 835 et
3067 772 3316 834 conclu-

1750 870 1839 931 dit
1872 889 1887 929 :
1924 868 2008 933 Si
2037 888 2154 932 non
2181 887 2336 932 esses
2378 875 2676 949 operator,
2721 868 2828 931 ille
2853 884 2972 929 non
3007 871 3162 929 esset
3190 884 3316 929 eoo-

1745 969 2013 1043 perator.
2057 964 2293 1025 Eodem
2323 963 2512 1024 modo
2541 962 2794 1041 exponit
2823 962 3109 1040 Prosper,
3139 961 3245 1021 lib.
3277 961 3316 1021 2

1750 1057 1829 1117 de
1860 1057 2182 1119 vocation.
2215 1056 2423 1128 Gent.,
2461 1075 2515 1117 c.
2547 1057 2649 1129 10,
2682 1055 2835 1117 alias
2862 1057 2918 1129 3,
2953 1054 3062 1115 ubi
3085 1053 3318 1133 signifi-

1752 1156 1852 1212 cat
1880 1151 2036 1211 nihil
2064 1150 2234 1211 aliud
2266 1168 2406 1212 esse
2449 1150 2680 1230 Spiritu
2719 1151 2831 1211 Dei
2857 1150 2984 1229 agi,
3031 1149 3151 1209 nisi
3183 1146 3316 1226 Spi-

1750 1245 1874 1305 ritu
1886 1246 1998 1307 Dei
2027 1245 2161 1325 regi
2195 1263 2208 1304 :
2231 1244 2314 1309 Si
2325 1244 2410 1307 ad
2417 1245 2442 1304 ε’
2438 1260 2558 1327 psa
2573 1244 2819 1323 (inquit)
2843 1243 3055 1305 mundi
3067 1240 3317 1305 exordia

1749 1358 2159 1415 recurramus,
2199 1338 2564 1403 inveniemus
2607 1337 2870 1401 omnim
2916 1336 3312 1410 Sanctorum,

1752 1436 1855 1515 qui
1875 1435 1938 1496 di
1942 1435 2174 1496 lucium
2195 1438 2652 1511 praeessu-ant,
2679 1434 2794 1496 Dei
2824 1430 3140 1513 Spiritum
3156 1432 3318 1507 fuis-

1752 1544 1815 1590 se
1836 1531 2124 1590 rectorem
2140 1551 2164 1597 ,·
2179 1532 2431 1609 propter
2455 1528 2613 1607 quod
2640 1532 2698 1590 et
2717 1526 2842 1606 filii
2869 1526 2984 1588 Dei
3019 1525 3317 1587 nominati

1753 1628 1921 1691 sunt,
1945 1620 2250 1702 quoniam,
2291 1625 2365 1683 ut
2391 1622 2483 1683 ait
2499 1620 2832 1702 Apostolus
2862 1643 2885 1678 .·
2920 1616 3036 1693 Qui
3065 1616 3318 1697 Spiritu

1756 1715 1871 1777 Dei
1894 1719 2187 1796 aquei-tur,
2218 1715 2284 1777 1ιί
2319 1718 2466 1777 suut
2485 1714 2608 1793 filii
2649 1714 2786 1776 Dei.
2821 1710 3011 1773 Addit
3037 1728 3214 1782 vero,
3249 1710 3316 1770 in

1755 1808 1862 1868 lib.
1910 1809 2217 1882 Sentent.,
2249 1807 2313 1867 in
2343 1809 2483 1879 310,
2511 1806 2650 1885 plus
2681 1823 2820 1867 esse
2861 1804 2962 1883 agi
2992 1822 3184 1883 quam
3217 1821 3318 1864 re-

1756 1903 1815 1981 gi
1856 1921 1867 1962 :
1906 1900 2025 1975 Qui
2060 1903 2222 1964 enim
2237 1902 2498 1982 πρίων,
2516 1900 2758 1979 aliquid
2773 1902 2930 1979 ayit,
2964 1902 3021 1960 et
3063 1898 3192 1959 ideo
3221 1914 3320 1959 re·-

1750 1996 1921 2079 yitur
1949 2001 2022 2059 ut
2045 1999 2204 2058 recte
2230 1999 2418 2077 ayat,
2412 2020 2424 2033 ·
2458 1991 2564 2073 qui
2590 1997 2792 2055 autem
2818 1991 3050 2072 agitur,
3083 1990 3324 2069 aliquid

1753 2092 1883 2173 ipse
1931 2108 2106 2172 aqere
2143 2088 2250 2151 via
2287 2088 2684 2169 iutelliyitur,
2732 2091 2790 2149 et
2835 2091 3038 2148 tamen
3077 2088 3318 2147 tantum

1752 2188 2014 2263 proestat
2057 2182 2469 2245 voluntatibus
2503 2180 2736 2243 uostris
2775 2179 2984 2259 qratia
3031 2175 3320 2239 Salvato-

1754 2276 1872 2345 ris‚
1896 2282 1971 2339 ut
2005 2294 2125 2337 nou
2153 2276 2379 2338 dubitet
2407 2271 2736 2354 Apostolus
2760 2272 2996 2336 dicere:
3023 2270 3322 2350 Quotquot

1763 2368 2016 2448 Spu-itu
2044 2369 2158 2431 Dei
2199 2371 2489 2451 aquatum,
2523 2368 2588 2430 1ιί
2621 2365 2744 2447 filii
2785 2364 2902 2426 Dei
2941 2370 3106 2428 suut.
3141 2362 3320 2435 Quod

1756 2461 2002 2522 videtur
2043 2480 2080 2522 a
2114 2462 2419 2540 Prospero
2459 2478 2572 2539 per
2609 2459 2948 2537 quamdam
2979 2474 3320 2537 exaggera-

1756 2556 1996 2617 tionem
2019 2555 2276 2628 dictum,
2309 2554 2389 2615 ad
2415 2553 2864 2615 declarandum
2885 2553 2950 2612 in
2979 2551 3098 2612 hoc
3124 2567 3322 2629 nego-

1756 2650 1843 2710 tio
1870 2648 2198 2728 primarias
2235 2654 2446 2726 partes
2473 2666 2612 2709 esse
2649 2646 2873 2707 divinae
2905 2645 3144 2724 gratiae,
3177 2660 3318 2723 quae

1760 2760 1889 2803 non
1918 2742 2122 2803 solum
2163 2741 2662 2813 concomitando,
2711 2740 2824 2800 sed
2861 2739 3051 2801 etiam
3083 2754 3326 2817 prteve-

1760 2836 1994 2899 niendo
2023 2842 2084 2897 et
2125 2835 2476 2913 dirigendo,
2520 2838 2766 2895 nostras
2813 2833 3166 2893 voluntates
3211 2848 3323 2911 gu-

1760 2931 2005 2991 bernat.
2038 2929 2240 3003 Unde,
2269 2929 2332 2987 in
2357 2927 2466 2988 lib.
2500 2934 2717 2988 contra
2739 2925 2982 2997 Collat.,
3015 2944 3070 2986 c.
3105 2926 3204 2997 10,
3234 2923 3323 2985 sic

1760 3025 1962 3103 inquit
1999 3043 2012 3083 :
2048 3024 2458 3103 Proeparatm·
2505 3021 2788 3083 voluutas
2825 3038 2862 3083 a
2903 3020 3162 3082 Domino
3179 3063 3195 3089 ‚
3237 3024 3318 3090 et,

1758 3127 1831 3183 ut
1866 3119 2002 3182 boui
2037 3117 2272 3199 aliquid
2310 3122 2502 3195 ayant
2521 3161 2536 3188 ,
2572 3116 2855 3198 paternis
2893 3113 3324 3196 inspirationi—

1760 3213 1868 3275 bus
1908 3230 2154 3276 sumum
2186 3212 2316 3291 ipse
2354 3208 2555 3290 tauqit
2580 3209 2761 3271 corda
2777 3209 3048 3289 fidelium
3080 3234 3102 3268 .·
3133 3206 3316 3280 Quot-

1760 3311 1901 3386 quot
1925 3306 2088 3368 eni-m
2139 3303 2394 3385 Spiritu
2423 3301 2544 3364 Dei
2588 3307 2878 3384 ayuntw,
2931 3301 2996 3364 1ιί
3018 3297 3138 3381 filii
3179 3303 3326 3361 sunt

1760 3399 1897 3470 Dei,
1939 3403 2012 3462 ut
2057 3415 2164 3459 uec
2205 3399 2483 3458 nostrum
2525 3397 2864 3458 sentiamus
2922 3389 3116 3457 deesse
3165 3393 3324 3455 arbi-

1760 3494 1974 3568 trium,
2009 3497 2067 3554 et
2089 3492 2158 3552 in
2184 3488 2348 3552 bonis
2381 3491 2710 3570 quibusque
2745 3506 2820 3552 ae
2845 3488 3180 3551 voluntatis
3207 3488 3324 3548 hu-

1758 3603 1957 3648 mauoe
2001 3585 2269 3667 sinyulis
2309 3585 2589 3656 motibus,
2633 3581 2831 3665 maffis
2879 3581 3078 3662 ipsius
3123 3579 3325 3642 valere

1756 3697 1877 3741 uon
1894 3677 2228 3741 dubitemus
2267 3676 2589 3740 auxilium.
2624 3675 2774 3747 Quae
2803 3675 2995 3736 verba
3021 3691 3152 3733 non
3177 3677 3323 3733 sunt

1758 3772 1951 3834 solius
2001 3771 2309 3851 Prosperi,
2367 3771 2480 3832 sed
2533 3769 2808 3849 plurium
2869 3768 3322 3847 Episcoporum

1761 3867 2192 3928 Africanorum
2210 3911 2226 3939 ‚
2257 3867 2321 3926 in
2362 3864 2679 3944 Rescripto
2727 3863 2808 3924 ad
2852 3861 3169 3924 Zozimum
3209 3861 3322 3920 Pa·

1758 3978 1927 4038 pam.
1971 3960 2118 4032 Quae
2146 3959 2336 4020 etiam
2371 3956 2562 4020 refert
2604 3962 2665 4018 et
2706 3956 2975 4016 maxime
3007 3969 3325 4014 commen-

1756 4053 1863 4116 dat
1888 4053 2280 4126 CoelestinuS,
2325 4052 2502 4131 epist.
2535 4054 2562 4111 1
2603 4049 2684 4110 ad
2713 4049 3052 4128 Episcopos
3079 4045 3318 4120 Galliae,

1756 4167 1893 4226 cap.
1924 4150 1985 4208 8.
2017 4149 2212 4227 Igitur
2246 4147 2312 4207 in
2361 4146 2502 4218 hoc,
2537 4143 2705 4223 quod
2747 4143 2857 4203 filii
2903 4139 3016 4204 Dei
3050 4142 3324 4218 aguntur

1756 4243 1837 4304 ab
1877 4243 2110 4321 Spiritu
2136 4243 2386 4314 Sancte,
2441 4258 2568 4302 non
2607 4238 2808 4318 magis
2834 4234 3176 4298 includitur
3217 4232 3322 4292 de-

1754 4335 2110 4397 terminatio
2138 4335 2420 4415 physica,
2455 4351 2644 4412 quam
2671 4333 2738 4392 in
2767 4349 2843 4392 eo
2881 4328 3053 4409 quod
3078 4329 3160 4388 ab
3185 4327 3321 4407 ipso

1755 4429 2104 4491 excitantur
2146 4433 2208 4489 et
2233 4427 2610 4508 adjuvantur
2633 4426 2697 4486 in
2727 4423 3020 4486 omnibus
3052 4421 3316 4494 actibuS,

1753 4541 1913 4601 quos
1955 4529 2022 4583 ut
2057 4521 2166 4583 filii
2207 4521 2315 4582 Dei
2361 4525 2722 4600 operantur.
2764 4518 2898 4579 Imo
2945 4533 3064 4578 nec
3109 4516 3322 4594 aliqua

1751 4615 2324 4694 praedeterminatio
2373 4613 2660 4686 moraliS,
2713 4630 2852 4690 quae
2903 4609 3156 4690 propria
3209 4626 3322 4669 seu

1752 4708 2006 4788 speciali
2039 4707 2334 4778 efficacia,
2359 4713 2467 4768 aut
2491 4704 2934 4768 abundantiori
2959 4704 3158 4782 gratia
3183 4702 3316 4776 fiat,

1752 4821 1829 4864 ex
1852 4803 1908 4861 vi
1940 4802 2102 4862 illius
2143 4800 2470 4862 locutionis
2506 4799 2861 4861 necessaria
2893 4803 3009 4870 est,
3046 4796 3158 4858 sed
3189 4794 3323 4856 sul-

1750 4896 1879 4957 ficit
1906 4895 2012 4956 illa
2037 4895 2377 4973 praeventio
2403 4898 2467 4955 et
2493 4892 2782 4953 excitatio
2812 4891 3076 4970 Spiritus
3107 4889 3318 4951 Sancti

1756 5007 1901 5050 cum
1929 4988 2244 5049 communi
2276 4987 2489 5064 gratias
2534 4985 2869 5065 adjutorio,
2914 4984 3048 5044 sine
3092 4982 3320 5060 quibus

1755 5100 1947 5162 opera
1971 5080 2217 5159 pietatis
2253 5079 2462 5139 facere
2487 5097 2613 5140 non
2645 5095 3001 5157 possumus,
3031 5079 3101 5134 ut
3129 5073 3318 5135 ratio-

1751 5193 1833 5235 ne
1861 5174 2027 5234 illius
2073 5173 2156 5234 ab
2195 5173 2428 5252 Spiritu
2467 5173 2696 5234 Sancto
2726 5171 2863 5278 regi
2893 5176 2954 5232 et
3001 5169 3107 5248 agi
3147 5168 3318 5228 dica-

1750 5287 1934 5340 mur,
1982 5274 2044 5329 et
2091 5268 2176 5329 ita
2224 5273 2294 5328 ut
2327 5285 2446 5328 nos
2495 5273 2684 5328 etlam
2716 5265 2832 5372 ipsi
2863 5282 2982 5324 nos
3023 5277 3311 5340 agamuS,

1752 5368 1813 5424 et
1868 5363 1952 5424 ad
2007 5362 2230 5425 eadem
2268 5379 2461 5442 opera
2509 5377 2654 5420 cum
2704 5359 2843 5438 ejus
2885 5353 3193 5436 adjutorio
3241 5352 3314 5412 li-

165 5439 273 5503 ritu
294 5445 399 5510 Dei
432 5457 711 5532 aquam,
744 5455 811 5516 1ιί
851 5458 998 5516 suut
1018 5452 1141 5533 filii
1162 5453 1297 5528 Dei,
1341 5455 1511 5533 quod
1548 5461 1669 5516 sta-
1746 5456 1966 5518 beram
2015 5463 2295 5518 nostram
2333 5453 2724 5517 voluntatem
2764 5446 3278 5512 determinemus.

167 5532 259 5594 tim
318 5543 677 5622 Augustinus
730 5548 1017 5628 exposuit
1062 5548 1279 5610 dicens
1334 5566 1347 5608 ε
1414 5548 1669 5630 Spiritu
