3850 6225
567 435 686 493 ΞΜ

570 535 956 596 voluntatem
985 551 1115 593 non
1142 531 1568 605 dissentiendi,
1602 529 2138 611 praedeterminari

573 627 908 690 efficaciter
937 645 974 686 a
1003 627 1157 698 Deo,
1188 631 1257 686 ut
1283 624 1434 686 velit
1461 625 1768 696 assentiri,
1789 631 1850 686 et
1878 624 2134 685 credere

573 741 712 784 esse
742 738 960 780 verum
999 718 1169 798 quod
1221 719 1610 798 proponitur,
1645 735 1788 780 cum
1839 717 1944 778 illa
2000 737 2138 778 sus-

577 814 797 894 pensio
829 819 1026 886 actuS,
1057 811 1203 872 licet
1241 811 1320 872 sit
1367 813 1576 872 minus
1607 811 1771 872 mala
1809 829 2001 891 quam
2034 829 2139 870 vo-

575 911 785 968 luntas
827 905 1258 982 dissentiendi,
1303 910 1516 967 tamen
1565 923 1639 966 ex
1679 923 1746 965 se
1793 905 1961 965 bona
2008 922 2139 964 non

579 1002 698 1074 sit;
733 1001 884 1072 ime,
914 999 962 1060 si
1020 1004 1244 1080 urgeat
1282 1003 1661 1078 praeceptum
1695 998 1955 1078 positive
1981 1016 2140 1064 ,cre-

575 1093 786 1164 dendi,
818 1093 1012 1173 possit
1041 1111 1178 1154 esse
1204 1091 1390 1154 mala.
1423 1091 1604 1154 Nulla
1629 1109 1780 1170 ergo
1815 1089 2136 1171 dispositio

575 1189 888 1271 negativa,
925 1187 1122 1249 libera
1168 1195 1230 1249 et
1273 1187 1548 1261 moralis,
1595 1186 1745 1267 fingi
1798 1191 2025 1264 potest,
2060 1204 2134 1244 ex

573 1302 698 1363 qua
727 1282 1021 1361 pendeat,
1054 1287 1116 1342 et
1166 1280 1246 1342 ad
1294 1299 1485 1360 quam
1531 1283 1953 1358 consequatur
2000 1279 2137 1338 hacc

571 1375 764 1438 motio
795 1372 1050 1447 efficax3
1095 1375 1385 1454 quocirca
1413 1373 1796 1436 voluntatem
1834 1373 2040 1434 sinere
2068 1391 2135 1434 se

571 1467 811 1530 moveri
839 1487 876 1528 a
921 1469 1048 1528 Deo
1093 1472 1379 1542 vocante,
1414 1483 1542 1528 non
1586 1473 1680 1528 est
1729 1466 1899 1527 aliud
1946 1484 2137 1546 quam

573 1562 837 1642 positive
864 1561 1270 1640 respondere,
1302 1567 1366 1623 et
1394 1561 1629 1635 conari,
1648 1566 1708 1623 et
1739 1559 1964 1622 elicere
1990 1577 2141 1620 con-

573 1674 828 1717 sensum
857 1655 1123 1716 liberum
1153 1655 1550 1734 cooperando
1591 1655 1808 1734 gratias
1841 1653 2141 1734 adjuvan-

575 1749 650 1822 ιίς
686 1753 746 1810 et
775 1756 921 1809 ante
953 1749 1112 1810 hanc
1135 1749 1660 1829 cooperationem,
1692 1747 1866 1809 nulla
1885 1745 2139 1825 negatio

571 1843 742 1924 prior
790 1846 1014 1903 natura
1054 1841 1318 1922 intelligi
1365 1847 1595 1922 potest,
1627 1859 1766 1921 quae
1809 1841 1887 1902 sit
1919 1839 2139 1902 efficax

576 1941 684 1996 aut
733 1935 1091 1996 necessaria
1137 1936 1294 1998 ratio
1350 1953 1427 1996 ex
1479 1941 1659 2015 parte
1712 1934 2005 2004 hominiS‚
2056 1931 2137 1992 ob

573 2049 764 2110 quam
786 2029 952 2091 Deus
980 2030 1064 2090 illi
1109 2031 1343 2111 praebet
1383 2028 1742 2110 huJusmodi
1796 2027 2140 2107 praedeter-

575 2123 1006 2185 minationem.
1048 2125 1458 2204 Quapropter,
1491 2123 1541 2184 si
1572 2122 1678 2181 illa
1709 2128 1802 2182 est
1845 2139 2139 2180 necessa·-

572 2218 690 2289 ria,
727 2235 804 2277 ex
839 2217 972 2278 sola
999 2219 1111 2278 Dei
1161 2217 1361 2278 libera
1414 2217 1727 2278 voluntate
1783 2213 2133 2294 praebetur3

571 2310 739 2372 unde
778 2309 850 2373 fit
883 2331 1022 2372 cam
1055 2330 1182 2373 non
1223 2331 1360 2373 esse
1399 2309 1463 2371 in
1505 2315 1808 2390 potestate
1865 2307 2136 2368 hominis

575 2407 676 2467 cui
717 2424 845 2465 non
887 2405 1092 2479 datur,
1123 2411 1185 2466 et
1217 2423 1292 2466 ex
1323 2403 1754 2481 consequenti.
1787 2419 1916 2462 non
1947 2419 2133 2480 posse

573 2499 660 2560 illi
684 2499 1000 2577 imputari,
1034 2497 1204 2578 quod
1233 2517 1359 2558 non
1391 2499 1706 2576 operetur.

655 2593 751 2652 12.
800 2589 1110 2654 Conclusio
1135 2593 1192 2652 et
1218 2607 1455 2653 summa
1480 2590 1664 2670 hujus
1692 2587 2027 2651 discursus.
2056 2619 2139 2634 —

573 2685 662 2745 Ex
688 2682 914 2762 quibus
944 2684 1288 2744 rationibus
1317 2689 1379 2744 et
1411 2685 1549 2744 aliis
1590 2681 1916 2752 similibuS,
1952 2699 2139 2759 supe-

574 2777 727 2852 riuS,
773 2777 932 2838 libro
981 2777 1205 2856 primo,
1253 2777 1454 2856 capite
1503 2776 1791 2855 septim0,
1836 2771 2139 2835 conclusi-

572 2888 738 2943 muS,
774 2887 1148 2930 concursum
1186 2889 1389 2932 causae
1432 2871 1646 2951 primae
1677 2867 1756 2929 ad
1780 2873 1956 2929 actus
1986 2866 2140 2927 libe-

571 2981 676 3024 ros
705 2963 995 3024 humanm
1018 2964 1358 3025 voluntatis
1393 2981 1522 3024 non
1561 2961 1824 3042 praeberi
1851 2979 2139 3021 necessa-

571 3056 664 3119 rio
708 3075 822 3137 per
867 3055 1226 3137 hujusmodi
1275 3056 1662 3118 voluntatem
1708 3055 2031 3117 efficacem
2079 3059 2142 3115 et

573 3150 945 3225 absolutam,
1000 3170 1124 3230 qua
1183 3152 1350 3213 Deus
1411 3150 1561 3212 velit
1608 3154 1810 3210 actum
1871 3148 2140 3209 liberum

575 3243 711 3305 fieri
741 3262 778 3305 a
817 3244 1137 3307 voluntate
1187 3244 1502 3316 humana3
1548 3242 1661 3303 sed
1703 3240 1991 3302 sufficere
2042 3260 2142 3302 ac-

571 3342 706 3397 tum
733 3354 858 3417 quo
879 3336 1076 3399 veluti
1105 3338 1223 3399 sub
1252 3337 1607 3398 conditione
1637 3334 1784 3396 velit
1811 3334 2003 3395 talem
2034 3352 2139 3395 ac-

573 3436 709 3493 tum
743 3430 903 3505 fieri,
943 3434 1006 3492 et
1035 3430 1122 3492 sic
1150 3430 1230 3491 ad
1255 3430 1431 3491 illum
1457 3430 1746 3503 influere,
1783 3427 1831 3488 si
1853 3426 2141 3489 voluntas

577 3525 854 3585 humana
882 3523 964 3585 ad
991 3523 1166 3585 illum
1197 3522 1523 3602 cooperari
1551 3520 1838 3583 voluerit.
1879 3522 2012 3582 Hoc
2043 3538 2139 3580 er-

575 3635 656 3699 go
682 3618 886 3696 ipsum
927 3616 1262 3679 dicendum
1310 3620 1404 3677 est
1440 3616 1628 3677 etiam
1671 3614 1736 3675 in
1767 3620 2141 3693 supernatu-

575 3709 809 3771 ralibus
843 3711 1105 3784 actibuS,
1144 3716 1330 3789 atque
1363 3710 1786 3770 necessarium
1818 3713 1912 3769 est
1954 3712 2021 3767 ut
2046 3706 2133 3780 hi,

578 3802 682 3882 qui
713 3801 790 3863 de
835 3802 999 3864 facto
1029 3822 1158 3865 non
1187 3801 1605 3873 consentiunt,
1641 3800 1883 3863 etiamsi
1911 3817 2141 3861 vocen-

577 3902 702 3969 tur,
747 3914 895 3958 vere
935 3896 1057 3957 dici
1091 3895 1330 3976 possint
1375 3896 1610 3957 habere
1640 3894 1939 3956 auxilium
1968 3892 2141 3953 suffi-

579 3990 774 4063 ciens,
807 3990 1093 4069 quamvis
1120 4008 1249 4052 non
1288 3990 1564 4051 habeant
1607 3988 1847 4050 efficax.
1877 3990 1952 4049 Et
1983 3988 2140 4049 ratio

577 4100 616 4143 a
637 4080 826 4161 pstori
855 4088 969 4157 est,
999 4084 1145 4163 quia
1171 4083 1614 4163 dependentia,
1636 4100 1825 4162 quam
1843 4088 2018 4143 actus
2042 4099 2136 4141 su·

578 4176 1017 4255 pernaturales
1057 4176 1292 4237 habent
1332 4196 1368 4237 a
1417 4178 1545 4237 Deo
1575 4180 1644 4236 ut
1675 4174 1876 4255 prima
1922 4192 2136 4245 causa,

578 4269 723 4330 licet
752 4268 815 4329 in
845 4288 913 4331 se
943 4270 1022 4331 sit
1051 4268 1284 4331 altioris
1314 4270 1566 4343 ordiniS,
1600 4275 1815 4331 tamen
1855 4274 1951 4329 est
1981 4270 2141 4347 ejus-

580 4362 724 4423 dem
763 4363 1200 4443 proportionis,
1235 4369 1297 4424 et
1329 4362 1620 4424 eamdem
1652 4362 1843 4423 habet
1863 4360 2142 4422 radicem

580 4461 643 4517 et
663 4456 992 4534 originem,
1025 4455 1177 4516 utin
1211 4474 1265 4518 c.
1301 4458 1338 4517 3
1364 4455 1818 4517 declaravimus
1838 4474 1853 4527 ;
1873 4454 2015 4515 ideo
2038 4472 2145 4515 eo·-

577 4547 722 4609 dem
745 4548 932 4609 modo
961 4548 1221 4629 reperiri
1247 4550 1451 4627 potest
1471 4548 1534 4609 in
1563 4548 1883 4609 voluntate
1917 4546 2139 4623 libera,

583 4645 645 4702 et
667 4660 744 4703 ex
771 4646 947 4720 parte
961 4642 1070 4703 Dei
1097 4642 1286 4703 etiam
1315 4642 1612 4721 applicari
1631 4644 1833 4720 potest
1858 4640 1995 4720 ejus
2020 4640 2145 4700 vir-

580 4739 680 4794 tus
734 4734 816 4794 ad
856 4733 1246 4795 influendum
1279 4734 1342 4795 in
1379 4734 1556 4794 illum
1599 4741 1807 4795 actum
1841 4752 1918 4795 ex
1959 4734 2143 4795 simili

581 4828 900 4888 voluntate
952 4826 1129 4906 quasi
1197 4828 1616 4890 conditionata
1667 4835 1728 4890 et
1777 4834 2145 4908 expectante

579 4922 840 4983 liberam
855 4922 1361 5001 cooperationem
1375 4927 1601 4983 creatae
1618 4922 1957 4983 voluntatis
1975 4942 1989 4995 ;
2018 4940 2147 4983 non

582 5020 680 5075 est
719 5032 870 5095 ergo
915 5016 1270 5076 necessaria
1314 5014 1394 5075 ad
1428 5013 1791 5093 praedictum
1839 5014 2147 5075 influxum

583 5126 697 5169 seu
729 5107 1214 5189 dependentium
1258 5109 1361 5169 illa
1407 5108 1696 5169 voluntas
1747 5108 2037 5171 absoluta
2072 5128 2145 5170 ac

581 5200 1162 5281 praedetemiuans.

663 5296 760 5355 13.
803 5294 1037 5357 Ultima
1070 5295 1256 5368 ratio,
1283 5312 1356 5357 em
1377 5298 1784 5378 repuynantia
1811 5312 1946 5359 cum
1970 5294 2148 5359 liber-

583 5391 708 5451 tate
752 5388 949 5467 quoad
986 5386 1357 5451 exercitium.
1402 5420 1484 5434 —
1524 5388 1790 5449 Aliunde
1831 5408 1979 5451 vero
2018 5406 2147 5451 non

583 5480 784 5559 magis
819 5486 1025 5560 potest
1061 5480 1376 5542 cohaerere
1419 5481 1552 5543 haec
1581 5480 2147 5561 praedeterminatio

583 5573 844 5655 physica
867 5592 984 5655 per
1009 5574 1423 5638 extrinsecam
1451 5573 1560 5637 Dei
1589 5575 1973 5639 voluntatem
2005 5594 2149 5637 cum

1408 434 1618 486 Ol'USC.
1655 437 1695 495 l,
1730 433 1844 484 ΗΒ.
1881 435 1967 486 lll.
2006 433 2084 483 nl:
2119 431 2389 484 Auxlmls
2426 431 2654 486 Divum
2684 430 2949 486 GRATIAE.

2216 530 2635 594 indifferentia
2672 533 2975 595 libertatis
3010 535 3325 612 humanae,
3362 539 3547 616 quoad
3573 562 3690 608 exer-

2224 624 2435 685 citium
2472 633 2679 698 actus‚
2721 645 2911 706 quam
2933 627 3486 707 praedeteminatio
3514 653 3605 714 per
3624 657 3693 701 cn-

2222 717 2459 779 titatem
2486 719 2928 792 inhaerentem3
2956 739 3106 802 ergo
3135 740 3263 782 non
3294 724 3485 784 solum
3511 745 3609 788 non
3632 741 3693 793 est

2220 814 2574 874 necessaria
2606 813 2745 874 talis
2768 813 3056 875 voluntas
3078 815 3194 876 Dei
3218 813 3298 876 ad
3326 816 3483 879 hunc
3508 837 3693 885 concur-

2222 925 2379 980 sum,
2429 923 2649 969 verum
2686 907 2873 969 etiam
2908 927 3024 969 nec
3054 907 3383 989 possibilie,
3426 912 3475 972 si
3508 929 3696 977 concur-

2220 1019 2326 1062 sus
2354 999 2601 1062 dandus
2630 1007 2724 1063 est
2753 1001 2834 1062 ad
2869 1007 3079 1064 actum
3106 1001 3396 1078 liberum,
3432 1004 3550 1084 ejus
3566 1007 3697 1070 liber-

2218 1101 2344 1155 tate
2376 1101 2643 1157 servata.
2694 1095 3086 1156 Antecedens
3132 1095 3255 1156 late
3298 1095 3599 1175 probatum
3638 1111 3697 1164 est

2216 1187 2382 1249 dicto
2404 1187 2561 1248 libro
2585 1187 2809 1268 primo,
2834 1189 3035 1268 capite
3056 1187 3298 1250 decimo
3324 1196 3557 1268 quai-tm
3580 1212 3698 1268 nam,

2216 1289 2286 1342 ut
2308 1281 2454 1356 dixi,
2480 1281 2691 1360 quoad
2710 1281 2829 1343 hoc
2854 1281 3078 1343 eadem
3106 1287 3199 1344 est
3227 1283 3387 1344 ratio
3408 1289 3619 1345 actuum
3638 1307 3702 1348 su-

2217 1375 2712 1455 pernaturalium
2742 1383 2804 1436 et
2844 1375 3130 1436 aliorum.
3170 1375 3323 1437 Item
3352 1375 3595 1438 rationes
3618 1399 3703 1442 om-

2220 1477 2357 1542 nes,
2378 1489 2517 1550 quse
2540 1469 2718 1530 factoe
2736 1475 2881 1531 sunt
2899 1468 2977 1530 de
2994 1470 3400 1548 proemotione
3417 1468 3701 1544 inhaerente,

2220 1563 2491 1643 probant
2516 1562 2685 1624 idem
2723 1561 2800 1624 de
2846 1578 3243 1643 quacumque
3274 1563 3634 1642 praemotionc
3652 1568 3707 1628 cf-

2220 1655 2422 1731 ficaci,
2445 1675 2585 1736 quae
2608 1655 2685 1717 sit
2709 1657 2965 1717 omnino
2992 1655 3408 1729 antecedens;
3433 1655 3545 1716 imo
3568 1661 3706 1720 mullo

2221 1750 2423 1830 magis
2450 1749 2718 1830 probant
2746 1749 2823 1810 de
2856 1751 2977 1811 hac
3004 1751 3409 1830 praemotione
3436 1767 3538 1828 per
3562 1750 3705 1811 effica-

2219 1861 2358 1905 cem
2385 1843 2772 1906 voluntatem
2803 1844 2953 1916 Dei;
3000 1843 3146 1924 quia
3196 1843 3409 1902 minus
3450 1849 3623 1920 potest
3650 1845 3705 1904 illi

2217 1938 2509 1998 resistere
2540 1937 2827 1997 voluntas
2868 1941 3100 2008 creata,
3134 1953 3330 2015 quam
3381 1933 3605 1996 cuilibet
3626 1937 3705 1998 for-

2218 2049 2336 2091 mae
2378 2035 2603 2092 creatae
2644 2029 2759 2090 sibi
2797 2029 3148 2090 inhaerenti.
3198 2029 3382 2102 Nam,
3422 2027 3571 2107 quod
3602 2049 3707 2108 pra-

2220 2125 2409 2184 motio
2440 2125 2517 2183 sit
2538 2142 2652 2203 per
2680 2123 2997 2185 entitatem
3045 2123 3480 2195 inhaerentem,
3507 2129 3597 2182 aut
3620 2124 3706 2182 sino

2218 2217 2343 2290 illa,
2380 2217 2461 2277 ad
2508 2219 2947 2278 necessitatem
2999 2216 3394 2278 inferendam
3434 2215 3517 2275 nil
3558 2217 3706 2286 refert,

2218 2317 2285 2372 ut
2324 2315 2569 2372 constat
2606 2312 2667 2370 in
2698 2313 2974 2373 motione
3012 2309 3252 2372 brachii
3296 2307 3397 2370 vel
3437 2309 3709 2371 intellectus

2215 2422 2331 2484 per
2370 2405 2790 2476 voluntatem3
2824 2405 2977 2489 nibil
3024 2403 3193 2465 enim
3237 2402 3707 2482 praevium-impri-

2216 2498 2330 2560 mit
2374 2497 2663 2559 voluntas
2708 2498 2965 2559 brachio
2996 2497 3095 2558 vel
3126 2495 3499 2568 intellectui,
3536 2503 3585 2556 et
3606 2499 3710 2556 nihi-

2216 2591 2513 2664 lominuS,
2549 2591 2695 2670 quia
2725 2591 2999 2670 potentia
3043 2589 3279 2650 motiva
3308 2590 3413 2650 vel
3438 2589 3712 2650 intellectus

2219 2684 2587 2746 naturaliter
2616 2690 2677 2745 et
2706 2685 3062 2745 necessario
3108 2683 3415 2743 obediunt
3450 2683 3711 2757 voluntati,
3778 2747 3780 2754 ,

2220 2777 2304 2838 illi
2338 2783 2512 2837 actus
2537 2796 2665 2840 non
2694 2784 2840 2838 sunt
2882 2777 3061 2838 liberi
3103 2783 3398 2856 respectu
3428 2775 3618 2837 talium
3638 2796 3713 2855 po-

2219 2871 2559 2932 tentiarum
2583 2917 2602 2947 ,
2664 2871 2777 2932 scd
2840 2871 3041 2932 solum
3109 2875 3402 2954 resp-ectu
3454 2869 3714 2929 voluntatis

2220 2965 2547 3025 moventiS.
2614 2965 2714 3026 Sic
2762 2983 2912 3043 ergo
2965 2970 3141 3024 actus
3184 2963 3521 3024 voluntatis
3552 2969 3715 3022 nostre

2222 3075 2349 3119 non
2380 3057 2495 3119 erit
2535 3057 2694 3119 liber
2742 3063 3031 3136 respectu
3073 3057 3230 3137 ejuS,
3278 3056 3397 3119 sed
3442 3055 3619 3117 solum
3655 3073 3714 3115 re-

2223 3157 2439 3231 spectu
2464 3152 2577 3212 Dei
2605 3152 2938 3213 moventis,
3358 3148 3365 3159 ’

2305 3246 2402 3305 Μ.
2452 3244 2785 3318 Praeterea,
2818 3262 2963 3305 cum
3000 3243 3223 3304 eadem
3262 3243 3533 3305 efficacia
3561 3242 3716 3303 confir-

2223 3339 2381 3399 mari
2406 3339 2526 3400 hoc
2546 3339 2751 3418 ipsum
2780 3342 2983 3417 potest
3002 3338 3365 3399 testimonio
3386 3336 3613 3401 Concilii
3628 3334 3716 3395 'l'ri-

2222 3430 2465 3493 dentini
2510 3448 2698 3511 supra
2730 3430 3033 3502 adducto;
3074 3448 3246 3502 nam,
3304 3430 3359 3490 si
3406 3430 3653 3499 intentio,
3680 3435 3717 3486 et

2220 3526 2404 3595 rati0,
2424 3531 2485 3585 et
2500 3524 2689 3585 verba
2708 3522 2843 3604 ejus
2854 3527 3245 3604 spectentur,
3268 3540 3403 3584 non
3418 3524 3605 3583 minus
3622 3540 3719 3600 pm-

2222 3616 2388 3679 cedit
2403 3616 2597 3697 ipsius
2614 3616 2891 3679 definitio
2910 3617 2989 3678 de
3005 3617 3124 3678 hac
3138 3618 3539 3696 praemotione
3559 3614 3720 3676 extrin-

2222 3729 2386 3784 seca,
2406 3728 2597 3791 quam
2614 3710 2693 3771 de
2710 3725 3104 3790 quacumque
3123 3708 3483 3771 intrinseca.
3502 3708 3633 3770 Nam
3648 3708 3721 3767 im-

2220 3804 2436 3885 primis
2478 3803 2738 3866 intentio
2771 3804 3025 3865 Concilii
3068 3802 3184 3866 fuit
3221 3804 3483 3865 omnino
3524 3802 3720 3880 rejicere

2221 3898 2513 3959 haeresim
2557 3897 2785 3958 horum
2824 3904 3177 3976 temporum
3218 3898 3549 3967 dicentem,
3580 3898 3723 3956 Deum

2222 3991 2630 4071 praemotione
2668 4010 2783 4051 sua
2814 3992 3117 4071 impedire
3150 4008 3334 4052 usum
3388 3990 3654 4051 libertatis
3683 3988 3725 4046 in

2224 4084 2517 4164 operibus
2550 4084 2802 4164 gratiae3
2839 4088 2904 4145 at
2943 4101 3091 4145 vero
3146 4084 3423 4144 haeretici
3472 4082 3723 4162 potissime

2224 4179 2342 4240 hoc
2378 4178 2739 4255 ¹attribuunt
2778 4174 3005 4239 divinae
3052 4176 3359 4237 voluntati
3410 4175 3725 4237 extrinsecus

2224 4271 2543 4345 moventi3
2591 4288 2738 4330 nam
2783 4269 2859 4331 de
2901 4270 3133 4332 auxilio
3178 4270 3283 4330 illo
3315 4269 3649 4339 inhaerente,
3686 4270 3727 4325 et

2226 4364 2513 4426 distincto
2548 4364 2629 4426 ab
2650 4362 3019 4425 excitatione
3048 4363 3243 4437 vitali,
3278 4370 3343 4424 et
3382 4360 3725 4424 antecedente

2226 4476 2603 4519 consensum
2647 4456 2941 4532 liberum,
2992 4454 3229 4517 nullam
3265 4456 3634 4518 mentionem
3668 4452 3730 4512 fa-

2226 4553 2416 4613 ciunt.
2461 4552 2639 4615 Unde
2666 4552 2715 4612 si
2751 4550 3090 4613 Concilium
3116 4552 3278 4611 hanc
3308 4552 3497 4612 etiam
3522 4566 3731 4629 praemo-

2228 4644 2465 4705 tionem
2501 4663 2631 4706 non
2661 4642 2954 4714 excludit,
2992 4662 3123 4703 non
3163 4644 3311 4705 satis
3340 4644 3585 4704 damnat
3608 4642 3729 4700 hunc

2230 4756 2505 4799 errorem
2537 4744 2600 4799 et
2629 4737 2791 4799 illius
2822 4736 3324 4797 fundamentum.
3356 4734 3585 4797 Deinde
3616 4731 3730 4792 ratio

2230 4830 2365 4910 ejus
2423 4838 2483 4892 et
2527 4832 2721 4892 verba
2765 4829 2988 4891 eodem
3030 4829 3216 4891 modo
3249 4828 3466 4890 induci
3504 4830 3729 4909 possunt.

2228 4941 2353 5002 quo
2388 4924 2452 4984 in
2481 4924 2680 5003 capite
2708 4922 3098 5005 praecedente
3128 4922 3473 5003 ponderata
3512 4924 3652 4981 sunt.

2774 5118 2884 5183 Ea.-
2917 5116 3237 5182 Patribus.

2310 5296 2407 5356 15.
2456 5294 2797 5367 Praeterea,
2840 5293 3050 5354 omnia
3088 5300 3227 5372 quse
3266 5307 3341 5352 ex
3388 5288 3615 5353 Sanctis
3650 5286 3733 5345 Pa·

2228 5388 2425 5451 tribus
2456 5386 2828 5448 adduximus
2849 5433 2863 5460 ,
2897 5386 3054 5447 libro
3102 5387 3333 5465 primu,
3381 5384 3573 5461 capite
3608 5378 3735 5438 dcci-

2228 5500 2331 5542 mo
2360 5480 2564 5554 tertio,
2598 5480 2661 5541 in
2692 5480 2811 5542 hac
2828 5482 3013 5542 etiam
3033 5496 3219 5540 causa
3245 5476 3603 5559 procedunt,
3625 5470 3732 5551 quia

2228 5575 2345 5657 ipsi
2390 5574 2735 5656 generatim
2780 5574 3125 5652 loquuntur
3166 5572 3243 5635 de
3288 5568 3543 5633 scientia
3570 5584 3633 5627 ac
3654 5581 3735 5622 vo·
3779 5624 3780 5627 ,
