3850 6225
611 378 785 433 SECT.
816 380 877 432 11.
915 379 1095 433 SITNE
1129 382 1190 434 ΙΝ
1227 380 1344 433 1)Εο
1377 381 1646 435 PROPRIA
1677 377 1757 431 ET
1792 378 2106 433 rotimus
2141 378 2370 433 Jusrl‘r.
2407 376 2872 449 couuUTAJWA.

106 474 413 553 pondere
460 494 720 539 necesse
758 485 872 541 est.
926 480 1225 542 videmur
1268 482 1435 543 enim
1468 498 1699 541 novam

104 567 561 630 definitionem
615 573 1075 635 commutativae
1098 575 1353 653 justitiae
1406 574 1653 635 tradere
1680 619 1696 646 ,

106 662 301 739 quod
335 668 429 723 est
475 681 777 743 magnum
822 666 1313 743 incommodum,
1361 686 1501 729 cum
1528 668 1593 728 in
1623 686 1697 729 ea

104 754 452 817 tundanda
484 757 561 817 sit
600 762 729 817 tota
758 758 1061 829 doctrina,
1106 761 1169 821 id
1252 780 1375 840 que
1424 782 1497 823 ex
1528 780 1698 823 com-

104 852 303 909 muni
362 850 769 929 conceptione
828 852 1151 913 hominum
1258 854 1532 917 umen'da
1596 856 1693 915 sit.

106 942 585 1020 Respondetur,
608 942 753 1004 licet
774 943 1041 1006 fortasse
1072 946 1255 1007 alicui
1301 966 1465 1008 nova
1510 968 1699 1027 appa-

108 1043 259 1095 reat
284 1035 351 1095 in
374 1036 707 1097 verborum
724 1036 913 1098 modo
937 1045 1047 1100 aut
1062 1038 1262 1103 forma
1277 1042 1341 1101 in
1370 1060 1493 1120 qua
1523 1059 1559 1101 a
1584 1060 1699 1102 no-

110 1128 215 1187 bis
260 1130 465 1207 posita
506 1135 621 1203 est,
660 1148 795 1191 rem
829 1138 1043 1193 tamen
1080 1152 1211 1195 uon
1258 1152 1397 1203 esse
1432 1154 1695 1208 novam;

112 1222 641 1299 quandoquidem
659 1224 811 1283 nihil
840 1226 1011 1287 aliud
1036 1234 1131 1288 est
1154 1246 1343 1307 quam
1370 1227 1701 1307 applicatio

120 1314 491 1375 communis
514 1316 891 1378 definitionis
920 1319 1198 1397 justitiae,
1231 1327 1301 1381 ut
1327 1322 1436 1393 sic,
1458 1320 1539 1381 ab
1566 1338 1703 1382 om-

114 1408 323 1469 nibus
352 1408 815 1487 receptissimae,
848 1411 929 1471 ad
956 1412 1399 1490 particularem
1426 1414 1700 1493 speciem

104 1502 400 1580 justitias.
433 1504 559 1563 Nee
589 1522 739 1563 vero
771 1506 1155 1579 Aristotelea,
1182 1508 1252 1567 D.
1281 1508 1574 1580 Theium,
1592 1514 1699 1569 aut

114 1594 226 1654 alii
262 1600 551 1655 auctores
571 1613 795 1674 graves
824 1598 1015 1659 aliam
1042 1599 1362 1680 propriam
1390 1600 1698 1662 definitio·

112 1706 273 1747 nem
289 1688 543 1767 Justitioe
572 1691 1031 1751 commutativae
1060 1692 1244 1755 nobis
1271 1694 1693 1773 reliquerunt3

114 1781 257 1853 sed,
300 1780 622 1861 supposita
649 1782 753 1843 illa
774 1782 1137 1847 definitione
1162 1788 1463 1866 generali,
1496 1794 1561 1849 et
1588 1788 1699 1849 de·-

114 1876 359 1937 clarata
407 1882 625 1955 postea
653 1878 915 1941 materia
955 1880 1211 1959 justitiae
1241 1884 1697 1945 commutativoe

113 1974 179 2029 et
230 1968 439 2029 officio
490 1969 649 2047 ejuS,
698 1972 847 2031 satis
896 1972 1175 2035 arbitrati
1220 1981 1367 2037 sunt
1406 1986 1697 2037 naturam

110 2062 311 2138 hujus
350 2062 607 2139 justitiae
652 2064 835 2125 nohis
881 2064 1256 2128 declarasse.
1289 2070 1411 2129 Nos
1457 2075 1691 2144 autem,

110 2160 183 2214 ut
229 2154 555 2216 formalius
585 2158 899 2236 propriam
930 2160 1237 2221 rationem
1286 2162 1475 2241 hujus
1514 2162 1699 2241 justi-

110 2248 217 2309 tiae
247 2266 729 2327 exponeremus,
768 2270 844 2311 ex
875 2252 979 2311 illa
1009 2253 1235 2315 eadem
1264 2257 1523 2317 materia
1553 2274 1698 2335 pro-

113 2343 321 2423 priam
344 2344 651 2405 rationem
672 2346 857 2425 juris,
880 2347 1048 2425 quod
1076 2349 1207 2409 hoec
1222 2350 1481 2411 materia
1504 2351 1696 2429 respi-

114 2437 223 2509 cit,
272 2436 595 2498 dcelarare
625 2441 829 2500 conati
860 2458 1103 2513 sumus,
1148 2450 1569 2505 consentanee
1614 2442 1697 2503 ad

118 2530 473 2590 doctrinam
505 2549 931 2607 communem,
962 2540 1025 2593 et
1048 2534 1128 2593 ab
1160 2536 1450 2597 omnibus
1478 2554 1695 2616 recep-

116 2630 275 2683 tam.

200 2717 265 2775 6.
318 2714 603 2780 Secunda
643 2720 825 2782 ratio.
866 2752 951 2767 -—·
1002 2722 1443 2801 Proponuntur
1498 2722 1693 2787 solita·

118 2807 495 2888 objectiones.
552 2842 635 2857 --
684 2812 973 2873 Secundo
1028 2814 1331 2893 probatur
1386 2816 1643 2877 assertio
1670 2860 1687 2889 ,

116 2902 269 2979 quia
306 2902 481 2964 nulla
508 2904 895 2983 imperfectio
930 2906 1247 2987 designari
1296 2915 1523 2987 potest,
1556 2928 1693 2991 quae

116 2996 181 3055 in
223 2996 472 3057 formali
514 2999 755 3059 ratione
802 3000 1053 3079 justitiae
1096 3002 1553 3063 commutativae
1604 3001 1693 3061 in-

117 3088 432 3149 cludatur.
478 3089 655 3162 Quod
686 3092 925 3171 patebit
970 3094 1381 3157 discurrendo
1433 3115 1547 3175 per
1586 3113 1693 3156 eas

120 3201 261 3260 quat
310 3183 516 3247 solent
563 3185 773 3263 objici,
818 3187 917 3248 vel
964 3205 1103 3266 quoe
1145 3195 1407 3266 possunt
1450 3189 1693 3267 excogi-

118 3278 257 3336 tari.
300 3277 507 3337 Prima
536 3285 653 3353 est,
689 3280 832 3357 quia
864 3281 1121 3342 materia
1152 3282 1401 3362 propria
1436 3289 1497 3344 et
1522 3282 1695 3343 adae-

118 3375 311 3447 quata
342 3370 597 3448 justitiae
627 3373 1101 3440 commutativae,
1137 3380 1200 3434 ut
1226 3393 1457 3436 nomen
1486 3376 1693 3454 ipsum

116 3479 245 3539 prae
292 3480 361 3522 se
394 3462 535 3535 fert,
582 3471 679 3524 est
718 3471 939 3526 mutua
974 3465 1167 3536 datio,
1215 3473 1277 3528 et
1323 3470 1688 3548 acceptatio,

118 3571 257 3632 quae
298 3561 393 3616 est
418 3557 597 3634 quasi
645 3558 1047 3618 commutatio
1100 3558 1425 3638 quaedam:
1471 3579 1595 3640 quo
1624 3561 1695 3623 fit

118 3654 185 3706 ut
210 3647 475 3709 formale
514 3648 831 3728 objectum
860 3651 1049 3731 hujus
1068 3652 1323 3730 justitiae
1350 3653 1415 3714 in
1442 3654 1693 3734 aequali-

116 3746 243 3800 tate
274 3741 403 3801 dati
444 3748 507 3803 et
548 3742 787 3822 aceepti
834 3745 1341 3807 constituendum
1383 3747 1688 3822 videatur,

114 3833 213 3892 ita‘
228 3841 296 3894 ut
319 3835 451 3912 jur„
476 3836 647 3914 quod
677 3843 771 3897 est
799 3838 1121 3916 proprium
1146 3839 1463 3919 objectum
1504 3841 1690 3920 hujus

108 3925 385 4002 justitias,
418 3945 543 3989 non
588 3929 667 3990 sit
693 3931 809 3990 nisi
846 3931 1019 4004 illud,
1063 3932 1233 4012 quod
1269 3950 1345 3994 ex
1374 3933 1690 4012 inaequali-

110 4025 239 4080 tate
268 4021 369 4080 vel
394 4021 749 4099 aequalitate
792 4023 919 4084 dati
952 4031 1014 4086 et
1047 4025 1283 4104 accepti
1314 4027 1635 4107 consurgit
1666 4045 1681 4100 ;

112 4129 263 4171 nam
302 4112 353 4172 si
398 4131 473 4174 ex
518 4115 773 4176 datione
808 4118 910 4178 vel
951 4119 1378 4197 acceptatione
1420 4126 1557 4180 orta
1594 4126 1688 4180 est

110 4203 530 4284 inaequalitas,
583 4208 773 4287 hujus
802 4209 1055 4287 justitias
1097 4211 1369 4272 officium
1411 4219 1505 4274 est
1548 4231 1689 4274 eam

110 4297 193 4356 ad
236 4299 659 4375 aequalitatem
696 4303 1023 4364 reducere.
1067 4304 1158 4364 Ita
1195 4303 1441 4366 videtur
1483 4307 1689 4385 objec-

108 4395 246 4450 tum
270 4397 333 4451 et
358 4394 663 4454 rationem
678 4395 931 4473 justitiae
960 4395 1281 4458 declarare
1302 4399 1685 4472 Aristotelea,

112 4488 149 4544 5
184 4485 411 4556 Ethic„
436 4503 573 4564 cap.
602 4490 667 4561 2,
692 4488 797 4548 ubi
822 4493 1154 4568 propterea
1183 4491 1377 4551 sentit
1382 4491 1685 4568 justitiam

112 4577 276 4636 hanc
306 4582 811 4641 commutativam
848 4583 909 4641 in
950 4582 1147 4644 tribus
1174 4589 1417 4645 tantum
1442 4586 1685 4664 generi-

110 4667 232 4729 bus
282 4670 594 4734 bonorum
645 4677 906 4748 versari,
962 4675 1215 4748 seilicet,
1276 4677 1337 4737 in
1388 4679 1679 4756 pecunia,

112 4762 351 4824 honore
384 4768 448 4824 et
475 4766 696 4838 salute,
730 4767 871 4828 etin
898 4768 995 4830 his
1020 4771 1397 4832 constituere
1430 4771 1529 4831 vel
1552 4789 1684 4832 ser-

114 4873 261 4916 vare
303 4858 743 4934 aequalitatem.
776 4861 851 4921 Et
884 4861 1187 4935 similiter,
1236 4881 1372 4942 cap.
1422 4867 1482 4934 4,
1531 4865 1681 4925 assi-

115 4967 315 5028 gnans
345 4950 585 5028 justum
634 4956 1179 5031 commutaturum,
1226 4955 1377 5017 dicit
1420 4976 1559 5018 esse
1613 4959 1677 5019 in

116 5044 501 5104 commerciis
527 5045 657 5106 sive
688 5033 909 5124 sponte
930 5047 1131 5122 factis,
1166 5050 1295 5110 sive
1324 5049 1387 5109 in
1410 5049 1673 5130 injuriiS,

116 5155 251 5214 quae
279 5135 437 5198 fiunt
472 5139 829 5200 hominibus
858 5141 1085 5216 invitia,
1114 5149 1177 5204 et
1204 5161 1341 5222 cap.
1397 5146 1457 5215 5,
1507 5147 1683 5224 ponit

116 5229 667 5292 commutationem
714 5251 853 5294 esse
898 5236 1227 5297 materiam
1260 5242 1323 5298 et
1363 5237 1679 5316 objectum

113 5322 430 5401 proprium
462 5324 649 5403 hujus
678 5327 949 5400 virtutis;
986 5328 1049 5388 in
1078 5330 1246 5391 omni
1272 5336 1485 5392 autem
1508 5351 1681 5392 coin-

114 5419 455 5481 mutatione
484 5419 633 5482 dicit
656 5439 795 5482 esse
822 5425 1279 5502 repassionem,
1301 5444 1441 5506 quae
1470 5427 1536 5488 in
1558 5428 1681 5490 hoc

114 5511 355 5572 videtur
390 5512 753 5590 consistere,
798 5515 965 5594 quod
1009 5518 1113 5596 qui
1152 5535 1271 5598 per
1304 5519 1467 5580 hanc
1498 5520 1681 5599 justi-

430 5633 517 5680 11.

3235 376 3356 437 529

1780 476 1932 537 tiam
1976 477 2211 553 aliq.id
2257 479 2339 538 ab
2393 478 2515 539 alio
2565 475 2812 555 accipit,
2845 493 3102 538 necesse
3153 486 3244 541 est
3287 485 3357 541 ut

1781 570 2172 633 tantumdem
2196 572 2286 631 illi
2315 570 2538 633 reddat
2567 570 2776 649 aliquo
2818 568 3026 643 modo,
3077 590 3190 633 seu
3219 578 3354 633 tan-

1780 664 2064 725 tumdem
2112 664 2382 744 patiatur
2423 682 2534 725 seu
2565 664 2808 723 amittat
2847 668 3104 743 propter
3130 665 3346 727 alium.

1782 756 1960 821 Unde
1987 756 2066 817 ad
2083 758 2245 818 hanc
2267 757 2454 818 etiam
2480 755 3032 818 commutationem
3061 763 3124 817 ct
3143 776 3354 837 repas·

1781 850 2020 911 sionem
2052 850 2478 911 necessarium
2517 848 2782 919 videtur,
2817 855 2884 909 ut
2913 854 3178 927 utraque
3215 870 3353 931 per-

1782 961 1960 1009 sona.
1983 942 2147 1004 inter
2165 962 2322 1021 quas
2338 932 2469 1003 hoe‘e
2479 942 2718 1021 justitia
2739 940 3094 1015 intervenit,
3117 943 3352 1021 aliquid

1778 1036 2060 1097 utilitatis
2089 1043 2152 1098 et
2195 1036 2506 1098 commodi
2537 1035 2802 1114 accipiat
2830 1053 2908 1095 cx
2935 1034 3039 1095 tali
3073 1052 3354 1100 commu-

1781 1130 2040 1203 tatione,
2065 1129 2150 1190 ita
2177 1136 2248 1190 ut
2270 1148 2466 1189 unum
2497 1146 2642 1189 cum
2669 1127 2793 1189 alio
2821 1127 2903 1187 ad
2931 1128 3350 1206 aequalitatem

1783 1216 2246 1301 compensetur.
2281 1224 2484 1299 Atque
2517 1220 2736 1283 eodem
2775 1220 2988 1292 mode,
3021 1239 3098 1281 ex
3127 1221 3352 1283 eadem

1782 1316 2066 1377 doctrina
2101 1316 2470 1389 Aristotelia,
2510 1315 2758 1377 videt-ur
2795 1316 2861 1374 l).
2913 1315 3186 1376 Thomas
3213 1316 3350 1377 ubi-

1780 1428 1903 1490 que
1937 1412 2244 1490 explicare
2269 1411 2430 1471 hanc
2461 1411 2766 1471 rationem
2791 1408 3045 1488 justitiae
3071 1429 3350 1472 commu-

1779 1503 2010 1577 tativai,
2055 1510 2124 1565 ut
2169 1508 2192 1564 1
2234 1524 2324 1583 p.‚
2363 1522 2424 1583 q.
2467 1506 2568 1575 21,
2613 1508 2730 1563 art.
2769 1506 2828 1575 1,
2869 1508 2933 1563 et
2963 1502 3026 1562 in
3074 1508 3132 1565 1.
3173 1506 3236 1575 2,
3280 1523 3343 1583 q.

1785 1598 1921 1668 114,
1964 1602 2080 1657 art.
2117 1600 2174 1669 1,
2205 1596 2286 1658 ad
2317 1598 2378 1669 2,
2413 1602 2474 1657 et
2503 1596 2566 1656 in
2595 1598 2620 1655 1
2648 1601 2814 1657 cont.
2849 1594 3030 1657 Gent.
3063 1613 3118 1655 c.
3149 1597 3252 1668 93,
3287 1604 3350 1659 et

1779 1689 1877 1750 his
1910 1690 2066 1751 locis
2095 1690 2428 1769 cajetanus
2463 1695 2525 1752 et
2552 1689 2753 1763 Fert„
2788 1707 2950 1767 qnos
2989 1687 3094 1749 alii
3125 1706 3347 1749 recen-

1780 1779 1972 1843 tiores
2014 1782 2353 1843 imitantur.
2415 1784 2672 1843 Constat
2723 1786 2936 1857 autem
2979 1780 3045 1841 in
3083 1781 3204 1841 hoc
3241 1782 3346 1843 ob-

1770 1874 1944 1953 jecto
1971 1876 2182 1955 plures
2211 1875 2714 1956 imperfectiones
2734 1875 2987 1937 includi.
3023 1876 3253 1948 Prima,
3279 1881 3348 1935 ut

1778 1989 2072 2049 persona,
2105 1988 2245 2049 quae
2269 1971 2432 2031 hanc
2458 1974 2664 2031 servat
2680 1969 3011 2048 justitiam,
3045 1969 3122 2029 sit
3149 1988 3346 2049 capax

1778 2064 2045 2126 dationis
2076 2072 2138 2126 et
2165 2065 2610 2143 acceptationis
2625 2083 2764 2125 cum
2782 2064 2925 2124 alia.
2950 2063 3259 2136 Secunda,
3280 2070 3348 2126 ut

1778 2159 1855 2219 sit
1878 2160 2354 2239 capaxalicujus
2390 2158 2700 2219 commodi
2738 2164 2801 2219 et
2825 2156 3122 2231 utilitatis,
3155 2175 3342 2236 quam

1777 2254 1860 2314 ab
1892 2253 2014 2313 alio
2043 2253 2236 2331 possit
2259 2252 2560 2331 recipere..
2595 2250 2804 2312 Tertia
2821 2250 3094 2329 denique
3121 2257 3190 2310 ut
3205 2268 3347 2328 pos-

1778 2345 1856 2407 sit
1899 2363 1968 2405 se
2007 2347 2254 2425 privare
2293 2344 2572 2405 dominio
2606 2344 2718 2418 rei,
2763 2361 2956 2421 quam
2997 2344 3100 2403 alii
3134 2342 3348 2404 tribuit

1776 2439 1855 2500 ad
1898 2437 2396 2500 constituendam
2443 2436 2882 2515 aequalitatem.
2921 2435 3069 2507 Quae
3125 2452 3345 2497 omnes

1774 2532 2062 2593 maximae
2103 2530 2610 2610 imperfectiones
2663 2536 2841 2604 sunt,
2873 2535 3134 2609 propter
3187 2546 3345 2607 quas

1772 2626 2021 2685 videtur
2059 2624 2128 2685 D.
2173 2625 2446 2685 Thomas
2503 2622 2788 2684 absolute
2835 2640 3071 2703 negare
3141 2621 3343 2683 citatis

1773 2720 1925 2781 locis
1973 2719 2292 2799 propriam
2344 2718 2648 2798 justitiam
2713 2718 3216 2779 commutativam
3278 2717 3342 2777 in

1772 2816 1925 2876 Deo.

1856 2909 1913 2966 7.
1969 2904 2320 2969 Solvuntur
2358 2906 2708 2987 objectiones
2722 2904 3074 2985 propositor.
3101 2935 3184 2950 —
3207 2903 3340 2965 Duo

1775 3018 1923 3061 vero
1955 3006 2100 3062 sunt
2135 3000 2196 3060 in
2229 3000 2346 3059 hae
2393 2998 2676 3061 doctrina
2715 3016 2856 3077 quae
2901 3003 3162 3076 possunt
3201 3014 3338 3057 esse

1776 3095 2022 3156 occasio
2063 3092 2332 3155 errandi.
2370 3093 2578 3156 Unum
2615 3098 2730 3167 est,
2775 3091 2946 3172 quod
2973 3090 3158 3152 nimis
3189 3106 3340 3151 con-

1775 3187 2058 3248 funditur
2087 3205 2232 3248 cum
2263 3186 2507 3266 objecto
2540 3185 2784 3247 formali
2811 3184 3132 3246 materiale
3164 3183 3338 3261 obje-

1776 3289 1944 3342 ctum
1976 3301 1993 3354 ;
2023 3287 2086 3342 et
2108 3297 2184 3340 ex
2215 3285 2480 3358 utroque
2511 3279 2598 3340 ita
2635 3279 2708 3340 fit
2737 3296 2956 3352 unum,
2997 3295 3070 3338 ac
3105 3277 3157 3336 si
3179 3283 3337 3356 pra}-

1776 3375 2010 3436 cisione
2029 3374 2258 3434 mentis
2279 3389 2478 3454 unum
2510 3391 2640 3434 non
2661 3372 2740 3434 sit
2760 3371 2842 3434 ab
2865 3371 3062 3434 altero
3089 3387 3337 3450 separa-

1774 3453 1936 3539 bila
1977 3473 2038 3527 et
2059 3465 2213 3527 illud
2241 3466 2414 3546 quod
2440 3465 2702 3527 formale
2735 3471 2850 3540 est,
2875 3482 3007 3526 non
3033 3463 3232 3542 possit
3255 3463 3336 3522 ad

1772 3560 2144 3621 nobiliorem
2161 3558 2490 3621 materiam
2511 3558 2829 3639 applicari.
2855 3555 3040 3618 Aliud
3055 3562 3170 3630 est,
3189 3557 3336 3635 quia

1772 3673 1903 3714 non
1931 3652 2331 3732 distinguitur
2341 3652 2365 3731 j
2377 3653 2582 3714 ustitia
2601 3650 3043 3714 commutativa
3058 3650 3332 3711 humana

1772 3766 1811 3807 a
1856 3747 2086 3824 justitia
2135 3745 2578 3806 commutativa
2617 3743 2966 3806 secundum
2993 3761 3086 3816 se,
3129 3760 3336 3822 neque

1770 3839 2156 3900 abstrahitur
2169 3837 2574 3900 commutatio
2591 3836 2968 3916 simpliciter,
2989 3855 3102 3896 seu
3115 3843 3335 3896 mutua

1768 3934 1976 4013 pactio
2007 3938 2070 3993 et
2095 3931 2450 4006 conventio,
2479 3947 2516 3990 a
2543 3929 2704 3992 civili
2736 3936 2797 3990 et
2821 3930 2998 4010 quasi
3025 3927 3331 3990 materiali

1770 4026 2278 4096 commutatione,
2307 4040 2446 4102 quoe
2473 4024 2635 4086 inter
2663 4024 2950 4086 homines
2971 4023 3060 4084 fit.
3087 4024 3333 4085 Utrum-

1769 4137 1891 4199 que
1924 4125 2138 4181 autem
2161 4117 2456 4179 vitabitur
2481 4116 2817 4178 recolendo
2845 4115 3191 4176 doctrinam
3207 4111 3332 4172 divi

1768 4215 2023 4274 Thomae
2070 4211 2377 4292 superiori
2421 4211 2696 4272 sectione
2739 4209 3022 4280 relatam,
3071 4205 3327 4279 scilicet,

1772 4307 2052 4367 actiones
2077 4305 2158 4366 ad
2189 4305 2480 4376 alterum,
2506 4303 2855 4364 secundum
2883 4319 3029 4362 suas
3055 4298 3330 4361 rationes

1768 4399 2090 4470 formaleS,
2143 4417 2220 4458 ex
2270 4397 2464 4458 rebus
2523 4396 2818 4457 humanis
2867 4412 2994 4456 non
3023 4391 3323 4473 pendere;

1768 4493 2080 4570 quamviS,
2117 4496 2302 4570 prout
2343 4490 2425 4551 ad
2452 4508 2554 4551 res
2595 4491 2904 4551 humanas
2948 4487 3330 4548 contrahun-

1765 4594 1889 4658 tur,
1922 4584 2390 4666 quodammodo
2419 4583 2564 4644 inde
2593 4583 2833 4664 species
2868 4586 3142 4653 sumant,
3189 4597 3328 4659 quoe

1764 4683 2082 4760 pertinent
2139 4678 2220 4740 ad
2271 4679 2532 4740 virtutes
2571 4678 2882 4738 humanas
2931 4683 2998 4736 ut
3036 4675 3328 4736 humanae

1765 4778 1933 4845 sunt,
1965 4791 2091 4835 non
2125 4777 2190 4833 ut
2243 4771 2402 4834 tales
2438 4772 2700 4832 virtutes
2751 4768 3112 4847 simpliciter
3155 4773 3322 4828 sunt.

1764 4867 1905 4927 Haec
1932 4867 2100 4926 enim
2131 4865 2416 4926 doctrina
2443 4883 2558 4924 suo
2587 4863 2776 4924 modo
2805 4862 2870 4922 in
2891 4861 3132 4942 justitia
3160 4879 3328 4922 com-

1763 4960 2062 5020 mutativa
2105 4976 2324 5020 verum
2379 4957 2590 5018 habet.
2649 4955 2828 5030 Quod
2879 4955 3067 5016 variis
3121 4953 3324 5015 modis

1764 5051 2036 5123 declam,
2071 5051 2296 5130 primo,
2329 5051 2476 5129 quia
2521 5050 2571 5110 si
2597 5050 2762 5110 inter
2791 5049 3079 5112 homines
3126 5048 3192 5107 in
3219 5047 3322 5106 illa

1762 5143 2254 5205 commutatione
2313 5149 2374 5203 et
2423 5142 2486 5202 in
2537 5142 2892 5221 inqualitate
2942 5140 3104 5200 circa
3150 5139 3322 5199 illam

1762 5237 2202 5299 constituenda
2229 5234 2562 5296 intervenit
2587 5235 2746 5297 ratio
2764 5234 3019 5314 justitiae
3041 5249 3320 5293 commu-

1760 5334 1990 5404 tativoe,
2025 5331 2164 5392 ideo
2195 5336 2309 5404 est,
2359 5331 2503 5409 quia
2532 5329 2640 5409 jus
2671 5327 2926 5390 alterius
2952 5327 3076 5388 tale
3107 5333 3220 5400 est,
3259 5332 3323 5386 et

1762 5433 1887 5488 tam
1917 5425 2240 5506 proprium
2268 5431 2338 5484 ut
2357 5425 2592 5505 obliget
2616 5423 2698 5486 ad
2727 5441 2866 5484 eam
2893 5420 3319 5500 aequalitatem

1758 5519 2140 5592 faciendam3
2185 5535 2336 5597 ergo
2365 5517 2642 5578 formalis
2671 5515 2825 5578 ratio
2856 5516 3044 5593 hujus
3061 5513 3319 5594 justiti-‘n

2961 5619 3041 5680 34
