3850 6225
775 396 946 449 smr.
982 398 1022 449 l.
1059 395 1272 449 mauu
1304 396 1566 459 raum&
1602 396 1686 447 An
1717 394 1896 449 mn.
1934 400 1983 457 6,
2019 394 2100 448 DE
2132 394 2585 459 uolt‘rlrtculs,
2616 397 2752 449 mc.

117 486 236 551 ria
282 494 832 579 minutioresque
868 514 986 559 nou
1010 502 1180 571 cunt,
1217 498 1367 578 quid
1385 499 1529 579 ,iam
1555 500 1718 561 inter

124 598 332 660 opera
355 595 602 654 mortua
641 590 1072 655 nominandum
1097 594 1228 655 ost?
1258 594 1394 653 Non
1429 609 1582 669 ergo
1609 610 1714 653 ex-

123 671 440 741 hortatur
452 683 784 762 Apostolus
812 684 1110 745 Hebraeos
1137 690 1205 747 ut
1225 684 1307 746 ad
1335 684 1600 765 gratiam
1621 702 1718 745 re-

129 766 363 845 deant,
404 792 442 835 a
477 794 600 855 qua
637 776 1019 853 ceciderant,
1061 778 1174 839 sed
1210 784 1280 841 ut
1323 783 1588 839 caveant
1633 795 1714 839 ne

131 862 402 941 cadant,
426 869 508 930 ad
534 870 982 949 perfectionem
1013 870 1354 933 tendendo.
1387 870 1542 942 Quia
1565 888 1716 931 vero

131 953 202 1015 in
242 960 534 1036 periculo
578 964 994 1025 versabantur
1015 964 1306 1038 cadendi,
1337 964 1436 1027 vel
1465 968 1719 1043 propter

131 1052 532 1127 peculiarem
553 1056 848 1119 affectum
881 1057 962 1117 ad
995 1057 1384 1120 ceremonias
1409 1057 1590 1137 legis,
1618 1056 1715 1117 vel

133 1151 408 1222 propter
427 1148 702 1228 aliquam
731 1150 922 1211 animi
941 1151 1384 1212 remissionem
1407 1168 1598 1230 quam
1627 1167 1722 1210 os-

135 1236 516 1315 tendebant,
535 1242 678 1303 ideo
693 1248 886 1305 terret
903 1242 1062 1317 illos,
1083 1262 1444 1323 proponens
1457 1243 1548 1304 eis
1567 1242 1722 1305 diffi-

137 1328 450 1393 cultatem
478 1336 848 1415 resurgendi
879 1354 914 1396 a
953 1342 1235 1415 peccato,
1259 1336 1310 1396 si
1339 1342 1480 1417 post
1505 1341 1598 1397 tot
1615 1336 1720 1397 be-

137 1421 376 1485 neficia
429 1428 538 1488 Dei
583 1430 647 1489 in
701 1429 858 1491 illud
905 1431 1308 1503 laberentur;
1358 1429 1507 1507 quia
1569 1447 1718 1490 vero

138 1518 438 1582 nondum
463 1522 548 1582 illi
571 1522 950 1598 ceciderant,
981 1530 1054 1585 ut
1078 1544 1188 1587 eos
1213 1525 1401 1587 etiam
1428 1542 1538 1603 spe
1563 1542 1722 1604 prte-

139 1610 254 1671 mii
285 1612 368 1673 ad
395 1616 936 1693 perseverandum
967 1618 1216 1691 alliciat,
1245 1616 1486 1679 subdit:
1519 1618 1723 1695 Confi-

141 1705 351 1769 dimu
379 1715 578 1773 autem
601 1712 672 1773 de
704 1712 890 1786 vobis,
927 1718 1048 1773 etc.
1081 1714 1246 1793 Ergo
1263 1714 1504 1775 sincere
1529 1713 1721 1773 inter-

142 1802 458 1875 pretando
496 1808 856 1865 contextum
899 1804 1098 1877 illum,
1139 1806 1384 1867 nullum
1417 1811 1513 1868 est
1551 1806 1614 1867 in
1646 1823 1720 1865 eo

141 1891 628 1957 fundamentum
671 1897 753 1959 ad
789 1900 1198 1961 asserendum
1239 1900 1502 1961 Paulum
1549 1898 1722 1979 loqui

141 1983 224 2045 de
285 1989 584 2065 operibus
611 1991 998 2057 mortificatis
1047 2010 1162 2072 per
1200 2000 1560 2073 peccatum;
1608 2012 1722 2054 cur

141 2079 318 2139 enim
341 2098 460 2143 nos
479 2082 623 2159 illis,
647 2084 728 2145 ad
747 2102 907 2163 quos
933 2086 1270 2165 Apostolus
1291 2086 1521 2161 scribit,
1552 2086 1721 2149 attri-

139 2171 418 2235 buemus
453 2182 784 2255 peecatum
817 2179 988 2257 quod
1022 2178 1158 2259 ipse
1193 2198 1324 2241 non
1351 2180 1594 2252 astruit,
1614 2197 1724 2240 ne·

141 2284 270 2343 que
297 2267 364 2327 in
391 2270 482 2330 eis
507 2272 914 2348 reprehendit
934 2276 958 2335 2
981 2274 1162 2337 Unde
1189 2273 1717 2354 Theophylactus,

141 2360 565 2440 interpretans
599 2364 734 2426 haec
779 2366 1005 2427 verba:
1067 2366 1438 2444 confidimus
1489 2371 1708 2441 autern,

145 2460 294 2531 etc„
327 2457 560 2537 inquit:
608 2459 758 2524 Cum
785 2478 880 2524 eos
921 2462 1448 2545 perterrefacti-sset,
1489 2480 1715 2525 rursus

143 2550 402 2631 mitiyat
428 2556 486 2615 et
531 2554 844 2625 medam·;
891 2556 982 2619 ait
1003 2573 1143 2637 erqo
1161 2581 1186 2615 .·
1231 2555 1378 2621 Non
1411 2553 1590 2635 quasi
1609 2570 1714 2617 vos

143 2644 510 2719 damnari-m,
533 2664 604 2710 aa
632 2650 701 2712 de
721 2649 882 2711 vobis
905 2648 1064 2712 male
1077 2649 1370 2728 judicem,
1389 2650 1514 2712 Itoec·
1540 2650 1672 2712 dico
1685 2672 1712 2721 ;

143 2752 262 2797 non
289 2736 452 2800 enim
475 2741 636 2819 quod
655 2740 896 2823 plenam
922 2742 1246 2825 spinarum
1287 2742 1716 2805 conscientiam

143 2833 416 2893 vestram
444 2848 734 2907 censeam,
764 2836 873 2897 sed
893 2840 1158 2898 motum
1193 2852 1268 2898 ne
1303 2836 1410 2899 Ιιοσ
1445 2836 1582 2913 fiat.
1638 2835 1716 2895 Et

142 2922 262 2981 alia
281 2924 483 2985 multa
501 2925 564 2986 in
583 2927 871 2988 eamdem
895 2928 1270 2991 sententiam
1289 2928 1708 3009 prosequitur.

141 3014 342 3086 Quam
395 3018 585 3081 etiam
613 3020 922 3099 significat
953 3022 1309 3096 Anselmns,
1348 3022 1432 3083 ibi
1460 3022 1701 3083 dicens:

145 3107 442 3174 ooeterwm
474 3115 720 3193 confido,
773 3121 892 3176 etc.
924 3115 1074 3181 Non.
1117 3117 1224 3180 hoo
1271 3115 1402 3179 dico
1434 3117 1708 3197 putando
1747 3178 1758 3188 ,

141 3219 243 3264 vos
264 3221 393 3266 esso
414 3205 592 3280 tales,
613 3208 738 3281 sed,
769 3208 1028 3272 timendo
1047 3225 1120 3272 no
1143 3207 1284 3276 sitis
1309 3209 1486 3285 tales,
1513 3214 1708 3273 terreo

139 3295 354 3370 vorbis,
393 3315 468 3360 ne
489 3296 628 3378 ipsa
653 3317 721 3363 re
747 3301 1074 3384 impleatis.

215 3391 278 3450 9.
322 3391 636 3455 Probatur
684 3396 938 3458 secundo
987 3412 1064 3458 σω
1105 3394 1238 3459 illie
1285 3393 1478 3458 vorbis
1506 3419 1530 3454 .·
1557 3395 1706 3460 Non

136 3485 296 3546 enim
321 3484 596 3564 injustus
621 3487 806 3550 Deus.
836 3520 918 3536 -
959 3489 1250 3552 Secundo
1295 3494 1708 3568 argumentor

137 3595 212 3638 ex
268 3577 482 3639 verbis
525 3579 810 3659 ejusdem
855 3583 1026 3644 Pauli
1064 3602 1080 3644 ε
1113 3582 1261 3648 Non
1293 3585 1464 3647 ‘enim
1507 3582 1708 3662 injur-

137 3675 240 3734 tus
283 3673 476 3745 Daue,
543 3679 689 3749 etc„
747 3692 918 3749 nam,
981 3676 1034 3736 si
1085 3693 1278 3754 opera
1333 3673 1705 3742 mortificata

137 3765 534 3839 reviviscunt,
593 3766 752 3828 illud
805 3786 934 3828 non
973 3769 1244 3847 pertinet
1271 3768 1354 3830 ad
1399 3767 1510 3829 Dei
1567 3767 1706 3846 jus·

136 3857 338 3918 titiam
371 3901 388 3930 ,
445 3857 558 3919 sed
603 3859 684 3920 ad
741 3859 1236 3922 misericordiam
1269 3905 1286 3930 ,
1341 3860 1508 3922 unde
1575 3877 1706 3920 non

139 3957 304 4010 esset
325 3950 594 4029 injustus
632 3951 826 4026 Deus,
873 3953 1116 4014 etiamsi
1145 3952 1376 4016 talibus
1411 3952 1704 4032 operibus

135 4043 496 4106 mercedem
521 4063 648 4106 non
681 4047 898 4119 daret3
929 4047 1160 4109 Paulus
1189 4052 1404 4108 autem
1431 4046 1704 4126 loquitur

135 4136 214 4198 de
243 4137 542 4215 operibus
571 4155 710 4216 quae
741 4140 790 4200 si
819 4141 986 4201 Deus
1031 4159 1162 4202 non
1189 4145 1704 4202 remuneraretur

133 4231 408 4309 injustus
441 4237 645 4304 esset;
675 4251 804 4294 non
843 4252 996 4314 ergo
1033 4234 1310 4314 loquitur
1335 4233 1414 4294 de
1445 4231 1704 4294 mortifi-

133 4323 312 4396 catis,
343 4324 458 4386 sed
481 4325 562 4387 de
584 4325 744 4387 vivis
765 4327 1084 4406 operibus.
1103 4327 1304 4406 MaJ'or
1325 4329 1520 4404 patet,
1551 4326 1700 4404 quia

133 4418 326 4478 homo
355 4417 420 4477 in
448 4424 704 4496 peccato
725 4419 970 4480 mortali
1005 4420 1302 4492 existens,
1335 4418 1576 4479 nullum
1593 4418 1700 4496 jus

128 4509 388 4588 justitias
419 4527 570 4590 erga
589 4513 788 4572 Deum
819 4511 1056 4574 habere
1081 4517 1314 4591 potest;
1348 4512 1502 4573 sicut
1531 4511 1701 4572 enim

135 4621 264 4662 non
301 4607 510 4681 potest
537 4598 692 4666 illud
719 4605 798 4666 de
827 4624 996 4666 novo
1043 4623 1434 4685 comparare,
1467 4605 1552 4665 ita
1589 4623 1702 4666 ne-

135 4713 258 4774 que
283 4696 614 4774 antiquum
643 4697 944 4758 retinere.
973 4699 1082 4759 Est
1108 4699 1278 4760 enim
1317 4716 1434 4777 par
1479 4697 1706 4758 utrius·-

137 4807 258 4867 que
291 4789 477 4863 ratio,
507 4789 654 4869 quia
681 4809 796 4870 per
821 4797 1149 4870 peccatum
1198 4790 1462 4852 mortale
1499 4790 1572 4851 fit
1595 4791 1706 4850 ho·

135 4899 240 4942 mo
279 4882 578 4963 indignus
625 4885 799 4944 omni
843 4887 1079 4946 aeterna
1135 4883 1476 4957 mercede3
1529 4901 1700 4958 nam,

137 4993 280 5036 cum
309 4975 420 5036 flat
443 4976 672 5056 dignus
699 4983 934 5039 aeterno
963 4979 1290 5059 suppliciO,
1315 4976 1697 5057 impossibile

137 5073 232 5128 est
277 5074 346 5129 ut
394 5075 650 5130 maneat
689 5071 919 5150 dignus
968 5077 1202 5134 aeterna
1254 5071 1491 5151 gloria;
1545 5086 1698 5146 ergo

138 5178 254 5221 nec
291 5160 562 5222 retinere
599 5168 806 5240 potest
837 5164 944 5242 jus
973 5164 1229 5243 justitiae
1269 5164 1352 5226 ad
1401 5163 1592 5223 illam.
1627 5163 1702 5224 Et

139 5254 560 5328 confirmatur,
593 5257 742 5336 quia
781 5276 970 5320 omne
989 5260 1098 5338 jus
1116 5258 1372 5338 justitiae
1399 5257 1703 5318 fundatur

139 5349 200 5407 in
229 5349 424 5428 gratia
447 5371 466 5424 ;
495 5350 594 5410 cui
623 5351 794 5412 enim
821 5351 1003 5414 daret
1031 5355 1198 5414 Deus
1243 5369 1542 5413 coronam
1563 5350 1700 5429 jus-

135 5442 280 5502 titiae
310 5489 325 5514 ‚
383 5443 436 5502 si
489 5461 618 5504 non
677 5444 976 5507 donasset
1031 5445 1296 5524 gratiam
1345 5444 1698 5506 misericors

139 5541 350 5616 pater!
379 5543 444 5599 et
469 5539 790 5618 quomodo
817 5546 986 5604 esset
1014 5557 1243 5606 corona
1260 5539 1516 5620 justitiae
1537 5584 1556 5616 ,
1579 5537 1698 5600 nisi

1573 5735 1596 5812 2

1797 496 2219 575 proecessisset
2248 498 2447 577 gratia
2476 516 2615 577 quae
2638 496 2937 576 justificat
2960 496 3268 575 impium?
3293 503 3362 559 ut

1797 594 1967 650 recte
2008 589 2161 651 dixit
2191 590 2610 669 Augustinus,
2650 590 2757 651 lib.
2794 590 2873 651 de
2912 590 3121 652 Gratia
3160 596 3223 651 et
3245 590 3353 651 lib.

1799 682 1963 757 arb.,
1992 701 2049 743 c.
2083 684 2153 756 6;
2190 701 2367 763 ergO,
2406 702 2551 744 cum
2584 683 2847 745 mortale
2884 689 3213 762 peccatum
3238 684 3362 764 pri-

1795 782 1902 837 vet
1964 775 2163 855 gratia
2184 820 2201 847 ‚
2262 776 2465 855 privat
2512 776 2921 840 fundamento
2966 777 3223 856 justitioe
3278 777 3361 839 ad

1797 869 2031 941 Deum;
2064 886 2215 949 ergo
2255 887 2383 931 non
2414 874 2621 947 potest
2646 869 2709 929 in
2738 873 3063 947 peccatore
3102 888 3359 951 manere
3376 874 3391 892 ·’

1794 961 1900 1041 jus
1919 960 2175 1040 justitias
2204 960 2285 1022 ad
2315 962 2642 1041 praemium
2666 958 3149 1041 praecedentium
3180 963 3365 1023 meri-

1799 1060 2046 1127 torum;
2084 1072 2259 1135 ergO,
2314 1055 2459 1117 licet
2512 1058 2729 1135 postea
2758 1056 2925 1116 Deus
2969 1055 3033 1116 id
3078 1074 3206 1116 non
3254 1055 3363 1117 tri-

1801 1146 1977 1221 buat,
1998 1165 2126 1207 non
2156 1146 2273 1209 erit
2292 1147 2581 1227 injustus.
2610 1148 2786 1221 Quod
2808 1152 3109 1227 praeterea
3136 1148 3223 1209 ita
3252 1148 3363 1209 de-

1803 1242 1997 1317 claro,
2024 1241 2171 1321 quia
2191 1243 2359 1303 Deus
2378 1260 2508 1303 non
2531 1247 2783 1305 tenetur
2804 1262 2879 1331 ea
2892 1244 3136 1322 justitia
3154 1243 3363 1305 remit-

1799 1340 1937 1397 tere
1984 1336 2219 1396 homini
2262 1341 2613 1415 peccatum,
2658 1337 2963 1417 quidquid
2988 1337 3091 1397 ille
3128 1336 3361 1409 faciat;

1799 1448 1969 1504 nam,
2001 1429 2284 1509 quamvis
2310 1448 2625 1491 summam
2646 1431 3079 1494 contritionem
3106 1434 3167 1491 et
3192 1430 3365 1492 dolo-

1799 1541 1939 1584 rem
1966 1524 2219 1595 habeat‚
2261 1523 2557 1585 delictum
2586 1524 2987 1585 commissum
3020 1541 3147 1584 non
3192 1540 3364 1585 com-

1799 1621 2046 1695 pensat,
2077 1615 2347 1695 ideoque
2384 1634 2515 1698 non
2554 1622 2759 1695 potest
2785 1616 3217 1679 remissionem
3250 1634 3363 1696 per

1795 1709 2104 1788 justitiam
2132 1710 2431 1789 consequi
2456 1728 2473 1783 ;
2512 1728 2662 1789 ergo
2692 1717 2905 1789 posset
2930 1712 3099 1773 Deus
3126 1710 3362 1789 absque

1795 1802 2035 1883 justitia
2063 1821 2191 1864 non
2226 1804 2543 1865 remittere
2578 1808 2907 1883 peccatum
2940 1804 3059 1865 nisi
3088 1805 3205 1865 sub
3246 1804 3365 1865 hac

1803 1896 2184 1972 conditione,
2206 1898 2459 1969 scilicet,
2488 1904 2559 1959 ut
2578 1915 2692 1975 pro
2712 1898 3211 1976 praecedentibus
3230 1916 3365 1961 me·

1800 1991 1935 2051 ritis
1965 1990 2118 2051 nihil
2144 1991 2488 2052 retribuere
2516 1994 2839 2065 teneatur;
2878 2010 3047 2072 ergo,
3080 1992 3363 2055 absolute

1803 2084 2146 2163 loquenda,
2200 2102 2323 2145 uon
2362 2084 2479 2147 erit
2522 2085 2789 2164 injustus
2836 2088 3004 2146 Deus
3032 2104 3159 2147 non
3209 2102 3366 2165 prae-

1803 2177 2057 2239 miando
2104 2177 2269 2239 dicta
2320 2178 2565 2252 merita,
2622 2179 2769 2259 quia
2814 2180 3045 2258 poterit
3088 2180 3365 2260 allegare

1803 2271 1924 2331 sub
1970 2271 2079 2333 tali
2134 2272 2489 2334 conditione
2520 2290 2587 2333 se
2625 2273 2939 2335 remisisse
2986 2281 3359 2429 peccat-*13

1801 2382 1954 2445 ergo
2003 2382 2133 2425 non
2180 2370 2443 2444 possunt
2476 2364 2664 2427 verba
2708 2366 2879 2427 Pauli
2928 2367 3007 2428 de
3068 2384 3241 2446 operi
3290 2386 3363 2429 us

1794 2458 2177 2521 mortificatis
2220 2460 2467 2539 exponi.
2515 2459 2695 2531 Quod
2718 2460 2975 2521 tandem
3010 2480 3089 2522 ex
3114 2461 3235 2522 illis
3266 2461 3357 2521 ul·

1793 2552 1963 2613 timis
1986 2552 2194 2613 verbis
2220 2550 2576 2613 confirmari
2604 2558 2843 2631 potest:
2870 2552 2987 2627 Qua·
3006 2553 3362 2618 ministras-

1795 2647 1880 2709 tis
1905 2647 2163 2721 sancti-5,
2198 2651 2256 2709 et
2303 2645 2699 2729 ministratis.
2741 2647 2877 2707 Non
2907 2665 3057 2727 ergo
3088 2648 3363 2729 loquitur

1794 2744 2039 2801 tantum
2089 2738 2169 2800 de
2208 2739 2505 2818 operibus
2554 2740 2727 2820 prius
2776 2740 2978 2812 factiS,
3031 2746 3093 2803 et
3140 2746 3361 2821 postea

1793 2830 2203 2905 mortificatis,
2236 2832 2350 2893 sed
2386 2831 2577 2893 etiam
2628 2832 2705 2893 de
2737 2832 2856 2893 illis
2904 2852 3045 2913 quae
3090 2832 3241 2896 tunc
3268 2834 3364 2895 fa-

1793 2924 2067 3001 ciebant,
2102 2930 2169 2985 ut
2200 2924 2475 2985 ostendit
2498 2925 2769 2986 verbum
2794 2924 2873 2987 de
2902 2927 3217 3005 praesenti,
3244 2929 3363 2989 mi-

1793 3020 2120 3092 nistram,-
2170 3036 2321 3099 ergo
2368 3018 2557 3080 etiam
2608 3019 2955 3081 secundum
2984 3026 3373 3099 praesentem·

1789 3118 2024 3174 statum
2076 3119 2255 3174 erant
2300 3113 2407 3174 illa
2458 3131 2652 3192 opera
2680 3114 2847 3188 viva,
2882 3119 2945 3174 et
2974 3113 3163 3194 digna
3194 3133 3361 3178 mer-

1787 3205 1945 3268 cede
1972 3225 2051 3268 ex
2070 3206 2343 3285 justitia;
2382 3224 2533 3287 ergo
2560 3206 2835 3288 loquitur
2863 3207 3093 3270 Paulus
3122 3207 3205 3270 ad
3224 3209 3359 3288 jus·

1787 3305 1888 3360 tos
1913 3317 2107 3378 opera
2136 3299 2457 3361 meritoria
2482 3299 2805 3362 facientes.

1867 3395 1969 3455 ¹0.
2012 3393 2321 3455 Probatur
2358 3394 2537 3456 tortio
2592 3394 2849 3458 rationo.
2871 3428 2953 3444 -
2972 3395 3128 3460 Hinc
3168 3415 3359 3477 argu-

1789 3492 2149 3548 mentamur
2172 3486 2355 3548 tertio
2381 3504 2454 3547 ex
2482 3505 2553 3548 re
2577 3487 2737 3567 ipsa,
2783 3488 2931 3566 qnia
2970 3507 3189 3550 verum
3228 3509 3359 3551 non

1787 3585 1884 3641 est
1932 3599 2127 3660 opera
2176 3580 2551 3643 mortificata
2612 3580 2819 3644 redire
2877 3600 2993 3662 per
3050 3583 3365 3661 poeniten-

1783 3673 1941 3734 tiam
1980 3672 2191 3752 quoad
2228 3673 2525 3734 meritum
2563 3675 2912 3737 essentialis
2950 3677 3227 3754 praemii;
3264 3695 3364 3738 er-

1787 3784 1867 3845 go
1891 3785 2021 3828 non
2052 3769 2258 3844 potest
2289 3766 2519 3828 Paulus
2542 3767 2607 3828 in
2634 3785 2711 3829 eo
2742 3785 2935 3830 sensu
2970 3769 3189 3848 loqui„
3213 3787 3358 3831 cum

1784 3877 1915 3921 non
1952 3859 2147 3939 possit
2180 3859 2301 3920 nisi
2346 3878 2565 3920 verum
2614 3879 2869 3922 sensum
2896 3863 3201 3941 proferre.
3233 3865 3361 3924 An-

1785 3953 2085 4015 tecedens
2112 3953 2439 4032 probatur,
2468 3953 2617 4031 quia
2656 3954 2757 4016 vel
2798 3955 3077 4016 redirent
3106 3974 3184 4016 ex
3222 3957 3359 4035 jus-

1783 4045 1918 4107 titia
1963 4045 2195 4120 divina,
2254 4046 2357 4107 vel
2408 4064 2487 4106 ex
2532 4047 2962 4108 misericordia
3018 4067 3031 4108 :
3084 4049 3357 4128 primum

1783 4137 1906 4200 dici
1940 4157 2069 4200 non
2098 4142 2328 4218 potest,
2376 4145 2447 4202 ut
2496 4139 2829 4218 prffiatum
2876 4146 2991 4202 est.
3028 4141 3105 4202 Et
3132 4141 3360 4202 confir-

1783 4234 1941 4294 mari
1986 4233 2181 4295 etiam
2236 4239 2457 4314 potest
2506 4253 2585 4295 ex
2633 4235 2903 4297 Concilio
2952 4236 3311 4298 Tridentino
3340 4283 3355 4308 ,

1783 4343 1938 4388 sess.
1970 4327 2033 4400 6,
2070 4345 2315 4400 canone
2350 4329 2455 4402 26,
2485 4327 2593 4388 ubi
2618 4327 2836 4390 definit
2860 4329 3101 4407 justum
3124 4329 3357 4390 debere

1781 4437 2038 4498 sperare
2066 4419 2549 4482 retributionem
2580 4439 2840 4482 suorum
2870 4421 3185 4483 bonorum
3210 4441 3359 4504 ope-

1781 4529 1924 4573 rum
1964 4530 2001 4571 a
2032 4513 2165 4574 Deo
2200 4529 2321 4591 ‚per
2379 4512 2515 4591 ejus
2554 4513 3073 4588 misericordiam,
3120 4522 3184 4577 et
3204 4513 3357 4577 Jesii

1787 4605 2011 4666 Christi
2048 4605 2367 4679 meritum,-
2402 4606 2520 4667 sub
2546 4607 2663 4668 hac
2688 4607 3047 4669 conditione
3076 4627 3091 4668 ε
3124 4608 3205 4672 Si
3225 4610 3361 4674 bene

1787 4700 2035 4780 wando,
2074 4703 2133 4761 et
2176 4699 2389 4762 divina
2416 4701 2709 4764 mandata
2744 4700 3146 4779 eustodiendo,
3174 4720 3362 4784 usqua

1783 4790 1852 4852 in
1903 4791 2089 4870 finefn
2132 4794 2634 4872 perseveraverit.
2692 4795 2855 4872 Ergo
2890 4795 3216 4857 retributio
3264 4815 3364 4858 re-

1785 4884 1977 4964 quirit
2022 4886 2555 4962 perseverantiam
2599 4905 2613 4946 ε
2662 4886 2795 4948 haec
2849 4892 3063 4948 autem
3120 4889 3360 4950 tollitur

1779 4995 1894 5057 per
1923 4978 2375 5055 superveniens
2404 4983 2767 5058 peccatum;
2796 4997 2971 5060 ergo,
3014 4979 3122 5042 illo
3161 4982 3355 5043 inter-

1781 5071 2045 5132 cedente
2072 5114 2087 5143 ,
2152 5070 2391 5132 tollitur
2450 5071 2656 5132 omnis
2728 5090 2873 5151 spes
2928 5073 3357 5136 retributionis

1782 5163 2065 5244 priorum
2112 5181 2377 5242 operum
2406 5181 2484 5224 ex
2504 5163 2770 5242 justitia.
2798 5164 2875 5226 Et
2899 5171 3359 5245 consequenter

1781 5257 1975 5318 etiam
2031 5275 2108 5317 ex
2160 5257 2625 5334 misericordia,
2682 5263 2753 5318 ut
2796 5258 2965 5318 idem
3011 5259 3355 5320 Concilium

1782 5350 2009 5412 merito
2051 5349 2367 5424 insinnat;
2396 5356 2531 5411 tum
2578 5349 2725 5430 quia
2752 5351 3049 5412 meritum
3076 5355 3141 5412 et
3164 5352 3321 5414 mise
3338 5384 3355 5398 ·

1780 5443 2048 5506 ricordia
2086 5461 2280 5522 pura,
2328 5442 2395 5504 id
2444 5449 2571 5515 est,
2618 5443 2959 5504 excludens
2998 5445 3305 5523 justitiam
3330 5492 3345 5519 ‚

1779 5541 2177 5617 repugnant;
2224 5535 2375 5616 quia
2402 5535 2733 5616 praemium
2784 5535 2931 5600 dicit
2960 5537 3247 5612 ordinem
3273 5539 3355 5602 ad
