3850 6225
603 400 773 452 SECT.
811 401 874 452 ΙΙ.
910 401 1090 453 snm:
1121 401 1186 453 m
1220 401 1342 454 mio
1374 401 1638 456 rnorem
1671 400 1752 454 m·
1783 401 2095 456 rotimus
2124 401 2353 456 Jusrrr.
2388 401 2859 456 continuum.

101 499 248 574 pta,
275 499 342 556 et
355 513 476 576 per
497 515 566 560 se
592 497 934 578 loquend0,
961 500 1120 562 falsa
1140 505 1256 562 est.
1285 500 1430 562 Dico
1453 507 1689 574 autem,

99 587 246 650 Per
293 606 360 650 eo
401 590 710 670 loquendo,
761 612 932 666 nam,
984 595 1032 656 si
1082 612 1162 656 ex
1215 594 1693 658 circumstantiis

103 699 544 760 personarum
578 690 640 745 et
667 687 898 764 operiS,
927 687 1246 748 moraliter
1275 693 1586 749 constaret
1607 687 1690 748 ibi

107 775 502 836 intervenire
531 784 784 856 pactum
813 779 1094 852 tacit-um,
1111 779 1246 857 jam
1275 785 1424 840 tunc
1450 781 1692 842 ratione

105 869 290 928 illius
321 869 590 930 oriretur
626 871 922 950 obligatio
955 872 1245 950 justitiae3
1281 872 1428 952 quia
1463 873 1528 933 in
1561 891 1696 934 mo·

107 963 362 1024 ralihus
395 971 638 1027 tantum
683 965 928 1044 operari
975 966 1136 1027 solet
1170 985 1512 1028 consensus
1547 967 1696 1028 taci-

107 1059 244 1128 tuS,
281 1057 442 1118 sicut
481 1076 838 1138 expressus,
873 1059 1125 1137 quando
1155 1060 1386 1121 cadunt
1409 1061 1472 1120 in
1500 1060 1688 1122 idem.

109 1149 324 1220 Quam
373 1151 658 1213 nltimam
717 1151 1088 1230 particulam
1147 1157 1439 1215 notanter
1487 1153 1684 1228 addo,

109 1243 269 1320 quia
299 1244 474 1305 aliud
501 1251 598 1306 est
637 1244 822 1308 tacite
849 1245 1202 1308 consentire
1245 1245 1308 1306 in
1338 1243 1686 1319 utilitatem,

112 1337 294 1396 aliud
341 1337 408 1398 in
453 1345 704 1417 pactum
751 1337 1159 1418 implicitum;
1207 1338 1380 1418 quia,
1410 1346 1505 1418 ‚ut
1537 1339 1686 1415 dixi,

111 1436 332 1508 potest
357 1431 498 1510 quis
517 1437 848 1512 acceptare
875 1431 1203 1494 utilitatem
1229 1450 1344 1512 per
1371 1450 1533 1506 sese,
1561 1450 1690 1494 non

113 1541 270 1584 vero
305 1543 456 1586 cum
473 1543 698 1598 onere;
721 1531 786 1586 et
815 1524 958 1586 ideo
981 1526 1152 1604 prior
1179 1543 1522 1588 consensus
1563 1544 1692 1588 non

117 1616 314 1679 infert
353 1617 798 1700 obligationem
833 1619 1114 1700 justitioe,
1161 1620 1322 1682 sicut
1361 1619 1690 1699 posterior,

115 1711 272 1788 quia
303 1728 432 1772 non
475 1717 762 1774 versatur
805 1713 970 1773 circa
1011 1711 1200 1786 idem,
1251 1713 1316 1774 id
1367 1719 1484 1785 est,
1530 1712 1694 1774 circa

117 1811 404 1882 pactum,
435 1804 606 1884 quod
631 1810 730 1866 est
751 1804 1230 1868 fundamentum
1249 1806 1438 1885 hujus
1461 1805 1696 1886 obliga-

117 1897 314 1958 tionis
341 1897 614 1976 justitian.
645 1898 1018 1978 Exemplum
1041 1917 1189 1961 vero
1227 1899 1367 1960 talis
1394 1899 1558 1978 pacti
1581 1899 1700 1960 im-

117 1990 326 2070 pliciti
378 1991 515 2062 erit,
563 1992 620 2052 si
673 2010 938 2071 persona
993 1992 1290 2054 laborans
1331 1993 1396 2054 iu
1442 1993 1698 2054 alterius

119 2084 482 2157 utilitatem,
514 2084 656 2146 talis
685 2085 764 2146 sit
791 2085 1186 2160 conditionis,
1240 2093 1310 2148 ut
1336 2104 1416 2148 ex
1453 2087 1557 2148 illo
1594 2087 1698 2149 vel

117 2177 314 2238 simili
365 2177 708 2240 ministerio
743 2177 932 2254 vivat,
981 2197 1102 2240 nec
1149 2178 1348 2242 soleat
1391 2180 1512 2242 nisi
1551 2199 1698 2260 pro-

117 2278 264 2349 pter
291 2271 672 2350 stipendium
701 2271 856 2334 illud
893 2271 1140 2346 facere;
1193 2280 1258 2335 et
1285 2273 1520 2354 alioqui
1571 2275 1696 2336 tale

119 2365 506 2442 obsequium
555 2364 634 2426 sit
677 2365 858 2428 alteri
899 2367 1326 2428 necessarium
1375 2367 1698 2430 moraliter

119 2457 470 2536 loquendo,
506 2458 604 2518 vel
633 2459 856 2520 saltem
881 2459 966 2520 ita
1015 2466 1406 2532 consuetum,
1441 2467 1510 2522 ut
1557 2479 1698 2540 pro·

121 2558 264 2630 pter
315 2551 468 2611 illud
526 2552 726 2614 soleat
774 2554 1094 2632 operarios
1139 2554 1542 2626 conducere;
1601 2554 1696 2616 his

123 2643 323 2716 enim,
357 2650 418 2704 et
443 2643 748 2706 similibus
777 2645 1292 2708 concurrentibus
1325 2647 1698 2709 conditioni-

123 2737 270 2808 bus,
303 2737 484 2798 l'acile
515 2738 902 2818 intelligitur,
935 2745 998 2800 et
1047 2758 1124 2800 cx
1153 2747 1328 2818 parte
1359 2740 1700 2802 laborantis

121 2829 192 2890 id
219 2848 350 2890 non
380 2829 588 2892 facere
625 2831 743 2892 nisi
773 2838 1028 2911 propter
1055 2832 1460 2911 stipendium,
1501 2838 1568 2894 et
1619 2831 1700 2894 ad

125 2925 538 3004 obligandum
578 2926 844 2986 alterum
874 2944 950 2986 ex
975 2926 1250 3005 justitia;
1283 2933 1346 2988 et
1397 2945 1475 2988 ex
1521 2931 1698 3005 parte

125 3018 388 3080 alterius
425 3018 692 3080 videntis
741 3026 804 3080 et
855 3020 1140 3092 tacentis,
1195 3026 1522 3099 acceptare
1569 3035 1700 3080 non

125 3113 336 3173 solum
361 3131 542 3193 opus,
575 3114 688 3175 sed
718 3114 906 3175 etiam
925 3115 1344 3177 conditionem
1373 3116 1532 3194 ejus.

209 3210 312 3267 41.
365 3210 566 3286 Atque
605 3208 750 3269 hinc
777 3207 1054 3269 secundo
1081 3209 1326 3282 dicitur,
1363 3207 1606 3269 etiamsi
1635 3206 1699 3268 id

125 3305 330 3361 totum
363 3299 660 3361 daremus
679 3300 846 3361 inter
872 3300 1186 3377 homines,
1217 3318 1356 3363 esse
1383 3300 1572 3379 longe
1609 3299 1700 3361 di·

125 3410 380 3453 versam
397 3394 708 3455 rationem
725 3400 1018 3472 respectu
1037 3396 1168 3456 Dei.
1192 3395 1398 3456 Primo
1417 3392 1696 3474 quidem,

126 3486 280 3564 quia
315 3486 510 3559 illud,
557 3486 732 3566 quod
769 3488 994 3549 dicitur
1023 3488 1104 3549 de
1133 3488 1320 3549 tacito
1361 3506 1696 3560 consensu,

125 3583 280 3639 tunc
307 3580 578 3642 maxime
605 3580 932 3643 induceret
949 3580 1394 3661 obligationem
1414 3580 1696 3661 justitiae,

127 3672 384 3751 quando
413 3674 468 3733 is
487 3674 596 3753 qui
621 3675 884 3749 laborat,
917 3675 1090 3735 nullo
1115 3675 1293 3736 titulo
1321 3681 1415 3737 est
1451 3674 1700 3735 debitor

129 3767 270 3827 talis
296 3767 386 3827 rei
414 3769 516 3828 vel
536 3769 773 3846 operis3
809 3786 958 3829 nam
983 3769 1032 3829 si
1063 3769 1162 3831 vel
1197 3787 1274 3829 ex
1317 3766 1696 3847 gratitudine

129 3861 264 3921 sola
310 3860 392 3923 ad
429 3861 583 3922 illud
621 3867 932 3933 teneatur,
973 3880 1088 3925 cur
1109 3880 1240 3923 non
1265 3862 1494 3941 poterit
1536 3862 1698 3921 alius

129 3955 252 4017 hoc
279 3956 556 4028 nomine,
587 3962 650 4017 et
691 3956 930 4035 absque
957 3956 1080 4017 alia
1123 3956 1500 4036 obligatione
1541 3953 1696 4014 illud

130 4052 500 4129 acceptare?
523 4049 682 4120 Quid
711 4049 762 4109 si
795 4051 870 4123 is,
903 4050 1010 4129 qui
1039 4050 1303 4121 laborat,
1345 4049 1426 4109 sit
1453 4064 1692 4121 servus,

131 4142 436 4221 numquid
463 4142 644 4203 labor
669 4144 806 4224 ejus
829 4143 1394 4222 poteritdominum
1415 4141 1692 4221 obligare

133 4255 210 4297 ex
229 4237 490 4316 justitia,
530 4244 786 4317 propter
809 4238 1006 4299 solam
1041 4237 1388 4307 scientiam,
1417 4235 1517 4297 vel
1545 4252 1698 4296 con-—

131 4348 408 4401 sensum,
439 4330 488 4390 si
517 4330 722 4391 omnis
751 4330 1078 4409 promissio
1105 4330 1204 4391 vel
1236 4330 1442 4407 pactio
1485 4327 1696 4389 exclu-

133 4423 368 4485 datur?
412 4423 666 4485 Minime
693 4441 868 4496 sane,
921 4426 990 4483 ut
1033 4440 1151 4501 per
1191 4440 1261 4483 se
1303 4427 1524 4483 notum
1575 4424 1691 4481 est.

133 4518 426 4578 creatura
453 4534 602 4596 ergo
629 4522 918 4596 respectu
951 4518 1062 4579 Dei
1091 4515 1302 4575 multis
1335 4513 1474 4575 aliis
1502 4513 1694 4575 titulis

134 4618 226 4672 est
271 4610 560 4677 obnoxia,
593 4618 658 4672 et
698 4611 866 4684 idco,
915 4610 1200 4690 quamvis
1239 4626 1460 4670 revera
1503 4624 1695 4686 opera

135 4706 268 4783 ejus
305 4706 496 4783 justa,
541 4705 698 4767 etin
729 4706 928 4784 gratia
971 4704 1160 4777 facta,
1190 4702 1418 4763 cadant
1455 4700 1522 4761 in
1548 4700 1700 4761 divi·-

134 4818 278 4859 nam
307 4799 556 4859 laudem
599 4802 662 4858 et
703 4798 988 4878 gloriam,
1029 4799 1190 4857 Deus
1231 4802 1444 4857 tamen
1489 4798 1700 4873 posset

133 4893 234 4953 illa
281 4899 604 4972 acceptare
638 4897 938 4970 tanquam
987 4890 1288 4968 obsequia
1319 4906 1395 4949 ex
1445 4888 1699 4967 gratitu-

133 4987 276 5047 dine
304 4986 532 5059 debita,
565 4986 760 5047 velut
785 4984 1038 5045 labores
1065 4985 1204 5065 ejus
1245 4982 1351 5060 qui
1381 4989 1478 5043 est
1515 4987 1696 5042 natu-

133 5080 340 5140 raliter
355 5096 570 5139 servus
597 5096 783 5150 suus,
807 5078 1080 5156 ideoque
1103 5077 1224 5139 nisi
1253 5075 1424 5137 aliud
1443 5080 1696 5155 pactum

135 5172 492 5241 intercedat,
527 5190 652 5233 non
695 5177 900 5249 potest
925 5172 1072 5232 inde
1115 5169 1262 5231 oriri
1293 5169 1355 5229 in
1386 5170 1514 5229 Deo
1545 5167 1697 5228 obli-

137 5268 294 5344 gatio
316 5266 591 5343 justitias.
633 5266 883 5338 Omitto,
915 5264 1104 5325 etiam
1134 5263 1262 5324 filio
1292 5262 1384 5323 lal·
1399 5260 1600 5321 oranti
1629 5261 1695 5319 in

136 5361 308 5421 vinea
327 5360 520 5439 patris
535 5360 686 5420 nibil
703 5359 918 5421 deberi
931 5377 1009 5420 ex
1021 5357 1284 5439 justitia,
1303 5356 1548 5417 secluso
1569 5354 1694 5413 alio

137 5461 356 5532 pacto:
399 5455 608 5533 justus
657 5460 868 5515 autem
915 5454 1104 5514 etiam
1163 5456 1564 5531 comparatur
1609 5447 1696 5509 ad

3222 395 3345 456 543

1775 509 1987 580 posset
2000 501 2082 563 ad
2105 502 2253 564 talia
2280 519 2467 582 opera
2502 501 2787 580 obligari,
2812 501 3000 562 etiam
3020 499 3157 562 sine
3178 517 3344 562 mer·

1773 595 1951 656 cede.
1984 596 2163 658 Addo
2185 596 2481 675 denique,
2512 596 2757 657 secluso
2782 595 2901 656 hoc
2922 598 3107 672 pacto
3118 596 3185 656 et
3204 609 3343 672 pro·

1771 687 2092 760 missione,
2118 707 2247 750 non
2278 706 2417 750 esse
2452 688 2709 768 quidem
2736 705 2815 747 ex
2839 691 3017 766 parte
3056 686 3163 746 Dei
3198 704 3343 765 pro-

1773 781 1975 861 priam
1998 782 2255 859 justitiae
2294 781 2762 861 obligationem,
2796 785 2860 840 et
2888 784 3345 856 consequenter

1775 879 1924 934 tunc
1988 874 2464 936 retributionem
2522 874 2887 934 meritorum
2955 889 3087 932 non
3149 871 3343 934 fuisse

1773 966 2050 1034 futuram
2092 987 2170 1028 ex
2200 963 2321 1028 hac
2362 967 2499 1046 ipsa
2514 966 2777 1047 justitia,
2820 983 3012 1045 quam
3040 964 3345 1026 hactenus

1776 1058 2267 1134 declaravimus;
2300 1059 2707 1120 nihilominus
2738 1065 2951 1120 tamen
2982 1058 3169 1118 etiam
3209 1057 3343 1116 sine

1771 1153 2185 1231 promissione
2212 1171 2397 1232 posse
2426 1152 2817 1214 intercedere
2854 1151 3128 1230 aliquam
3156 1151 3346 1212 ratio—

1771 1263 1920 1306 nem
1946 1245 2153 1308 meriti
2168 1251 2230 1306 et
2248 1245 2506 1324 praemii,
2526 1245 2707 1324 cujus
2730 1244 3051 1306 retributio
3074 1261 3151 1304 ex
3166 1247 3345 1322 parte

1771 1340 1882 1402 Dei
1907 1339 2097 1402 etiam
2122 1340 2460 1420 pertineret
2479 1337 2563 1400 ad
2584 1339 2861 1416 aliquam
2880 1337 3191 1398 rationem
3209 1337 3346 1416 jus-

1771 1433 1920 1494 titiae
1940 1433 2127 1495 latius
2142 1439 2427 1512 sumptae.
2456 1431 2603 1504 Ouae
2628 1437 2843 1492 autem
2862 1430 2967 1492 illa
2983 1431 3083 1503 sit,
3114 1436 3177 1492 et
3194 1447 3347 1508 quo·

1773 1527 1960 1588 modo
1990 1527 2073 1588 sit
2122 1525 2549 1604 intelligenda,
2603 1523 3063 1586 declarabimus
3098 1528 3343 1604 postea,

1775 1637 1920 1682 cum
1938 1620 2246 1699 justitiam
2272 1617 2729 1680 distributivam
2760 1624 2824 1680 et
2850 1617 3123 1698 legalem
3152 1613 3349 1694 expli-

1777 1713 2149 1776 caverimus.
2638 1739 2643 1745 ·

1778 1967 1924 2034 Non
1974 1969 2167 2034 tenori
2210 1985 2442 2050 reaenper
2500 1967 2855 2032 creditorem
2904 1963 2987 2028 ad
3028 1968 3347 2044 accaman-

1859 2063 1999 2126 dam
2048 2059 2527 2144 satisfactionem
2556 2104 2575 2133 ,
2626 2059 2687 2121 ri
2736 2064 2985 2138 psoium
3024 2073 3143 2118 non
3188 2073 3345 2138 pra-

1862 2156 2065 2220 cessit.

1855 2375 1958 2435 42.
2010 2370 2293 2435 Solvitur
2350 2369 2610 2432 notanda
2662 2367 2925 2446 objectio.
2966 2397 3048 2414 —·
3094 2366 3351 2430 Ρηᾋωί-

1765 2465 1945 2546 pium
1982 2481 2057 2528 σω
2124 2479 2237 2544 quo
2298 2459 2613 2525 deducitur
2652 2460 2919 2539 objectio.
2956 2491 3039 2506 —
3058 2458 3349 2522 Secunda

1779 2556 2045 2637 objectio
2100 2554 2405 2634 procedit,
2444 2557 2515 2614 ut
2544 2552 2853 2625 existimo,
2888 2569 2965 2613 ex
3000 2553 3157 2614 falso
3192 2569 3347 2632 quo-

1777 2651 1924 2712 dam
1944 2649 2273 2732 principio,
2300 2647 2619 2718 nimirum,
2650 2645 2895 2726 quoties
2928 2646 3189 2707 offertur
3216 2663 3348 2707 cre·-

1779 2741 1963 2804 ditori
2002 2759 2105 2802 res
2150 2739 2411 2819 aequalis
2462 2739 2553 2800 rei
2592 2739 2841 2810 debitoe,
2879 2745 2943 2799 et
3000 2739 3349 2800 debitorem

1780 2837 1878 2897 sui
1916 2833 2281 2915 obligationi
2318 2831 2575 2911 justitias
2614 2832 2998 2911 satisfacere,
3035 2837 3097 2893 et
3152 2831 3353 2893 credi-

1779 2937 1983 2992 torem
2034 2926 2237 2989 teneri
2285 2926 2365 2986 ad
2402 2926 2894 3004 acceptandum3
2942 2925 3112 3004 quod
3158 2925 3209 2986 si
3256 2925 3351 2986 fa-

1781 3043 1926 3084 cere
1954 3023 2133 3094 nolit,
2170 3022 2291 3081 hoc
2334 3020 2473 3098 ipso
2518 3019 2833 3080 remittere
2878 3019 2941 3078 in
2990 3019 3217 3080 virtute
3242 3019 3349 3080 de-

1779 3120 2002 3189 bitum,
2040 3136 2077 3178 a
2106 3133 2233 3195 quo
2264 3115 2423 3175 alius
2456 3114 2615 3175 liber
2642 3113 3051 3193 relinquitur3
3092 3114 3193 3175 vel
3218 3132 3350 3175 cer-

1779 3220 1864 3285 te,
1907 3210 2197 3291 quamvis
2246 3209 2381 3286 ipse
2410 3226 2539 3268 non
2582 3207 2879 3279 remittat,
2910 3206 3113 3285 ipsam
3154 3207 3351 3267 actio-

1780 3323 1926 3366 nem
1968 3300 2267 3365 debitoris
2324 3293 2779 3371 satist'acientis,
2808 3304 3115 3377 quantum
3150 3300 3246 3360 est
3274 3316 3351 3360 ex

1781 3416 1873 3471 se,
1923 3404 1987 3459 et
2014 3415 2131 3477 per
2174 3411 2315 3455 sese
2352 3392 2573 3453 tollere
2623 3392 2831 3471 ipsum
2870 3391 3175 3465 debitum,
3202 3391 3350 3471 quia

1773 3494 1908 3571 jam
1956 3497 2053 3553 est
2078 3490 2241 3549 faeta
2274 3484 2623 3565 aequalitas,
2652 3500 2799 3546 cum
2826 3484 3123 3564 obligatio
3168 3485 3351 3563 justi-

1779 3586 1880 3647 tim
1917 3582 2107 3645 fuerit
2144 3579 2421 3659 expleta.-
2451 3579 2543 3639 Ex
2589 3595 2715 3657 quo
2752 3577 3059 3657 principio
3086 3576 3351 3639 infertur

1782 3677 1974 3751 aliud,
2016 3674 2267 3754 quoties
2331 3670 2603 3732 creditor
2646 3675 2929 3749 acceptat
2976 3670 3351 3731 satisfactio·

1777 3788 1947 3843 nem,
1998 3786 2139 3847 quae
2188 3783 2309 3826 nec
2348 3782 2463 3843 per
2507 3780 2645 3825 sese
2688 3764 3043 3824 necessario
3096 3763 3351 3843 expellit

1777 3861 2083 3933 debitum,
2111 3874 2323 3937 neque
2376 3855 2584 3935 ipsum
2624 3856 2995 3933 creditorem
3036 3856 3203 3935 cogit
3240 3862 3351 3918 aut
3410 3918 3419 3927 ,

1779 3954 2017 4033 obligat
2055 3952 2135 4013 aii
2172 3948 2653 4029 acceptandum,
2680 3948 2871 4010 talem
2900 3948 3349 4029 obligationem

1777 4062 1931 4109 non·
1954 4064 2093 4109 esse
2137 4044 2443 4123 aequalem
2482 4058 2689 4121 neque
2724 4042 3139 4123 condignam3
3174 4042 3348 4105 ideo·

1777 4160 1902 4221 que
1932 4142 1983 4202 si
2010 4159 2047 4202 a
2083 4138 2391 4200 creditore
2434 4140 2815 4214 acceptetur,
2858 4154 2987 4197 non
3016 4154 3155 4197 esse
3185 4154 3347 4216 opus

1769 4234 2053 4316 justitias,
2086 4230 2201 4293 sed
2242 4235 2353 4291 aut
2390 4246 2583 4289 merse
2632 4228 3041 4301 liberalitatis,
3072 4230 3127 4290 si
3170 4230 3345 4291 nulla

1775 4326 2109 4407 promissio
2160 4321 2489 4395 interfuit3
2548 4320 2649 4381 vel
2696 4320 3009 4383 fidelitatis
3032 4366 3049 4395 ,
3104 4322 3157 4382 si
3211 4322 3345 4383 haec

1773 4420 2113 4501 praecessit.
2168 4418 2243 4481 Et
2306 4415 2465 4478 ratio
2522 4413 2827 4487 redditur,
2868 4414 3041 4493 quia,
3072 4413 3126 4475 si
3162 4416 3345 4477 satis-

1773 4513 1961 4575 factio
2014 4512 2235 4573 fuisset
2284 4508 2567 4588 aqualis,
2606 4508 2737 4587 jam
2770 4506 3052 4569 medium
3090 4508 3345 4585 justitiae

1777 4608 1999 4669 fuisset
2026 4604 2433 4667 constitutum
2454 4608 2565 4663 aut
2593 4602 2946 4663 restitutum
2976 4620 2992 4675 ;
3038 4618 3191 4682 ergo
3214 4620 3343 4663 non

1778 4706 1993 4781 posset
2032 4698 2197 4759 ultra
2248 4694 2547 4774 obligatio
2590 4694 2845 4773 justitie
2886 4712 3147 4757 manere
3168 4740 3185 4767 ,
3224 4714 3345 4756 nec

1779 4794 2051 4855 creditor
2098 4797 2321 4871 possut·
2338 4788 2575 4867 aliquid
2624 4788 2790 4867 juste
2826 4787 3117 4867 exigere-3
3164 4806 3337 4867 ergo,

1781 4886 1834 4948 si
1868 4888 1989 4947 hoe
2032 4890 2261 4964 potest,
2292 4881 2807 4961 quandoquidem
2838 4881 3043 4961 potui-t
3067 4882 3341 4961 priorem

1777 4978 2265 5041 satisfactionem
2292 4994 2421 5037 non
2460 4980 2811 5052 acceptare,
2848 4975 3097 5054 signum
3142 4981 3239 5036 est
3270 4973 3340 5033 il·
3458 4968 3468 4977 '

1775 5074 1906 5134 lam
1944 5068 2433 5133 satisfactionem
2468 5085 2597 5128 non
2624 5066 2823 5127 tui-so
2866 5067 3171 5146 aqualem
3195 5086 3212 5139 ς
3240 5086 3345 5127 re-

1774 5163 2123 5247 pugnantia
2140 5179 2297 5241 ergo
2324 5166 2419 5222 est
2450 5159 2943 5222 satisfactionem
2962 5178 3104 5221 esse
3124 5172 3339 5239 aeifua-
3424 5166 3443 5177 ⁶

1775 5260 1926 5330 lem,
1962 5264 2025 5319 et
2058 5254 2463 5317 nihilominus
2510 5270 2649 5314 esse
2696 5270 2825 5313 non
2862 5254 3335 5331 acceptabilem,

1775 5342 2031 5415 servato
2066 5350 2285 5411 ordine
2310 5347 2587 5427 justitiae.

1853 5448 1955 5507 43.
2000 5443 2153 5507 Alia
2196 5460 2331 5523 qm
2358 5442 2736 5504 &dumcas-
2762 5456 2849 5501 ω
2878 5440 3073 5503 eodm
3102 5440 3339 5522 pinei»

139 5549 344 5613 Deum.
378 5548 540 5608 sicut
585 5547 752 5609 filius
787 5547 1136 5626 adoptivus,
1187 5544 1292 5627 qui
1343 5545 1464 5603 hoc
1512 5540 1690 5603 titulo
1765 5540 1891 5620 pio.
1925 5568 2007 5586 --
2036 5540 2239 5614 Atque
2298 5552 2385 5596 οι
2444 5534 2550 5593 his
2605 5532 2929 5613 principiis
2986 5530 3341 5594 inferuntur
