3850 6225
755 385 888 437 CAP.
925 382 986 436 V.
1022 383 1168 446 QUID
1202 381 1300 436 sl‘r
1331 383 1564 436 GRATIA
1599 381 2023 445 PRAEVENIENS,
2060 379 2507 444 concentum,
2539 380 2674 432 E‘rc.

165 490 328 570 gratia
357 487 722 568 praeveniens
748 485 811 545 in
841 503 1033 546 sensu
1062 484 1365 564 explicato
1393 502 1540 544 cum
1571 502 1672 544 ex-

163 586 356 644 citante
387 579 684 651 coincidit,
729 579 816 638 ita
860 577 1287 639 concomitans
1323 596 1468 638 cum
1497 577 1673 657 adju-

159 681 335 736 vante.
390 673 638 734 Additur
684 689 834 732 vero
871 671 936 730 in
973 672 1091 730 hac
1133 670 1434 730 divisione
1483 671 1672 731 etiam

159 769 327 850 gratia
355 768 753 844 subsequenS,
779 765 960 844 juxta
985 763 1139 824 illud
1167 765 1394 826 Psalm.
1425 766 1505 825 22
1530 781 1544 824 :
1575 764 1670 825 E't

151 861 530 924 misericordia
556 864 662 921 tua
693 859 1079 937 subsequetur
1111 874 1204 919 me
1244 858 1512 919 omnibus
1549 856 1671 919 die-

153 958 240 1016 bus
261 953 392 1016 ‘citae
412 969 548 1013 meoe
568 977 592 1024 ,·
620 957 682 1010 et
707 951 1006 1022 Ecclesia,
1037 951 1102 1010 in
1129 950 1404 1028 quadam
1438 949 1670 1010 Collec-

151 1055 219 1116 ta,
248 1050 396 1106 orat:
431 1045 562 1106 Pica
589 1061 720 1115 noc,
761 1061 1127 1123 quereremus,
1165 1043 1440 1118 Domine,
1463 1042 1672 1123 qratia

147 1156 344 1217 semper
377 1135 718 1218 proeceniat
767 1141 822 1198 et
863 1141 1174 1216 sequatur,
1219 1141 1342 1196 etc.
1395 1134 1521 1195 Sed
1549 1135 1668 1194 hoc

145 1231 458 1292 membrum
485 1231 546 1289 in
576 1230 784 1308 rigore
811 1247 940 1288 non
969 1235 1064 1289 est
1095 1229 1414 1290 diversum
1444 1247 1481 1288 a
1517 1246 1680 1306 prae--

147 1325 392 1394 cedente,
433 1321 540 1383 sed
569 1327 864 1382 connotat
893 1321 1326 1382 habitudinem
1357 1320 1440 1381 ad
1467 1320 1675 1382 diver-

147 1437 263 1478 sum
288 1417 645 1489 terminum3
689 1415 888 1494 gratia
919 1415 1083 1474 enim
1113 1413 1340 1475 dicitur
1363 1413 1673 1476 concomi-

147 1519 260 1570 tans
282 1515 558 1588 respectu
589 1507 1048 1586 cooperationis
1078 1525 1195 1568 seu
1225 1526 1570 1568 consensus
1597 1507 1671 1566 li-

145 1603 254 1664 bori
275 1601 524 1674 arbitrii3
551 1601 776 1662 dicitur
795 1619 944 1661 vero
965 1601 1356 1680 subsequens
1382 1607 1672 1679 respectu

145 1697 330 1775 prioris
355 1695 595 1774 gratiae;
629 1693 818 1770 unde,
849 1713 992 1754 cum
1020 1695 1220 1774 gratia
1243 1694 1670 1768 concomitans

146 1809 232 1850 scu
277 1789 570 1867 adJuvans
623 1806 874 1867 semper
927 1793 1239 1867 supponat
1295 1788 1670 1848 excitantem

146 1902 234 1942 seu
270 1882 788 1959 praevenientem,
840 1881 911 1940 fit
961 1887 1023 1941 ut
1079 1881 1268 1942 etiam
1321 1881 1401 1941 sit
1453 1881 1674 1941 subse-

146 1993 332 2053 quens,
381 1974 560 2036 Unde
604 1975 740 2034 hoec
768 1973 893 2035 duo
923 1974 1208 2034 membra
1234 1991 1560 2052 nunquam
1592 1973 1672 2032 ab

147 2067 450 2145 Augustino
471 2071 533 2127 et
558 2066 702 2126 aliis
726 2067 1010 2126 Patribus
1030 2066 1529 2146 distinguuntur3
1562 2065 1674 2126 sed

147 2160 526 2220 concomitans
554 2205 570 2232 ,
621 2165 684 2220 et
713 2159 1104 2237 subsequens
1135 2161 1486 2240 appellatur
1519 2177 1532 2218 ε
1585 2159 1672 2220 sic

147 2253 510 2332 Augustinus,
557 2254 628 2312 in
671 2252 1062 2326 EncliiridiO,
1114 2271 1251 2331 cap.
1301 2256 1417 2314 32:
1453 2253 1670 2315 Totam

147 2347 352 2426 ¹:inquio
398 2349 574 2410 detur
617 2347 764 2422 Deo,
813 2346 918 2426 qni
961 2347 1328 2408 volantatem
1367 2347 1576 2408 bonam
1613 2351 1672 2408 et

139 2446 410 2520 preparat
432 2440 870 2522 adjurandam,
887 2445 945 2502 et
961 2441 1213 2520 adjuvat
1221 2446 1668 2522 praeparatam

145 2539 192 2592 et
215 2533 356 2593 iufra
400 2552 414 2592 :
459 2533 790 2598 Nolentem
809 2535 1133 2614 praevenit,
1163 2538 1236 2595 ut
1256 2533 1402 2596 velit
1416 2559 1442 2606 ;
1475 2535 1672 2595 colen-

143 2631 236 2686 tem
273 2627 648 2706 subseq-nitue-
672 2671 687 2697 ‚
737 2643 810 2688 ne
859 2630 1104 2704 frastra
1159 2627 1306 2690 velit
1333 2653 1356 2686 .·
1396 2633 1458 2688 et
1490 2629 1670 2689 affert

143 2719 394 2796 praedicta
423 2719 620 2780 verba
653 2718 815 2780 Psal.
847 2721 1115 2793 fiscum
1144 2721 1262 2780 illis
1296 2721 1524 2781 Psalm.
1558 2721 1664 2780 58:

142 2812 522 2874 Misericordia
547 2815 688 2891 ejas
701 2812 1030 2894 proeveniet
1052 2831 1174 2886 me,·
1204 2817 1266 2873 et
1291 2812 1514 2873 similia
1539 2813 1670 2874 fere

145 2903 301 2963 habet
346 2905 500 2966 libro
553 2905 638 2966 de
703 2907 935 2966 Natura
985 2912 1046 2966 et
1101 2905 1320 2985 gratia,
1376 2925 1512 2984 cap.
1567 2907 1665 2966 32.

143 2997 333 3056 Omitto
363 2997 480 3057 alia
504 3042 521 3071 ,
575 3016 720 3078 quae
755 2997 834 3058 de
866 2999 984 3058 hac
1014 2997 1318 3058 divisione
1359 2998 1482 3058 dici
1527 3017 1670 3076 pos-

144 3096 262 3149 sunt
289 3137 304 3159 ‚
347 3091 488 3171 quia
537 3091 838 3171 praesenti
883 3090 1164 3153 instituto
1204 3108 1334 3152 non
1375 3095 1520 3153 sunt
1563 3109 1668 3152 ne·

144 3186 397 3246 cessaria.

210 3280 257 3337 3.
290 3280 666 3360 Explicatur
713 3278 926 3342 divisio
966 3280 1188 3360 qratioe
1225 3279 1294 3339 in
1332 3282 1670 3359 operantem

145 3376 190 3431 et
215 3380 626 3453 cooperantem.
653 3404 738 3416 —-
766 3373 901 3433 Alia
929 3372 1145 3432 divisio
1175 3371 1671 3451 praecedentibus

147 3482 248 3524 non
295 3465 604 3525 dissimilis
659 3471 790 3541 cst,
847 3483 969 3543 qua
1023 3463 1320 3524 dividitur
1361 3464 1558 3542 gratia
1607 3464 1672 3522 in

147 3569 472 3635 operantem
503 3566 568 3620 et
600 3565 1066 3637 cooperantem.
1096 3558 1267 3617 Circa
1297 3574 1482 3635 quam
1513 3556 1675 3615 mul-

145 3654 193 3708 ta
230 3652 412 3712 solent
446 3653 528 3712 ab
567 3652 968 3713 Scholasticis
1004 3650 1159 3722 dici;
1209 3650 1320 3711 sed
1370 3650 1490 3709 hoc
1536 3650 1672 3709 loco

145 3745 314 3805 solum
329 3747 500 3825 juxta
529 3751 816 3806 mentem
840 3744 1168 3823 Augustini
1201 3743 1373 3802 illam
1407 3742 1673 3821 explica-

143 3836 337 3907 bimuS‚
369 3840 514 3917 quia
562 3838 752 3898 valde
797 3837 1220 3898 necessarium
1262 3842 1356 3896 est
1394 3834 1474 3895 ad
1501 3835 1672 3895 varia

147 3933 260 4008 ejus
305 3934 436 3993 loca
486 3933 932 4012 intelligenda3
981 3951 1054 3992 ex
1109 3931 1335 4010 quibus
1401 3930 1674 3991 haeretici

145 4025 282 4085 male
307 4026 577 4089 inferunt
625 4028 824 4087 Deum
851 4026 940 4087 ita
973 4027 1035 4086 in
1070 4025 1252 4085 nohis
1290 4024 1558 4102 operari,
1604 4029 1670 4085 ut

146 4136 240 4178 nos
267 4120 448 4182 libere
505 4120 760 4200 operari
810 4138 938 4179 non
983 4119 1180 4189 sinat3
1234 4116 1491 4195 quidam
1523 4135 1674 4177 vero
1713 4194 1718 4197 Ι

149 4228 206 4268 ex
244 4213 554 4274 Catholicis
602 4213 903 4291 colligunt
941 4230 1017 4272 ex
1059 4210 1295 4271 eisdem
1335 4210 1490 4270 locis
1517 4210 1674 4289 phy-

147 4302 309 4365 sicam
339 4306 1079 4386 praedetcrminationem,
1115 4322 1304 4383 quam
1341 4322 1458 4364 nos
1485 4303 1675 4363 liber-

145 4398 236 4455 tati
261 4417 604 4479 repugnare
633 4399 767 4478 jam
797 4397 1222 4477 probavimus.
1267 4395 1392 4457 Sed
1421 4396 1670 4474 utrique

146 4488 356 4570 decepti
376 4499 541 4566 sunt,
565 4510 696 4552 non
717 4496 886 4552 recte
908 4488 1379 4569 interpretando
1408 4489 1670 4569 gratiam

149 4593 500 4659 operantem,
545 4602 758 4664 neque
787 4584 1169 4644 consortium
1221 4588 1282 4661 et
1331 4581 1674 4643 necessita-

147 4680 256 4735 tem
275 4678 476 4756 gratiae
505 4676 925 4757 cooperantis
955 4674 1232 4755 Sumpsit
1255 4692 1404 4755 ergo
1429 4676 1676 4753 Augus—

147 4768 288 4828 tinus
315 4772 470 4831 hanc
499 4770 870 4831 divisionem
907 4788 984 4829 ex
1030 4768 1216 4831 variis
1257 4767 1674 4829 locutionibus

151 4860 485 4941 Scripturae;
545 4880 696 4923 nam
745 4862 827 4923 ad
870 4861 1092 4941 Philip.
1142 4864 1182 4921 2
1229 4861 1456 4921 dicitur
1511 4864 1676 4925 Deae

151 4956 357 5031 operari
374 4957 440 5017 in
456 4956 630 5017 nobie
657 4961 715 5019 et
739 4954 886 5019 celle
907 4960 962 5017 et
983 4954 1318 5037 perficere;
1351 4958 1412 5014 et
1435 4959 1673 5031 tamen,

149 5044 182 5101 2
205 5046 276 5105 ad
314 5048 585 5111 Corinth.
618 5051 678 5121 3,
723 5048 988 5109 dicimur
1029 5065 1146 5107 nos
1173 5047 1544 5126 coadjutores
1573 5066 1678 5111 seu

147 5146 521 5217 cooperatores
561 5140 776 5224 yraeioe
802 5142 920 5204 Dei
933 5163 959 5214 ;
989 5140 1159 5201 unde
1197 5158 1458 5203 necesse
1485 5148 1579 5202 est
1609 5145 1678 5202 ut

149 5232 320 5307 gratia
347 5236 532 5296 etiam
565 5242 936 5315 cooperetur
969 5235 1320 5308 nobiscum,
1353 5252 1504 5294 nam
1537 5233 1675 5294 haec

147 5332 400 5387 mutuam
443 5329 810 5391 relationem
852 5328 1089 5389 dicunt.
1134 5326 1314 5389 Unde
1341 5326 1422 5389 de
1453 5346 1520 5388 se
1550 5328 1678 5388 aie-

149 5414 244 5477 bat
275 5418 496 5482 Paulus
529 5441 544 5481 :
579 5422 718 5487 Non
755 5438 858 5505 eqo
907 5425 1125 5496 autem,
1175 5420 1282 5482 ced
1317 5421 1526 5501 qratia
1566 5418 1680 5482 Dei

152 5527 354 5574 mecum
371 5539 395 5581 ,·
425 5521 488 5575 et
514 5514 592 5575 de
616 5515 920 5595 Apostolis
951 5514 1176 5575 dicitur
1202 5512 1392 5575 Marc.
1426 5512 1624 5573 ultim.
1660 5532 1673 5572 ε

3195 373 3313 433 173

1754 485 2256 547 Proedicavernnt
2282 484 2515 563 ubique,
2543 481 2801 544 Domino
2833 484 3179 561 cooperante
3193 505 3215 552 ,·
3252 482 3314 539 et

1757 596 1790 638 c
1842 596 2144 639 converso
2201 576 2571 638 Coelestinus
2616 577 2781 654 Papa
2803 620 2824 651 ,
2870 573 3112 652 epistol.
3160 576 3188 634 1
3234 571 3315 633 ad

1753 671 2093 750 Episcopos
2119 670 2353 743 Galliae,
2390 687 2529 748 cap.
2564 671 2663 741 12,
2703 685 2821 727 nos
2858 665 3150 745 appellat,
3182 682 3313 727 coo-

1747 767 2061 843 perator-es
2088 763 2312 845 qratioe
2339 761 2472 825 Dei.

1836 856 2062 920 Gratia
2094 873 2349 936 operans
2382 855 2582 917 eadem
2614 871 2749 934 quoe
2788 854 3084 926 cacitanc,
3106 855 3165 914 et
3190 869 3317 914 coo-

1745 967 1972 1030 perans
2014 945 2212 1011 eadem
2260 967 2393 1029 qaoe
2422 948 2741 1025 adjurans.
2775 977 2857 992 —
2883 945 3183 1006 Coincidit
3210 965 3319 1006 au-

1752 1049 1880 1102 tem
1905 1042 2043 1102 haec
2072 1041 2291 1102 divisio
2320 1058 2464 1102 cum
2490 1039 2907 1119 praecedente,
2933 1039 3114 1119 juxta
3142 1058 3317 1100 men-

1751 1141 1880 1195 tem
1903 1134 2257 1214 Augustini,
2286 1152 2431 1194 nam
2458 1134 2655 1210 gratia
2680 1150 2947 1211 operans
2974 1133 3195 1194 eadem
3223 1139 3319 1194 est

1755 1247 1896 1308 quae
1962 1231 2273 1300 excitans;
2323 1245 2668 1306 cooperans
2713 1245 2863 1288 vero
2903 1227 3125 1290 eadem
3176 1245 3315 1306 quae

1757 1321 2083 1400 adjuvans,
2122 1322 2469 1400 Utrumque
2518 1325 2758 1380 constat
2798 1339 2874 1380 ex
2914 1320 3048 1399 ipso
3078 1323 3318 1400 Augus-

1760 1416 1912 1488 tino,
1945 1417 2055 1476 lib.
2090 1420 2119 1476 1
2154 1415 2234 1477 de
2258 1415 2467 1478 Gratia
2497 1419 2559 1476 et
2577 1415 2755 1476 liber.
2792 1415 3031 1489 arbitr„
3068 1416 3319 1493 cap.‚16

1753 1515 1816 1570 et
1845 1513 1943 1584 17,
1987 1510 2099 1570 uhi
2122 1511 2209 1571 sic
2246 1509 2487 1588 inquit:
2521 1508 2761 1572 Certum
2790 1514 2880 1571 est
2898 1525 3006 1570 noc
3028 1510 3319 1570 mandata

1751 1620 2015 1677 servare,
2058 1605 2117 1666 si
2154 1604 2427 1666 columae
2439 1627 2465 1675 ;
2504 1604 2610 1664 sed
2630 1603 2775 1683 qaia
2797 1603 3197 1684 proeparatur
3222 1617 3320 1662 vo·-

1751 1695 1961 1759 luntas
1994 1715 2034 1759 a
2058 1697 2334 1769 Domino,
2366 1697 2439 1759 ab
2474 1695 2583 1756 illo
2612 1695 2935 1776 petendam
2974 1698 3063 1756 eet
3088 1699 3161 1758 ut
3185 1699 3319 1758 tan-

1753 1793 1880 1850 tum
1921 1789 2174 1851 velimus
2230 1795 2524 1870 qaantmn
2572 1789 2809 1866 sufficit
2836 1832 2851 1860 ,
2896 1793 2968 1849 at
3008 1786 3319 1848 volendum

1749 1881 2070 1962 faciamus.
2107 1880 2347 1945 Certum
2374 1887 2465 1945 eet
2504 1899 2613 1944 noe
2656 1881 2803 1944 velle
2844 1897 2979 1942 cam
3016 1879 3313 1952 volwmus,

1752 1977 1859 2037 ced
1879 1973 1987 2036 itte
2012 1975 2163 2052 facit
2199 1981 2271 2037 at
2296 1976 2549 2037 eclimus
2577 1976 2811 2046 bonum,
2856 1975 2925 2036 de
2950 1989 3065 2053 qao
3091 1973 3319 2034 dict-um

1755 2073 1842 2129 ecc
1866 2093 1890 2127 .·
1913 2068 2325 2149 Proeparatwr
2342 2069 2627 2131 voluntas
2658 2087 2697 2131 a
2724 2067 2979 2128 Domino
2994 2090 3020 2138 ;
3049 2069 3106 2127 et
3135 2083 3173 2126 a
3199 2065 3319 2126 Do-

1751 2162 1914 2224 mino
1935 2173 2185 2244 pressae
2206 2161 2466 2224 hominis
2488 2163 2612 2224 diri
2614 2167 2871 2243 centron
2902 2164 2959 2222 et
2988 2185 3011 2220 .·
3039 2160 3202 2222 Deus
3228 2163 3319 2221 est

1751 2253 1858 2334 qni
1897 2257 2184 2336 operatur
2219 2255 2287 2316 in
2337 2253 2499 2316 vobis
2540 2255 2687 2317 velle
2738 2259 2795 2316 et
2830 2255 3131 2333 perficere.
3181 2251 3318 2315 Cer-

1752 2353 1881 2410 tnm
1906 2354 2125 2410 estnec
2143 2351 2340 2427 facere
2362 2365 2497 2410 cum
2520 2347 2804 2421 facimus,
2820 2347 2929 2408 ced
2946 2345 3051 2408 ille
3074 2345 3225 2426 facit
3247 2349 3319 2407 at

1748 2441 2075 2518 faciamus,
2097 2441 2415 2520 praebendo
2442 2442 2603 2502 vires
2640 2439 3089 2521 efficacissimas
3114 2439 3319 2500 volan-

1755 2535 1894 2608 tati,
1939 2535 2045 2615 qui
2096 2532 2256 2597 dixit
2289 2559 2311 2593 .·
2344 2533 2599 2596 Faciam
2634 2539 2705 2596 nt
2740 2535 2809 2594 in
2842 2531 3119 2610 justitiis
3167 2533 3319 2594 meis

1753 2627 2087 2690 ambuletis.
2116 2629 2193 2688 Et·
2219 2645 2355 2705 cap.
2388 2628 2500 2687 17:
2532 2625 2681 2700 Quis
2702 2626 2947 2705 (inquit)
2968 2627 3177 2699 ictam,
3203 2626 3321 2687 etsi

1745 2737 2025 2800 paream,
2049 2721 2195 2784 dare
2215 2725 2473 2801 caperat
2500 2721 2859 2782 charitatem
2885 2765 2899 2791 ,
2927 2720 3055 2780 nisi
3078 2719 3183 2780 ille
3213 2719 3321 2799 qui

1746 2817 2065 2892 praeparat
2106 2813 2502 2887 volantatem,
2562 2817 2619 2876 ct
2660 2813 3017 2892 cooperando
3072 2813 3319 2891 perficit

1750 2906 1909 2984 quod
1940 2906 2233 2984 operando
2263 2905 2501 2986 incipit.
2557 2903 2847 2979 Quoniam
2881 2904 3010 2985 ipse
3051 2909 3125 2966 at
3176 2905 3319 2966 veli-

1749 3015 1886 3058 mus
1913 3003 2200 3078 operatur
2240 2999 2557 3078 incipiens,
2598 2997 2704 3080 qni
2745 2997 3078 3060 colentibus
3125 3014 3321 3079 coope-

1749 3094 1933 3152 ratur
1970 3092 2313 3173 perficiens.
2370 3091 2451 3155 Ut
2496 3109 2633 3176 eryo
2673 3090 2925 3155 velimus
2976 3092 3107 3153 sine
3150 3092 3321 3154 nobis

1750 3190 2035 3265 operatwr
2052 3212 2079 3258 ,·
2118 3204 2253 3249 cam
2282 3190 2481 3249 autem
2508 3186 2800 3260 volamus,
2834 3191 2891 3249 et
2930 3186 3023 3248 sic
3044 3185 3319 3247 volmnus

1748 3282 1820 3337 ut
1835 3279 2167 3355 faciamus,
2194 3279 2501 3342 nobiccum
2537 3283 2890 3359 cooperatur
2904 3304 2931 3353 ;
2966 3284 3165 3341 tamen
3188 3280 3319 3340 eine

1750 3370 1858 3433 illo
1884 3371 1978 3433 vel
2000 3377 2279 3453 operante
2296 3377 2369 3435 at
2390 3372 2665 3447 velimus,
2686 3372 2779 3434 vel
2805 3376 3152 3454 cooperante
3183 3388 3317 3433 cam

1753 3464 2049 3538 colamus,
2082 3466 2164 3527 ad
2188 3465 2340 3527 bona
2362 3465 2617 3546 pietatis
2638 3481 2819 3546 opera
2840 3465 2998 3526 nihil
3024 3464 3313 3526 calemus.

1753 3556 1844 3615 Ex
1869 3574 1993 3634 quo
2023 3556 2256 3635 insigni
2290 3564 2352 3617 et
2378 3557 2603 3618 illustri
2623 3556 2759 3617 loco
2788 3557 3093 3636 imprimis
3124 3556 3320 3617 habe-

1754 3666 1894 3707 mus
1919 3649 2187 3727 gratiam
2221 3654 2613 3729 operantem,
2646 3668 2782 3711 esse
2816 3652 2989 3710 illam
3016 3668 3137 3728 qua
3167 3668 3318 3728 prue-

1753 3746 2011 3819 paratur
2038 3742 2327 3803 voluntas
2357 3762 2393 3802 a
2426 3744 2716 3817 Domino,
2750 3748 2811 3804 et
2836 3744 2999 3803 hanc
3028 3742 3318 3803 eamdem

1755 3852 1892 3895 esse
1920 3853 2046 3912 qua
2081 3835 2305 3896 dicitur
2333 3837 2500 3895 Deus
2540 3835 2747 3897 facere
2791 3842 2859 3898 ut
2902 3836 3183 3908 velimu8‚
3218 3835 3319 3895 vel

1755 3934 1822 3987 ut
1839 3928 2179 4001 faciamus;
2216 3935 2457 3990 constat
2486 3936 2697 3991 autem
2724 3931 2843 3991 hoc
2866 3929 3001 3989 fieri
3031 3948 3068 3989 a
3100 3930 3223 3989 Deo
3252 3928 3317 3988 in

1751 4021 1935 4081 nobis
1954 4039 2067 4099 per
2094 4023 2360 4101 gratiam
2382 4024 2791 4095 excitantem3
2820 4040 2936 4101 per
2954 4022 3125 4081 illam
3150 4022 3317 4081 enim

1753 4131 1869 4173 nos
1894 4114 2303 4175 illuminando
2334 4115 2545 4193 dirigit
2566 4134 2821 4195 gressus
2846 4121 3116 4187 nostrOS,
3148 4113 3319 4193 quod

1753 4206 1899 4267 huic
1942 4208 2156 4287 gratiae
2190 4209 2471 4287 operanti
2525 4207 2755 4267 ibidem
2800 4208 3183 4285 Augustinus
3210 4207 3319 4267 tri-

1751 4299 1918 4372 buin
1968 4305 2031 4361 et
2060 4300 2390 4361 alliciendo
2420 4300 2806 4361 voluntatem
2838 4318 2978 4360 eam
3004 4306 3317 4379 praeparat

1755 4397 1824 4452 ut
1871 4393 2145 4453 suaviter
2183 4392 2337 4454 velit
2375 4393 2654 4467 credere,
2706 4410 2920 4453 amare
2946 4438 2961 4466 ,
3011 4398 3119 4453 aut
3170 4411 3321 4471 ope-

1753 4503 1901 4547 rari.

1842 4688 2003 4761 Quid
2018 4688 2104 4751 sit
2124 4688 2315 4751 Deam
2338 4689 2406 4751 in
2424 4686 2589 4751 nobie
2610 4689 2849 4771 operae-i
2864 4695 2937 4753 at
2960 4688 3233 4753 velimus.

1837 4860 1896 4919 4.
1952 4860 2271 4921 Habemus
2320 4860 2549 4922 deinde
2598 4881 2727 4923 non
2767 4862 2909 4925 ideo
2956 4864 3076 4925 dici
3118 4865 3321 4924 Deum

1759 4953 2005 5030 operari
2036 4952 2099 5013 in
2132 4952 2315 5014 nobis
2357 4958 2429 5013 ut
2455 4954 2740 5028 velimuS‚
2784 4956 2929 5035 quia
2968 4956 3102 5035 ipse
3150 4956 3319 5016 solus

1755 5043 1946 5105 faciat
1976 5044 2041 5105 in
2072 5045 2253 5107 nobis
2284 5047 2491 5127 ipsum
2522 5049 2712 5123 velle3
2750 5050 2861 5110 sed
2889 5050 3034 5127 quia
3068 5050 3201 5129 ipse
3228 5054 3321 5111 est

1759 5138 1864 5215 qui
1897 5144 2195 5217 operatur
2221 5140 2287 5200 in
2324 5141 2506 5201 nobis
2544 5142 2790 5203 initium
2828 5144 3011 5203 bonae
3039 5145 3319 5205 volunta-

1757 5232 1859 5308 tis,
1905 5249 2045 5309 quae
2082 5251 2210 5294 non
2243 5234 2562 5311 perficitur
2589 5236 2722 5297 sine
2748 5237 2959 5310 nobis;
3003 5238 3123 5297 hoc
3152 5238 3320 5297 enim

1761 5326 2049 5404 estquod
2074 5326 2459 5405 Augustinus
2488 5329 2574 5389 ait
2607 5348 2620 5387 :
2655 5330 2800 5410 Ipse
2816 5334 2886 5392 eet
2913 5330 3165 5393 velimus
3192 5346 3322 5411 ope-

1758 5424 1943 5482 ratur·
1969 5420 2292 5499 incipiens,
2322 5420 2428 5501 qai
2450 5422 2781 5485 volentibus
2806 5428 3155 5504 cooperatur
3185 5440 3321 5502 per·

1760 5512 1997 5589 fici-ene.
2020 5514 2157 5574 Non
2177 5520 2472 5591 operatur
2494 5520 2705 5575 autem
2728 5518 2893 5575 Deus
2918 5516 2985 5575 in
3007 5515 3191 5577 nobis
3209 5516 3323 5577 ini-
