3850 6225
469 387 590 446 582

1417 385 1629 437 owse.
1669 387 1748 438 Vl.
1789 384 2157 438 mst‘uu'uo
2190 385 2271 436 ΒΕ
2300 385 2577 439 JusTmA
2610 385 2729 439 nm.

465 493 664 555 virtus
693 492 792 564 sit,
817 488 1422 558 necessariumflsse
1453 487 1724 568 speciale
1754 486 2037 549 debitum
2116 485 2372 567 pendio,
2394 486 2777 568 obligaretur
2800 487 3211 567 adjustitiam
3228 463 3677 550 distributivam

471 605 510 648 a
535 584 743 647 debito
767 581 1025 662 justitiae
1061 581 1550 652 commutativae;
1579 579 1773 654 unde,
1805 580 1860 640 si
1885 597 2039 641 con-

471 679 740 758 tingeret
783 679 1120 754 utrumque
1169 674 1450 737 debitum
1503 673 1690 734 simul
1741 673 2039 754 conjungi

468 775 762 850 respectu
813 768 1180 830 eorumdem
1205 815 1222 842 ‚
1276 775 1424 828 tunc
1477 773 1744 848 utraque
1793 767 2041 846 justitia

470 869 684 944 posset
711 879 826 942 per
865 879 932 923 se
975 861 1199 924 elicere
1229 861 1406 922 illum
1445 865 1658 922 actum
1699 866 1764 922 et
1797 860 2043 922 solvere

469 957 596 1019 tale
651 954 956 1028 debitum,
1005 953 1106 1016 vel
1153 971 1266 1034 per
1313 971 1382 1016 se
1439 953 1659 1028 solam,
1711 953 1814 1014 ve}
1853 952 2043 1026 simul

471 1067 617 1114 cum
644 1049 798 1110 alia:
839 1047 942 1109 illa
977 1053 1190 1110 tamen
1225 1047 1582 1127 conjunctio
1625 1047 2043 1110 accidentaria

473 1150 589 1206 est.

553 1239 654 1298 15.
680 1238 882 1316 Atque
902 1234 1048 1296 hinc
1079 1235 1270 1298 etiam
1292 1235 1496 1298 obiter
1516 1234 1768 1318 collige,
1789 1253 2043 1299 servare

473 1331 638 1392 hanc
667 1327 1159 1408 proportionem,
1187 1346 1514 1410 nunquam
1543 1347 1682 1392 esse
1711 1329 1796 1392 ita
1824 1347 1941 1410 per
1974 1347 2045 1391 se

471 1422 736 1486 formale
757 1422 1078 1502 obJ'ectum
1099 1423 1366 1503 alicujus
1383 1423 1649 1498 virtutis,
1671 1431 1742 1486 ut
1766 1422 2045 1530 separari

471 1516 668 1598 possit
717 1535 754 1576 a
785 1515 1028 1576 ratione
1069 1515 1262 1580 debiti
1297 1517 1752 1597 proportionati
1779 1517 1886 1578 tali
1925 1517 2045 1578 vir·

473 1609 618 1670 tuti·
605 1655 620 1682 ,
653 1609 777 1670 imo
800 1608 865 1669 in
885 1613 1130 1669 tantum
1157 1616 1442 1672 servatur
1473 1608 1576 1670 illa
1607 1611 1950 1689 proportiO,
1976 1609 2045 1671 in

473 1707 782 1782 quantum
809 1701 1166 1762 necessaria
1195 1706 1378 1764 estut
1405 1702 1743 1782 unicuique
1769 1702 2045 1765 solvatur

475 1794 780 1866 debitum,
833 1799 1140 1874 quantum
1195 1794 1296 1858 hic
1337 1799 1402 1857 et
1430 1813 1600 1858 nunc
1629 1795 1782 1857 solvi
1811 1801 2039 1876 potest.

477 1885 657 1960 Quod
685 1885 890 1948 sinon
913 1885 992 1947 sit
1013 1905 1222 1948 sermo
1241 1885 1319 1948 de
1336 1887 1576 1966 justitia
1603 1889 2045 1950 commutativa

473 1985 768 2060 respectu
797 1979 1380 2052 eorumdem‚·inter
1394 1997 1553 2060 quos
1573 1979 1644 2042 fit
1667 1981 2041 2057 distributio,

477 2075 566 2134 sic
621 2070 876 2152 quidem
929 2090 1056 2132 non
1105 2072 1291 2134 video
1343 2074 1826 2155 repugnantiam
1874 2075 2047 2155 quod

479 2171 656 2229 actus
677 2164 934 2245 justitiae
969 2163 1398 2238 distributivae,
1429 2171 1722 2246 respectu
1747 2186 2049 2246 quorum-

479 2259 651 2332 dam,
693 2257 929 2318 oriatur
971 2273 1048 2316 ex
1078 2257 1458 2338 obligatione
1477 2259 1730 2338 justitiae
1761 2278 2047 2322 commu-

477 2350 684 2414 tativoe
705 2353 992 2428 respectu
1017 2347 1274 2412 alterius
1297 2370 1312 2410 :
1341 2357 1410 2411 ut
1437 2351 1490 2412 si
1513 2353 1796 2414 minister
1818 2353 2044 2434 Reipu-

479 2443 677 2518 blicae,
725 2441 828 2502 vel
857 2441 1113 2514 elector,
1155 2459 1232 2504 ex
1261 2443 1520 2528 speciali
1552 2451 1760 2528 pacto,
1807 2445 1906 2509 vel
1936 2448 2045 2509 sti·

2118 579 2495 641 servandam
2524 581 2591 642 in
2612 599 2727 642 sua
2748 580 3053 642 electione
3078 581 3179 642 vel
3208 580 3673 656 distribution&

2122 672 2293 753 quod
2320 671 2585 735 fortasse
2604 691 2735 735 non
2758 691 2903 735 raro
2926 673 3231 753 contingit
3254 673 3321 734 in
3340 671 3681 736 actionibus

2124 766 2439 844 humanis,
2470 785 2601 830 non
2624 773 2719 830 est
2740 773 2955 830 tamen
2990 769 3111 830 hoc
3142 785 3261 848 per
3284 785 3359 830 se
3388 774 3453 828 et
3480 768 3680 829 intriu-

2124 877 2267 922 sece
2294 863 2753 937 necessarium;
2804 879 2953 924 nam
2989 879 3105 942 per
3132 881 3201 924 se
3248 867 3499 924 constat
3522 861 3681 926 illam

2124 953 2571 1034 obligationem
2616 956 3073 1018 commutativte
3102 957 3365 1035 justitias
3400 965 3679 1035 respectu

2126 1048 2381 1110 alterius
2406 1066 2547 1110 esse
2586 1048 2769 1110 valde
2802 1048 3217 1110 extrinsecam
3252 1055 3317 1110 et
3345 1047 3681 1112 accidenta-

2122 1141 2285 1204 riam
2296 1141 2380 1202 ad
2394 1141 2719 1222 proprium
2743 1149 2805 1204 et
2820 1142 3226 1204 intrinsecum
3244 1159 3481 1203 munus
3494 1141 3680 1206 distri-

2124 1233 2351 1297 butivae
2373 1235 2661 1316 justitiae3
2718 1237 2809 1298 sic
2855 1236 3025 1298 enim
3062 1237 3253 1298 etiam
3274 1254 3537 1316 possum
3570 1257 3677 1320 ego

2126 1327 2389 1410 obligari
2416 1346 2494 1390 ex
2513 1329 2757 1409 justitia
2772 1329 3219 1392 commutativa
3232 1328 3319 1390 ad
3331 1327 3675 1392 faciendum

2126 1439 2287 1502 opus
2314 1421 2775 1497 misericordie,
2820 1423 2921 1484 vel
2942 1421 3287 1502 religionis,
3320 1441 3455 1484 non
3480 1429 3677 1486 tamen

2122 1521 2457 1596 propterea
2506 1517 2749 1580 dicetur
2814 1517 3035 1598 religio
3097 1517 3201 1578 vel
3262 1516 3679 1581 misericordia

2122 1606 2373 1670 fundari
2396 1608 2719 1689 injustitia
2760 1611 3227 1672 commutativa.
3254 1609 3521 1683 Quando
3544 1630 3681 1674 vero

2124 1701 2427 1781 contingit
2454 1701 2753 1782 conjungi
2798 1702 2971 1763 illam
2998 1701 3317 1782 duplicem
3366 1703 3683 1782 obligatio-

2124 1813 2295 1867 nem,
2324 1799 2529 1874 potest
2550 1795 2819 1856 multum
2836 1793 3123 1858 conserte
3144 1796 3228 1858 ad
3246 1796 3687 1876 obligationem

2123 1886 2553 1962 restitutionis,
2586 1905 2725 1970 qum
2752 1907 2831 1950 ex
2854 1889 3191 1950 omissione
3220 1896 3333 1951 aut
3358 1888 3687 1951 violatione

2126 1981 2264 2060 ejus
2293 1979 2443 2040 oriri
2474 1987 2710 2061 potest3
2758 1987 2819 2043 et
2848 1981 2993 2043 ideo
3022 1985 3119 2043 est
3144 1986 3385 2044 attente
3414 1981 3484 2042 in
3508 1982 3690 2043 rebus

2128 2073 2471 2137 moralibus
2522 2074 3001 2148 consideranda,
3034 2075 3207 2155 qnod
3244 2074 3309 2136 in
3334 2075 3690 2155 particulari

2124 2165 2333 2228 facere
2362 2185 2491 2228 non
2518 2173 2613 2228 est
2645 2166 2971 2246 praesentis
3006 2167 3291 2230 instituti.
3344 2167 3425 2230 Et
3448 2166 3595 2228 ideo
3618 2167 3689 2228 de

2124 2267 2391 2342 utraque
2438 2262 2817 2342 obligatione
2860 2267 2925 2324 et
2964 2263 3205 2342 justitia
3242 2264 3381 2326 haec
3430 2263 3687 2325 sufficiat

2124 2355 2401 2436 attigisse
2424 2355 2505 2416 ad
2524 2355 2829 2436 justitiam
2858 2356 2971 2418 Dei
3005 2355 3485 2432 declarandam,
3530 2356 3687 2434 quod

2122 2449 2187 2510 in
2218 2449 2412 2530 ipsius
2436 2449 2701 2530 gloriam
2728 2449 2935 2526 cedat,
2963 2455 3085 2512 etc.

1735 2749 1890 2797 ''INIS
1930 2749 2199 2797 orosam
2242 2749 2439 2798 suu.
