3850 6225
522 337 638 396 182

1091 571 1342 634 CAPUT
1384 573 1509 634 vn.

521 801 602 847 AN
631 802 880 850 utnon
905 801 1192 850 Auxtutm
1237 801 1402 847 mm>
1429 803 1516 848 sn*
1557 804 1708 856 QUOD
1733 805 1978 851 missum
2006 805 2083 850 m·

597 897 676 942 EX
713 897 784 941 SE
827 895 1224 942 VOLUNTATEM
1245 895 1786 957 Pmnssrnnumu,
1812 897 2083 944 norom-

599 987 828 1040 ‘ronow
857 987 1188 1034 SENTENTIA
1210 987 1276 1032 u>
1291 987 1669 1032 AFFIRHANS..

604 1194 660 1251 1.
709 1190 1016 1262 Quoniam
1045 1190 1344 1250 auxilium
1375 1187 1594 1251 efficax
1623 1191 1703 1250 ad
1733 1191 1852 1251 hoc
1873 1190 2079 1264 datur,

517 1293 586 1345 ut
632 1283 922 1345 voluntas
970 1283 1338 1355 consentiat,
1397 1287 1459 1343 et
1496 1301 1623 1344 non
1667 1283 1868 1344 solum
1920 1284 2081 1345 velle

519 1377 736 1458 possit,
782 1377 893 1438 sed
922 1376 1109 1437 etiam
1147 1382 1216 1437 ut
1265 1376 1677 1438 determinate
1707 1377 1856 1438 velit
1896 1376 1960 1438 id
2002 1375 2087 1437 ad

520 1469 694 1552 quod
721 1488 833 1550 per
861 1469 982 1532 tale
1010 1469 1310 1531 auxilium
1347 1475 1656 1544 movetur,
1700 1468 1842 1530 ideo
1874 1469 2085 1531 effica-

520 1566 616 1626 cia
651 1569 786 1644 ejus
827 1564 1072 1626 videtur
1109 1564 1450 1626 consistere
1494 1563 1558 1624 in
1583 1565 1642 1624 vi
1672 1564 1947 1643 quadam
1976 1565 2086 1625 de-

523 1657 900 1720 terminandi
937 1657 1325 1719 voluntatem
1365 1656 1447 1718 ad
1476 1656 1848 1728 volendum3
1881 1657 2087 1738 inqui-

521 1752 718 1814 rimus
747 1769 895 1830 ergo
939 1769 1021 1810 an
1048 1751 1125 1812 sit
1157 1751 1264 1824 ita,
1309 1755 1371 1811 et
1416 1749 1732 1830 quomodo
1770 1751 1961 1830 possit
1994 1751 2087 1812 in-

521 1845 737 1925 telligi,
769 1851 992 1906 etcum
1013 1845 1296 1906 libertate
1323 1844 1641 1924 conjungi.
1660 1845 1900 1906 Docent
1919 1845 2087 1905 enim

522 1939 777 2020 quidam
819 1938 1118 2016 Theologi
1165 1935 1509 1998 efficaciam
1549 1938 1714 1998 hanc
1745 1937 2085 1999 consistere

523 2033 588 2092 in
607 2033 666 2092 vi
694 2031 966 2113 quadam
987 2030 1574 2110 praedeterminandi
1597 2030 1984 2092 voluntatem
2008 2031 2087 2092 ad

523 2143 923 2186 consensum.
983 2124 1108 2184 Dici
1162 2129 1374 2184 autem
1429 2123 1586 2184 solet
1637 2124 1772 2184 haec
1823 2124 2084 2202 physica

523 2218 1112 2298 praedeterminati0‚
1140 2221 1210 2278 ut
1233 2236 1420 2296 supra
1441 2216 1599 2278 libro
1627 2218 1828 2297 primo
1851 2217 2083 2282 notavi.

523 2311 670 2392 quia
693 2329 811 2394 per
838 2311 1163 2390 physicam
1193 2309 1468 2390 aliquam
1503 2310 1959 2382 causalitatem,
1989 2309 2088 2370 vel

524 2405 895 2478 effectivam,
945 2404 1044 2464 vel
1073 2403 1425 2476 formalem,
1481 2403 1566 2464 ita
1603 2403 2088 2464 indifferentiam

520 2497 857 2558 voluntatis
881 2501 1176 2570 coarctat,
1209 2503 1278 2558 ut
1301 2496 1420 2557 sub
1445 2497 1547 2558 illa
1568 2497 2088 2558 determinatione

523 2590 818 2663 existenS,
849 2589 992 2650 etin
1015 2607 1203 2650 sensu
1231 2589 1320 2666 (ut
1349 2588 1544 2667 aiunt)
1574 2589 1941 2668 compositu,
1962 2607 2087 2650 non

515 2683 852 2762 possitnon
879 2683 1228 2744 consentire
1249 2682 1329 2742 ad
1347 2682 1519 2742 illum
1549 2688 1756 2743 actum
1787 2682 1867 2743 ad
1898 2701 2087 2762 quem

519 2776 1128 2856 praedetcrminatur.
1176 2775 1374 2848 Quem
1405 2794 1674 2853 ‚sensum
1717 2781 1779 2836 et
1813 2775 2089 2837 declara—

519 2869 758 2931 tionem
798 2869 1072 2948 physicae
1120 2869 1658 2930 determinationis
1705 2887 1832 2950 prae
1891 2869 2089 2930 oeulis

522 2963 760 3024 habere
798 2981 1054 3022 necesse
1088 2968 1204 3035 est,
1239 2968 1308 3023 ut
1337 2962 1400 3022 in
1431 2980 1766 3042 progressu
1814 2961 2089 3041 disputa·

524 3055 708 3118 tionis
735 3073 920 3117 nemo
950 3055 1146 3135 possit
1175 3055 1484 3135 ambiguis
1511 3055 1766 3117 vocibus
1795 3054 2089 3135 tergiver-

525 3150 670 3221 sari,
705 3155 766 3209 et
793 3150 1066 3209 rationes
1096 3148 1372 3209 eludere.
1407 3150 1585 3221 Nam,
1619 3155 1688 3209 ut
1718 3150 1782 3209 in
1797 3168 1947 3210 voce
1981 3148 2091 3210 de·-

523 3242 982 3303 terminationis
1024 3247 1088 3302 et
1113 3261 1232 3301 usu
1258 3243 1396 3321 ejus
1423 3260 1550 3303 non
1584 3244 1660 3303 sit
1689 3243 2086 3322 ambiguitas,

527 3338 780 3399 additur
819 3338 925 3397 illa
967 3338 1271 3417 particula
1313 3337 1596 3419 physice,
1645 3342 1715 3398 ut
1759 3338 2092 3399 denotetur

524 3432 690 3493 hanc
728 3430 1314 3491 determinationem
1361 3450 1500 3491 esse
1548 3431 1997 3505 omnimodam,
2031 3437 2093 3493 et

528 3543 605 3585 cx
659 3523 994 3585 intrinseca
1026 3542 1098 3583 ac
1127 3524 1552 3605 propriissima
1583 3524 1948 3586 causalitate
1996 3543 2093 3585 or-

527 3624 694 3690 tam3
729 3623 917 3697 atque
959 3617 1118 3678 adeo
1149 3635 1286 3677 esse
1317 3618 1532 3691 talem,
1575 3622 1641 3678 ut
1685 3618 1856 3679 nullo
1901 3618 2090 3679 modo

527 3712 848 3793 permittat
885 3713 1272 3773 voluntatem
1303 3718 1474 3773 extra
1508 3712 1679 3773 illam
1713 3713 2093 3774 determina-

529 3804 768 3866 tionem
796 3805 1080 3878 tendere,
1119 3811 1188 3866 ut
1216 3805 1303 3866 sic
1330 3806 1556 3867 dicam.
1588 3807 1855 3885 Alioqui,
1899 3807 1949 3867 si
1982 3806 2092 3868 de-

533 3898 887 3960 terminatio
913 3902 1204 3979 ponatur,
1228 3904 1290 3959 et
1315 3917 1441 3959 non
1469 3900 1534 3960 in
1564 3900 1684 3960 hoc
1704 3918 1914 3971 sensu,
1944 3918 2093 3960 con-

530 3998 624 4052 tra
653 3991 826 4051 illam
853 4010 1020 4053 nunc
1047 4009 1175 4052 non
1201 3991 1615 4071 disputamus.
1639 3994 1770 4055 Erit
1793 3992 1961 4054 enim
1989 3993 2093 4053 illa

531 4084 613 4146 ad
639 4104 954 4147 summum
985 4084 1421 4147 determinatio
1447 4086 1722 4161 moraliS,
1755 4105 1965 4165 neque
1986 4104 2094 4148 ex-

531 4180 745 4260 plicari
769 4180 1018 4259 poterit,
1049 4179 1113 4240 in
1140 4197 1262 4258 quo
1307 4198 1342 4239 a
1377 4180 1596 4241 morali
1651 4180 2087 4260 distinguatur,

530 4273 580 4335 si
609 4291 734 4334 non
776 4272 853 4333 sit
881 4273 1020 4334 talis
1063 4271 1519 4343 determinatio,
1549 4278 1616 4334 ut
1657 4273 1718 4334 in
1773 4273 2091 4335 voluntate

530 4384 658 4428 non
698 4366 775 4427 sit
803 4370 1078 4445 potestas
1095 4366 1424 4430 resistendi
1455 4366 1574 4439 illi;
1605 4386 1778 4441 nam,
1810 4368 1860 4427 si
1889 4366 2091 4427 solum

531 4466 700 4521 esset
727 4458 1014 4537 quaedam
1043 4460 1360 4521 inclinatio
1387 4460 1486 4521 cui
1515 4460 1805 4520 voluntas
1843 4479 1973 4520 non
2000 4479 2095 4519 so-

529 4554 617 4614 let
643 4552 953 4624 resistere,
981 4553 1266 4630 quamvis
1294 4551 1510 4632 possit,
1542 4553 1622 4614 ad
1653 4572 1967 4613 summum
1998 4572 2091 4613 es-

529 4652 623 4708 set
651 4644 1085 4707 determinatio
1109 4646 1384 4719 moralis,
1413 4647 1491 4708 de
1523 4664 1648 4727 qua
1677 4652 1896 4725 postea
1924 4646 2091 4707 vide-

529 4740 758 4801 bimus.

610 4834 669 4894 2.
722 4832 991 4905 Bannez,
1022 4836 1047 4892 1
1075 4850 1170 4913 p.,
1196 4838 1410 4914 quoest.
1439 4834 1534 4907 14,
1567 4838 1688 4896 art.
1728 4834 1825 4905 13,
1857 4834 1942 4896 ad
1968 4836 2022 4905 Ι,
2053 4834 2093 4893 2

526 4930 584 4987 et
625 4928 680 5000 3,
724 4930 937 5005 quoest.
983 4928 1080 5009 19,
1111 4932 1234 4989 art.
1281 4927 1339 5001 8,
1372 4945 1430 5007 q.
1477 4928 1576 4999 22,
1620 4929 1744 4988 art.
1777 4928 1840 5000 4,
1871 4930 2085 5007 quoest.

527 5018 820 5100 viyesima
843 5017 1048 5088 tertia,
1085 5022 1206 5081 art.
1227 5020 1406 5081 tertio
1425 5024 1483 5081 et
1501 5019 1729 5099 quinto.
1747 5050 1830 5065 —
1861 5017 2086 5091 Cumel,

526 5111 747 5174 eisdem
774 5111 946 5184 locis,
980 5114 1011 5173 1
1035 5130 1130 5190 p.,
1160 5116 1220 5173 et
1249 5114 1302 5170 l.
1341 5112 1404 5185 2,
1434 5116 1652 5192 qua-st.
1686 5114 1822 5172 121.
1861 5144 1944 5158 —
1982 5114 2089 5173 Est

527 5204 715 5284 igitur
743 5222 966 5267 sensus
993 5206 1154 5265 illius
1185 5205 1508 5267 sententiae
1533 5251 1548 5278 ,
1581 5206 1782 5267 Deum
1803 5250 1820 5277 ,
1867 5206 1933 5265 in
1958 5224 2087 5267 om-

527 5298 714 5359 nibus
735 5298 1031 5377 operibus
1061 5299 1300 5380 gratiss,
1340 5298 1892 5378 praedeteminare
1932 5300 2087 5379 phy-

527 5392 654 5453 sice
681 5391 1068 5453 voluntatem
1109 5398 1388 5453 nostram
1425 5391 1508 5453 ad
1537 5392 2081 5465 consentiendum,

527 5484 802 5563 quodam
845 5484 1113 5561 auxilio,
1159 5490 1219 5548 et
1265 5484 1516 5563 speciali
1556 5486 1831 5547 motione
1870 5484 1957 5547 ita
1996 5484 2087 5547 ef-

1359 342 1570 396 OPUSC.
1609 343 1644 402 l.
1683 343 1796 394 Lm.
1837 343 1918 394 111.
1956 343 2037 394 ΒΕ
2070 343 2343 397 Auleus
2378 345 2606 398 ⁰1leAE
2638 343 2903 396 GRATIAE.

2168 441 2369 514 ficaci,
2407 448 2496 517 ut,
2528 461 2603 502 ea
2632 441 2855 522 posita,
2886 439 3243 501 necessaria
3284 443 3687 504 consecutione

2168 543 2467 616 sequatur
2494 553 2837 596 consensus
2862 534 3219 606 voluntatiS,
3250 551 3379 592 non
3414 549 3493 592 ex
3518 533 3689 614 aliqua

2166 630 2555 709 praescientia
2592 629 2728 700 Dei,
2757 628 2853 687 vel
2897 628 3243 688 extrinseca
3274 625 3685 704 suppositione.
3789 662 3797 693 ι

2166 721 2277 782 sed
2300 741 2375 784 cx
2396 723 2645 802 propria
2668 722 2729 782 vi
2751 725 2813 782 et
2832 719 3109 782 efficacia
3130 720 3269 780 talis
3287 718 3593 792 motionis,
3614 724 3691 782 vel
3789 698 3797 778 ἕ

2166 816 2399 888 auxilii,
2434 817 2533 876 cui
2562 817 2623 876 in
2646 833 2835 876 sensu
2858 813 3223 894 composita,
3252 812 3319 872 id
3348 817 3471 886 est,
3502 830 3691 892 suppo-

2164 910 2281 971 sita
2328 911 2439 972 tali
2490 909 2767 970 motione
2819 907 3053 988 gratim,
3090 906 3383 967 voluntas
3436 906 3690 966 resisten-
3788 918 3797 939 ¹

2164 1023 2291 1064 non
2318 1008 2541 1084 potest.
2574 1001 2755 1074 Quod
2786 1001 3087 1062 auxilium
3108 1001 3195 1062 ita
3226 1017 3365 1062 esse
3386 998 3593 1060 dicunt
3612 1020 3691 1058 nv·
3789 1016 3795 1025 ·

2165 1097 2506 1158 cessarium
2536 1096 2617 1158 ad
2661 1095 3198 1174 supernaturalem
3228 1111 3619 1162 eonsensum,
3644 1103 3691 1154 ut
3793 1084 3795 1150 ῗ

2165 1191 2298 1250 sine
2324 1191 2427 1250 illo
2454 1187 2835 1268 impossibile
2862 1188 2941 1250 sit
2968 1188 3352 1248 voluntatem
3388 1189 3593 1246 actum
3614 1206 3693 1246 su-
3793 1213 3794 1224 κ

2164 1283 2627 1362 pernaturalem
2666 1281 2933 1342 efficere.
2972 1281 3267 1353 Quamvis
3302 1279 3479 1340 enim
3508 1279 3591 1354 (ut
3616 1299 3695 1338 su-

2164 1395 2277 1456 pra
2307 1377 2445 1437 libr.
2488 1380 2515 1437 1
2551 1375 2781 1454 notavi)
2840 1382 3127 1437 auctores
3172 1375 3359 1453 hujus
3410 1373 3696 1434 sententis:

2166 1471 2477 1532 interdum
2522 1475 2829 1532 conentur
2866 1470 3142 1548 effugere
3186 1469 3315 1530 haec
3347 1467 3563 1538 verba,
3608 1487 3699 1528 non

2159 1569 2375 1644 potest,
2406 1583 2517 1625 seu
2545 1564 2913 1644 impossibile
2938 1569 3047 1638 est,
3082 1563 3271 1623 ctiam
3296 1561 3467 1621 facta
3486 1577 3699 1638 compo-

2169 1658 2391 1718 sitione
2414 1665 2475 1718 et
2496 1657 2919 1737 suppositione
2946 1656 3156 1717 auxilii
3178 1654 3479 1729 efficaciS,
3496 1660 3697 1720 tamen.

2168 1769 2411 1823 revera,
2444 1751 2543 1810 hic
2590 1757 2683 1811 est
2731 1769 2955 1812 sensus
3001 1767 3251 1821 corum;
3300 1765 3516 1826 neque
3562 1747 3697 1806 aliud

2168 1849 2431 1923 possunt
2460 1849 2921 1922 consequenter
2938 1843 3168 1916 dicere,
3194 1843 3521 1921 supposito
3546 1841 3697 1899 modo

2170 1937 2441 1998 efficacis
2470 1937 2702 2009 auxilii,
2736 1953 2927 2015 quem
2957 1936 3073 2015 ipsi
3100 1941 3381 2016 ponunt;
3430 1939 3611 2011 atque
3636 1933 3699 1992 ila

2169 2029 2483 2091 interdum
2534 2031 2631 2090 vel
2668 2030 2841 2090 inviti
2892 2029 2954 2090 id
3000 2029 3377 2107 exprimunt.
3442 2027 3611 2089 Unde
3634 2027 3695 2085 M.

2172 2125 2445 2198 Bannez,
2480 2127 2511 2186 1
2541 2142 2631 2202 p.,
2652 2141 2711 2201 q.
2737 2125 2838 2194 23,
2870 2129 2987 2182 art.
3016 2122 3315 2196 5,circa6
3346 2126 3413 2182 et
3439 2123 3477 2180 7
3508 2119 3699 2179 concl..

2170 2219 2547 2297 impugnans
2585 2217 2921 2296 quamdam
2959 2217 3177 2278 Javelli
3208 2215 3591 2296 opinionem.
3629 2231 3703 2272 ar·

2171 2331 2345 2392 gum.
2378 2315 2438 2382 5,
2468 2330 2613 2372 cum
2652 2311 2907 2372 dixisset
2958 2311 3155 2370 Deum
3184 2309 3433 2388 operari
3466 2308 3527 2368 in
3556 2307 3703 2366 nobis

2170 2423 2422 2466 omnem
2444 2405 2678 2466 bonum
2698 2423 2881 2466 usum
2898 2403 3077 2465 liberi
3106 2403 3369 2477 arbitrii,
3386 2399 3703 2462 secundum

2170 2499 2783 2578 praedestinationem
2837 2498 3133 2568 divinam,
3166 2496 3251 2558 ad
3282 2494 3703 2558 declarandum

2171 2611 2355 2652 suum
2400 2611 2657 2654 sensum
2704 2593 2769 2652 in
2802 2592 2899 2652 his
2930 2591 3137 2652 verbis
3190 2590 3437 2650 subdit:
3488 2587 3611 2652 Sea
3642 2589 3707 2649 di·

2168 2692 2311 2748 cunt
2346 2687 2540 2766 aliqui
2584 2704 2646 2748 se
2674 2703 2793 2746 non
2824 2702 3003 2766 posse
3046 2685 3407 2764 intelliyere,
3457 2682 3707 2762 quomodo

2169 2786 2343 2844 actus
2372 2783 2669 2842 humanus
2694 2781 2779 2842 sit
2798 2776 3365 2860 proedeterminatus
3386 2783 3449 2840 et
3462 2777 3709 2858 pradest-

2168 2877 2339 2936 m‘tus
2362 2893 2401 2935 a
2428 2875 2641 2936 divina
2654 2873 3055 2955 providentia,
3084 2891 3125 2936 a
3144 2890 3264 2952 qua
3290 2871 3627 2932 necessario
3642 2886 3709 2928 se-

2168 2969 2379 3050 quitur
2404 2969 2507 3030 ille
2528 2974 2699 3031 actus
2728 2987 2801 3032 ea:
2824 2969 2939 3030 tali
2977 2985 3181 3038 causa,
3216 2967 3575 3028 necessitate
3595 2983 3684 3025 coa

2170 3063 2515 3145 sequentia),
2548 3069 2604 3126 et
2629 3081 2747 3125 non
2776 3060 3203 3143 consequentis.
3234 3058 3393 3134 Quin
3416 3057 3623 3141 potius
3640 3057 3713 3137 ip-

2168 3174 2233 3219 se
2268 3162 2441 3219 actus
2466 3174 2843 3237 consequens,
2874 3160 2941 3217 ut
2970 3173 3043 3217 ea:
3069 3155 3187 3219 tali
3224 3172 3409 3216 causa
3436 3152 3713 3231 efficat-ss-

2170 3252 2352 3321 sima,
2392 3256 2449 3313 et
2492 3251 2763 3326 infinita·
2812 3246 3067 3311 tirtutis
3104 3247 3327 3327 accipit
3368 3246 3709 3307 libertatem.

2164 3343 2600 3423 participatam
2626 3344 2856 3423 quidem
2886 3360 2960 3403 esc
2992 3342 3193 3403 divino
3220 3340 3401 3403 libero
3452 3337 3713 3403 arbitria,

2170 3441 2435 3498 movente
2455 3435 2705 3498 liberum
2730 3436 3051 3499 arbitrium
3090 3438 3383 3497 creatura
3406 3432 3651 3508 sortiter
3672 3433 3716 3489 et

2172 3530 2463 3599 suaviter,
2482 3530 2681 3607 juxta
2718 3529 2952 3591 modum
2979 3546 3109 3589 suoe
3146 3530 3385 3589 naturae
3404 3550 3433 3595 ‚·
3470 3525 3537 3583 in
3574 3524 3717 3583 solu-

2171 3621 2341 3683 tione
2363 3640 2510 3681 vero
2538 3622 2620 3681 ad
2644 3624 2680 3681 7
2708 3620 2987 3701 ejusdem
3006 3618 3247 3689 lavem,
3276 3616 3571 3677 eamdem
3600 3617 3715 3677 doc·

2170 3714 2400 3775 trinam
2446 3721 2765 3793 repetens,
2797 3714 2915 3775 ait:
2960 3714 3171 3794 Neque
3212 3711 3462 3791 effectus
3520 3710 3719 3771 diviua·

2173 3809 2505 3873 voluntatis
2539 3808 2820 3887 impediri
2860 3812 3059 3889 potest
3108 3824 3149 3869 a
3184 3804 3494 3867 voluntate
3532 3810 3719 3865 nostra

2176 3900 2368 3977 (ecce,
2402 3920 2531 3963 non
2581 3904 2827 3979 potest),
2856 3900 2964 3963 sed
2996 3916 3225 3962 necesse
3264 3901 3357 3959 est
3383 3898 3721 3959 necessitate
3808 3924 3810 3973 ;

2176 3994 2609 4074 consequentia·
2650 3997 2711 4056 et
2754 3992 3209 4072 suppositionis,
3254 3991 3413 4071 quod
3454 3990 3721 4051 voluntas

2173 4092 2387 4150 nostra
2426 4092 2715 4168 sequatur
2748 4088 3048 4163 efficacem
3094 4084 3209 4148 Dei
3246 4083 3629 4147 directionem
3674 4090 3721 4144 et

2174 4198 2529 4243 concursum
2546 4206 2571 4253 ;
2606 4182 2659 4241 si
2688 4198 2837 4260 ergo
2867 4184 2962 4240 est
2984 4178 3323 4239 necessitas
3352 4196 3428 4238 ex
3460 4177 3573 4239 tali
3594 4196 3721 4255 sup-

2174 4272 2507 4353 positione,
2550 4272 2929 4353 impossibile
2974 4278 3175 4346 estut,
3220 4270 3325 4331 illa
3354 4271 3583 4349 posita,
3608 4288 3719 4329 non

2176 4375 2477 4447 sequatur
2518 4367 2852 4429 voluntatis
2898 4384 3280 4445 consensus;
3328 4366 3494 4425 unde
3551 4364 3719 4444 paulo

2176 4462 2435 4523 inferius
2458 4462 2876 4540 interpretans
2910 4460 3249 4522 Concilium
3277 4459 3717 4521 Tridentinum.

2177 4556 2295 4615 ait:
2336 4554 2447 4618 Sic
2468 4552 2797 4619 Concilium
2828 4554 3099 4635 loquitur
3130 4554 3197 4615 de
3224 4550 3457 4613 amilio
3484 4550 3721 4631 efficaci.

2172 4665 2285 4729 quo
2326 4648 2491 4709 homo
2508 4646 2916 4727 ,iu-stificatur,
2946 4647 3255 4709 dicendum
3278 4650 3391 4718 est,
3422 4644 3581 4725 quod
3594 4644 3723 4703 libe-
3807 4686 3808 4709 ἢ

2170 4759 2309 4803 rum
2342 4740 2663 4802 arbitrium
2690 4739 3073 4818 simpliciter,
3120 4742 3179 4801 et
3210 4739 3277 4799 in
3316 4754 3499 4799 sensu
3538 4736 3721 4797 diviso

2166 4837 2365 4913 potest
2397 4832 2739 4907 dissentire,
2772 4834 2832 4893 si
2872 4831 3038 4906 velit,
3070 4850 3189 4893 aon
3231 4836 3432 4894 autem
3460 4829 3529 4891 in
3550 4846 3721 4891 sensu
3807 4856 3808 4863 κ

2172 4927 2518 5005 composito.
2546 4926 2829 4985 Rursus1
2860 4944 2950 5005 p.,
2976 4930 3191 5003 quaest.
3220 4925 3321 4993 23,
3354 4929 3471 4983 art.
3498 4925 3555 4997 3,
3574 4921 3717 4981 dub.

2170 5022 2229 5092 3,
2278 5018 2343 5077 ἰιι
2392 5018 2697 5079 solutione
2734 5018 2814 5079 ad
2861 5020 2921 5089 6,
2971 5019 3058 5077 sic
3103 5018 3218 5077 ait:
3264 5015 3479 5095 Aliqui
3518 5016 3722 5077 eristi-

2166 5116 2339 5175 mant
2354 5114 2731 5175 collationem
2754 5112 2949 5175 divini
2963 5110 3185 5175 auxilii
3212 5111 3472 5183 efficacis
3502 5126 3617 5171 aaa
3640 5125 3721 5169 es·

2166 5226 2229 5269 se
2266 5226 2509 5270 causam
2554 5208 2933 5287 adaequatam
2978 5206 3381 5270 conversionis
3412 5205 3479 5265 in
3514 5204 3719 5265 Deum.

2164 5300 2311 5381 quia
2336 5319 2455 5361 non
2478 5306 2567 5363 est
2592 5301 2725 5364 sola
2758 5318 2969 5373 causa,
3004 5318 3067 5361 eo
3096 5300 3253 5379 quod
3274 5298 3461 5361 simul
3490 5314 3721 5360 concur-

2165 5397 2270 5455 rat
2292 5393 2546 5457 liberum
2576 5394 2903 5457 arbitrium
2947 5412 3080 5457 cum
3108 5392 3309 5455 divino
3338 5390 3585 5453 auxilio.
3634 5388 3721 5450 Et
3805 5462 3806 5465 Ἴ

2167 5488 2294 5549 koee
2316 5486 2537 5551 solutio
2564 5488 2916 5569 quibusdam
2952 5486 3265 5566 Theoloqis
3305 5484 3475 5547 valde
3500 5484 3714 5566 placet.
3805 5496 3806 5513 ἦ
