<?xml version="1.0" encoding="UTF-8"?>
<!DOCTYPE html PUBLIC "-//W3C//DTD XHTML 1.0 Transitional//EN"
    "http://www.w3.org/TR/xhtml1/DTD/xhtml1-transitional.dtd">
<html xmlns="http://www.w3.org/1999/xhtml" xml:lang="en" lang="en">
 <head>
  <title>
</title>
<meta http-equiv="Content-Type" content="text/html;charset=utf-8" />
  <meta name='ocr-system' content='tesseract 3.04.00' />
  <meta name='ocr-capabilities' content='ocr_page ocr_carea ocr_par ocr_line ocrx_word'/>
</head>
<body>
  <div class='ocr_page' id='page_1' title='image "./rpfranciscisuar01duvagoog_0554.png"; bbox 0 0 3850 6225; ppageno 0'>
   <div class='ocr_carea' id='block_1_1' title="bbox 524 401 644 463">
    <p class='ocr_par' dir='ltr' id='par_1_1' title="bbox 524 401 644 463">
     <span class='ocr_line' id='line_1_1' title="bbox 524 401 644 463; baseline 0.025 -3"><span class='ocrx_word' id='word_1_1' title='bbox 524 401 644 463; x_wconf 66' lang='lat'><strong>550</strong></span> 
     </span>
    </p>
   </div>
   <div class='ocr_carea' id='block_1_2' title="bbox 519 503 2097 5428">
    <p class='ocr_par' dir='ltr' id='par_1_2' title="bbox 519 503 2097 5428">
     <span class='ocr_line' id='line_1_2' title="bbox 523 503 2089 587; baseline -0.003 -19"><span class='ocrx_word' id='word_1_2' title='bbox 523 525 712 587; x_wconf 88' lang='lat' dir='ltr'><strong>quam</strong></span> <span class='ocrx_word' id='word_1_3' title='bbox 731 505 888 580; x_wconf 83' lang='lat' dir='ltr'><strong>hoec,</strong></span> <span class='ocrx_word' id='word_1_4' title='bbox 920 506 1236 581; x_wconf 87' lang='lat' dir='ltr'><strong>nimirum,</strong></span> <span class='ocrx_word' id='word_1_5' title='bbox 1273 513 1340 567; x_wconf 88' lang='lat' dir='ltr'><strong>ut</strong></span> <span class='ocrx_word' id='word_1_6' title='bbox 1389 505 1792 587; x_wconf 79' lang='lat' dir='ltr'><strong>inspiciamus</strong></span> <span class='ocrx_word' id='word_1_7' title='bbox 1835 523 1916 565; x_wconf 91' lang='lat' dir='ltr'><strong>an</strong></span> <span class='ocrx_word' id='word_1_8' title='bbox 1945 503 2089 564; x_wconf 85' lang='lat' dir='ltr'><strong>talis</strong></span> 
     </span>
     <span class='ocr_line' id='line_1_3' title="bbox 522 597 2085 676; baseline -0.004 -14"><span class='ocrx_word' id='word_1_9' title='bbox 522 607 698 662; x_wconf 89' lang='lat' dir='ltr'><strong>actus</strong></span> <span class='ocrx_word' id='word_1_10' title='bbox 721 599 962 662; x_wconf 86' lang='lat' dir='ltr'><strong>virtutis</strong></span> <span class='ocrx_word' id='word_1_11' title='bbox 981 600 1326 662; x_wconf 87' lang='lat' dir='ltr'><strong>secundum</strong></span> <span class='ocrx_word' id='word_1_12' title='bbox 1349 599 1584 676; x_wconf 89' lang='lat' dir='ltr'><strong>aliquid</strong></span> <span class='ocrx_word' id='word_1_13' title='bbox 1603 598 1720 659; x_wconf 88' lang='lat' dir='ltr'><strong>sibi</strong></span> <span class='ocrx_word' id='word_1_14' title='bbox 1739 597 2085 676; x_wconf 89' lang='lat' dir='ltr'><strong>proprium,</strong></span> 
     </span>
     <span class='ocr_line' id='line_1_4' title="bbox 523 689 2089 772; baseline -0.003 -18"><span class='ocrx_word' id='word_1_15' title='bbox 523 699 587 754; x_wconf 88' lang='lat' dir='ltr'><strong>et</strong></span> <span class='ocrx_word' id='word_1_16' title='bbox 617 693 682 754; x_wconf 90' lang='lat' dir='ltr'><strong>in</strong></span> <span class='ocrx_word' id='word_1_17' title='bbox 709 711 835 772; x_wconf 88' lang='lat' dir='ltr'><strong>quo</strong></span> <span class='ocrx_word' id='word_1_18' title='bbox 867 693 948 754; x_wconf 89' lang='lat' dir='ltr'><strong>ab</strong></span> <span class='ocrx_word' id='word_1_19' title='bbox 977 692 1112 754; x_wconf 84' lang='lat' dir='ltr'><strong>aliis</strong></span> <span class='ocrx_word' id='word_1_20' title='bbox 1141 693 1382 754; x_wconf 83' lang='lat' dir='ltr'><strong>actibus</strong></span> <span class='ocrx_word' id='word_1_21' title='bbox 1409 693 1706 754; x_wconf 84' lang='lat' dir='ltr'><strong>virtutum</strong></span> <span class='ocrx_word' id='word_1_22' title='bbox 1737 697 1800 752; x_wconf 89' lang='lat' dir='ltr'><strong>et</strong></span> <span class='ocrx_word' id='word_1_23' title='bbox 1828 689 2089 769; x_wconf 87' lang='lat' dir='ltr'><strong>objectis</strong></span> 
     </span>
     <span class='ocr_line' id='line_1_5' title="bbox 523 783 2091 866; baseline -0.004 -16"><span class='ocrx_word' id='word_1_24' title='bbox 523 806 744 851; x_wconf 88' lang='lat' dir='ltr'><strong>earum</strong></span> <span class='ocrx_word' id='word_1_25' title='bbox 776 788 842 848; x_wconf 89' lang='lat' dir='ltr'><strong>in</strong></span> <span class='ocrx_word' id='word_1_26' title='bbox 871 787 1052 850; x_wconf 86' lang='lat' dir='ltr'><strong>nobis</strong></span> <span class='ocrx_word' id='word_1_27' title='bbox 1083 786 1506 866; x_wconf 79' lang='lat' dir='ltr'><strong>distinguitur,</strong></span> <span class='ocrx_word' id='word_1_28' title='bbox 1551 786 1616 846; x_wconf 90' lang='lat' dir='ltr'><strong>in</strong></span> <span class='ocrx_word' id='word_1_29' title='bbox 1644 786 1774 846; x_wconf 90' lang='lat' dir='ltr'><strong>Deo</strong></span> <span class='ocrx_word' id='word_1_30' title='bbox 1807 783 2091 845; x_wconf 82' lang='lat' dir='ltr'><strong>invenia-</strong></span> 
     </span>
     <span class='ocr_line' id='line_1_6' title="bbox 522 878 2095 960; baseline -0.004 -17"><span class='ocrx_word' id='word_1_31' title='bbox 522 888 624 943; x_wconf 91' lang='lat' dir='ltr'><strong>tur</strong></span> <span class='ocrx_word' id='word_1_32' title='bbox 651 881 998 942; x_wconf 85' lang='lat' dir='ltr'><strong>secundum</strong></span> <span class='ocrx_word' id='word_1_33' title='bbox 1023 880 1352 945; x_wconf 83' lang='lat' dir='ltr'><strong>formalem</strong></span> <span class='ocrx_word' id='word_1_34' title='bbox 1391 881 1666 960; x_wconf 85' lang='lat' dir='ltr'><strong>aliquam</strong></span> <span class='ocrx_word' id='word_1_35' title='bbox 1711 878 2095 940; x_wconf 88' lang='lat' dir='ltr'><strong>convenien-</strong></span> 
     </span>
     <span class='ocr_line' id='line_1_7' title="bbox 522 971 2093 1055; baseline -0.004 -17"><span class='ocrx_word' id='word_1_36' title='bbox 522 975 676 1038; x_wconf 84' lang='lat' dir='ltr'><strong>tiam</strong></span> <span class='ocrx_word' id='word_1_37' title='bbox 718 974 782 1037; x_wconf 91' lang='lat' dir='ltr'><strong>in</strong></span> <span class='ocrx_word' id='word_1_38' title='bbox 801 975 1012 1055; x_wconf 90' lang='lat' dir='ltr'><strong>aliqua</strong></span> <span class='ocrx_word' id='word_1_39' title='bbox 1041 976 1370 1037; x_wconf 81' lang='lat' dir='ltr'><strong>honestate</strong></span> <span class='ocrx_word' id='word_1_40' title='bbox 1399 975 1672 1047; x_wconf 78' lang='lat' dir='ltr'><strong>virtutis3</strong></span> <span class='ocrx_word' id='word_1_41' title='bbox 1707 971 2093 1050; x_wconf 87' lang='lat' dir='ltr'><strong>ubicumque</strong></span> 
     </span>
     <span class='ocr_line' id='line_1_8' title="bbox 525 1064 2095 1140; baseline -0.001 -12"><span class='ocrx_word' id='word_1_42' title='bbox 525 1069 694 1128; x_wconf 87' lang='lat' dir='ltr'><strong>enim</strong></span> <span class='ocrx_word' id='word_1_43' title='bbox 725 1069 842 1128; x_wconf 91' lang='lat' dir='ltr'><strong>hoc</strong></span> <span class='ocrx_word' id='word_1_44' title='bbox 871 1067 1205 1140; x_wconf 87' lang='lat' dir='ltr'><strong>invenitur,</strong></span> <span class='ocrx_word' id='word_1_45' title='bbox 1243 1068 1384 1128; x_wconf 80' lang='lat' dir='ltr'><strong>talis</strong></span> <span class='ocrx_word' id='word_1_46' title='bbox 1409 1067 1605 1128; x_wconf 80' lang='lat' dir='ltr'><strong>virtus</strong></span> <span class='ocrx_word' id='word_1_47' title='bbox 1661 1084 1808 1126; x_wconf 79' lang='lat' dir='ltr'><strong>vere</strong></span> <span class='ocrx_word' id='word_1_48' title='bbox 1849 1084 1924 1126; x_wconf 90' lang='lat' dir='ltr'><strong>ac</strong></span> <span class='ocrx_word' id='word_1_49' title='bbox 1968 1064 2095 1126; x_wconf 86' lang='lat' dir='ltr'><strong>for-</strong></span> 
     </span>
     <span class='ocr_line' id='line_1_9' title="bbox 523 1159 2093 1236; baseline -0.001 -16"><span class='ocrx_word' id='word_1_50' title='bbox 523 1161 770 1222; x_wconf 85' lang='lat' dir='ltr'><strong>maliter</strong></span> <span class='ocrx_word' id='word_1_51' title='bbox 818 1161 1061 1222; x_wconf 89' lang='lat' dir='ltr'><strong>dicetur</strong></span> <span class='ocrx_word' id='word_1_52' title='bbox 1103 1179 1240 1222; x_wconf 88' lang='lat' dir='ltr'><strong>esse</strong></span> <span class='ocrx_word' id='word_1_53' title='bbox 1297 1161 1362 1221; x_wconf 87' lang='lat' dir='ltr'><strong>in</strong></span> <span class='ocrx_word' id='word_1_54' title='bbox 1389 1159 1520 1222; x_wconf 89' lang='lat' dir='ltr'><strong>Deo</strong></span> <span class='ocrx_word' id='word_1_55' title='bbox 1562 1159 1910 1220; x_wconf 88' lang='lat' dir='ltr'><strong>secundum</strong></span> <span class='ocrx_word' id='word_1_56' title='bbox 1952 1175 2093 1236; x_wconf 88' lang='lat' dir='ltr'><strong>pro-</strong></span> 
     </span>
     <span class='ocr_line' id='line_1_10' title="bbox 523 1251 2095 1334; baseline -0.002 -18"><span class='ocrx_word' id='word_1_57' title='bbox 523 1255 724 1334; x_wconf 85' lang='lat' dir='ltr'><strong>priam</strong></span> <span class='ocrx_word' id='word_1_58' title='bbox 793 1255 1102 1316; x_wconf 88' lang='lat' dir='ltr'><strong>rationem</strong></span> <span class='ocrx_word' id='word_1_59' title='bbox 1139 1254 1468 1316; x_wconf 85' lang='lat' dir='ltr'><strong>formalem</strong></span> <span class='ocrx_word' id='word_1_60' title='bbox 1521 1271 1723 1316; x_wconf 74' lang='lat' dir='ltr'><strong>suam.</strong></span> <span class='ocrx_word' id='word_1_61' title='bbox 1778 1251 1955 1314; x_wconf 76' lang='lat' dir='ltr'><strong>Ratio</strong></span> <span class='ocrx_word' id='word_1_62' title='bbox 2000 1257 2095 1313; x_wconf 88' lang='lat' dir='ltr'><strong>est</strong></span> 
     </span>
     <span class='ocr_line' id='line_1_11' title="bbox 525 1345 2096 1427; baseline -0.003 -19"><span class='ocrx_word' id='word_1_63' title='bbox 525 1348 714 1420; x_wconf 90' lang='lat' dir='ltr'><strong>clara,</strong></span> <span class='ocrx_word' id='word_1_64' title='bbox 747 1347 894 1427; x_wconf 82' lang='lat' dir='ltr'><strong>quia</strong></span> <span class='ocrx_word' id='word_1_65' title='bbox 925 1347 1220 1426; x_wconf 84' lang='lat' dir='ltr'><strong>specifica</strong></span> <span class='ocrx_word' id='word_1_66' title='bbox 1249 1347 1506 1408; x_wconf 89' lang='lat' dir='ltr'><strong>nomina</strong></span> <span class='ocrx_word' id='word_1_67' title='bbox 1539 1347 1766 1406; x_wconf 87' lang='lat' dir='ltr'><strong>harum</strong></span> <span class='ocrx_word' id='word_1_68' title='bbox 1793 1345 2096 1406; x_wconf 85' lang='lat' dir='ltr'><strong>virtutum</strong></span> 
     </span>
     <span class='ocr_line' id='line_1_12' title="bbox 523 1439 2095 1522; baseline -0.003 -20"><span class='ocrx_word' id='word_1_69' title='bbox 523 1445 726 1522; x_wconf 86' lang='lat' dir='ltr'><strong>primo</strong></span> <span class='ocrx_word' id='word_1_70' title='bbox 755 1447 900 1502; x_wconf 84' lang='lat' dir='ltr'><strong>sunt</strong></span> <span class='ocrx_word' id='word_1_71' title='bbox 929 1443 1220 1520; x_wconf 87' lang='lat' dir='ltr'><strong>imposita</strong></span> <span class='ocrx_word' id='word_1_72' title='bbox 1247 1442 1328 1503; x_wconf 87' lang='lat' dir='ltr'><strong>ad</strong></span> <span class='ocrx_word' id='word_1_73' title='bbox 1355 1440 1798 1520; x_wconf 77' lang='lat' dir='ltr'><strong>significandas</strong></span> <span class='ocrx_word' id='word_1_74' title='bbox 1825 1439 1941 1500; x_wconf 85' lang='lat' dir='ltr'><strong>has</strong></span> <span class='ocrx_word' id='word_1_75' title='bbox 1974 1439 2095 1498; x_wconf 79' lang='lat' dir='ltr'><strong>vir-</strong></span> 
     </span>
     <span class='ocr_line' id='line_1_13' title="bbox 523 1532 2097 1614; baseline -0.002 -19"><span class='ocrx_word' id='word_1_76' title='bbox 523 1539 688 1596; x_wconf 82' lang='lat' dir='ltr'>tutes</span> <span class='ocrx_word' id='word_1_77' title='bbox 715 1535 778 1595; x_wconf 90' lang='lat' dir='ltr'><strong>in</strong></span> <span class='ocrx_word' id='word_1_78' title='bbox 807 1535 1168 1610; x_wconf 83' lang='lat' dir='ltr'><strong>hominibus</strong></span> <span class='ocrx_word' id='word_1_79' title='bbox 1194 1541 1502 1614; x_wconf 85' lang='lat' dir='ltr'><strong>quantum</strong></span> <span class='ocrx_word' id='word_1_80' title='bbox 1538 1533 1620 1594; x_wconf 84' lang='lat' dir='ltr'><strong>ad</strong></span> <span class='ocrx_word' id='word_1_81' title='bbox 1657 1532 1931 1594; x_wconf 85' lang='lat' dir='ltr'><strong>nominis</strong></span> <span class='ocrx_word' id='word_1_82' title='bbox 1978 1532 2097 1592; x_wconf 90' lang='lat' dir='ltr'><strong>im-</strong></span> 
     </span>
     <span class='ocr_line' id='line_1_14' title="bbox 523 1625 2094 1707; baseline -0.003 -19"><span class='ocrx_word' id='word_1_83' title='bbox 523 1626 931 1707; x_wconf 87' lang='lat' dir='ltr'><strong>positionem;</strong></span> <span class='ocrx_word' id='word_1_84' title='bbox 987 1628 1120 1688; x_wconf 84' lang='lat' dir='ltr'><strong>haec</strong></span> <span class='ocrx_word' id='word_1_85' title='bbox 1173 1629 1342 1688; x_wconf 88' lang='lat' dir='ltr'><strong>enim</strong></span> <span class='ocrx_word' id='word_1_86' title='bbox 1391 1645 1428 1686; x_wconf 88' lang='lat' dir='ltr'><strong>a</strong></span> <span class='ocrx_word' id='word_1_87' title='bbox 1467 1626 1656 1686; x_wconf 88' lang='lat' dir='ltr'><strong>rebus</strong></span> <span class='ocrx_word' id='word_1_88' title='bbox 1702 1625 1875 1704; x_wconf 88' lang='lat' dir='ltr'><strong>prius</strong></span> <span class='ocrx_word' id='word_1_89' title='bbox 1913 1625 2094 1685; x_wconf 90' lang='lat' dir='ltr'><strong>nobis</strong></span> 
     </span>
     <span class='ocr_line' id='line_1_15' title="bbox 523 1718 2085 1798; baseline -0.003 -16"><span class='ocrx_word' id='word_1_90' title='bbox 523 1721 688 1782; x_wconf 84' lang='lat' dir='ltr'><strong>notis</strong></span> <span class='ocrx_word' id='word_1_91' title='bbox 717 1719 1045 1798; x_wconf 79' lang='lat' dir='ltr'><strong>incipit,‘·ut</strong></span> <span class='ocrx_word' id='word_1_92' title='bbox 1067 1726 1236 1780; x_wconf 88' lang='lat' dir='ltr'><strong>recte</strong></span> <span class='ocrx_word' id='word_1_93' title='bbox 1269 1719 1606 1780; x_wconf 82' lang='lat' dir='ltr'><strong>declaravit</strong></span> <span class='ocrx_word' id='word_1_94' title='bbox 1631 1718 1702 1778; x_wconf 92' lang='lat' dir='ltr'><strong>D.</strong></span> <span class='ocrx_word' id='word_1_95' title='bbox 1728 1719 2025 1790; x_wconf 75' lang='lat' dir='ltr'><strong>Thomna,</strong></span> <span class='ocrx_word' id='word_1_96' title='bbox 2057 1721 2085 1778; x_wconf 79' lang='lat' dir='ltr'><strong>l</strong></span> 
     </span>
     <span class='ocr_line' id='line_1_16' title="bbox 522 1809 2091 1892; baseline -0.003 -19"><span class='ocrx_word' id='word_1_97' title='bbox 522 1817 712 1892; x_wconf 67' lang='lat' dir='ltr'><strong>part„</strong></span> <span class='ocrx_word' id='word_1_98' title='bbox 739 1830 800 1891; x_wconf 88' lang='lat' dir='ltr'><strong>q.</strong></span> <span class='ocrx_word' id='word_1_99' title='bbox 837 1813 936 1884; x_wconf 76' lang='lat'><strong>13,</strong></span> <span class='ocrx_word' id='word_1_100' title='bbox 971 1813 1146 1874; x_wconf 84' lang='lat' dir='ltr'><strong>artic.</strong></span> <span class='ocrx_word' id='word_1_101' title='bbox 1184 1814 1242 1873; x_wconf 85' lang='lat'><strong>¹¹1.</strong></span> <span class='ocrx_word' id='word_1_102' title='bbox 1274 1814 1354 1876; x_wconf 91' lang='lat' dir='ltr'><strong>Ut</strong></span> <span class='ocrx_word' id='word_1_103' title='bbox 1375 1817 1588 1872; x_wconf 85' lang='lat' dir='ltr'><strong>autem</strong></span> <span class='ocrx_word' id='word_1_104' title='bbox 1615 1829 1718 1872; x_wconf 86' lang='lat' dir='ltr'><strong>res</strong></span> <span class='ocrx_word' id='word_1_105' title='bbox 1743 1809 2091 1889; x_wconf 82' lang='lat' dir='ltr'><strong>significata</strong></span> 
     </span>
     <span class='ocr_line' id='line_1_17' title="bbox 523 1901 2091 1984; baseline -0.003 -18"><span class='ocrx_word' id='word_1_106' title='bbox 523 1923 640 1984; x_wconf 89' lang='lat' dir='ltr'><strong>per</strong></span> <span class='ocrx_word' id='word_1_107' title='bbox 687 1905 813 1966; x_wconf 86' lang='lat' dir='ltr'><strong>tale</strong></span> <span class='ocrx_word' id='word_1_108' title='bbox 865 1923 1096 1966; x_wconf 88' lang='lat' dir='ltr'><strong>nomen</strong></span> <span class='ocrx_word' id='word_1_109' title='bbox 1145 1905 1209 1965; x_wconf 89' lang='lat' dir='ltr'><strong>in</strong></span> <span class='ocrx_word' id='word_1_110' title='bbox 1256 1906 1384 1966; x_wconf 88' lang='lat' dir='ltr'><strong>Deo</strong></span> <span class='ocrx_word' id='word_1_111' title='bbox 1431 1903 1778 1966; x_wconf 83' lang='lat' dir='ltr'><strong>formaliter</strong></span> <span class='ocrx_word' id='word_1_112' title='bbox 1827 1901 2091 1962; x_wconf 75' lang='lat' dir='ltr'><strong>inveniti</strong></span> 
     </span>
     <span class='ocr_line' id='line_1_18' title="bbox 525 1994 2091 2076; baseline -0.002 -19"><span class='ocrx_word' id='word_1_113' title='bbox 525 1996 789 2070; x_wconf 90' lang='lat' dir='ltr'><strong>dicatur,</strong></span> <span class='ocrx_word' id='word_1_114' title='bbox 823 2003 886 2058; x_wconf 87' lang='lat' dir='ltr'><strong>et</strong></span> <span class='ocrx_word' id='word_1_115' title='bbox 914 2004 1374 2076; x_wconf 88' lang='lat' dir='ltr'><strong>consequenter</strong></span> <span class='ocrx_word' id='word_1_116' title='bbox 1412 1997 1534 2058; x_wconf 89' lang='lat' dir='ltr'><strong>tale</strong></span> <span class='ocrx_word' id='word_1_117' title='bbox 1579 2013 1812 2057; x_wconf 84' lang='lat' dir='ltr'><strong>nomen</strong></span> <span class='ocrx_word' id='word_1_118' title='bbox 1841 1994 1918 2056; x_wconf 89' lang='lat' dir='ltr'><strong>de</strong></span> <span class='ocrx_word' id='word_1_119' title='bbox 1962 1995 2091 2056; x_wconf 88' lang='lat' dir='ltr'><strong>Deo</strong></span> 
     </span>
     <span class='ocr_line' id='line_1_19' title="bbox 525 2089 2091 2170; baseline -0.003 -20"><span class='ocrx_word' id='word_1_120' title='bbox 525 2090 776 2170; x_wconf 86' lang='lat' dir='ltr'><strong>proprie</strong></span> <span class='ocrx_word' id='word_1_121' title='bbox 807 2089 950 2164; x_wconf 92' lang='lat' dir='ltr'><strong>dici,</strong></span> <span class='ocrx_word' id='word_1_122' title='bbox 979 2109 1106 2151; x_wconf 91' lang='lat' dir='ltr'><strong>non</strong></span> <span class='ocrx_word' id='word_1_123' title='bbox 1133 2096 1227 2154; x_wconf 85' lang='lat' dir='ltr'><strong>est</strong></span> <span class='ocrx_word' id='word_1_124' title='bbox 1259 2089 1722 2168; x_wconf 84' lang='lat' dir='ltr'><strong>expectandum</strong></span> <span class='ocrx_word' id='word_1_125' title='bbox 1751 2093 1818 2148; x_wconf 86' lang='lat' dir='ltr'><strong>ut</strong></span> <span class='ocrx_word' id='word_1_126' title='bbox 1841 2089 2091 2166; x_wconf 83' lang='lat' dir='ltr'><strong>integra</strong></span> 
     </span>
     <span class='ocr_line' id='line_1_20' title="bbox 523 2181 2089 2262; baseline -0.003 -18"><span class='ocrx_word' id='word_1_127' title='bbox 523 2184 683 2244; x_wconf 87' lang='lat' dir='ltr'><strong>ratio</strong></span> <span class='ocrx_word' id='word_1_128' title='bbox 711 2183 1002 2262; x_wconf 89' lang='lat' dir='ltr'><strong>specifica</strong></span> <span class='ocrx_word' id='word_1_129' title='bbox 1039 2183 1179 2246; x_wconf 85' lang='lat' dir='ltr'><strong>talis</strong></span> <span class='ocrx_word' id='word_1_130' title='bbox 1207 2183 1494 2256; x_wconf 78' lang='lat' dir='ltr'><strong>·virtutiS,</strong></span> <span class='ocrx_word' id='word_1_131' title='bbox 1525 2187 1712 2262; x_wconf 91' lang='lat' dir='ltr'><strong>prout</strong></span> <span class='ocrx_word' id='word_1_132' title='bbox 1740 2182 1804 2242; x_wconf 87' lang='lat' dir='ltr'><strong>in</strong></span> <span class='ocrx_word' id='word_1_133' title='bbox 1833 2181 2089 2241; x_wconf 87' lang='lat' dir='ltr'><strong>homine</strong></span> 
     </span>
     <span class='ocr_line' id='line_1_21' title="bbox 524 2273 2091 2356; baseline -0.002 -19"><span class='ocrx_word' id='word_1_134' title='bbox 524 2276 857 2356; x_wconf 87' lang='lat' dir='ltr'><strong>reperitur,</strong></span> <span class='ocrx_word' id='word_1_135' title='bbox 900 2277 964 2337; x_wconf 91' lang='lat' dir='ltr'><strong>in</strong></span> <span class='ocrx_word' id='word_1_136' title='bbox 1015 2278 1137 2338; x_wconf 89' lang='lat' dir='ltr'><strong>Deo</strong></span> <span class='ocrx_word' id='word_1_137' title='bbox 1191 2277 1579 2349; x_wconf 86' lang='lat' dir='ltr'><strong>inveniatur;</strong></span> <span class='ocrx_word' id='word_1_138' title='bbox 1631 2275 1694 2336; x_wconf 88' lang='lat' dir='ltr'><strong>id</strong></span> <span class='ocrx_word' id='word_1_139' title='bbox 1749 2273 1919 2336; x_wconf 88' lang='lat' dir='ltr'><strong>enim</strong></span> <span class='ocrx_word' id='word_1_140' title='bbox 1972 2273 2091 2334; x_wconf 87' lang='lat' dir='ltr'><strong>im·</strong></span> 
     </span>
     <span class='ocr_line' id='line_1_22' title="bbox 525 2366 2092 2450; baseline -0.001 -20"><span class='ocrx_word' id='word_1_141' title='bbox 525 2369 821 2448; x_wconf 88' lang='lat' dir='ltr'><strong>possibile</strong></span> <span class='ocrx_word' id='word_1_142' title='bbox 851 2375 970 2444; x_wconf 84' lang='lat' dir='ltr'><strong>est,</strong></span> <span class='ocrx_word' id='word_1_143' title='bbox 991 2370 1138 2450; x_wconf 89' lang='lat' dir='ltr'><strong>quia</strong></span> <span class='ocrx_word' id='word_1_144' title='bbox 1161 2387 1412 2450; x_wconf 84' lang='lat' dir='ltr'><strong>semper</strong></span> <span class='ocrx_word' id='word_1_145' title='bbox 1431 2369 1496 2430; x_wconf 87' lang='lat' dir='ltr'><strong>in</strong></span> <span class='ocrx_word' id='word_1_146' title='bbox 1521 2373 1808 2430; x_wconf 88' lang='lat' dir='ltr'><strong>creatura</strong></span> <span class='ocrx_word' id='word_1_147' title='bbox 1831 2366 2092 2428; x_wconf 87' lang='lat' dir='ltr'><strong>includit</strong></span> 
     </span>
     <span class='ocr_line' id='line_1_23' title="bbox 525 2461 2093 2540; baseline -0.001 -18"><span class='ocrx_word' id='word_1_148' title='bbox 525 2463 958 2524; x_wconf 89' lang='lat' dir='ltr'><strong>limitationem</strong></span> <span class='ocrx_word' id='word_1_149' title='bbox 1005 2461 1304 2540; x_wconf 82' lang='lat' dir='ltr'><strong>aliquam,</strong></span> <span class='ocrx_word' id='word_1_150' title='bbox 1349 2480 1478 2524; x_wconf 90' lang='lat' dir='ltr'><strong>non</strong></span> <span class='ocrx_word' id='word_1_151' title='bbox 1517 2461 1718 2522; x_wconf 88' lang='lat' dir='ltr'><strong>solum</strong></span> <span class='ocrx_word' id='word_1_152' title='bbox 1750 2461 1926 2540; x_wconf 84' lang='lat' dir='ltr'><strong>quasi</strong></span> <span class='ocrx_word' id='word_1_153' title='bbox 1962 2478 2093 2520; x_wconf 89' lang='lat' dir='ltr'><strong>ma-</strong></span> 
     </span>
     <span class='ocr_line' id='line_1_24' title="bbox 525 2553 2093 2629; baseline -0.003 -11"><span class='ocrx_word' id='word_1_154' title='bbox 525 2556 810 2618; x_wconf 86' lang='lat' dir='ltr'><strong>terialem</strong></span> <span class='ocrx_word' id='word_1_155' title='bbox 839 2575 950 2618; x_wconf 90' lang='lat' dir='ltr'><strong>seu</strong></span> <span class='ocrx_word' id='word_1_156' title='bbox 975 2555 1383 2629; x_wconf 83' lang='lat' dir='ltr'><strong>entitativam,</strong></span> <span class='ocrx_word' id='word_1_157' title='bbox 1417 2555 1528 2616; x_wconf 89' lang='lat' dir='ltr'><strong>sed</strong></span> <span class='ocrx_word' id='word_1_158' title='bbox 1565 2555 1750 2617; x_wconf 88' lang='lat' dir='ltr'><strong>etiam</strong></span> <span class='ocrx_word' id='word_1_159' title='bbox 1783 2554 1844 2614; x_wconf 91' lang='lat' dir='ltr'><strong>in</strong></span> <span class='ocrx_word' id='word_1_160' title='bbox 1873 2553 2093 2614; x_wconf 77' lang='lat' dir='ltr'><strong>ordine</strong></span> 
     </span>
     <span class='ocr_line' id='line_1_25' title="bbox 525 2646 2093 2730; baseline -0.001 -20"><span class='ocrx_word' id='word_1_161' title='bbox 525 2649 608 2711; x_wconf 90' lang='lat' dir='ltr'><strong>ad</strong></span> <span class='ocrx_word' id='word_1_162' title='bbox 659 2650 976 2730; x_wconf 87' lang='lat' dir='ltr'><strong>objectum</strong></span> <span class='ocrx_word' id='word_1_163' title='bbox 1024 2649 1306 2724; x_wconf 82' lang='lat' dir='ltr'><strong>formale,</strong></span> <span class='ocrx_word' id='word_1_164' title='bbox 1367 2655 1674 2729; x_wconf 88' lang='lat' dir='ltr'><strong>quantum</strong></span> <span class='ocrx_word' id='word_1_165' title='bbox 1723 2649 1789 2708; x_wconf 89' lang='lat' dir='ltr'><strong>in</strong></span> <span class='ocrx_word' id='word_1_166' title='bbox 1841 2646 2093 2709; x_wconf 85' lang='lat' dir='ltr'><strong>homine</strong></span> 
     </span>
     <span class='ocr_line' id='line_1_26' title="bbox 525 2741 2091 2823; baseline -0.003 -19"><span class='ocrx_word' id='word_1_167' title='bbox 525 2742 748 2823; x_wconf 84' lang='lat' dir='ltr'><strong>attingi</strong></span> <span class='ocrx_word' id='word_1_168' title='bbox 795 2747 1020 2822; x_wconf 87' lang='lat' dir='ltr'><strong>potest,</strong></span> <span class='ocrx_word' id='word_1_169' title='bbox 1071 2749 1142 2804; x_wconf 91' lang='lat' dir='ltr'><strong>ut</strong></span> <span class='ocrx_word' id='word_1_170' title='bbox 1171 2744 1234 2802; x_wconf 88' lang='lat' dir='ltr'><strong>in</strong></span> <span class='ocrx_word' id='word_1_171' title='bbox 1277 2741 1704 2803; x_wconf 85' lang='lat' dir='ltr'><strong>misericordia</strong></span> <span class='ocrx_word' id='word_1_172' title='bbox 1759 2747 1822 2802; x_wconf 89' lang='lat' dir='ltr'><strong>et</strong></span> <span class='ocrx_word' id='word_1_173' title='bbox 1877 2757 2091 2800; x_wconf 83' lang='lat' dir='ltr'><strong>amore</strong></span> 
     </span>
     <span class='ocr_line' id='line_1_27' title="bbox 524 2833 2095 2914; baseline -0.003 -17"><span class='ocrx_word' id='word_1_174' title='bbox 524 2835 914 2898; x_wconf 87' lang='lat' dir='ltr'><strong>declaratum</strong></span> <span class='ocrx_word' id='word_1_175' title='bbox 939 2840 1068 2896; x_wconf 89' lang='lat' dir='ltr'><strong>est:</strong></span> <span class='ocrx_word' id='word_1_176' title='bbox 1093 2843 1312 2914; x_wconf 83' lang='lat' dir='ltr'><strong>estque</strong></span> <span class='ocrx_word' id='word_1_177' title='bbox 1339 2835 1506 2896; x_wconf 90' lang='lat' dir='ltr'><strong>idem</strong></span> <span class='ocrx_word' id='word_1_178' title='bbox 1537 2835 1600 2895; x_wconf 92' lang='lat' dir='ltr'><strong>in</strong></span> <span class='ocrx_word' id='word_1_179' title='bbox 1629 2833 1800 2906; x_wconf 88' lang='lat' dir='ltr'><strong>aliis;</strong></span> <span class='ocrx_word' id='word_1_180' title='bbox 1825 2834 1962 2894; x_wconf 79' lang='lat' dir='ltr'><strong>hoec</strong></span> <span class='ocrx_word' id='word_1_181' title='bbox 1988 2852 2095 2893; x_wconf 85' lang='lat' dir='ltr'><strong>au-</strong></span> 
     </span>
     <span class='ocr_line' id='line_1_28' title="bbox 524 2926 2095 3008; baseline -0.001 -18"><span class='ocrx_word' id='word_1_182' title='bbox 524 2933 652 2990; x_wconf 89' lang='lat' dir='ltr'><strong>tem</strong></span> <span class='ocrx_word' id='word_1_183' title='bbox 681 2927 968 2990; x_wconf 77' lang='lat' dir='ltr'><strong>limitatio</strong></span> <span class='ocrx_word' id='word_1_184' title='bbox 1001 2933 1316 3008; x_wconf 80' lang='lat' dir='ltr'><strong>repugnat</strong></span> <span class='ocrx_word' id='word_1_185' title='bbox 1349 2927 1573 2988; x_wconf 81' lang='lat' dir='ltr'><strong>divinae</strong></span> <span class='ocrx_word' id='word_1_186' title='bbox 1605 2926 1993 3006; x_wconf 84' lang='lat' dir='ltr'><strong>perfectioni,</strong></span> <span class='ocrx_word' id='word_1_187' title='bbox 2024 2930 2095 2988; x_wconf 87' lang='lat' dir='ltr'><strong>ut</strong></span> 
     </span>
     <span class='ocr_line' id='line_1_29' title="bbox 524 3021 2090 3100; baseline -0.003 -18"><span class='ocrx_word' id='word_1_188' title='bbox 524 3039 638 3100; x_wconf 88' lang='lat' dir='ltr'><strong>per</strong></span> <span class='ocrx_word' id='word_1_189' title='bbox 677 3039 744 3082; x_wconf 89' lang='lat' dir='ltr'><strong>se</strong></span> <span class='ocrx_word' id='word_1_190' title='bbox 795 3027 1016 3084; x_wconf 86' lang='lat' dir='ltr'><strong>notum</strong></span> <span class='ocrx_word' id='word_1_191' title='bbox 1069 3027 1184 3084; x_wconf 86' lang='lat' dir='ltr'><strong>est.</strong></span> <span class='ocrx_word' id='word_1_192' title='bbox 1229 3023 1304 3082; x_wconf 92' lang='lat' dir='ltr'><strong>Et</strong></span> <span class='ocrx_word' id='word_1_193' title='bbox 1355 3021 1711 3082; x_wconf 83' lang='lat' dir='ltr'><strong>declaratur</strong></span> <span class='ocrx_word' id='word_1_194' title='bbox 1759 3027 2090 3100; x_wconf 75' lang='lat' dir='ltr'><strong>praeterea,</strong></span> 
     </span>
     <span class='ocr_line' id='line_1_30' title="bbox 525 3114 2095 3197; baseline -0.001 -22"><span class='ocrx_word' id='word_1_195' title='bbox 525 3116 694 3197; x_wconf 90' lang='lat' dir='ltr'><strong>quia,</strong></span> <span class='ocrx_word' id='word_1_196' title='bbox 733 3114 879 3177; x_wconf 88' lang='lat' dir='ltr'><strong>licet</strong></span> <span class='ocrx_word' id='word_1_197' title='bbox 905 3116 1193 3176; x_wconf 87' lang='lat' dir='ltr'><strong>dicantur</strong></span> <span class='ocrx_word' id='word_1_198' title='bbox 1230 3115 1516 3194; x_wconf 82' lang='lat' dir='ltr'><strong>quaedam</strong></span> <span class='ocrx_word' id='word_1_199' title='bbox 1557 3114 1816 3185; x_wconf 80' lang='lat' dir='ltr'><strong>virtutes</strong></span> <span class='ocrx_word' id='word_1_200' title='bbox 1853 3119 2095 3173; x_wconf 87' lang='lat' dir='ltr'><strong>creatu·</strong></span> 
     </span>
     <span class='ocr_line' id='line_1_31' title="bbox 525 3198 2095 3288; baseline -0.003 -19"><span class='ocrx_word' id='word_1_201' title='bbox 525 3198 762 3284; x_wconf 76' lang='lat' dir='ltr'><strong>ramim,</strong></span> <span class='ocrx_word' id='word_1_202' title='bbox 805 3208 1154 3269; x_wconf 85' lang='lat' dir='ltr'><strong>secundum</strong></span> <span class='ocrx_word' id='word_1_203' title='bbox 1199 3206 1487 3288; x_wconf 82' lang='lat' dir='ltr'><strong>proprias</strong></span> <span class='ocrx_word' id='word_1_204' title='bbox 1535 3213 1599 3268; x_wconf 83' lang='lat' dir='ltr'><strong>et</strong></span> <span class='ocrx_word' id='word_1_205' title='bbox 1633 3206 2095 3285; x_wconf 63' lang='lat' dir='ltr'><strong>specificasssra-</strong></span> 
     </span>
     <span class='ocr_line' id='line_1_32' title="bbox 525 3298 2089 3381; baseline -0.004 -18"><span class='ocrx_word' id='word_1_206' title='bbox 525 3301 728 3363; x_wconf 87' lang='lat' dir='ltr'><strong>tiones</strong></span> <span class='ocrx_word' id='word_1_207' title='bbox 758 3301 1021 3363; x_wconf 82' lang='lat' dir='ltr'><strong>inveniri</strong></span> <span class='ocrx_word' id='word_1_208' title='bbox 1049 3301 1112 3361; x_wconf 89' lang='lat' dir='ltr'><strong>in</strong></span> <span class='ocrx_word' id='word_1_209' title='bbox 1133 3301 1284 3373; x_wconf 81' lang='lat' dir='ltr'><strong>Dee,</strong></span> <span class='ocrx_word' id='word_1_210' title='bbox 1311 3318 1576 3381; x_wconf 80' lang='lat' dir='ltr'><strong>esseque</strong></span> <span class='ocrx_word' id='word_1_211' title='bbox 1607 3298 1902 3361; x_wconf 82' lang='lat' dir='ltr'><strong>attributa</strong></span> <span class='ocrx_word' id='word_1_212' title='bbox 1930 3298 2089 3376; x_wconf 83' lang='lat' dir='ltr'><strong>ejus,</strong></span> 
     </span>
     <span class='ocr_line' id='line_1_33' title="bbox 523 3390 2093 3473; baseline -0.001 -18"><span class='ocrx_word' id='word_1_213' title='bbox 523 3412 850 3473; x_wconf 85' lang='lat' dir='ltr'><strong>nunquam</strong></span> <span class='ocrx_word' id='word_1_214' title='bbox 878 3400 1092 3456; x_wconf 88' lang='lat' dir='ltr'><strong>tamen</strong></span> <span class='ocrx_word' id='word_1_215' title='bbox 1139 3392 1617 3473; x_wconf 81' lang='lat' dir='ltr'><strong>intelligendum</strong></span> <span class='ocrx_word' id='word_1_216' title='bbox 1655 3398 1748 3455; x_wconf 87' lang='lat' dir='ltr'><strong>est</strong></span> <span class='ocrx_word' id='word_1_217' title='bbox 1785 3392 1943 3453; x_wconf 86' lang='lat' dir='ltr'><strong>tales</strong></span> <span class='ocrx_word' id='word_1_218' title='bbox 1968 3390 2093 3453; x_wconf 86' lang='lat' dir='ltr'><strong>vir·</strong></span> 
     </span>
     <span class='ocr_line' id='line_1_34' title="bbox 523 3483 2085 3569; baseline -0.003 -20"><span class='ocrx_word' id='word_1_219' title='bbox 523 3492 688 3549; x_wconf 85' lang='lat' dir='ltr'><strong>tutes</strong></span> <span class='ocrx_word' id='word_1_220' title='bbox 711 3506 848 3548; x_wconf 90' lang='lat' dir='ltr'><strong>esse</strong></span> <span class='ocrx_word' id='word_1_221' title='bbox 877 3486 1158 3566; x_wconf 88' lang='lat' dir='ltr'><strong>ejusdem</strong></span> <span class='ocrx_word' id='word_1_222' title='bbox 1183 3488 1416 3565; x_wconf 88' lang='lat' dir='ltr'><strong>speciei</strong></span> <span class='ocrx_word' id='word_1_223' title='bbox 1443 3488 1506 3547; x_wconf 87' lang='lat' dir='ltr'><strong>in</strong></span> <span class='ocrx_word' id='word_1_224' title='bbox 1524 3488 1680 3569; x_wconf 82' lang='lat' dir='ltr'><strong>Deo,</strong></span> <span class='ocrx_word' id='word_1_225' title='bbox 1714 3486 1860 3547; x_wconf 89' lang='lat' dir='ltr'><strong>etin</strong></span> <span class='ocrx_word' id='word_1_226' title='bbox 1883 3483 2085 3559; x_wconf 77' lang='lat' dir='ltr'><strong>nebia,</strong></span> 
     </span>
     <span class='ocr_line' id='line_1_35' title="bbox 525 3578 2091 3661; baseline -0.001 -21"><span class='ocrx_word' id='word_1_227' title='bbox 525 3580 924 3661; x_wconf 88' lang='lat' dir='ltr'><strong>quantumvis</strong></span> <span class='ocrx_word' id='word_1_228' title='bbox 971 3580 1318 3641; x_wconf 82' lang='lat' dir='ltr'><strong>formaliter</strong></span> <span class='ocrx_word' id='word_1_229' title='bbox 1350 3580 1870 3660; x_wconf 58' lang='lat' dir='ltr'><strong>praescindantur,</strong></span> <span class='ocrx_word' id='word_1_230' title='bbox 1919 3578 2091 3659; x_wconf 91' lang='lat' dir='ltr'><strong>quod</strong></span> 
     </span>
     <span class='ocr_line' id='line_1_36' title="bbox 523 3672 2093 3754; baseline -0.002 -19"><span class='ocrx_word' id='word_1_231' title='bbox 523 3691 638 3753; x_wconf 88' lang='lat' dir='ltr'><strong>per</strong></span> <span class='ocrx_word' id='word_1_232' title='bbox 665 3691 732 3735; x_wconf 88' lang='lat' dir='ltr'><strong>se</strong></span> <span class='ocrx_word' id='word_1_233' title='bbox 760 3678 976 3733; x_wconf 87' lang='lat' dir='ltr'><strong>notum</strong></span> <span class='ocrx_word' id='word_1_234' title='bbox 1003 3679 1129 3746; x_wconf 87' lang='lat' dir='ltr'><strong>est;</strong></span> <span class='ocrx_word' id='word_1_235' title='bbox 1161 3674 1308 3754; x_wconf 86' lang='lat' dir='ltr'><strong>quia</strong></span> <span class='ocrx_word' id='word_1_236' title='bbox 1333 3692 1459 3734; x_wconf 89' lang='lat' dir='ltr'><strong>non</strong></span> <span class='ocrx_word' id='word_1_237' title='bbox 1487 3673 1775 3747; x_wconf 85' lang='lat' dir='ltr'><strong>univoce,</strong></span> <span class='ocrx_word' id='word_1_238' title='bbox 1799 3672 1912 3733; x_wconf 88' lang='lat' dir='ltr'><strong>sed</strong></span> <span class='ocrx_word' id='word_1_239' title='bbox 1942 3689 2093 3733; x_wconf 86' lang='lat' dir='ltr'><strong>ana·</strong></span> 
     </span>
     <span class='ocr_line' id='line_1_37' title="bbox 521 3764 2093 3845; baseline 0.001 -20"><span class='ocrx_word' id='word_1_240' title='bbox 521 3764 726 3845; x_wconf 82' lang='lat' dir='ltr'><strong>logice</strong></span> <span class='ocrx_word' id='word_1_241' title='bbox 755 3771 998 3827; x_wconf 87' lang='lat' dir='ltr'><strong>tantum</strong></span> <span class='ocrx_word' id='word_1_242' title='bbox 1037 3767 1100 3827; x_wconf 88' lang='lat' dir='ltr'><strong>in</strong></span> <span class='ocrx_word' id='word_1_243' title='bbox 1154 3766 1260 3827; x_wconf 86' lang='lat' dir='ltr'><strong>tali</strong></span> <span class='ocrx_word' id='word_1_244' title='bbox 1291 3768 1530 3829; x_wconf 88' lang='lat' dir='ltr'><strong>ratione</strong></span> <span class='ocrx_word' id='word_1_245' title='bbox 1573 3766 1819 3827; x_wconf 85' lang='lat' dir='ltr'><strong>formali</strong></span> <span class='ocrx_word' id='word_1_246' title='bbox 1865 3783 2093 3827; x_wconf 84' lang='lat' dir='ltr'><strong>conve-</strong></span> 
     </span>
     <span class='ocr_line' id='line_1_38' title="bbox 523 3856 2091 3940; baseline 0.001 -22"><span class='ocrx_word' id='word_1_247' title='bbox 523 3856 738 3930; x_wconf 86' lang='lat' dir='ltr'><strong>niunt;</strong></span> <span class='ocrx_word' id='word_1_248' title='bbox 785 3858 950 3919; x_wconf 89' lang='lat' dir='ltr'><strong>unde</strong></span> <span class='ocrx_word' id='word_1_249' title='bbox 1005 3877 1212 3938; x_wconf 79' lang='lat' dir='ltr'><strong>noque</strong></span> <span class='ocrx_word' id='word_1_250' title='bbox 1267 3860 1452 3921; x_wconf 86' lang='lat' dir='ltr'><strong>etiam</strong></span> <span class='ocrx_word' id='word_1_251' title='bbox 1514 3865 1777 3940; x_wconf 85' lang='lat' dir='ltr'><strong>possunt</strong></span> <span class='ocrx_word' id='word_1_252' title='bbox 1834 3858 2091 3919; x_wconf 89' lang='lat' dir='ltr'><strong>omnino</strong></span> 
     </span>
     <span class='ocr_line' id='line_1_39' title="bbox 523 3950 2085 4032; baseline 0 -21"><span class='ocrx_word' id='word_1_253' title='bbox 523 3950 858 4011; x_wconf 83' lang='lat' dir='ltr'><strong>convenire</strong></span> <span class='ocrx_word' id='word_1_254' title='bbox 885 3951 951 4012; x_wconf 91' lang='lat' dir='ltr'><strong>in</strong></span> <span class='ocrx_word' id='word_1_255' title='bbox 981 3951 1226 4031; x_wconf 84' lang='lat' dir='ltr'><strong>objecto</strong></span> <span class='ocrx_word' id='word_1_256' title='bbox 1254 3951 1522 4026; x_wconf 72' lang='lat' dir='ltr'><strong>formali,</strong></span> <span class='ocrx_word' id='word_1_257' title='bbox 1566 3952 1747 4032; x_wconf 91' lang='lat' dir='ltr'><strong>quasi</strong></span> <span class='ocrx_word' id='word_1_258' title='bbox 1771 3950 2085 4031; x_wconf 86' lang='lat' dir='ltr'><strong>specifico,</strong></span> 
     </span>
     <span class='ocr_line' id='line_1_40' title="bbox 523 4043 2092 4124; baseline -0.001 -17"><span class='ocrx_word' id='word_1_259' title='bbox 523 4046 588 4107; x_wconf 87' lang='lat' dir='ltr'><strong>et</strong></span> <span class='ocrx_word' id='word_1_260' title='bbox 611 4043 854 4118; x_wconf 88' lang='lat' dir='ltr'><strong>ultimo,</strong></span> <span class='ocrx_word' id='word_1_261' title='bbox 889 4063 1034 4106; x_wconf 88' lang='lat' dir='ltr'><strong>cum</strong></span> <span class='ocrx_word' id='word_1_262' title='bbox 1061 4046 1218 4108; x_wconf 86' lang='lat' dir='ltr'><strong>ratio</strong></span> <span class='ocrx_word' id='word_1_263' title='bbox 1252 4046 1493 4107; x_wconf 83' lang='lat' dir='ltr'><strong>virtutis</strong></span> <span class='ocrx_word' id='word_1_264' title='bbox 1523 4051 1586 4106; x_wconf 88' lang='lat' dir='ltr'><strong>et</strong></span> <span class='ocrx_word' id='word_1_265' title='bbox 1613 4046 1929 4124; x_wconf 84' lang='lat' dir='ltr'><strong>objectum</strong></span> <span class='ocrx_word' id='word_1_266' title='bbox 1968 4044 2092 4105; x_wconf 87' lang='lat' dir='ltr'><strong>for-</strong></span> 
     </span>
     <span class='ocr_line' id='line_1_41' title="bbox 521 4136 2091 4217; baseline 0.001 -19"><span class='ocrx_word' id='word_1_267' title='bbox 521 4136 686 4199; x_wconf 83' lang='lat' dir='ltr'><strong>male</strong></span> <span class='ocrx_word' id='word_1_268' title='bbox 713 4137 1181 4217; x_wconf 87' lang='lat' dir='ltr'><strong>proportionem</strong></span> <span class='ocrx_word' id='word_1_269' title='bbox 1212 4146 1483 4201; x_wconf 84' lang='lat' dir='ltr'><strong>servent.</strong></span> <span class='ocrx_word' id='word_1_270' title='bbox 1518 4137 1910 4217; x_wconf 85' lang='lat' dir='ltr'><strong>Relinquitur</strong></span> <span class='ocrx_word' id='word_1_271' title='bbox 1938 4156 2091 4216; x_wconf 81' lang='lat' dir='ltr'><strong>ergo</strong></span> 
     </span>
     <span class='ocr_line' id='line_1_42' title="bbox 523 4228 2092 4309; baseline 0 -19"><span class='ocrx_word' id='word_1_272' title='bbox 523 4232 592 4290; x_wconf 87' lang='lat' dir='ltr'><strong>ut</strong></span> <span class='ocrx_word' id='word_1_273' title='bbox 624 4228 932 4309; x_wconf 57' lang='lat' dir='ltr'><strong>specificat</strong></span> <span class='ocrx_word' id='word_1_274' title='bbox 965 4231 1222 4293; x_wconf 82' lang='lat' dir='ltr'><strong>virtutes</strong></span> <span class='ocrx_word' id='word_1_275' title='bbox 1251 4231 1546 4293; x_wconf 66' lang='lat' dir='ltr'><strong>humanae</strong></span> <span class='ocrx_word' id='word_1_276' title='bbox 1601 4231 1804 4291; x_wconf 87' lang='lat' dir='ltr'><strong>solum</strong></span> <span class='ocrx_word' id='word_1_277' title='bbox 1851 4229 2092 4309; x_wconf 86' lang='lat' dir='ltr'><strong>possint</strong></span> 
     </span>
     <span class='ocr_line' id='line_1_43' title="bbox 521 4322 2091 4403; baseline 0 -18"><span class='ocrx_word' id='word_1_278' title='bbox 521 4324 652 4385; x_wconf 89' lang='lat' dir='ltr'><strong>Deo</strong></span> <span class='ocrx_word' id='word_1_279' title='bbox 701 4322 954 4384; x_wconf 87' lang='lat' dir='ltr'><strong>attribui</strong></span> <span class='ocrx_word' id='word_1_280' title='bbox 1007 4324 1352 4387; x_wconf 79' lang='lat' dir='ltr'><strong>formaliter</strong></span> <span class='ocrx_word' id='word_1_281' title='bbox 1405 4326 1752 4387; x_wconf 88' lang='lat' dir='ltr'><strong>secundum</strong></span> <span class='ocrx_word' id='word_1_282' title='bbox 1803 4324 2091 4403; x_wconf 86' lang='lat' dir='ltr'><strong>proprias</strong></span> 
     </span>
     <span class='ocr_line' id='line_1_44' title="bbox 521 4416 2087 4499; baseline -0.001 -22"><span class='ocrx_word' id='word_1_283' title='bbox 521 4416 819 4493; x_wconf 87' lang='lat' dir='ltr'><strong>rationes,</strong></span> <span class='ocrx_word' id='word_1_284' title='bbox 865 4418 1211 4479; x_wconf 87' lang='lat' dir='ltr'><strong>secundum</strong></span> <span class='ocrx_word' id='word_1_285' title='bbox 1251 4418 1526 4499; x_wconf 85' lang='lat' dir='ltr'><strong>aliquam</strong></span> <span class='ocrx_word' id='word_1_286' title='bbox 1563 4418 2087 4490; x_wconf 85' lang='lat' dir='ltr'><strong>convenientiam,</strong></span> 
     </span>
     <span class='ocr_line' id='line_1_45' title="bbox 523 4510 2092 4590; baseline 0 -21"><span class='ocrx_word' id='word_1_287' title='bbox 523 4526 712 4587; x_wconf 87' lang='lat' dir='ltr'><strong>quam</strong></span> <span class='ocrx_word' id='word_1_288' title='bbox 742 4510 806 4569; x_wconf 88' lang='lat' dir='ltr'><strong>in</strong></span> <span class='ocrx_word' id='word_1_289' title='bbox 835 4510 1102 4590; x_wconf 87' lang='lat' dir='ltr'><strong>propriis</strong></span> <span class='ocrx_word' id='word_1_290' title='bbox 1129 4510 1475 4573; x_wconf 87' lang='lat' dir='ltr'><strong>rationibus</strong></span> <span class='ocrx_word' id='word_1_291' title='bbox 1505 4511 1744 4572; x_wconf 88' lang='lat' dir='ltr'><strong>habent</strong></span> <span class='ocrx_word' id='word_1_292' title='bbox 1774 4528 1917 4571; x_wconf 90' lang='lat' dir='ltr'><strong>cum</strong></span> <span class='ocrx_word' id='word_1_293' title='bbox 1949 4528 2092 4588; x_wconf 87' lang='lat' dir='ltr'><strong>per-</strong></span> 
     </span>
     <span class='ocr_line' id='line_1_46' title="bbox 523 4598 2094 4684; baseline 0.001 -23"><span class='ocrx_word' id='word_1_294' title='bbox 523 4598 790 4663; x_wconf 87' lang='lat' dir='ltr'><strong>fectione</strong></span> <span class='ocrx_word' id='word_1_295' title='bbox 841 4602 1084 4670; x_wconf 79' lang='lat' dir='ltr'><strong>formali</strong></span> <span class='ocrx_word' id='word_1_296' title='bbox 1114 4604 1250 4679; x_wconf 89' lang='lat' dir='ltr'><strong>Dei,</strong></span> <span class='ocrx_word' id='word_1_297' title='bbox 1281 4604 1630 4667; x_wconf 86' lang='lat' dir='ltr'><strong>secundum</strong></span> <span class='ocrx_word' id='word_1_298' title='bbox 1668 4622 1858 4684; x_wconf 85' lang='lat' dir='ltr'><strong>quam</strong></span> <span class='ocrx_word' id='word_1_299' title='bbox 1883 4602 2094 4663; x_wconf 83' lang='lat' dir='ltr'><strong>conci-</strong></span> 
     </span>
     <span class='ocr_line' id='line_1_47' title="bbox 521 4693 2087 4773; baseline 0.001 -18"><span class='ocrx_word' id='word_1_300' title='bbox 521 4693 728 4773; x_wconf 89' lang='lat' dir='ltr'><strong>pimus</strong></span> <span class='ocrx_word' id='word_1_301' title='bbox 755 4693 821 4755; x_wconf 91' lang='lat' dir='ltr'><strong>in</strong></span> <span class='ocrx_word' id='word_1_302' title='bbox 853 4696 986 4757; x_wconf 90' lang='lat' dir='ltr'><strong>Deo</strong></span> <span class='ocrx_word' id='word_1_303' title='bbox 1020 4696 1388 4759; x_wconf 88' lang='lat' dir='ltr'><strong>attributum</strong></span> <span class='ocrx_word' id='word_1_304' title='bbox 1413 4698 1776 4759; x_wconf 87' lang='lat' dir='ltr'><strong>distinctum</strong></span> <span class='ocrx_word' id='word_1_305' title='bbox 1817 4697 1898 4759; x_wconf 89' lang='lat' dir='ltr'><strong>ab</strong></span> <span class='ocrx_word' id='word_1_306' title='bbox 1927 4696 2087 4768; x_wconf 85' lang='lat' dir='ltr'><strong>aliis,</strong></span> 
     </span>
     <span class='ocr_line' id='line_1_48' title="bbox 523 4784 2093 4867; baseline 0.003 -23"><span class='ocrx_word' id='word_1_307' title='bbox 523 4784 686 4845; x_wconf 90' lang='lat' dir='ltr'><strong>utin</strong></span> <span class='ocrx_word' id='word_1_308' title='bbox 723 4786 1011 4867; x_wconf 86' lang='lat' dir='ltr'><strong>exemplo</strong></span> <span class='ocrx_word' id='word_1_309' title='bbox 1062 4790 1292 4851; x_wconf 90' lang='lat' dir='ltr'><strong>amoris</strong></span> <span class='ocrx_word' id='word_1_310' title='bbox 1335 4796 1398 4851; x_wconf 88' lang='lat' dir='ltr'><strong>ct</strong></span> <span class='ocrx_word' id='word_1_311' title='bbox 1453 4790 1894 4851; x_wconf 65' lang='lat' dir='ltr'><strong>misericordiae</strong></span> <span class='ocrx_word' id='word_1_312' title='bbox 1942 4788 2093 4849; x_wconf 88' lang='lat' dir='ltr'><strong>satis</strong></span> 
     </span>
     <span class='ocr_line' id='line_1_49' title="bbox 523 4876 2092 4963; baseline 0.003 -25"><span class='ocrx_word' id='word_1_313' title='bbox 523 4876 910 4939; x_wconf 88' lang='lat' dir='ltr'><strong>declaratum</strong></span> <span class='ocrx_word' id='word_1_314' title='bbox 947 4888 1074 4955; x_wconf 64' lang='grc' dir='ltr'><strong>θεῖς</strong></span> <span class='ocrx_word' id='word_1_315' title='bbox 1105 4882 1452 4944; x_wconf 90' lang='lat' dir='ltr'><strong>secundum</strong></span> <span class='ocrx_word' id='word_1_316' title='bbox 1481 4901 1673 4963; x_wconf 90' lang='lat' dir='ltr'><strong>quem</strong></span> <span class='ocrx_word' id='word_1_317' title='bbox 1705 4881 1965 4944; x_wconf 88' lang='lat' dir='ltr'><strong>modum</strong></span> <span class='ocrx_word' id='word_1_318' title='bbox 1996 4900 2092 4943; x_wconf 87' lang='lat' dir='ltr'><strong>os-</strong></span> 
     </span>
     <span class='ocr_line' id='line_1_50' title="bbox 521 4974 2092 5055; baseline 0.003 -22"><span class='ocrx_word' id='word_1_319' title='bbox 521 4978 772 5033; x_wconf 89' lang='lat' dir='ltr'><strong>tensum</strong></span> <span class='ocrx_word' id='word_1_320' title='bbox 825 4974 960 5052; x_wconf 85' lang='lat' dir='ltr'><strong>jam</strong></span> <span class='ocrx_word' id='word_1_321' title='bbox 1003 4982 1099 5037; x_wconf 88' lang='lat' dir='ltr'><strong>est</strong></span> <span class='ocrx_word' id='word_1_322' title='bbox 1147 4994 1376 5037; x_wconf 89' lang='lat' dir='ltr'><strong>munus</strong></span> <span class='ocrx_word' id='word_1_323' title='bbox 1433 4976 1686 5055; x_wconf 62' lang='lat' dir='ltr'><strong>justitiae</strong></span> <span class='ocrx_word' id='word_1_324' title='bbox 1741 4982 2092 5039; x_wconf 85' lang='lat' dir='ltr'><strong>commuta-</strong></span> 
     </span>
     <span class='ocr_line' id='line_1_51' title="bbox 521 5064 2091 5151; baseline 0.004 -26"><span class='ocrx_word' id='word_1_325' title='bbox 521 5064 658 5126; x_wconf 79' lang='lat' dir='ltr'><strong>tivae</strong></span> <span class='ocrx_word' id='word_1_326' title='bbox 693 5064 760 5125; x_wconf 89' lang='lat' dir='ltr'><strong>in</strong></span> <span class='ocrx_word' id='word_1_327' title='bbox 795 5066 926 5129; x_wconf 88' lang='lat' dir='ltr'><strong>Deo</strong></span> <span class='ocrx_word' id='word_1_328' title='bbox 957 5068 1256 5142; x_wconf 81' lang='lat' dir='ltr'><strong>inveniri;</strong></span> <span class='ocrx_word' id='word_1_329' title='bbox 1291 5087 1418 5130; x_wconf 89' lang='lat' dir='ltr'><strong>non</strong></span> <span class='ocrx_word' id='word_1_330' title='bbox 1445 5077 1540 5131; x_wconf 86' lang='lat' dir='ltr'><strong>est</strong></span> <span class='ocrx_word' id='word_1_331' title='bbox 1575 5088 1726 5151; x_wconf 81' lang='lat' dir='ltr'><strong>ergo</strong></span> <span class='ocrx_word' id='word_1_332' title='bbox 1771 5090 1884 5133; x_wconf 89' lang='lat' dir='ltr'><strong>cur</strong></span> <span class='ocrx_word' id='word_1_333' title='bbox 1917 5071 1983 5131; x_wconf 88' lang='lat' dir='ltr'><strong>in</strong></span> <span class='ocrx_word' id='word_1_334' title='bbox 2014 5070 2091 5131; x_wconf 88' lang='lat' dir='ltr'><strong>si·</strong></span> 
     </span>
     <span class='ocr_line' id='line_1_52' title="bbox 519 5158 2089 5245; baseline 0.004 -27"><span class='ocrx_word' id='word_1_335' title='bbox 519 5158 918 5237; x_wconf 80' lang='lat' dir='ltr'><strong>gnificatione</strong></span> <span class='ocrx_word' id='word_1_336' title='bbox 943 5161 1132 5241; x_wconf 87' lang='lat' dir='ltr'><strong>hujus</strong></span> <span class='ocrx_word' id='word_1_337' title='bbox 1156 5164 1322 5225; x_wconf 84' lang='lat' dir='ltr'><strong>vocis</strong></span> <span class='ocrx_word' id='word_1_338' title='bbox 1341 5163 1714 5237; x_wconf 72' lang='lat' dir='ltr'><strong>haereamus,</strong></span> <span class='ocrx_word' id='word_1_339' title='bbox 1741 5164 1994 5245; x_wconf 87' lang='lat' dir='ltr'><strong>quando</strong></span> <span class='ocrx_word' id='word_1_340' title='bbox 2010 5163 2089 5225; x_wconf 86' lang='lat' dir='ltr'><strong>de</strong></span> 
     </span>
     <span class='ocr_line' id='line_1_53' title="bbox 521 5255 2093 5336; baseline 0.004 -26"><span class='ocrx_word' id='word_1_341' title='bbox 521 5268 590 5311; x_wconf 88' lang='lat' dir='ltr'><strong>re</strong></span> <span class='ocrx_word' id='word_1_342' title='bbox 617 5256 883 5325; x_wconf 86' lang='lat' dir='ltr'><strong>constat,</strong></span> <span class='ocrx_word' id='word_1_343' title='bbox 915 5273 1124 5336; x_wconf 88' lang='lat' dir='ltr'><strong>neque</strong></span> <span class='ocrx_word' id='word_1_344' title='bbox 1167 5255 1356 5317; x_wconf 88' lang='lat' dir='ltr'><strong>etiam</strong></span> <span class='ocrx_word' id='word_1_345' title='bbox 1383 5261 1478 5317; x_wconf 86' lang='lat' dir='ltr'><strong>est</strong></span> <span class='ocrx_word' id='word_1_346' title='bbox 1509 5274 1620 5317; x_wconf 88' lang='lat' dir='ltr'><strong>cur</strong></span> <span class='ocrx_word' id='word_1_347' title='bbox 1646 5256 1828 5317; x_wconf 88' lang='lat' dir='ltr'><strong>aliter</strong></span> <span class='ocrx_word' id='word_1_348' title='bbox 1857 5258 1922 5317; x_wconf 92' lang='lat' dir='ltr'><strong>in</strong></span> <span class='ocrx_word' id='word_1_349' title='bbox 1972 5256 2093 5317; x_wconf 88' lang='lat' dir='ltr'><strong>hac</strong></span> 
     </span>
     <span class='ocr_line' id='line_1_54' title="bbox 521 5342 2092 5428; baseline 0.006 -25"><span class='ocrx_word' id='word_1_350' title='bbox 521 5342 746 5405; x_wconf 84' lang='lat' dir='ltr'><strong>virtute</strong></span> <span class='ocrx_word' id='word_1_351' title='bbox 769 5347 1130 5409; x_wconf 85' lang='lat' dir='ltr'><strong>nominibus</strong></span> <span class='ocrx_word' id='word_1_352' title='bbox 1159 5353 1412 5411; x_wconf 83' lang='lat' dir='ltr'><strong>utamur</strong></span> <span class='ocrx_word' id='word_1_353' title='bbox 1433 5366 1624 5428; x_wconf 89' lang='lat' dir='ltr'><strong>quam</strong></span> <span class='ocrx_word' id='word_1_354' title='bbox 1657 5351 1724 5409; x_wconf 90' lang='lat' dir='ltr'><strong>in</strong></span> <span class='ocrx_word' id='word_1_355' title='bbox 1755 5348 1916 5423; x_wconf 88' lang='lat' dir='ltr'><strong>aliis,</strong></span> <span class='ocrx_word' id='word_1_356' title='bbox 1946 5366 2092 5411; x_wconf 87' lang='lat' dir='ltr'><strong>cum</strong></span> 
     </span>
    </p>
   </div>
   <div class='ocr_carea' id='block_1_3' title="bbox 521 5436 2091 5591">
    <p class='ocr_par' dir='ltr' id='par_1_3' title="bbox 521 5436 2091 5591">
     <span class='ocr_line' id='line_1_55' title="bbox 521 5436 2091 5506; baseline 0.006 -10"><span class='ocrx_word' id='word_1_357' title='bbox 521 5436 746 5497; x_wconf 89' lang='lat' dir='ltr'><strong>modus</strong></span> <span class='ocrx_word' id='word_1_358' title='bbox 771 5442 1222 5503; x_wconf 78' lang='lat' dir='ltr'><strong>convenientiae</strong></span> <span class='ocrx_word' id='word_1_359' title='bbox 1244 5448 1306 5505; x_wconf 84' lang='lat' dir='ltr'><strong>et</strong></span> <span class='ocrx_word' id='word_1_360' title='bbox 1329 5442 1750 5504; x_wconf 86' lang='lat' dir='ltr'><strong>attributionis</strong></span> <span class='ocrx_word' id='word_1_361' title='bbox 1773 5442 2091 5506; x_wconf 83' lang='lat' dir='ltr'><strong>dissimilis</strong></span> 
     </span>
     <span class='ocr_line' id='line_1_56' title="bbox 524 5530 1666 5591; baseline 0.006 -4"><span class='ocrx_word' id='word_1_362' title='bbox 524 5545 652 5589; x_wconf 88' lang='lat' dir='ltr'><strong>non</strong></span> <span class='ocrx_word' id='word_1_363' title='bbox 677 5530 777 5591; x_wconf 89' lang='lat' dir='ltr'><strong>sit.</strong></span> <span class='ocrx_word' id='word_1_364' title='bbox 1657 5550 1666 5557; x_wconf 90' lang='lat'><em>·</em></span> 
     </span>
    </p>
   </div>
   <div class='ocr_carea' id='block_1_4' title="bbox 1473 399 2783 457">
    <p class='ocr_par' dir='ltr' id='par_1_4' title="bbox 1473 399 2783 457">
     <span class='ocr_line' id='line_1_57' title="bbox 1473 399 2783 457; baseline -0.002 -1"><span class='ocrx_word' id='word_1_365' title='bbox 1473 403 1684 457; x_wconf 82' lang='lat' dir='ltr'><strong>OPUSC.</strong></span> <span class='ocrx_word' id='word_1_366' title='bbox 1723 403 1802 454; x_wconf 87' lang='lat' dir='ltr'><strong>vl.</strong></span> <span class='ocrx_word' id='word_1_367' title='bbox 1841 401 2208 456; x_wconf 71' lang='lat' dir='ltr'><strong>msruTATlo</strong></span> <span class='ocrx_word' id='word_1_368' title='bbox 2244 401 2323 454; x_wconf 75' lang='lat' dir='ltr'><strong>DE</strong></span> <span class='ocrx_word' id='word_1_369' title='bbox 2354 399 2629 454; x_wconf 52' lang='lat' dir='ltr'><strong>Jusrt&#39;nft</strong></span> <span class='ocrx_word' id='word_1_370' title='bbox 2664 400 2783 453; x_wconf 74' lang='lat' dir='ltr'><strong>nm.</strong></span> 
     </span>
    </p>
   </div>
   <div class='ocr_carea' id='block_1_5' title="bbox 2172 655 3786 738">
    <p class='ocr_par' dir='ltr' id='par_1_5' title="bbox 2172 655 3786 738">
     <span class='ocr_line' id='line_1_58' title="bbox 2172 655 3786 738; baseline 0.002 -20"><span class='ocrx_word' id='word_1_371' title='bbox 2172 657 2467 734; x_wconf 73' lang='lat' dir='ltr'><strong>Quomodo</strong></span> <span class='ocrx_word' id='word_1_372' title='bbox 2492 656 2561 718; x_wconf 73' lang='lat' dir='ltr'><strong>in</strong></span> <span class='ocrx_word' id='word_1_373' title='bbox 2582 657 2823 718; x_wconf 71' lang='lat' dir='ltr'><strong>mitis</strong></span> <span class='ocrx_word' id='word_1_374' title='bbox 2852 661 2911 719; x_wconf 79' lang='lat' dir='ltr'><strong>et</strong></span> <span class='ocrx_word' id='word_1_375' title='bbox 2930 656 3503 738; x_wconf 67' lang='lat' dir='ltr'><strong>pra-miojmtowm</strong></span> <span class='ocrx_word' id='word_1_376' title='bbox 3527 663 3685 722; x_wconf 74' lang='lat' dir='ltr'><strong>concli-</strong></span> <span class='ocrx_word' id='word_1_377' title='bbox 3785 655 3786 684; x_wconf 60' lang='lat'><em>*</em></span> 
     </span>
    </p>
   </div>
   <div class='ocr_carea' id='block_1_6' title="bbox 2250 748 3623 830">
    <p class='ocr_par' dir='ltr' id='par_1_6' title="bbox 2250 748 3623 830">
     <span class='ocr_line' id='line_1_59' title="bbox 2250 748 3623 830; baseline -0.001 -17"><span class='ocrx_word' id='word_1_378' title='bbox 2250 751 2444 813; x_wconf 76' lang='lat' dir='ltr'><strong>tiam</strong></span> <span class='ocrx_word' id='word_1_379' title='bbox 2462 748 2737 830; x_wconf 73' lang='lat' dir='ltr'><strong>justicia·</strong></span> <span class='ocrx_word' id='word_1_380' title='bbox 2768 748 3213 813; x_wconf 63' lang='lat' dir='ltr'><strong>commutatione</strong></span> <span class='ocrx_word' id='word_1_381' title='bbox 3232 749 3623 814; x_wconf 68' lang='lat' dir='ltr'><strong>inveniantur.</strong></span> 
     </span>
    </p>
   </div>
   <div class='ocr_carea' id='block_1_7' title="bbox 2168 972 3694 2452">
    <p class='ocr_par' dir='ltr' id='par_1_7' title="bbox 2168 972 3694 2452">
     <span class='ocr_line' id='line_1_60' title="bbox 2254 972 3688 1053; baseline 0.003 -19"><span class='ocrx_word' id='word_1_382' title='bbox 2254 975 2355 1036; x_wconf 86' lang='lat'><strong>33.</strong></span> <span class='ocrx_word' id='word_1_383' title='bbox 2398 972 2621 1037; x_wconf 79' lang='lat' dir='ltr'><strong>Prima</strong></span> <span class='ocrx_word' id='word_1_384' title='bbox 2646 973 2923 1036; x_wconf 72' lang='lat' dir='ltr'><strong>condicio.</strong></span> <span class='ocrx_word' id='word_1_385' title='bbox 2942 1008 3021 1019; x_wconf 97' lang='lat'>—</span> <span class='ocrx_word' id='word_1_386' title='bbox 3038 975 3341 1053; x_wconf 87' lang='lat' dir='ltr'><strong>Superest</strong></span> <span class='ocrx_word' id='word_1_387' title='bbox 3364 973 3492 1052; x_wconf 85' lang='lat' dir='ltr'><strong>jam</strong></span> <span class='ocrx_word' id='word_1_388' title='bbox 3516 983 3575 1036; x_wconf 85' lang='lat' dir='ltr'><strong>ut</strong></span> <span class='ocrx_word' id='word_1_389' title='bbox 3598 985 3688 1039; x_wconf 84' lang='lat' dir='ltr'><strong>ter-</strong></span> 
     </span>
     <span class='ocr_line' id='line_1_61' title="bbox 2174 1067 3687 1148; baseline 0.003 -20"><span class='ocrx_word' id='word_1_390' title='bbox 2174 1067 2327 1128; x_wconf 88' lang='lat' dir='ltr'><strong>tiam</strong></span> <span class='ocrx_word' id='word_1_391' title='bbox 2366 1073 2609 1147; x_wconf 86' lang='lat' dir='ltr'><strong>partem</strong></span> <span class='ocrx_word' id='word_1_392' title='bbox 2642 1067 3063 1129; x_wconf 83' lang='lat' dir='ltr'><strong>conclusionis</strong></span> <span class='ocrx_word' id='word_1_393' title='bbox 3094 1067 3475 1147; x_wconf 86' lang='lat' dir='ltr'><strong>probemus;</strong></span> <span class='ocrx_word' id='word_1_394' title='bbox 3505 1087 3687 1148; x_wconf 88' lang='lat' dir='ltr'><strong>suppo·</strong></span> 
     </span>
     <span class='ocr_line' id='line_1_62' title="bbox 2174 1159 3683 1240; baseline 0.003 -18"><span class='ocrx_word' id='word_1_395' title='bbox 2174 1161 2305 1222; x_wconf 86' lang='lat' dir='ltr'><strong>sitis</strong></span> <span class='ocrx_word' id='word_1_396' title='bbox 2322 1167 2533 1222; x_wconf 89' lang='lat' dir='ltr'><strong>autem</strong></span> <span class='ocrx_word' id='word_1_397' title='bbox 2554 1178 2693 1240; x_wconf 81' lang='lat' dir='ltr'><strong>quae</strong></span> <span class='ocrx_word' id='word_1_398' title='bbox 2708 1159 3001 1230; x_wconf 80' lang='lat' dir='ltr'><strong>diximus,</strong></span> <span class='ocrx_word' id='word_1_399' title='bbox 3045 1177 3233 1222; x_wconf 90' lang='lat' dir='ltr'><strong>nemo</strong></span> <span class='ocrx_word' id='word_1_400' title='bbox 3252 1159 3427 1220; x_wconf 88' lang='lat' dir='ltr'><strong>illam</strong></span> <span class='ocrx_word' id='word_1_401' title='bbox 3458 1164 3683 1239; x_wconf 83' lang='lat' dir='ltr'><strong>negabit.</strong></span> 
     </span>
     <span class='ocr_line' id='line_1_63' title="bbox 2174 1253 3687 1334; baseline 0.002 -17"><span class='ocrx_word' id='word_1_402' title='bbox 2174 1257 2331 1318; x_wconf 88' lang='lat' dir='ltr'><strong>Nam</strong></span> <span class='ocrx_word' id='word_1_403' title='bbox 2354 1273 2575 1317; x_wconf 87' lang='lat' dir='ltr'><strong>omnes</strong></span> <span class='ocrx_word' id='word_1_404' title='bbox 2604 1253 2908 1328; x_wconf 83' lang='lat' dir='ltr'><strong>fatentur,</strong></span> <span class='ocrx_word' id='word_1_405' title='bbox 2944 1255 2997 1314; x_wconf 87' lang='lat' dir='ltr'><strong>si</strong></span> <span class='ocrx_word' id='word_1_406' title='bbox 3024 1255 3090 1315; x_wconf 91' lang='lat' dir='ltr'><strong>in</strong></span> <span class='ocrx_word' id='word_1_407' title='bbox 3118 1255 3333 1334; x_wconf 86' lang='lat' dir='ltr'><strong>aliquo</strong></span> <span class='ocrx_word' id='word_1_408' title='bbox 3365 1273 3543 1333; x_wconf 89' lang='lat' dir='ltr'><strong>opere</strong></span> <span class='ocrx_word' id='word_1_409' title='bbox 3562 1258 3687 1320; x_wconf 81' lang='lat' dir='ltr'><strong>Deus</strong></span> 
     </span>
     <span class='ocr_line' id='line_1_64' title="bbox 2174 1347 3687 1426; baseline 0.001 -17"><span class='ocrx_word' id='word_1_410' title='bbox 2174 1353 2381 1426; x_wconf 85' lang='lat' dir='ltr'><strong>potest</strong></span> <span class='ocrx_word' id='word_1_411' title='bbox 2396 1365 2691 1409; x_wconf 81' lang='lat' dir='ltr'><strong>exercere</strong></span> <span class='ocrx_word' id='word_1_412' title='bbox 2712 1348 3034 1426; x_wconf 85' lang='lat' dir='ltr'><strong>propriam</strong></span> <span class='ocrx_word' id='word_1_413' title='bbox 3060 1347 3373 1426; x_wconf 81' lang='lat' dir='ltr'><strong>justitiam</strong></span> <span class='ocrx_word' id='word_1_414' title='bbox 3398 1357 3687 1410; x_wconf 83' lang='lat' dir='ltr'><strong>commuta-</strong></span> 
     </span>
     <span class='ocr_line' id='line_1_65' title="bbox 2174 1440 3689 1518; baseline 0.001 -16"><span class='ocrx_word' id='word_1_415' title='bbox 2174 1442 2389 1516; x_wconf 78' lang='lat' dir='ltr'><strong>tivam,</strong></span> <span class='ocrx_word' id='word_1_416' title='bbox 2420 1441 2693 1502; x_wconf 80' lang='lat' dir='ltr'><strong>maxime</strong></span> <span class='ocrx_word' id='word_1_417' title='bbox 2718 1440 2927 1502; x_wconf 88' lang='lat' dir='ltr'><strong>facere</strong></span> <span class='ocrx_word' id='word_1_418' title='bbox 2954 1441 3021 1500; x_wconf 89' lang='lat' dir='ltr'><strong>in</strong></span> <span class='ocrx_word' id='word_1_419' title='bbox 3044 1440 3457 1501; x_wconf 88' lang='lat' dir='ltr'><strong>retributione</strong></span> <span class='ocrx_word' id='word_1_420' title='bbox 3480 1458 3689 1518; x_wconf 86' lang='lat' dir='ltr'><strong>operum</strong></span> 
     </span>
     <span class='ocr_line' id='line_1_66' title="bbox 2168 1533 3687 1612; baseline 0.002 -19"><span class='ocrx_word' id='word_1_421' title='bbox 2168 1533 2505 1612; x_wconf 81' lang='lat' dir='ltr'><strong>justorum,</strong></span> <span class='ocrx_word' id='word_1_422' title='bbox 2526 1533 2693 1594; x_wconf 85' lang='lat' dir='ltr'><strong>inter</strong></span> <span class='ocrx_word' id='word_1_423' title='bbox 2708 1551 2868 1610; x_wconf 90' lang='lat' dir='ltr'><strong>quos</strong></span> <span class='ocrx_word' id='word_1_424' title='bbox 2886 1534 3073 1594; x_wconf 87' lang='lat' dir='ltr'><strong>etiam</strong></span> <span class='ocrx_word' id='word_1_425' title='bbox 3090 1533 3687 1596; x_wconf 85' lang='lat' dir='ltr'><strong>ChristumDominum</strong></span> 
     </span>
     <span class='ocr_line' id='line_1_67' title="bbox 2176 1625 3690 1712; baseline 0 -24"><span class='ocrx_word' id='word_1_426' title='bbox 2176 1625 2811 1706; x_wconf 88' lang='lat' dir='ltr'><strong>comprehendimus,</strong></span> <span class='ocrx_word' id='word_1_427' title='bbox 2852 1644 2927 1686; x_wconf 86' lang='lat' dir='ltr'><strong>ac</strong></span> <span class='ocrx_word' id='word_1_428' title='bbox 2974 1625 3039 1712; x_wconf 82' lang='lat' dir='ltr'><strong>in</strong></span> <span class='ocrx_word' id='word_1_429' title='bbox 3084 1625 3291 1705; x_wconf 86' lang='lat' dir='ltr'><strong>primo</strong></span> <span class='ocrx_word' id='word_1_430' title='bbox 3330 1643 3405 1686; x_wconf 87' lang='lat' dir='ltr'><strong>ac</strong></span> <span class='ocrx_word' id='word_1_431' title='bbox 3448 1627 3690 1706; x_wconf 82' lang='lat' dir='ltr'><strong>singulari</strong></span> 
     </span>
     <span class='ocr_line' id='line_1_68' title="bbox 2174 1718 3687 1799; baseline 0.001 -20"><span class='ocrx_word' id='word_1_432' title='bbox 2174 1719 2313 1780; x_wconf 90' lang='lat' dir='ltr'><strong>loco</strong></span> <span class='ocrx_word' id='word_1_433' title='bbox 2334 1719 2659 1799; x_wconf 87' lang='lat' dir='ltr'><strong>ponimus;</strong></span> <span class='ocrx_word' id='word_1_434' title='bbox 2680 1719 2874 1794; x_wconf 89' lang='lat' dir='ltr'><strong>unde,</strong></span> <span class='ocrx_word' id='word_1_435' title='bbox 2894 1719 2945 1780; x_wconf 90' lang='lat' dir='ltr'><strong>si</strong></span> <span class='ocrx_word' id='word_1_436' title='bbox 2958 1719 3066 1798; x_wconf 87' lang='lat' dir='ltr'><strong>qui</strong></span> <span class='ocrx_word' id='word_1_437' title='bbox 3082 1723 3325 1798; x_wconf 88' lang='lat' dir='ltr'><strong>negant</strong></span> <span class='ocrx_word' id='word_1_438' title='bbox 3340 1718 3405 1777; x_wconf 89' lang='lat' dir='ltr'><strong>in</strong></span> <span class='ocrx_word' id='word_1_439' title='bbox 3428 1718 3525 1779; x_wconf 82' lang='lat' dir='ltr'><strong>tali</strong></span> <span class='ocrx_word' id='word_1_440' title='bbox 3544 1738 3687 1798; x_wconf 78' lang='lat' dir='ltr'><strong>opere</strong></span> 
     </span>
     <span class='ocr_line' id='line_1_69' title="bbox 2170 1811 3693 1891; baseline -0.001 -17"><span class='ocrx_word' id='word_1_441' title='bbox 2170 1811 2435 1874; x_wconf 86' lang='lat' dir='ltr'><strong>inveniri</strong></span> <span class='ocrx_word' id='word_1_442' title='bbox 2464 1812 2631 1873; x_wconf 89' lang='lat' dir='ltr'><strong>hanc</strong></span> <span class='ocrx_word' id='word_1_443' title='bbox 2648 1812 2981 1891; x_wconf 83' lang='lat' dir='ltr'><strong>justitiam,</strong></span> <span class='ocrx_word' id='word_1_444' title='bbox 3014 1812 3227 1874; x_wconf 84' lang='lat' dir='ltr'><strong>solnm</strong></span> <span class='ocrx_word' id='word_1_445' title='bbox 3264 1815 3365 1872; x_wconf 84' lang='lat' dir='ltr'><strong>est</strong></span> <span class='ocrx_word' id='word_1_446' title='bbox 3400 1813 3540 1890; x_wconf 80' lang='lat' dir='ltr'><strong>quia</strong></span> <span class='ocrx_word' id='word_1_447' title='bbox 3576 1815 3693 1874; x_wconf 76' lang='lat' dir='ltr'><strong>exis-</strong></span> 
     </span>
     <span class='ocr_line' id='line_1_70' title="bbox 2170 1904 3691 1984; baseline 0 -18"><span class='ocrx_word' id='word_1_448' title='bbox 2170 1905 2395 1966; x_wconf 90' lang='lat' dir='ltr'><strong>timant</strong></span> <span class='ocrx_word' id='word_1_449' title='bbox 2420 1904 2786 1984; x_wconf 88' lang='lat' dir='ltr'><strong>simpliciter</strong></span> <span class='ocrx_word' id='word_1_450' title='bbox 2810 1911 2870 1966; x_wconf 89' lang='lat' dir='ltr'><strong>et</strong></span> <span class='ocrx_word' id='word_1_451' title='bbox 2898 1905 2963 1965; x_wconf 89' lang='lat' dir='ltr'><strong>in</strong></span> <span class='ocrx_word' id='word_1_452' title='bbox 2988 1906 3161 1966; x_wconf 89' lang='lat' dir='ltr'><strong>omni</strong></span> <span class='ocrx_word' id='word_1_453' title='bbox 3190 1922 3389 1984; x_wconf 88' lang='lat' dir='ltr'><strong>opere</strong></span> <span class='ocrx_word' id='word_1_454' title='bbox 3414 1905 3535 1966; x_wconf 88' lang='lat' dir='ltr'><strong>Deo</strong></span> <span class='ocrx_word' id='word_1_455' title='bbox 3549 1923 3691 1984; x_wconf 85' lang='lat' dir='ltr'><strong>repu-</strong></span> 
     </span>
     <span class='ocr_line' id='line_1_71' title="bbox 2172 1997 3693 2078; baseline -0.001 -20"><span class='ocrx_word' id='word_1_456' title='bbox 2172 2016 2367 2077; x_wconf 76' lang='lat' dir='ltr'><strong>gnare</strong></span> <span class='ocrx_word' id='word_1_457' title='bbox 2386 2016 2401 2068; x_wconf 76' lang='grc' dir='ltr'>ς</span> <span class='ocrx_word' id='word_1_458' title='bbox 2424 2015 2595 2078; x_wconf 81' lang='lat' dir='ltr'><strong>ergo,</strong></span> <span class='ocrx_word' id='word_1_459' title='bbox 2616 1997 2819 2077; x_wconf 86' lang='lat' dir='ltr'><strong>posita</strong></span> <span class='ocrx_word' id='word_1_460' title='bbox 2838 1997 3149 2058; x_wconf 87' lang='lat' dir='ltr'><strong>contraria</strong></span> <span class='ocrx_word' id='word_1_461' title='bbox 3166 1997 3525 2077; x_wconf 77' lang='lat' dir='ltr'><strong>hypothesi,</strong></span> <span class='ocrx_word' id='word_1_462' title='bbox 3542 2016 3693 2074; x_wconf 82' lang='lat' dir='ltr'><strong>quam</strong></span> 
     </span>
     <span class='ocr_line' id='line_1_72' title="bbox 2172 2089 3693 2176; baseline 0 -25"><span class='ocrx_word' id='word_1_463' title='bbox 2172 2089 2499 2152; x_wconf 87' lang='lat' dir='ltr'><strong>hactemus</strong></span> <span class='ocrx_word' id='word_1_464' title='bbox 2541 2089 2967 2169; x_wconf 88' lang='lat' dir='ltr'><strong>probavimus,</strong></span> <span class='ocrx_word' id='word_1_465' title='bbox 3020 2107 3211 2176; x_wconf 80' lang='lat' dir='ltr'><strong>nemo</strong></span> <span class='ocrx_word' id='word_1_466' title='bbox 3264 2089 3515 2168; x_wconf 81' lang='lat' dir='ltr'><strong>negabit</strong></span> <span class='ocrx_word' id='word_1_467' title='bbox 3540 2089 3693 2151; x_wconf 89' lang='lat' dir='ltr'><strong>Deum</strong></span> 
     </span>
     <span class='ocr_line' id='line_1_73' title="bbox 2172 2184 3694 2264; baseline -0.001 -18"><span class='ocrx_word' id='word_1_468' title='bbox 2172 2185 2237 2246; x_wconf 92' lang='lat' dir='ltr'><strong>in</strong></span> <span class='ocrx_word' id='word_1_469' title='bbox 2268 2185 2391 2246; x_wconf 91' lang='lat' dir='ltr'><strong>hoc</strong></span> <span class='ocrx_word' id='word_1_470' title='bbox 2434 2203 2625 2264; x_wconf 87' lang='lat' dir='ltr'><strong>opere</strong></span> <span class='ocrx_word' id='word_1_471' title='bbox 2655 2203 2949 2247; x_wconf 83' lang='lat' dir='ltr'><strong>exercere</strong></span> <span class='ocrx_word' id='word_1_472' title='bbox 3002 2203 3185 2246; x_wconf 87' lang='lat' dir='ltr'><strong>suam</strong></span> <span class='ocrx_word' id='word_1_473' title='bbox 3234 2184 3533 2262; x_wconf 83' lang='lat' dir='ltr'><strong>justitiam</strong></span> <span class='ocrx_word' id='word_1_474' title='bbox 3566 2203 3694 2245; x_wconf 86' lang='lat' dir='ltr'><strong>com-</strong></span> 
     </span>
     <span class='ocr_line' id='line_1_74' title="bbox 2170 2277 3689 2357; baseline -0.001 -17"><span class='ocrx_word' id='word_1_475' title='bbox 2170 2279 2559 2340; x_wconf 77' lang='lat' dir='ltr'><strong>mutativam.</strong></span> <span class='ocrx_word' id='word_1_476' title='bbox 2616 2279 2909 2341; x_wconf 88' lang='lat' dir='ltr'><strong>Secundo</strong></span> <span class='ocrx_word' id='word_1_477' title='bbox 2955 2277 3317 2340; x_wconf 84' lang='lat' dir='ltr'><strong>declaratur</strong></span> <span class='ocrx_word' id='word_1_478' title='bbox 3366 2295 3442 2338; x_wconf 87' lang='lat' dir='ltr'><strong>ex</strong></span> <span class='ocrx_word' id='word_1_479' title='bbox 3480 2296 3540 2338; x_wconf 86' lang='lat' dir='ltr'><strong>re</strong></span> <span class='ocrx_word' id='word_1_480' title='bbox 3568 2279 3689 2357; x_wconf 82' lang='lat' dir='ltr'><strong>ipsa,</strong></span> 
     </span>
     <span class='ocr_line' id='line_1_75' title="bbox 2174 2370 3692 2452; baseline -0.001 -20"><span class='ocrx_word' id='word_1_481' title='bbox 2174 2389 2325 2432; x_wconf 87' lang='lat' dir='ltr'><strong>nam</strong></span> <span class='ocrx_word' id='word_1_482' title='bbox 2351 2370 2417 2432; x_wconf 87' lang='lat' dir='ltr'><strong>in</strong></span> <span class='ocrx_word' id='word_1_483' title='bbox 2444 2371 2566 2432; x_wconf 91' lang='lat' dir='ltr'><strong>hoc</strong></span> <span class='ocrx_word' id='word_1_484' title='bbox 2604 2389 2797 2452; x_wconf 86' lang='lat' dir='ltr'><strong>opere</strong></span> <span class='ocrx_word' id='word_1_485' title='bbox 2838 2372 3251 2432; x_wconf 85' lang='lat' dir='ltr'><strong>inveniuntur</strong></span> <span class='ocrx_word' id='word_1_486' title='bbox 3294 2370 3553 2431; x_wconf 84' lang='lat' dir='ltr'><strong>maxime</strong></span> <span class='ocrx_word' id='word_1_487' title='bbox 3584 2391 3692 2448; x_wconf 80' lang='lat' dir='ltr'><strong>pro-</strong></span> 
     </span>
    </p>
   </div>
   <div class='ocr_carea' id='block_1_8' title="bbox 2174 2457 3786 2544">
    <p class='ocr_par' dir='ltr' id='par_1_8' title="bbox 2174 2457 3786 2544">
     <span class='ocr_line' id='line_1_76' title="bbox 2174 2457 3786 2544; baseline 0.001 -20"><span class='ocrx_word' id='word_1_488' title='bbox 2174 2465 2323 2543; x_wconf 79' lang='lat' dir='ltr'><strong>priae</strong></span> <span class='ocrx_word' id='word_1_489' title='bbox 2345 2463 2735 2526; x_wconf 85' lang='lat' dir='ltr'><strong>conditiones</strong></span> <span class='ocrx_word' id='word_1_490' title='bbox 2754 2464 3013 2544; x_wconf 85' lang='lat' dir='ltr'><strong>justitiae</strong></span> <span class='ocrx_word' id='word_1_491' title='bbox 3036 2463 3496 2524; x_wconf 74' lang='lat' dir='ltr'><strong>commutativae</strong></span> <span class='ocrx_word' id='word_1_492' title='bbox 3514 2463 3691 2526; x_wconf 80' lang='lat' dir='ltr'><strong>forma-</strong></span> <span class='ocrx_word' id='word_1_493' title='bbox 3785 2457 3786 2460; x_wconf 50' lang='lat'>&#39;</span> 
     </span>
    </p>
   </div>
   <div class='ocr_carea' id='block_1_9' title="bbox 2172 2557 3786 2730">
    <p class='ocr_par' dir='ltr' id='par_1_9' title="bbox 2172 2557 3786 2730">
     <span class='ocr_line' id='line_1_77' title="bbox 2172 2557 3786 2646; baseline -0.003 -27"><span class='ocrx_word' id='word_1_494' title='bbox 2172 2557 2315 2618; x_wconf 88' lang='lat' dir='ltr'><strong>liter</strong></span> <span class='ocrx_word' id='word_1_495' title='bbox 2342 2563 2627 2638; x_wconf 59' lang='lat' dir='ltr'><strong>sumptas,</strong></span> <span class='ocrx_word' id='word_1_496' title='bbox 2673 2563 2861 2637; x_wconf 88' lang='lat' dir='ltr'><strong>prout</strong></span> <span class='ocrx_word' id='word_1_497' title='bbox 2898 2558 3027 2619; x_wconf 88' lang='lat' dir='ltr'><strong>Deo</strong></span> <span class='ocrx_word' id='word_1_498' title='bbox 3068 2557 3411 2618; x_wconf 82' lang='lat' dir='ltr'><strong>convenire</strong></span> <span class='ocrx_word' id='word_1_499' title='bbox 3460 2564 3685 2635; x_wconf 77' lang='lat' dir='ltr'><strong>possunt,</strong></span> <span class='ocrx_word' id='word_1_500' title='bbox 3785 2639 3786 2646; x_wconf 8' lang='grc' dir='ltr'>ἵ</span> 
     </span>
     <span class='ocr_line' id='line_1_78' title="bbox 2176 2651 3687 2730; baseline -0.009 -16"><span class='ocrx_word' id='word_1_501' title='bbox 2176 2669 2333 2730; x_wconf 87' lang='lat' dir='ltr'><strong>quas</strong></span> <span class='ocrx_word' id='word_1_502' title='bbox 2358 2669 2528 2712; x_wconf 89' lang='lat' dir='ltr'><strong>nunc</strong></span> <span class='ocrx_word' id='word_1_503' title='bbox 2546 2651 2629 2712; x_wconf 88' lang='lat' dir='ltr'><strong>ad</strong></span> <span class='ocrx_word' id='word_1_504' title='bbox 2648 2658 2777 2714; x_wconf 89' lang='lat' dir='ltr'><strong>tres</strong></span> <span class='ocrx_word' id='word_1_505' title='bbox 2796 2670 3047 2714; x_wconf 82' lang='lat' dir='ltr'><strong>revoco.</strong></span> <span class='ocrx_word' id='word_1_506' title='bbox 3074 2651 3291 2714; x_wconf 88' lang='lat' dir='ltr'><strong>Prima</strong></span> <span class='ocrx_word' id='word_1_507' title='bbox 3312 2657 3409 2712; x_wconf 87' lang='lat' dir='ltr'><strong>est</strong></span> <span class='ocrx_word' id='word_1_508' title='bbox 3430 2651 3687 2729; x_wconf 61' lang='lat' dir='ltr'><strong>{equalitas</strong></span> 
     </span>
    </p>
   </div>
   <div class='ocr_carea' id='block_1_10' title="bbox 2166 2742 3786 2823">
    <p class='ocr_par' dir='ltr' id='par_1_10' title="bbox 2166 2742 3786 2823">
     <span class='ocr_line' id='line_1_79' title="bbox 2166 2742 3786 2823; baseline -0.001 -19"><span class='ocrx_word' id='word_1_509' title='bbox 2166 2743 2347 2823; x_wconf 80' lang='lat' dir='ltr'><strong>juris,</strong></span> <span class='ocrx_word' id='word_1_510' title='bbox 2386 2763 2499 2806; x_wconf 89' lang='lat' dir='ltr'><strong>seu</strong></span> <span class='ocrx_word' id='word_1_511' title='bbox 2528 2745 2633 2805; x_wconf 80' lang='lat' dir='ltr'><strong>&#39;rei</strong></span> <span class='ocrx_word' id='word_1_512' title='bbox 2684 2742 2765 2804; x_wconf 88' lang='lat' dir='ltr'><strong>ad</strong></span> <span class='ocrx_word' id='word_1_513' title='bbox 2820 2762 2990 2818; x_wconf 84' lang='lat' dir='ltr'><strong>rem;</strong></span> <span class='ocrx_word' id='word_1_514' title='bbox 3032 2745 3167 2806; x_wconf 82' lang='lat' dir='ltr'><strong>boec</strong></span> <span class='ocrx_word' id='word_1_515' title='bbox 3226 2744 3400 2805; x_wconf 84' lang='lat' dir='ltr'><strong>enim</strong></span> <span class='ocrx_word' id='word_1_516' title='bbox 3436 2745 3689 2804; x_wconf 81' lang='lat' dir='ltr'><strong>invenitur</strong></span> <span class='ocrx_word' id='word_1_517' title='bbox 3785 2759 3786 2802; x_wconf 54' lang='lat' dir='ltr'><strong>l</strong></span> 
     </span>
    </p>
   </div>
   <div class='ocr_carea' id='block_1_11' title="bbox 2173 2825 3786 3008">
    <p class='ocr_par' dir='ltr' id='par_1_11' title="bbox 2173 2825 3786 3008">
     <span class='ocr_line' id='line_1_80' title="bbox 2174 2825 3786 2916; baseline -0.001 -18"><span class='ocrx_word' id='word_1_518' title='bbox 2174 2836 2337 2899; x_wconf 91' lang='lat' dir='ltr'><strong>inter</strong></span> <span class='ocrx_word' id='word_1_519' title='bbox 2382 2837 2677 2898; x_wconf 90' lang='lat' dir='ltr'><strong>meritum</strong></span> <span class='ocrx_word' id='word_1_520' title='bbox 2728 2843 2791 2898; x_wconf 89' lang='lat' dir='ltr'><strong>et</strong></span> <span class='ocrx_word' id='word_1_521' title='bbox 2825 2837 3151 2916; x_wconf 80' lang='lat' dir='ltr'><strong>proemium</strong></span> <span class='ocrx_word' id='word_1_522' title='bbox 3186 2837 3523 2916; x_wconf 87' lang='lat' dir='ltr'><strong>justorum,</strong></span> <span class='ocrx_word' id='word_1_523' title='bbox 3568 2843 3616 2896; x_wconf 86' lang='lat' dir='ltr'><strong>et</strong></span> <span class='ocrx_word' id='word_1_524' title='bbox 3660 2857 3686 2897; x_wconf 81' lang='lat' dir='ltr'><strong>a</strong></span> <span class='ocrx_word' id='word_1_525' title='bbox 3785 2825 3786 2844; x_wconf 69' lang='lat'>³</span> 
     </span>
     <span class='ocr_line' id='line_1_81' title="bbox 2173 2928 3719 3008; baseline 0 -16"><span class='ocrx_word' id='word_1_526' title='bbox 2173 2931 2299 2992; x_wconf 83' lang='lat' dir='ltr'><strong>Deo</strong></span> <span class='ocrx_word' id='word_1_527' title='bbox 2330 2937 2634 3004; x_wconf 89' lang='lat' dir='ltr'><strong>servatur,</strong></span> <span class='ocrx_word' id='word_1_528' title='bbox 2662 2936 2729 2991; x_wconf 88' lang='lat' dir='ltr'><strong>ut</strong></span> <span class='ocrx_word' id='word_1_529' title='bbox 2746 2930 2939 2991; x_wconf 84' lang='lat' dir='ltr'><strong>tradit</strong></span> <span class='ocrx_word' id='word_1_530' title='bbox 2963 2931 3035 2991; x_wconf 91' lang='lat' dir='ltr'><strong>D.</strong></span> <span class='ocrx_word' id='word_1_531' title='bbox 3064 2929 3347 2990; x_wconf 86' lang='lat' dir='ltr'><strong>Thomas</strong></span> <span class='ocrx_word' id='word_1_532' title='bbox 3365 2934 3389 2990; x_wconf 79' lang='lat' dir='ltr'><strong>l</strong></span> <span class='ocrx_word' id='word_1_533' title='bbox 3406 2975 3419 2990; x_wconf 89' lang='lat'><strong>.</strong></span> <span class='ocrx_word' id='word_1_534' title='bbox 3440 2932 3493 3001; x_wconf 78' lang='lat'><strong>2,</strong></span> <span class='ocrx_word' id='word_1_535' title='bbox 3514 2937 3684 3008; x_wconf 79' lang='lat' dir='ltr'><strong>qnaest.</strong></span> <span class='ocrx_word' id='word_1_536' title='bbox 3712 2928 3719 2934; x_wconf 74' lang='grc'><strong><em>’</em></strong></span> 
     </span>
    </p>
   </div>
   <div class='ocr_carea' id='block_1_12' title="bbox 2177 3021 3786 3102">
    <p class='ocr_par' dir='ltr' id='par_1_12' title="bbox 2177 3021 3786 3102">
     <span class='ocr_line' id='line_1_82' title="bbox 2177 3021 3786 3102; baseline -0.002 -18"><span class='ocrx_word' id='word_1_537' title='bbox 2177 3025 2317 3096; x_wconf 73' lang='grc'><strong>114,</strong></span> <span class='ocrx_word' id='word_1_538' title='bbox 2350 3023 2525 3084; x_wconf 86' lang='lat' dir='ltr'><strong>artic.</strong></span> <span class='ocrx_word' id='word_1_539' title='bbox 2565 3025 2625 3095; x_wconf 81' lang='lat'><strong>3,</strong></span> <span class='ocrx_word' id='word_1_540' title='bbox 2654 3021 2761 3084; x_wconf 87' lang='lat' dir='ltr'><strong>ubi</strong></span> <span class='ocrx_word' id='word_1_541' title='bbox 2798 3021 3132 3102; x_wconf 85' lang='lat' dir='ltr'><strong>Cajetanus</strong></span> <span class='ocrx_word' id='word_1_542' title='bbox 3174 3027 3245 3084; x_wconf 88' lang='lat' dir='ltr'><strong>et</strong></span> <span class='ocrx_word' id='word_1_543' title='bbox 3282 3023 3387 3083; x_wconf 89' lang='lat' dir='ltr'><strong>alii</strong></span> <span class='ocrx_word' id='word_1_544' title='bbox 3426 3021 3486 3082; x_wconf 89' lang='lat' dir='ltr'><strong>id</strong></span> <span class='ocrx_word' id='word_1_545' title='bbox 3522 3022 3689 3083; x_wconf 79' lang='lat' dir='ltr'><strong>obser·</strong></span> <span class='ocrx_word' id='word_1_546' title='bbox 3785 3049 3786 3052; x_wconf 38' lang='lat'>¹</span> 
     </span>
    </p>
   </div>
   <div class='ocr_carea' id='block_1_13' title="bbox 2165 3116 3689 3852">
    <p class='ocr_par' dir='ltr' id='par_1_13' title="bbox 2165 3116 3689 3852">
     <span class='ocr_line' id='line_1_83' title="bbox 2174 3116 3687 3195; baseline -0.003 -17"><span class='ocrx_word' id='word_1_547' title='bbox 2174 3122 2345 3178; x_wconf 85' lang='lat' dir='ltr'><strong>vant.</strong></span> <span class='ocrx_word' id='word_1_548' title='bbox 2380 3118 2455 3177; x_wconf 90' lang='lat' dir='ltr'><strong>Et</strong></span> <span class='ocrx_word' id='word_1_549' title='bbox 2494 3122 2759 3189; x_wconf 87' lang='lat' dir='ltr'><strong>constat,</strong></span> <span class='ocrx_word' id='word_1_550' title='bbox 2782 3134 2958 3190; x_wconf 90' lang='lat' dir='ltr'><strong>nam,</strong></span> <span class='ocrx_word' id='word_1_551' title='bbox 3008 3116 3155 3177; x_wconf 87' lang='lat' dir='ltr'><strong>licet</strong></span> <span class='ocrx_word' id='word_1_552' title='bbox 3178 3134 3379 3195; x_wconf 89' lang='lat' dir='ltr'><strong>opera</strong></span> <span class='ocrx_word' id='word_1_553' title='bbox 3424 3116 3487 3175; x_wconf 87' lang='lat' dir='ltr'><strong>in</strong></span> <span class='ocrx_word' id='word_1_554' title='bbox 3536 3116 3687 3193; x_wconf 83' lang='lat' dir='ltr'><strong>gratia</strong></span> 
     </span>
     <span class='ocr_line' id='line_1_84' title="bbox 2172 3208 3689 3290; baseline -0.004 -19"><span class='ocrx_word' id='word_1_555' title='bbox 2172 3208 2339 3271; x_wconf 84' lang='lat' dir='ltr'><strong>facta</strong></span> <span class='ocrx_word' id='word_1_556' title='bbox 2356 3208 2615 3290; x_wconf 80' lang='lat' dir='ltr'><strong>physice</strong></span> <span class='ocrx_word' id='word_1_557' title='bbox 2642 3215 2705 3270; x_wconf 90' lang='lat' dir='ltr'><strong>et</strong></span> <span class='ocrx_word' id='word_1_558' title='bbox 2732 3208 3080 3269; x_wconf 86' lang='lat' dir='ltr'><strong>secundum</strong></span> <span class='ocrx_word' id='word_1_559' title='bbox 3109 3210 3439 3270; x_wconf 80' lang='lat' dir='ltr'><strong>entitatem</strong></span> <span class='ocrx_word' id='word_1_560' title='bbox 3464 3226 3575 3267; x_wconf 88' lang='lat' dir='ltr'><strong>non</strong></span> <span class='ocrx_word' id='word_1_561' title='bbox 3598 3208 3689 3266; x_wconf 86' lang='lat' dir='ltr'><strong>sint</strong></span> 
     </span>
     <span class='ocr_line' id='line_1_85' title="bbox 2174 3300 3687 3381; baseline -0.003 -17"><span class='ocrx_word' id='word_1_562' title='bbox 2174 3303 2430 3364; x_wconf 87' lang='lat' dir='ltr'><strong>omnino</strong></span> <span class='ocrx_word' id='word_1_563' title='bbox 2472 3302 2735 3381; x_wconf 64' lang='lat' dir='ltr'><strong>aequalia</strong></span> <span class='ocrx_word' id='word_1_564' title='bbox 2762 3302 3048 3381; x_wconf 76' lang='lat' dir='ltr'><strong>praemio,</strong></span> <span class='ocrx_word' id='word_1_565' title='bbox 3080 3320 3195 3362; x_wconf 88' lang='lat' dir='ltr'><strong>seu</strong></span> <span class='ocrx_word' id='word_1_566' title='bbox 3245 3300 3471 3381; x_wconf 71' lang='lat' dir='ltr'><strong>gloriae,</strong></span> <span class='ocrx_word' id='word_1_567' title='bbox 3512 3300 3687 3360; x_wconf 73' lang='lat' dir='ltr'><strong>virtute</strong></span> 
     </span>
     <span class='ocr_line' id='line_1_86' title="bbox 2167 3397 3687 3461; baseline -0.005 0"><span class='ocrx_word' id='word_1_568' title='bbox 2167 3404 2385 3461; x_wconf 84' lang='lat' dir='ltr'><strong>tamen</strong></span> <span class='ocrx_word' id='word_1_569' title='bbox 2444 3404 2508 3460; x_wconf 83' lang='lat' dir='ltr'><strong>et</strong></span> <span class='ocrx_word' id='word_1_570' title='bbox 2542 3398 2891 3459; x_wconf 88' lang='lat' dir='ltr'><strong>secundum</strong></span> <span class='ocrx_word' id='word_1_571' title='bbox 2932 3397 3243 3459; x_wconf 87' lang='lat' dir='ltr'><strong>moralem</strong></span> <span class='ocrx_word' id='word_1_572' title='bbox 3280 3398 3547 3459; x_wconf 81' lang='lat' dir='ltr'><strong>valorem</strong></span> <span class='ocrx_word' id='word_1_573' title='bbox 3582 3400 3687 3455; x_wconf 86' lang='lat' dir='ltr'><strong>sunt</strong></span> 
     </span>
     <span class='ocr_line' id='line_1_87' title="bbox 2170 3488 3685 3571; baseline -0.004 -17"><span class='ocrx_word' id='word_1_574' title='bbox 2170 3492 2629 3571; x_wconf 48' lang='lat' dir='ltr'><strong>&amp;quivalentim</strong></span> <span class='ocrx_word' id='word_1_575' title='bbox 2660 3497 2730 3552; x_wconf 91' lang='lat' dir='ltr'><strong>ut</strong></span> <span class='ocrx_word' id='word_1_576' title='bbox 2778 3510 2944 3552; x_wconf 90' lang='lat' dir='ltr'><strong>nunc</strong></span> <span class='ocrx_word' id='word_1_577' title='bbox 2972 3508 3289 3571; x_wconf 90' lang='lat' dir='ltr'><strong>suppono,</strong></span> <span class='ocrx_word' id='word_1_578' title='bbox 3328 3490 3470 3570; x_wconf 81' lang='lat' dir='ltr'><strong>quia</strong></span> <span class='ocrx_word' id='word_1_579' title='bbox 3500 3488 3567 3549; x_wconf 88' lang='lat' dir='ltr'><strong>de</strong></span> <span class='ocrx_word' id='word_1_580' title='bbox 3600 3489 3685 3548; x_wconf 82' lang='lat' dir='ltr'><strong>hoc</strong></span> 
     </span>
     <span class='ocr_line' id='line_1_88' title="bbox 2172 3580 3685 3661; baseline -0.003 -16"><span class='ocrx_word' id='word_1_581' title='bbox 2172 3604 2300 3646; x_wconf 88' lang='lat' dir='ltr'><strong>non</strong></span> <span class='ocrx_word' id='word_1_582' title='bbox 2360 3590 2456 3647; x_wconf 88' lang='lat' dir='ltr'><strong>est</strong></span> <span class='ocrx_word' id='word_1_583' title='bbox 2510 3584 2955 3646; x_wconf 79' lang='lat' dir='ltr'><strong>controversia.</strong></span> <span class='ocrx_word' id='word_1_584' title='bbox 3010 3586 3087 3645; x_wconf 85' lang='lat' dir='ltr'><strong>Et</strong></span> <span class='ocrx_word' id='word_1_585' title='bbox 3139 3583 3431 3645; x_wconf 87' lang='lat' dir='ltr'><strong>similiter</strong></span> <span class='ocrx_word' id='word_1_586' title='bbox 3486 3580 3685 3661; x_wconf 87' lang='lat' dir='ltr'><strong>quando</strong></span> 
     </span>
     <span class='ocr_line' id='line_1_89' title="bbox 2165 3674 3685 3757; baseline -0.005 -18"><span class='ocrx_word' id='word_1_587' title='bbox 2165 3678 2375 3757; x_wconf 83' lang='lat' dir='ltr'><strong>justus</strong></span> <span class='ocrx_word' id='word_1_588' title='bbox 2400 3678 2701 3740; x_wconf 82' lang='lat' dir='ltr'><strong>satisfacit</strong></span> <span class='ocrx_word' id='word_1_589' title='bbox 2730 3696 2843 3757; x_wconf 86' lang='lat' dir='ltr'><strong>pro</strong></span> <span class='ocrx_word' id='word_1_590' title='bbox 2862 3694 3048 3757; x_wconf 87' lang='lat' dir='ltr'><strong>poena</strong></span> <span class='ocrx_word' id='word_1_591' title='bbox 3070 3678 3428 3756; x_wconf 84' lang='lat' dir='ltr'><strong>temporali,</strong></span> <span class='ocrx_word' id='word_1_592' title='bbox 3457 3674 3685 3755; x_wconf 72' lang='lat' dir='ltr'><strong>quamvis</strong></span> 
     </span>
     <span class='ocr_line' id='line_1_90' title="bbox 2170 3768 3683 3852; baseline -0.004 -19"><span class='ocrx_word' id='word_1_593' title='bbox 2170 3790 2363 3852; x_wconf 83' lang='lat' dir='ltr'><strong>poena</strong></span> <span class='ocrx_word' id='word_1_594' title='bbox 2394 3773 2501 3835; x_wconf 88' lang='lat' dir='ltr'><strong>illa</strong></span> <span class='ocrx_word' id='word_1_595' title='bbox 2530 3779 2777 3851; x_wconf 88' lang='lat' dir='ltr'><strong>sumpta</strong></span> <span class='ocrx_word' id='word_1_596' title='bbox 2804 3772 2869 3833; x_wconf 89' lang='lat' dir='ltr'><strong>in</strong></span> <span class='ocrx_word' id='word_1_597' title='bbox 2913 3773 3155 3833; x_wconf 84' lang='lat' dir='ltr'><strong>ratione</strong></span> <span class='ocrx_word' id='word_1_598' title='bbox 3184 3772 3421 3833; x_wconf 89' lang='lat' dir='ltr'><strong>doloris</strong></span> <span class='ocrx_word' id='word_1_599' title='bbox 3454 3790 3553 3831; x_wconf 87' lang='lat' dir='ltr'><strong>seu</strong></span> <span class='ocrx_word' id='word_1_600' title='bbox 3574 3768 3683 3828; x_wconf 88' lang='lat' dir='ltr'><strong>mali</strong></span> 
     </span>
    </p>
   </div>
   <div class='ocr_carea' id='block_1_14' title="bbox 2170 3862 3786 3945">
    <p class='ocr_par' dir='ltr' id='par_1_14' title="bbox 2170 3862 3786 3945">
     <span class='ocr_line' id='line_1_91' title="bbox 2170 3862 3786 3945; baseline -0.003 -20"><span class='ocrx_word' id='word_1_601' title='bbox 2170 3882 2299 3927; x_wconf 90' lang='lat' dir='ltr'><strong>non</strong></span> <span class='ocrx_word' id='word_1_602' title='bbox 2340 3866 2419 3927; x_wconf 90' lang='lat' dir='ltr'><strong>sit</strong></span> <span class='ocrx_word' id='word_1_603' title='bbox 2446 3864 2706 3945; x_wconf 62' lang='lat' dir='ltr'><strong>aequalis</strong></span> <span class='ocrx_word' id='word_1_604' title='bbox 2728 3882 2929 3944; x_wconf 81' lang='lat' dir='ltr'><strong>poenoe</strong></span> <span class='ocrx_word' id='word_1_605' title='bbox 2960 3866 3334 3945; x_wconf 86' lang='lat' dir='ltr'><strong>purgatorii,</strong></span> <span class='ocrx_word' id='word_1_606' title='bbox 3374 3866 3437 3925; x_wconf 88' lang='lat' dir='ltr'><strong>in</strong></span> <span class='ocrx_word' id='word_1_607' title='bbox 3472 3862 3681 3923; x_wconf 79' lang='lat' dir='ltr'><strong>aestima-</strong></span> <span class='ocrx_word' id='word_1_608' title='bbox 3785 3922 3786 3945; x_wconf 20' lang='grc' dir='ltr'>ἦ</span> 
     </span>
    </p>
   </div>
   <div class='ocr_carea' id='block_1_15' title="bbox 2169 3957 3786 4315">
    <p class='ocr_par' dir='ltr' id='par_1_15' title="bbox 2169 3957 3786 4131">
     <span class='ocr_line' id='line_1_92' title="bbox 2172 3957 3679 4037; baseline -0.005 -18"><span class='ocrx_word' id='word_1_609' title='bbox 2172 3957 2343 4019; x_wconf 82' lang='lat' dir='ltr'><strong>tione</strong></span> <span class='ocrx_word' id='word_1_610' title='bbox 2360 3958 2583 4019; x_wconf 87' lang='lat' dir='ltr'><strong>morali</strong></span> <span class='ocrx_word' id='word_1_611' title='bbox 2608 3965 2703 4019; x_wconf 89' lang='lat' dir='ltr'><strong>est</strong></span> <span class='ocrx_word' id='word_1_612' title='bbox 2724 3957 2809 4019; x_wconf 89' lang='lat' dir='ltr'><strong>ibi</strong></span> <span class='ocrx_word' id='word_1_613' title='bbox 2832 3958 3181 4037; x_wconf 40' lang='lat' dir='ltr'><strong>,aequalitaffi</strong></span> <span class='ocrx_word' id='word_1_614' title='bbox 3202 3966 3275 4021; x_wconf 88' lang='lat' dir='ltr'><strong>ut</strong></span> <span class='ocrx_word' id='word_1_615' title='bbox 3290 3959 3472 4019; x_wconf 88' lang='lat' dir='ltr'><strong>latius</strong></span> <span class='ocrx_word' id='word_1_616' title='bbox 3488 3957 3544 4017; x_wconf 91' lang='lat' dir='ltr'><strong>in</strong></span> <span class='ocrx_word' id='word_1_617' title='bbox 3568 3963 3679 4015; x_wconf 87' lang='lat' dir='ltr'><strong>tom.</strong></span> 
     </span>
     <span class='ocr_line' id='line_1_93' title="bbox 2169 4050 3786 4131; baseline 0.001 -20"><span class='ocrx_word' id='word_1_618' title='bbox 2169 4051 2209 4111; x_wconf 71' lang='lat'>4</span> <span class='ocrx_word' id='word_1_619' title='bbox 2241 4050 2321 4111; x_wconf 91' lang='lat' dir='ltr'><strong>de</strong></span> <span class='ocrx_word' id='word_1_620' title='bbox 2340 4051 2711 4113; x_wconf 76' lang='lat' dir='ltr'><strong>Paenitentia</strong></span> <span class='ocrx_word' id='word_1_621' title='bbox 2736 4051 2972 4112; x_wconf 89' lang='lat' dir='ltr'><strong>dictum</strong></span> <span class='ocrx_word' id='word_1_622' title='bbox 3000 4056 3116 4113; x_wconf 89' lang='lat' dir='ltr'><strong>est.</strong></span> <span class='ocrx_word' id='word_1_623' title='bbox 3785 4128 3786 4131; x_wconf 8' lang='grc' dir='ltr'><strong>Ἴ</strong></span> 
     </span>
    </p>

    <p class='ocr_par' dir='ltr' id='par_1_16' title="bbox 2169 4136 3786 4315">
     <span class='ocr_line' id='line_1_94' title="bbox 2250 4140 3679 4207; baseline -0.003 -4"><span class='ocrx_word' id='word_1_624' title='bbox 2250 4142 2351 4203; x_wconf 69' lang='lat'><strong>34.</strong></span> <span class='ocrx_word' id='word_1_625' title='bbox 2400 4140 2683 4207; x_wconf 71' lang='lat' dir='ltr'><strong>Secunda</strong></span> <span class='ocrx_word' id='word_1_626' title='bbox 2722 4144 3007 4207; x_wconf 76' lang='lat' dir='ltr'><strong>conditio.</strong></span> <span class='ocrx_word' id='word_1_627' title='bbox 3039 4174 3121 4189; x_wconf 95' lang='lat'><strong>—</strong></span> <span class='ocrx_word' id='word_1_628' title='bbox 3148 4144 3439 4205; x_wconf 87' lang='lat' dir='ltr'><strong>Secunda</strong></span> <span class='ocrx_word' id='word_1_629' title='bbox 3465 4142 3679 4203; x_wconf 87' lang='lat' dir='ltr'><strong>conditio</strong></span> 
     </span>
     <span class='ocr_line' id='line_1_95' title="bbox 2169 4228 3786 4315; baseline -0.004 -18"><span class='ocrx_word' id='word_1_630' title='bbox 2169 4234 2253 4297; x_wconf 89' lang='lat' dir='ltr'><strong>ad</strong></span> <span class='ocrx_word' id='word_1_631' title='bbox 2280 4236 2789 4297; x_wconf 86' lang='lat' dir='ltr'><strong>commutativam</strong></span> <span class='ocrx_word' id='word_1_632' title='bbox 2834 4236 3141 4315; x_wconf 85' lang='lat' dir='ltr'><strong>justitiam</strong></span> <span class='ocrx_word' id='word_1_633' title='bbox 3184 4236 3526 4299; x_wconf 87' lang='lat' dir='ltr'><strong>necessaria</strong></span> <span class='ocrx_word' id='word_1_634' title='bbox 3568 4234 3679 4312; x_wconf 87' lang='lat' dir='ltr'><strong>poni</strong></span> <span class='ocrx_word' id='word_1_635' title='bbox 3785 4228 3786 4243; x_wconf 61' lang='lat'>¹</span> 
     </span>
    </p>
   </div>
   <div class='ocr_carea' id='block_1_16' title="bbox 2172 4322 3786 4683">
    <p class='ocr_par' dir='ltr' id='par_1_17' title="bbox 2172 4322 3786 4683">
     <span class='ocr_line' id='line_1_96' title="bbox 2172 4322 3786 4406; baseline -0.004 -17"><span class='ocrx_word' id='word_1_636' title='bbox 2172 4332 2400 4406; x_wconf 86' lang='lat' dir='ltr'><strong>potest,</strong></span> <span class='ocrx_word' id='word_1_637' title='bbox 2450 4328 2621 4405; x_wconf 87' lang='lat' dir='ltr'><strong>quod</strong></span> <span class='ocrx_word' id='word_1_638' title='bbox 2664 4328 3035 4389; x_wconf 83' lang='lat' dir='ltr'><strong>interveniat</strong></span> <span class='ocrx_word' id='word_1_639' title='bbox 3077 4328 3477 4390; x_wconf 85' lang='lat' dir='ltr'><strong>commutatio</strong></span> <span class='ocrx_word' id='word_1_640' title='bbox 3516 4327 3679 4402; x_wconf 78' lang='lat' dir='ltr'><strong>aliqua</strong></span> <span class='ocrx_word' id='word_1_641' title='bbox 3785 4322 3786 4393; x_wconf 60' lang='grc' dir='ltr'><em>ἴ</em></span> 
     </span>
     <span class='ocr_line' id='line_1_97' title="bbox 2172 4418 3786 4501; baseline -0.004 -20"><span class='ocrx_word' id='word_1_642' title='bbox 2172 4418 2519 4481; x_wconf 83' lang='lat' dir='ltr'><strong>secundum</strong></span> <span class='ocrx_word' id='word_1_643' title='bbox 2550 4421 2975 4499; x_wconf 83' lang='lat' dir='ltr'><strong>aequalitatem</strong></span> <span class='ocrx_word' id='word_1_644' title='bbox 3016 4419 3143 4481; x_wconf 89' lang='lat' dir='ltr'><strong>dati</strong></span> <span class='ocrx_word' id='word_1_645' title='bbox 3166 4428 3247 4482; x_wconf 83' lang='lat' dir='ltr'><strong>‘et</strong></span> <span class='ocrx_word' id='word_1_646' title='bbox 3274 4420 3527 4501; x_wconf 86' lang='lat' dir='ltr'><strong>accepti;</strong></span> <span class='ocrx_word' id='word_1_647' title='bbox 3555 4418 3676 4478; x_wconf 72' lang='lat' dir='ltr'><strong>lianc</strong></span> <span class='ocrx_word' id='word_1_648' title='bbox 3785 4418 3786 4475; x_wconf 83' lang='lat' dir='ltr'>J</span> 
     </span>
     <span class='ocr_line' id='line_1_98' title="bbox 2172 4511 3786 4599; baseline -0.004 -24"><span class='ocrx_word' id='word_1_649' title='bbox 2172 4512 2345 4575; x_wconf 88' lang='lat' dir='ltr'><strong>enim</strong></span> <span class='ocrx_word' id='word_1_650' title='bbox 2402 4532 2571 4575; x_wconf 90' lang='lat' dir='ltr'><strong>nunc</strong></span> <span class='ocrx_word' id='word_1_651' title='bbox 2616 4514 3024 4585; x_wconf 77' lang='lat' dir='ltr'><strong>admittimuS,</strong></span> <span class='ocrx_word' id='word_1_652' title='bbox 3056 4513 3363 4593; x_wconf 88' lang='lat' dir='ltr'><strong>quidquid</strong></span> <span class='ocrx_word' id='word_1_653' title='bbox 3398 4514 3471 4574; x_wconf 88' lang='lat' dir='ltr'><strong>sit</strong></span> <span class='ocrx_word' id='word_1_654' title='bbox 3510 4512 3575 4571; x_wconf 84' lang='lat' dir='ltr'><strong>de</strong></span> <span class='ocrx_word' id='word_1_655' title='bbox 3598 4511 3677 4569; x_wconf 55' lang='lat' dir='ltr'><strong>alr</strong></span> <span class='ocrx_word' id='word_1_656' title='bbox 3785 4528 3786 4599; x_wconf 63' lang='lat' dir='ltr'>ss</span> 
     </span>
     <span class='ocr_line' id='line_1_99' title="bbox 2174 4603 3786 4683; baseline -0.004 -16"><span class='ocrx_word' id='word_1_657' title='bbox 2174 4604 2375 4667; x_wconf 81' lang='lat' dir='ltr'><strong>soluta</strong></span> <span class='ocrx_word' id='word_1_658' title='bbox 2401 4606 2793 4667; x_wconf 86' lang='lat' dir='ltr'><strong>necessitate.</strong></span> <span class='ocrx_word' id='word_1_659' title='bbox 2844 4604 2955 4667; x_wconf 86' lang='lat' dir='ltr'><strong>Hic</strong></span> <span class='ocrx_word' id='word_1_660' title='bbox 2997 4612 3211 4667; x_wconf 89' lang='lat' dir='ltr'><strong>autem</strong></span> <span class='ocrx_word' id='word_1_661' title='bbox 3252 4603 3503 4667; x_wconf 83' lang='lat' dir='ltr'><strong>inveniri</strong></span> <span class='ocrx_word' id='word_1_662' title='bbox 3524 4608 3671 4683; x_wconf 80' lang='lat' dir='ltr'><strong>patet,</strong></span> <span class='ocrx_word' id='word_1_663' title='bbox 3785 4610 3786 4617; x_wconf 74' lang='grc'>’</span> 
     </span>
    </p>
   </div>
   <div class='ocr_carea' id='block_1_17' title="bbox 2170 4699 3673 4964">
    <p class='ocr_par' dir='ltr' id='par_1_18' title="bbox 2170 4699 3673 4964">
     <span class='ocr_line' id='line_1_100' title="bbox 2170 4699 3672 4779; baseline -0.005 -18"><span class='ocrx_word' id='word_1_664' title='bbox 2170 4700 2317 4779; x_wconf 85' lang='lat' dir='ltr'><strong>quia</strong></span> <span class='ocrx_word' id='word_1_665' title='bbox 2334 4699 2639 4779; x_wconf 87' lang='lat' dir='ltr'><strong>imprimis</strong></span> <span class='ocrx_word' id='word_1_666' title='bbox 2656 4700 2819 4760; x_wconf 89' lang='lat' dir='ltr'><strong>inter</strong></span> <span class='ocrx_word' id='word_1_667' title='bbox 2832 4700 3123 4761; x_wconf 85' lang='lat' dir='ltr'><strong>meritum</strong></span> <span class='ocrx_word' id='word_1_668' title='bbox 3150 4707 3214 4760; x_wconf 88' lang='lat' dir='ltr'><strong>et</strong></span> <span class='ocrx_word' id='word_1_669' title='bbox 3236 4699 3672 4765; x_wconf 83' lang='lat' dir='ltr'><strong>retributionem,</strong></span> 
     </span>
     <span class='ocr_line' id='line_1_101' title="bbox 2171 4790 3673 4867; baseline -0.005 -14"><span class='ocrx_word' id='word_1_670' title='bbox 2171 4792 2659 4855; x_wconf 82' lang='lat' dir='ltr'><strong>satisfactionem</strong></span> <span class='ocrx_word' id='word_1_671' title='bbox 2676 4798 2739 4853; x_wconf 89' lang='lat' dir='ltr'><strong>et</strong></span> <span class='ocrx_word' id='word_1_672' title='bbox 2750 4792 3021 4865; x_wconf 82' lang='lat' dir='ltr'><strong>veniam,</strong></span> <span class='ocrx_word' id='word_1_673' title='bbox 3042 4798 3139 4853; x_wconf 90' lang='lat' dir='ltr'><strong>est</strong></span> <span class='ocrx_word' id='word_1_674' title='bbox 3152 4790 3533 4853; x_wconf 84' lang='lat' dir='ltr'><strong>commutatio</strong></span> <span class='ocrx_word' id='word_1_675' title='bbox 3547 4804 3673 4867; x_wconf 78' lang='lat' dir='ltr'><strong>quae-</strong></span> 
     </span>
     <span class='ocr_line' id='line_1_102' title="bbox 2172 4883 3669 4964; baseline -0.001 -16"><span class='ocrx_word' id='word_1_676' title='bbox 2172 4885 2343 4959; x_wconf 85' lang='lat' dir='ltr'><strong>dam,</strong></span> <span class='ocrx_word' id='word_1_677' title='bbox 2374 4890 2445 4945; x_wconf 90' lang='lat' dir='ltr'><strong>ut</strong></span> <span class='ocrx_word' id='word_1_678' title='bbox 2476 4902 2769 4964; x_wconf 80' lang='lat' dir='ltr'><strong>expresse</strong></span> <span class='ocrx_word' id='word_1_679' title='bbox 2796 4883 3010 4946; x_wconf 87' lang='lat' dir='ltr'><strong>docuit</strong></span> <span class='ocrx_word' id='word_1_680' title='bbox 3028 4886 3101 4945; x_wconf 88' lang='lat' dir='ltr'><strong>D.</strong></span> <span class='ocrx_word' id='word_1_681' title='bbox 3128 4884 3418 4957; x_wconf 87' lang='lat' dir='ltr'><strong>Thomas,</strong></span> <span class='ocrx_word' id='word_1_682' title='bbox 3447 4885 3481 4943; x_wconf 88' lang='grc'><strong>3</strong></span> <span class='ocrx_word' id='word_1_683' title='bbox 3524 4886 3669 4960; x_wconf 68' lang='lat' dir='ltr'><strong>part·-</strong></span> 
     </span>
    </p>
   </div>
   <div class='ocr_carea' id='block_1_18' title="bbox 2171 4976 3786 5149">
    <p class='ocr_par' dir='ltr' id='par_1_19' title="bbox 2171 4976 3786 5149">
     <span class='ocr_line' id='line_1_103' title="bbox 2171 4976 3786 5058; baseline -0.008 -19"><span class='ocrx_word' id='word_1_684' title='bbox 2171 4983 2393 5058; x_wconf 79' lang='lat' dir='ltr'><strong>quaest.</strong></span> <span class='ocrx_word' id='word_1_685' title='bbox 2426 4978 2529 5051; x_wconf 77' lang='lat'><strong>85,</strong></span> <span class='ocrx_word' id='word_1_686' title='bbox 2560 4978 2737 5038; x_wconf 86' lang='lat' dir='ltr'><strong>artic.</strong></span> <span class='ocrx_word' id='word_1_687' title='bbox 2788 4979 2848 5051; x_wconf 90' lang='lat'><strong>3,</strong></span> <span class='ocrx_word' id='word_1_688' title='bbox 2890 4983 2952 5038; x_wconf 87' lang='lat' dir='ltr'><strong>et</strong></span> <span class='ocrx_word' id='word_1_689' title='bbox 2982 4976 3132 5057; x_wconf 88' lang='lat' dir='ltr'><strong>ipsis</strong></span> <span class='ocrx_word' id='word_1_690' title='bbox 3166 4978 3437 5040; x_wconf 88' lang='lat' dir='ltr'><strong>terminis</strong></span> <span class='ocrx_word' id='word_1_691' title='bbox 3462 4980 3545 5035; x_wconf 86' lang='lat' dir='ltr'><strong>est</strong></span> <span class='ocrx_word' id='word_1_692' title='bbox 3574 4988 3671 5031; x_wconf 84' lang='lat' dir='ltr'><strong>ma·</strong></span> <span class='ocrx_word' id='word_1_693' title='bbox 3785 5034 3786 5049; x_wconf 12' lang='grc' dir='ltr'>χ</span> 
     </span>
     <span class='ocr_line' id='line_1_104' title="bbox 2172 5066 3786 5149; baseline -0.01 -18"><span class='ocrx_word' id='word_1_694' title='bbox 2172 5068 2505 5141; x_wconf 85' lang='lat' dir='ltr'><strong>nifestum;</strong></span> <span class='ocrx_word' id='word_1_695' title='bbox 2566 5070 2710 5149; x_wconf 90' lang='lat' dir='ltr'><strong>quia</strong></span> <span class='ocrx_word' id='word_1_696' title='bbox 2756 5070 3163 5131; x_wconf 87' lang='lat' dir='ltr'><strong>commutatio</strong></span> <span class='ocrx_word' id='word_1_697' title='bbox 3218 5070 3369 5131; x_wconf 88' lang='lat' dir='ltr'><strong>nihil</strong></span> <span class='ocrx_word' id='word_1_698' title='bbox 3404 5066 3551 5129; x_wconf 90' lang='lat' dir='ltr'><strong>aliud</strong></span> <span class='ocrx_word' id='word_1_699' title='bbox 3580 5068 3665 5131; x_wconf 85' lang='lat' dir='ltr'><strong>est,</strong></span> <span class='ocrx_word' id='word_1_700' title='bbox 3785 5108 3786 5115; x_wconf 71' lang='grc'>,</span> 
     </span>
    </p>
   </div>
   <div class='ocr_carea' id='block_1_19' title="bbox 2170 5152 3786 5615">
    <p class='ocr_par' dir='ltr' id='par_1_20' title="bbox 2170 5144 3786 5615">
     <span class='ocr_line' id='line_1_105' title="bbox 2172 5152 3665 5242; baseline -0.007 -18"><span class='ocrx_word' id='word_1_701' title='bbox 2172 5180 2363 5242; x_wconf 86' lang='lat' dir='ltr'><strong>quam</strong></span> <span class='ocrx_word' id='word_1_702' title='bbox 2392 5180 2589 5223; x_wconf 84' lang='lat' dir='ltr'><strong>unum</strong></span> <span class='ocrx_word' id='word_1_703' title='bbox 2614 5180 2728 5241; x_wconf 89' lang='lat' dir='ltr'><strong>pro</strong></span> <span class='ocrx_word' id='word_1_704' title='bbox 2780 5162 2905 5222; x_wconf 90' lang='lat' dir='ltr'><strong>alio</strong></span> <span class='ocrx_word' id='word_1_705' title='bbox 2932 5161 3085 5224; x_wconf 87' lang='lat' dir='ltr'><strong>dare</strong></span> <span class='ocrx_word' id='word_1_706' title='bbox 3125 5170 3233 5224; x_wconf 90' lang='lat' dir='ltr'><strong>aut</strong></span> <span class='ocrx_word' id='word_1_707' title='bbox 3268 5162 3505 5231; x_wconf 71' lang='lat' dir='ltr'><strong>tollere:</strong></span> <span class='ocrx_word' id='word_1_708' title='bbox 3539 5152 3665 5234; x_wconf 86' lang='lat' dir='ltr'><strong>quod</strong></span> 
     </span>
     <span class='ocr_line' id='line_1_106' title="bbox 2171 5254 3663 5334; baseline -0.007 -18"><span class='ocrx_word' id='word_1_709' title='bbox 2171 5256 2238 5317; x_wconf 90' lang='lat' dir='ltr'><strong>in</strong></span> <span class='ocrx_word' id='word_1_710' title='bbox 2264 5254 2387 5317; x_wconf 89' lang='lat' dir='ltr'><strong>hoc</strong></span> <span class='ocrx_word' id='word_1_711' title='bbox 2412 5272 2602 5334; x_wconf 88' lang='lat' dir='ltr'><strong>opero</strong></span> <span class='ocrx_word' id='word_1_712' title='bbox 2632 5258 2937 5316; x_wconf 79' lang='lat' dir='ltr'><strong>servatur.</strong></span> <span class='ocrx_word' id='word_1_713' title='bbox 2964 5254 3203 5317; x_wconf 88' lang='lat' dir='ltr'><strong>Deinde</strong></span> <span class='ocrx_word' id='word_1_714' title='bbox 3244 5255 3311 5317; x_wconf 90' lang='lat' dir='ltr'><strong>in</strong></span> <span class='ocrx_word' id='word_1_715' title='bbox 3348 5273 3417 5315; x_wconf 85' lang='lat' dir='ltr'><strong>ea</strong></span> <span class='ocrx_word' id='word_1_716' title='bbox 3444 5266 3663 5313; x_wconf 88' lang='lat' dir='ltr'><strong>commu·</strong></span> 
     </span>
     <span class='ocr_line' id='line_1_107' title="bbox 2170 5340 3786 5427; baseline -0.009 -16"><span class='ocrx_word' id='word_1_717' title='bbox 2170 5348 2407 5411; x_wconf 85' lang='lat' dir='ltr'><strong>tatione</strong></span> <span class='ocrx_word' id='word_1_718' title='bbox 2456 5354 2739 5409; x_wconf 80' lang='lat' dir='ltr'><strong>servatur</strong></span> <span class='ocrx_word' id='word_1_719' title='bbox 2780 5347 3128 5427; x_wconf 82' lang='lat' dir='ltr'><strong>aequalitas,</strong></span> <span class='ocrx_word' id='word_1_720' title='bbox 3158 5355 3228 5410; x_wconf 90' lang='lat' dir='ltr'><strong>ut</strong></span> <span class='ocrx_word' id='word_1_721' title='bbox 3264 5352 3551 5410; x_wconf 83' lang='lat' dir='ltr'><strong>ostensum</strong></span> <span class='ocrx_word' id='word_1_722' title='bbox 3576 5345 3657 5401; x_wconf 84' lang='lat' dir='ltr'><strong>est.</strong></span> <span class='ocrx_word' id='word_1_723' title='bbox 3785 5340 3786 5355; x_wconf 65' lang='lat'>¹</span> 
     </span>
     <span class='ocr_line' id='line_1_108' title="bbox 2172 5440 3657 5521; baseline -0.009 -18"><span class='ocrx_word' id='word_1_724' title='bbox 2172 5442 2451 5521; x_wconf 87' lang='lat' dir='ltr'><strong>Denique</strong></span> <span class='ocrx_word' id='word_1_725' title='bbox 2482 5440 2622 5501; x_wconf 83' lang='lat' dir='ltr'><strong>talis</strong></span> <span class='ocrx_word' id='word_1_726' title='bbox 2652 5440 2975 5520; x_wconf 62' lang='lat' dir='ltr'><strong>aequalitas</strong></span> <span class='ocrx_word' id='word_1_727' title='bbox 2994 5447 3089 5502; x_wconf 87' lang='lat' dir='ltr'><strong>est</strong></span> <span class='ocrx_word' id='word_1_728' title='bbox 3111 5441 3271 5502; x_wconf 85' lang='lat' dir='ltr'><strong>inter</strong></span> <span class='ocrx_word' id='word_1_729' title='bbox 3298 5440 3495 5501; x_wconf 89' lang='lat' dir='ltr'><strong>datum</strong></span> <span class='ocrx_word' id='word_1_730' title='bbox 3518 5440 3567 5494; x_wconf 88' lang='lat' dir='ltr'><strong>et</strong></span> <span class='ocrx_word' id='word_1_731' title='bbox 3589 5449 3657 5491; x_wconf 80' lang='lat' dir='ltr'><strong>ac·</strong></span> 
     </span>
     <span class='ocr_line' id='line_1_109' title="bbox 2172 5532 3657 5615; baseline -0.008 -19"><span class='ocrx_word' id='word_1_732' title='bbox 2172 5540 2449 5615; x_wconf 89' lang='lat' dir='ltr'><strong>ceptum,</strong></span> <span class='ocrx_word' id='word_1_733' title='bbox 2480 5552 2632 5595; x_wconf 79' lang='lat' dir='ltr'><strong>nam</strong></span> <span class='ocrx_word' id='word_1_734' title='bbox 2658 5534 2847 5596; x_wconf 91' lang='lat' dir='ltr'><strong>homo</strong></span> <span class='ocrx_word' id='word_1_735' title='bbox 2892 5532 3143 5597; x_wconf 80' lang='lat' dir='ltr'><strong>exhibet</strong></span> <span class='ocrx_word' id='word_1_736' title='bbox 3179 5536 3474 5605; x_wconf 85' lang='lat' dir='ltr'><strong>meritum,</strong></span> <span class='ocrx_word' id='word_1_737' title='bbox 3512 5534 3561 5590; x_wconf 86' lang='lat' dir='ltr'><strong>et</strong></span> <span class='ocrx_word' id='word_1_738' title='bbox 3582 5543 3657 5585; x_wconf 85' lang='lat' dir='ltr'><strong>ac-</strong></span> 
     </span>
    </p>
   </div>
   <div class='ocr_carea' id='block_1_20' title="bbox 3782 95 3790 5613">
    <p class='ocr_par' dir='ltr' id='par_1_21' title="bbox 3782 95 3790 5613">
     <span class='ocr_line' id='line_1_110' title="bbox 3782 95 3790 5613; baseline 0 0"><span class='ocrx_word' id='word_1_739' title='bbox 3782 95 3790 5613; x_wconf 95' lang='lat' dir='ltr'><strong> </strong></span> 
     </span>
    </p>
   </div>
  </div>
 </body>
</html>
