3850 6225
707 432 879 492 Stc'r.
914 440 953 491 1.
988 436 1203 490 tyrium
1234 436 1471 488 namu
1502 430 1858 486 vlvlFch'rA
1892 430 2182 489 VALEANT
2214 438 2298 489 Ao
2332 436 2662 499 Pnopmum,
2691 434 2830 488 Ere.

3253 430 3373 491 475

159 538 243 601 ab
272 540 413 621 ipso
441 546 585 601 actu
634 539 971 601 charitatis
1008 536 1187 609 Quod
1217 542 1429 597 autem
1473 532 1734 613 requirit
1810 532 1991 597 factis
2019 536 2080 597 in
2129 540 2294 599 statu
2323 538 2582 617 peccati,
2613 543 2686 599 ut
2713 538 2791 597 de
2831 535 2955 597 fide
2995 542 3262 609 servata,
3295 536 3374 597 de

161 634 487 695 charitatis
511 631 884 713 imperium,
922 631 1023 693 alii
1081 632 1158 692 de
1200 629 1471 701 virtuali,
1508 628 1611 689 alii
1652 626 1730 687 de
1806 628 2048 707 justitia
2081 631 2438 707 exercitata,
2486 637 2606 692 etc.
2635 632 2710 691 Et
2745 630 2886 717 ideo
2917 628 3039 689 dixi
3071 624 3188 717 hoc
3217 638 3379 717 prae-2

158 726 471 787 habituali
514 725 777 805 imperio
816 725 1327 804 interpretantur.
1384 722 1473 782 De
1506 718 1733 781 actuali
1813 722 2012 784 mium
2041 732 2168 785 nott
2197 733 2334 785 6336
2365 711 2711 785 secundarii
2742 722 2914 801 leg'es
2943 705 3380 799 condignitatis
3443 786 3456 797 ,

160 838 319 882 vero
360 819 492 881 fere
538 820 749 880 nullus
790 836 868 881 ex
904 813 1224 897 discipulis
1260 811 1417 895 6363.
1464 806 1540 875 Et
1578 826 1733 873 sane

162 914 364 975 verba
392 914 497 975 illa
526 912 725 989 Pauli,
757 917 782 973 1
819 909 901 973 ad
922 910 1154 974 Corint.
1189 914 1287 981 13,
1311 928 1449 989 quae
1476 910 1546 969 D.
1576 908 1737 969 Tho·

163 1024 311 1069 mas
354 1006 605 1069 adducit
637 1026 651 1066 :
695 1005 773 1070 Si
804 1007 1109 1070 tradidero
1149 1022 1363 1087 corpus
1401 1020 1596 1065 mmm
1644 1000 1739 1063 ita

162 1102 241 1162 ut
271 1100 539 1172 ardeam,
570 1099 930 1163 charitatem
956 1103 1157 1161 autem
1190 1114 1310 1159 ‘non
1338 1096 1615 1168 habuero,
1644 1094 1733 1153 ni·

169 1192 265 1255 Ιιίῑ
310 1194 469 1255 mihi
490 1195 763 1273 produt,
800 1211 925 1253 non
957 1192 1097 1271 plus
1140 1192 1409 1271 probant
1437 1200 1626 1269 quam
1654 1188 1733 1249 de

169 1286 475 1347 charitate
517 1287 843 1347 habituali.
900 1288 1027 1348 Nec
1068 1286 1221 1346 illud
1270 1287 1452 1347 Joan.
1486 1286 1563 1344 14
1605 1302 1617 1343 :
1658 1283 1737 1346 Si

166 1380 312 1461 quis
343 1379 549 1462 diliyit
583 1398 695 1452 me,
730 1381 1021 1462 diliyetur
1063 1398 1101 1444 a
1142 1381 1335 1441 Patre
1373 1394 1521 1451 meo,
1552 1382 1610 1439 et
1636 1392 1738 1456 eqo

168 1473 431 1555 diliyam
452 1492 607 1549 eum,
638 1480 695 1538 et
727 1475 1117 1554 manifestabo
1148 1474 1203 1535 ei
1232 1472 1562 1555 meipswm;
1588 1488 1739 1549 prae·

168 1568 435 1627 miserat
474 1570 643 1627 enim
690 1568 971 1628 Christus
1019 1585 1031 1627 :
1096 1565 1213 1639 Qui
1248 1567 1421 1629 habet
1448 1564 1740 1627 mandata

166 1678 330 1731 mea,
359 1666 421 1723 et
447 1664 651 1722 serrat
675 1678 761 1733 ea,
786 1661 845 1722 is
864 1666 957 1724 est
981 1660 1083 1740 qui
1106 1658 1315 1741 diliyit
1336 1677 1446 1721 me.
1475 1660 1616 1736 Ipsa
1646 1676 1741 1719 er-

170 1772 251 1833 go
282 1753 727 1814 mandatorum
758 1754 1107 1813 observatio
1150 1758 1244 1813 est
1278 1752 1569 1831 quaedam
1616 1748 1741 1811 vir*

167 1846 361 1906 tnalis
390 1846 663 1918 dilectio,
698 1864 836 1925 quoe
860 1864 987 1906 non
1016 1850 1227 1925 potest
1254 1860 1393 1906 6336
1426 1838 1560 1905 sine
1594 1844 1742 1905 chae

166 1940 355 2000 ritate
398 1940 671 2013 formali,
712 1942 937 2001 saltem
988 1939 1311 2001 habituali.
1356 1939 1535 2002 Unde
1574 1939 1741 1999 idem

166 2034 241 2093 D.
275 2033 554 2093 Thomas
582 2034 643 2093 2.
678 2034 739 2105 2,
768 2038 984 2112 quaest.
1015 2034 1117 2105 83,
1148 2038 1265 2093 art.
1302 2034 1398 2105 15,
1427 2031 1581 2092 dixit
1608 2032 1739 2093 cffi-

168 2126 419 2185 caciam
467 2126 753 2187 merendi
793 2126 1134 2205 procedere
1197 2144 1275 2187 ex
1307 2126 1517 2186 radice
1551 2126 1749 2187 chari-

168 2220 339 2280 tatis,
376 2219 557 2291 Quod
584 2219 912 2280 declarans
956 2220 1019 2280 in
1054 2220 1357 2293 oratione,
1389 2219 1467 2280 de
1502 2238 1625 2299 qua
1663 2220 1745 2281 ibi

162 2318 424 2385 tractat,
475 2315 563 2374 ait
596 2314 955 2393 'procedere
985 2334 1022 2375 a
1057 2313 1388 2387 charitate,
1428 2309 1746 2375 mediante

166 2406 507 2485 religione,
541 2408 719 2487 66363
764 2414 941 2468 actus
987 2404 1185 2469 oratio
1216 2410 1331 2467 est.
1364 2408 1500 2467 Non
1528 2413 1621 2468 est
1652 2420 1747 2467 er-

166 2518 249 2579 go
270 2501 675 2562 necessarius
694 2520 944 2579 semper
974 2501 1234 2563 actualis
1256 2500 1526 2561 influxus
1549 2502 1745 2580 ipsius

165 2593 521 2667 charitatis,
550 2594 897 2673 praesertim
939 2595 1003 2653 in
1036 2594 1279 2655 actibus
1329 2592 1483 2653 alias
1532 2612 1747 2673 super-

163 2686 571 2747 naturalibus
589 2687 655 2747 in
684 2706 799 2747 sua
824 2687 1053 2767 specie,
1073 2687 1151 2747 de
1186 2686 1411 2764 quibus
1436 2687 1744 2766 praecipue

164 2782 447 2859 agimus.
501 2782 575 2841 Hi
620 2800 771 2859 ergo
816 2785 991 2841 actus
1038 2779 1130 2857 (ut
1167 2783 1447 2840 mentem
1481 2781 1550 2839 D.
1582 2782 1747 2843 Tho-

166 2890 295 2931 mae
339 2872 757 2952 declaremus)
814 2874 1061 2934 duobus
1106 2872 1311 2933 modis
1366 2873 1747 2935 considerari

164 2972 446 3044 possunt
482 2986 495 3025 :
541 2984 668 3026 uno
695 2968 907 3043 mode,
950 2973 1017 3027 ut
1044 2972 1269 3027 natura
1317 2986 1429 3027 sua
1460 2973 1605 3027 sunt
1653 2986 1747 3028 ra-

164 3057 369 3121 dicati
398 3060 464 3120 in
489 3060 789 3122 charitate
822 3064 885 3121 et
908 3060 1173 3122 tendunt
1213 3059 1278 3120 in
1330 3060 1521 3120 finem
1550 3060 1747 3122 chari-

164 3153 347 3225 tatis,
385 3159 448 3214 et
478 3154 686 3233 aliqua
714 3161 891 3232 parte
933 3153 1262 3215 includunt
1290 3153 1618 3215 virtualem
1655 3154 1748 3214 di-

166 3245 541 3320 lectionem,
561 3253 873 3326 quatenus
894 3248 1027 3308 haec
1047 3247 1550 3308 observationem
1574 3266 1749 3307 man-

168 3339 477 3399 datorum
502 3339 788 3418 requirit,
822 3349 883 3402 et
910 3347 981 3402 111
1009 3340 1095 3400 sic
1127 3347 1272 3401 sunt
1298 3341 1361 3400 hi
1402 3347 1576 3401 actus
1606 3359 1749 3420 pro-

168 3432 519 3511 portionati
550 3433 630 3493 ad
659 3434 989 3494 essentiale
1018 3433 1351 3512 praemium
1380 3451 1749 3512 promeren-

171 3525 357 3598 dum,
402 3525 453 3584 si
486 3542 757 3604 operans
808 3526 885 3588 sit
913 3527 981 3586 in
1011 3527 1233 3605 gratia,
1286 3531 1357 3586 ut
1406 3527 1591 3604 plane
1622 3527 1748 3587 col—

170 3618 397 3697 ligitur
428 3637 505 3678 ex
532 3618 814 3680 doctrina
856 3619 1141 3699 ejusdem
1188 3620 1261 3679 D.
1297 3620 1571 3693 Thomae,
1620 3621 1750 3681 dic-

172 3719 241 3772 ta
278 3718 501 3790 quaest.
564 3715 703 3792 114,
756 3714 953 3774 tribus
1004 3713 1223 3793 primis
1280 3713 1575 3774 articulis.
1610 3714 1745 3775 Alio

174 3805 375 3865 modo
434 3813 697 3883 possunt
730 3807 1135 3868 -considerari
1205 3807 1549 3867 secundum
1604 3826 1749 3886 pro-

170 3899 381 3977 priam
410 3898 753 3960 bonitatem
784 3900 1083 3961 moralem
1117 3899 1375 3979 6666136
1406 3906 1743 3978 sumptam,

179 3997 245 4051 ct
301 3997 373 4052 ut
422 3992 511 4052 sic
555 3991 779 4054 dicitur
828 3992 947 4053 illis
976 3993 1466 4072 corr-espondere
1496 3993 1749 4071 aliquod

174 4086 509 4164 praemium
545 4086 953 4161 accidentale,
999 4087 1167 4166 quod
1196 4091 1482 4146 nontam
1517 4089 1611 4146 est
1658 4105 1749 4146 se-

174 4178 459 4238 cundum
487 4179 791 4256 speciales
817 4179 993 4256 leges
1040 4180 1248 4241 meriti
1288 4179 1367 4238 de
1412 4178 1745 4258 condign0‚

173 4272 351 4350 quod
386 4289 557 4332 nunc
596 4278 691 4332 est
720 4273 883 4334 inter
914 4291 1027 4333 nos
1060 4279 1121 4333 et
1147 4274 1347 4333 Deum
1375 4317 1390 4344 ,
1440 4289 1630 4351 quam
1658 4289 1751 4332 se-

173 4365 459 4426 cundum
514 4365 865 4426 naturalem
910 4365 1417 4444 proportionem;
1468 4383 1616 4424 66111
1668 4364 1750 4425 ad

173 4459 297 4518 1106
334 4475 538 4536 genus
560 4459 800 4536 praemii
828 4457 1161 4536 imperium
1188 4458 1507 4518 charitatis
1534 4475 1749 4518 neces-

175 4551 417 4610 sarium
447 4569 571 4610 6011
619 4555 734 4622 est,
771 4551 1116 4629 praesertim
1144 4549 1430 4624 formale,
1468 4555 1579 4610 aut
1628 4551 1752 4610 vir-

172 4644 349 4703 tuale
395 4644 567 4722 quod
607 4643 685 4704 sit
732 4661 809 4704 ex
852 4643 1226 4721 praecedenti
1277 4651 1418 4703 actu
1472 4642 1749 4703 formalis

174 4738 525 4809 charitatis,
570 4739 669 4798 vel
726 4737 1061 4798 intrinseca
1100 4743 1323 4796 natura
1352 4743 1527 4797 actus
1562 4755 1639 4796 ex
1680 4755 1747 4797 36

172 4831 497 4892 tendentis
562 4829 629 4890 in
690 4830 885 4891 finem
948 4830 1490 4908 supernaturalem
1523 4845 1541 4906 ;
1601 4847 1747 4890 nam

173 4925 371 4985 etiam
429 4927 603 4984 661113
651 4923 925 4984 morales
976 4923 1123 4983 boni
1174 4941 1349 4983 mere
1398 4923 1741 4992 naturales,

172 5017 529 5096 praesertim
558 5016 621 5075 in
646 5015 899 5076 homine
933 5023 1132 5096 grate,
1152 5021 1475 5076 merentur
1494 5015 1750 5094 aliquod

172 5109 511 5188 praemium
552 5108 959 5170 accidentale.
994 5109 1125 5168 imo
1165 5108 1215 5168 si
1242 5109 1567 5186 praemium
1594 5107 1750 5168 illud

174 5207 427 5264 tantum
474 5207 571 5262 est
613 5202 913 5279 gaudium
945 5201 1263 5280 quoddam
1320 5201 1398 5261 de
1455 5201 1750 5280 operibus

174 5295 343 5356 hene
390 5294 572 5355 factis
595 5341 612 5368 ,
676 5293 867 5355 etiam
920 5294 1254 5354 habitualis
1301 5293 1571 5354 charitas
1618 5311 1749 5354 non

178 5390 367 5450 etiam
401 5388 521 5449 erit
552 5387 915 5448 necessaria
942 5387 1023 5447 ad
1051 5387 1549 5458 tale-meritum;
1580 5387 1747 5465 quia,

174 5487 251 5544 ut
288 5501 483 5563 supra
512 5482 1024 5560 argumentabor,
1054 5481 1239 5542 etiam
1272 5481 1501 5559 poterit
1530 5480 1752 5541 beatus

178 5576 463 5661 gaudere
502 5575 581 5637 de
624 5575 919 5658 operibus
957 5573 1323 5647 moralibuS,
1362 5572 1461 5634 vel
1504 5573 1747 5649 infusis,

1818 820 1880 875 et
1903 816 2198 895 justitiae,
2245 836 2386 895 quae
2428 823 2755 878 servantur
2797 816 2860 877 in
2893 814 3382 894 supernaturali·

1815 909 1936 970 bus
1967 910 2262 989 operibus
2283 912 2616 991 justorum,
2647 927 2776 970 non
2807 926 2956 969 vero
2985 908 3050 968 in
3081 924 3250 969 mere
3273 925 3380 969 na-

1817 1002 2163 1079 turalibus,
2200 1010 2308 1065 aut
2347 1003 2416 1065 in
2459 1004 2556 1065 his
2585 1021 2726 1083 quae
2769 1002 2904 1065 sine
2958 1006 3120 1062 statu
3163 1001 3378 1079 gratiae

1818 1098 1978 1159 fiunt
2010 1118 2026 1170 ;
2065 1099 2175 1160 sed
2209 1118 2348 1161 esse
2377 1100 2725 1161 secundum
2756 1096 3118 1178 generalem
3161 1113 3383 1173 quam·

1816 1190 1964 1251 dam
1983 1192 2316 1266 rationem,
2346 1200 2408 1254 et
2434 1190 2908 1253 connaturalem
2939 1188 3382 1268 proprietatem

1817 1286 2271 1365 cujuscumque
2293 1285 2442 1347 boni
2471 1286 2678 1364 operis
2703 1284 2979 1355 moralis,
3009 1280 3199 1360 quod,
3229 1298 3384 1359 qua-

1816 1380 2005 1438 tenus
2051 1378 2176 1439 tale
2219 1384 2333 1452 est,
2384 1384 2478 1440 est
2512 1376 2774 1457 dignum
2827 1374 3036 1455 aliqua
3078 1368 3288 1435 laude'
3321 1378 3384 1434 et

1824 1470 2077 1551 gaudio.

1898 1566 1999 1627 47.
2041 1564 2234 1629 Actus
2271 1568 2566 1630 virtutum
2595 1566 2920 1629 moralium
2947 1568 3386 1646 supernatura-

1818 1658 1906 1723 les
1935 1678 2059 1723 esse
2093 1666 2354 1743 possunt
2395 1663 2528 1724 sine
2563 1661 2810 1741 formali
2847 1666 2990 1724 actu
3038 1654 3380 1722 charitatis.

1820 1777 1902 1799 *—
1956 1746 2122 1818 Unde
2163 1749 2570 1819 mensuranda
2617 1750 2703 1818 sit
2748 1753 2994 1837 proemii
3043 1750 3386 1835 essentialis

1822 1850 2194 1929 maynitudo.
2246 1883 2325 1897 -
2357 1850 2574 1929 Neque
2629 1856 2724 1910 est
2760 1864 2982 1909 verum
3024 1847 3216 1926 opera
3263 1844 3387 1905 tir:

1820 1944 2026 2003 tutum
2051 1944 2383 2003 moralium
2413 1932 2541 2005 non
2583 1960 2768 2022 posse
2798 1960 2936 2003 6336
2975 1942 3038 2000 in
3079 1958 3146 2000 se
3171 1955 3388 2017 super-

1820 2036 2132 2097 naturalia
2177 2044 2238 2098 et
2281 2036 2682 2117 procedentia
2731 2054 2807 2097 ex
2849 2032 3079 2095 auxilio
3133 2032 3383 2113 gratiae,

1826 2128 1945 2187 nisi
1985 2129 2173 2189 etiam
2199 2129 2542 2209 procedant
2583 2148 2662 2191 ex
2695 2130 2904 2209 aliquo
2947 2126 3197 2188 formali
3243 2130 3387 2185 actu

1829 2218 2168 2297 charitatiS,
2215 2238 2327 2303 per
2368 2235 2556 2304 quem
2603 2226 3011 2305 imperentur.
3063 2222 3218 2282 Nam
3274 2220 3391 2279 hu-

1823 2310 2100 2395 jusmodi
2154 2328 2345 2397 opera
2395 2327 2522 2379 nott
2583 2305 2819 2380 habent
2878 2304 3046 2396 quod
3109 2315 3229 2397 31111
3285 2322 3390 2373 ’311-

1826 2402 2254 2491 pernaturalia
2297 2400 2638 2473 formaliter
2677 2399 2758 2471 ab
2807 2394 3390 2490 1163113111111111111663ι

1828 2504 1945 2578 rio,
1978 2503 2133 2564 alias
2188 2523 2316 2565 non
2371 2510 2582 2567 essent
2625 2504 2688 2565 in
2743 2522 2810 2565 se
2841 2501 3340 2583 supernaturalia
3371 2546 3386 2573 ,

1828 2597 1940 2657 sed
1993 2602 2234 2659 tantum
2282 2616 2396 2677 per
2458 2597 3031 2683 denominationem
3095 2595 3390 2656 extrinse-

1829 2708 1991 2763 cam,
2034 2685 2405 2751 3166166163
2433 2692 2728 2753 virtutum
2759 2692 3237 2770 acquisitarum3
3273 2706 3390 2750 666

1828 2790 2041 2863 posset
2081 2803 2300 2845 verum
2355 2785 2688 2846 discrimen
2727 2785 3030 2864 assignari
3062 2785 3226 2844 inter
3271 2782 3392 2842 vir-

1826 2881 1994 2938 tutes
2049 2878 2284 2939 infusas
2333 2880 2623 2951 16016163,
2685 2885 2746 2939 61
2789 2877 3124 2957 acquisitas
3149 2922 3164 2946 ,
3223 2874 3392 2955 quod

1826 2967 2057 3031 salsum
2091 2988 2228 3032 esse
2265 2984 2433 3033 nunc
2475 2962 2904 3051 supponimti&
2951 2961 3199 3031 Habent
3233 2984 3391 3049 ergo

1828 3064 1997 3144 quod
2047 3065 2168 3127 sint
2213 3065 2712 3145 supernaturalia
2753 3084 2830 3128 ex
2887 3084 3000 3127 sua
3035 3069 3282 3136 natura,
3331 3050 3395 3124 et

1828 3158 2036 3237 specie
2099 3175 2287 3236 quam
2351 3159 2584 3220 hahent
2655 3177 2729 3220 ex
2785 3159 3051 3238 propriis
3105 3156 3389 3236 011366ῐί3,

1828 3255 2138 3330 quatenus
2204 3251 2552 3314 bonitatem
2603 3256 2668 3313 et
2719 3255 3110 3314 honestatem
3179 3250 3394 3311 dicunt

1826 3361 1942 3424 per
1987 3343 2484 3406 conformitatem
2535 3345 2616 3406 ad
2667 3352 2956 3406 naturam
3002 3351 3062 3405 et
3111 3343 3394 3422 regulam

1828 3439 2391 3516 supernaturalem.
2445 3441 2662 3518 Neque
2717 3440 2906 3500 etiam
2955 3437 3242 3517 indigent
3286 3427 3393 3497 in'o

1828 3536 1970 3592 actu
2001 3531 2317 3591 charitatis
2358 3513 2744 3611 1166616663,
2789 3537 2860 3591 ut
2892 3531 3080 3594 dante
3115 3530 3395 3592 effective

1830 3623 2486 3702 supernaturalitatem
2515 3623 2744 3686 talibus
2778 3624 3094 3704 operibus,
3131 3623 3278 3702 quia
3314 3621 3397 3684 ad

1828 3717 1951 3777 hoc
1978 3716 2203 3776 sufficit
2221 3717 2510 3796 proprius
2526 3717 2776 3778 habitus
2803 3717 3044 3777 infusus
3074 3734 3218 3778 cum
3248 3733 3398 3776 con-

1832 3827 2021 3870 cursu
2054 3811 2292 3886 gratiae,
2323 3811 2640 3890 supposita
2688 3811 2994 3871 excitante
3026 3809 3222 3889 gratia
3252 3826 3399 3887 pro-

1828 3901 2203 3980 portionata.
2241 3903 2394 3963 Cum
2420 3921 2571 3982 ergo
2602 3905 2732 3964 haec
2763 3903 2950 3963 ctiam
2975 3901 3288 3962 sufficiunt
3316 3899 3398 3960 ad

1829 3995 2124 4056 meritum
2155 3995 2390 4074 praemii
2430 3997 2800 4068 essentialia,
2840 3996 3017 4074 juxta
3047 3993 3395 4055 doctrinam

1830 4087 2083 4148 Concilii
2103 4087 2465 4158 Tridentini,
2499 4108 2626 4150 non
2661 4095 2754 4150 est
2775 4089 2893 4148 hoc
2916 4086 3277 4166 negandum
3299 4086 3398 4145 his

1832 4180 2098 4253 actibus,
2117 4199 2324 4258 neque
2353 4180 2431 4241 ad
2461 4181 2614 4241 illud
2644 4183 2850 4260 aliqua
2888 4181 3010 4240 alia
3045 4179 3398 4240 voluntaria

1832 4272 2104 4353 conditio
2149 4274 2476 4353 exigenda.
2521 4275 2652 4346 Quo
2681 4274 2751 4335 fit
2777 4281 2849 4335 ut
2889 4271 3254 4353 magnitudo
3285 4289 3398 4332 seu

1829 4365 2130 4444 perfectio
2163 4366 2469 4426 intensiva
2501 4367 2846 4428 essentialis
2877 4367 3108 4446 praemii
3140 4383 3268 4426 6011
3296 4381 3402 4425 so-

1828 4458 1962 4518 lum
2006 4477 2129 4518 non
2173 4464 2254 4519 311
2299 4459 2719 4520 mensuranda
2749 4477 2864 4540 per
2913 4478 3108 4519 unum
3156 4464 3398 4518 tantum

1830 4559 2041 4613 actum
2071 4552 2478 4626 intensiorem
2521 4572 2558 4613 a
2609 4553 2911 4614 charitate
2945 4553 3242 4624 elicitum,
3289 4569 3403 4610 ve-

1830 4663 1969 4704 rum
1998 4643 2184 4704 etiam
2211 4663 2328 4704 nec
2359 4665 2473 4722 per
2497 4647 2694 4706 solam
2715 4646 3178 4706 multitudinem
3206 4645 3400 4704 bono-

1828 4755 1973 4798 rum
2001 4742 2254 4796 actuum
2288 4738 2632 4798 elicitorum
2661 4758 2698 4798 a
2725 4739 3054 4812 charitate,
3075 4737 3188 4798 sed
3215 4737 3402 4796 abso-

1829 4829 1958 4890 lute
2013 4847 2127 4907 per
2182 4836 2376 4890 totam
2429 4830 2897 4892 multitudinem
2955 4834 3404 4910 supernatura-

1828 4922 1983 4982 lium
2033 4928 2308 4995 actuum,
2359 4922 2426 4983 in
2475 4923 2704 5002 quibus
2751 4925 2957 4986 inesse
3007 4927 3211 5004 potest
3257 4941 3402 5000 pro-

1830 5015 2038 5096 prium
2081 5017 2370 5076 meritum
2403 5019 2480 5079 de
2519 5018 2831 5098 condigno
2861 5019 3025 5078 illius
3053 5015 3402 5078 essentialis

1830 5108 2089 5188 proemii.
2129 5111 2258 5169 Hoc
2287 5115 2498 5171 tamen
2540 5130 2664 5171 606
2709 5111 2912 5173 obstat
2939 5111 3274 5190 quominus
3303 5108 3400 5168 his

1832 5201 2026 5262 etiam
2053 5201 2294 5262 actibus
2337 5204 2762 5282 respondeant
2807 5203 3214 5266 accidentalia
3242 5220 3401 5279 prai-

1832 5294 1983 5364 mia,
2029 5295 2126 5354 vel
2181 5295 2390 5374 aliquo
2445 5298 2633 5358 modo
2689 5295 3118 5358 connaturalia
3175 5293 3402 5354 talibus

1834 5387 2150 5468 operibuS,
2186 5395 2254 5448 ut
2283 5389 2360 5450 de
2398 5390 2628 5468 gaudio
2668 5391 2917 5451 illorum
2961 5388 3230 5450 diximus
3259 5406 3272 5448 :
3301 5387 3403 5450 vel

1832 5485 2004 5541 certe
2041 5481 2380 5560 aliquando
2405 5490 2754 5561 praeparata
2785 5501 2862 5544 ex
2889 5480 3142 5561 speciali
3168 5497 3403 5560 praero-

1832 5575 2061 5655 gativa,
2087 5581 2148 5638 et
2167 5575 2534 5638 liberalitate
2567 5577 2699 5650 Dei,
2727 5583 2793 5639 ut
2823 5579 2919 5638 est
2939 5574 3273 5638 verisimile
3319 5573 3400 5635 dc
