3850 6225
528 386 648 447 418

529 490 874 569 explicatur
911 508 1100 553 causa
1144 492 1572 573 promissionis
1609 510 1746 572 quae
1789 492 1955 553 facta
1994 498 2091 554 est

529 584 818 658 Abrahae,
869 584 989 644 illis
1017 585 1262 646 verbis:
1305 584 1463 658 Quia
1501 584 1710 661 fecisti
1747 586 1902 648 liano
1936 602 2086 660 rem,

526 683 586 740 et
639 695 758 738 non
805 678 1132 757 pepercisti
1170 679 1300 758 filio
1348 685 1451 741 tuo
1503 679 1812 760 wniqenito
1843 683 2093 759 proptor

525 789 640 843 me,
693 776 838 843 etc„
895 774 957 830 et
999 770 1248 831 additur
1287 773 1760 850 juramentum:
1805 772 1933 835 Per
1977 789 2093 835 mo·

526 862 846 945 metipsum
891 864 1134 943 jwravi,
1175 866 1325 927 dicit
1362 865 1662 927 Dominus
1686 890 1712 938 ;
1755 871 1816 925 et
1861 865 2085 925 Psalm.

529 957 872 1017 centesimo
901 956 1220 1036 trigesimo
1251 958 1454 1037 primo
1483 958 1775 1020 :Juratit
1795 956 2091 1039 Dominus

525 1050 732 1111 David
758 1050 1074 1112 veritatem
1085 1075 1113 1122 ;
1157 1056 1222 1111 et
1259 1050 1484 1110 Psalm.
1517 1050 1898 1129 octogesimo
1927 1056 2093 1110 octa·

527 1159 646 1201 vo:
674 1141 874 1205 Semel
899 1141 1110 1212 iteravi
1139 1143 1207 1204 in
1236 1142 1468 1205 Sancto
1493 1159 1638 1205 meo.
1675 1142 1912 1215 Quibus
1940 1142 2091 1205 locis

527 1252 657 1295 non
685 1234 877 1295 refert
926 1236 1125 1296 David
1177 1235 1366 1296 aliam
1421 1234 1898 1314 promissionem
1924 1279 1940 1307 ,
1972 1234 2093 1294 nisi

530 1345 669 1387 eam
699 1345 838 1406 quae
867 1328 1032 1389 facta
1059 1328 1198 1401 fuit,
1225 1331 1265 1389 2
1291 1331 1534 1407 Regum
1559 1333 1620 1401 7,
1671 1334 1734 1389 et
1765 1334 1979 1387 tamen
2007 1326 2091 1387 ibi

527 1438 652 1480 non
683 1421 911 1500 legitur
935 1421 1100 1482 facta
1127 1440 1271 1482 cum
1293 1422 1676 1501 juramentO,
1711 1419 1821 1481 sed
1849 1439 1965 1500 per
1992 1438 2093 1479 so-

525 1511 652 1572 lam
681 1514 1088 1575 assertionem
1113 1534 1128 1587 ;
1163 1521 1229 1575 ut
1254 1533 1402 1575 vero
1431 1515 1567 1594 ipse
1596 1514 1872 1575 declaret
1897 1514 2091 1574 fuisse

525 1623 739 1666 veram
769 1608 1269 1686 promissionem,
1302 1626 1418 1689 per
1439 1608 1874 1687 juramentum
1917 1606 2091 1666 illam

531 1701 802 1779 exponit.

597 1940 881 2025 Simpleoe
903 1942 1020 2005 Dei
1047 1942 1302 2007 assertio
1312 1943 1664 2024 jeu-amento
1687 1939 2025 2023 oequivdet.

607 2175 706 2235 15.
757 2172 882 2236 Cur
923 2174 1088 2237 Deus
1129 2173 1475 2253 &pressius
1515 2173 1862 2254 quandoque
1888 2172 2086 2251 juret.

529 2266 652 2327 Sed
673 2310 688 2339 ,
737 2266 883 2327 licet
931 2266 1068 2327 haec
1117 2267 1240 2327 sint
1293 2266 1626 2345 diligenter
1672 2264 2087 2337 considerata,

525 2359 930 2419 nihilominus
971 2378 1049 2419 ex
1082 2361 1202 2420 hac
1235 2359 1373 2437 ipsa
1417 2358 1939 2429 consideratione,
1982 2358 2095 2418 eli-

525 2452 623 2511 cio
673 2453 1152 2530 promissionem
1208 2452 1484 2512 divinam
1529 2451 1682 2511 nihil
1732 2450 1904 2510 aliud
1954 2466 2093 2510 esse

527 2562 717 2623 quam
746 2544 1090 2624 simplicem
1117 2545 1228 2605 Dei
1259 2544 1672 2605 assertionem
1701 2544 1767 2603 in
1813 2542 1918 2603 tali
1965 2561 2095 2603 ma-

527 2638 703 2711 teria,
751 2639 1001 2711 scilicet,
1057 2637 1136 2699 de
1183 2636 1494 2699 beneficio
1541 2635 1914 2715 praestando,
1946 2636 2093 2714 quia

527 2730 789 2809 simplex
817 2730 929 2792 Dei
957 2730 1216 2790 assertio
1251 2730 1584 2808 aequivalet
1623 2729 1956 2790 assertioni
1996 2730 2095 2807 ju-

525 2830 714 2897 ratae;
775 2842 924 2903 ergo
978 2824 1176 2884 multo
1213 2823 1414 2903 magis
1457 2822 1784 2902 aequivalet
1828 2823 2095 2901 promis-

527 2917 708 2977 sioni.
765 2916 1224 2996 Consequentia
1269 2924 1441 2996 patet
1479 2934 1556 2977 ex
1601 2898 1897 2995 pfaedicta
1944 2914 2095 2976 doc-

527 3011 690 3071 trina
717 3010 842 3071 divi
871 3012 1148 3084 Thomas,
1182 3009 1352 3089 quod
1387 3010 1646 3071 assertio
1668 3011 1876 3089 jurata
1911 3009 2092 3069 indu-

527 3104 612 3165 cit
637 3103 1120 3184 obligationem;
1147 3102 1316 3164 unde
1345 3123 1460 3183 per
1486 3121 1552 3165 se
1580 3102 1854 3164 continet
1883 3102 1981 3162 vel
2001 3102 2094 3162 in-

527 3199 720 3258 cludit
747 3199 874 3258 vim
902 3198 1352 3278 promissionis
1388 3198 1786 3259 Antecedens
1808 3215 1957 3258 vero
1986 3215 2093 3276 pa·

523 3295 616 3352 tet
647 3309 725 3352 ex
751 3291 1064 3371 praedictis
1089 3290 1336 3352 duobus
1367 3290 1542 3365 lociS‚
1571 3293 1612 3352 2
1656 3291 1896 3370 Regum
1938 3293 1996 3363 7,
2032 3295 2093 3350 et

528 3385 754 3445 Psalm.
791 3387 930 3460 131,
983 3385 1146 3446 inter
1193 3403 1260 3445 se
1306 3383 1582 3456 collatis3
1626 3401 1774 3444 nam
1815 3383 1987 3462 quod
2026 3384 2091 3442 in

527 3495 655 3537 uno
683 3478 822 3538 loco
868 3479 1036 3538 Deus
1084 3477 1448 3557 simpliciter
1484 3477 1752 3538 asseruit
1790 3495 1857 3537 se
1897 3476 2092 3538 factu-

528 3588 691 3645 rum,
723 3571 788 3630 in
818 3571 939 3631 alio
968 3571 1216 3650 jurasse
1257 3571 1484 3631 dicitur
1525 3570 1679 3631 illud
1707 3571 1937 3649 ipsum.
1972 3571 2095 3630 Ra-

525 3665 740 3742 tioque
767 3671 864 3726 est
908 3665 1095 3740 clara,
1132 3665 1281 3743 quia
1309 3683 1424 3744 per
1453 3665 1882 3743 juramentum
1915 3663 2094 3724 adhi—

527 3757 712 3819 betur
731 3757 1010 3818 divinum
1025 3759 1448 3820 testimonium
1463 3758 1528 3817 in
1553 3756 2095 3818 confirmationem

525 3852 832 3925 veritatis;
862 3853 930 3912 in
955 3852 1128 3913 omni
1153 3857 1364 3911 autem
1393 3851 1736 3911 assertione
1761 3850 1957 3928 ipsius
1980 3848 2095 3909 Dei

529 3945 700 4006 idem
737 3947 1164 4006 testimonium
1199 3943 1558 4016 adhibetur;
1609 3959 1758 4022 ergo
1791 3939 2095 4020 quidquid

527 4040 696 4100 Deus
721 4038 944 4098 asserit
973 4055 1040 4098 se
1086 4037 1423 4109 facturum,
1467 4040 1778 4114 quatenus
1825 4033 2097 4096 auctori-

529 4138 654 4193 tate
684 4138 748 4192 et
771 4132 1128 4193 testimonio
1149 4149 1264 4191 suo
1289 4129 1443 4190 illud
1465 4128 1813 4202 confirmat,
1847 4130 1966 4190 dici
1987 4146 2097 4208 po-

529 4232 648 4288 test
671 4228 888 4306 jurare
918 4226 1072 4286 illud
1087 4225 1154 4286 in
1179 4231 1322 4286 actu
1349 4223 1643 4297 exercito,
1672 4231 1738 4285 ut
1757 4225 1844 4285 sic
1865 4224 2091 4297 dicam,

531 4319 701 4398 quod
741 4337 1032 4398 expresse
1075 4319 1286 4380 docuit
1329 4317 1730 4390 AthanasiuS,
1759 4317 1896 4377 loco
1934 4314 2097 4376 infe-

531 4414 660 4474 rius
717 4413 984 4474 citando.
1043 4413 1277 4472 Verum
1329 4417 1423 4471 est
1485 4415 1722 4483 tamen,
1779 4410 2093 4470 interdum

533 4505 720 4566 etiam
757 4506 972 4584 jurare
1019 4506 1221 4565 Deum
1263 4501 1639 4582 expressius,
1671 4508 1742 4563 ut
1777 4501 1858 4562 ad
1899 4502 2093 4562 Abra-

532 4602 703 4673 ham,
727 4601 897 4680 quod
924 4601 1163 4661 notavit
1181 4600 1431 4673 PauluS,
1463 4598 1544 4659 ad
1573 4599 1864 4660 Hehraeos
1889 4605 2087 4671 sexto,

533 4695 890 4774 significans
917 4713 990 4755 ac
1018 4694 1349 4755 declarans
1376 4693 1528 4754 illud
1563 4713 1692 4754 non
1721 4693 1856 4753 fieri
1881 4692 1962 4754 ad
1986 4711 2095 4752 au-

2578 154 2627 185 Α

1009 393 1218 447 OPUSC.
1255 395 1337 447 Ν.
1371 394 1676 447 RELEc'rio
1709 394 1790 447 ΒΕ
1823 394 2172 447 LIBERTATE
2204 394 2599 450 VOLUNTATIS
2630 398 2877 451 mma-3.
2912 398 3153 451 mSPUT.
3188 398 3249 451 11.

2172 500 2355 558 tatem
2397 495 2591 559 divini
2620 496 2883 571 consilii,
2912 501 2983 559 ut
3005 514 3120 576 per
3148 498 3305 559 duas
3332 511 3432 556 res
3468 494 3729 555 immobi—

2170 588 2274 662 les,
2302 588 2513 669 quibus
2540 588 2910 671 impossibile
2934 596 3021 651 est
3034 588 3289 652 mentiri
3306 588 3731 663 Παναχαιῶ-

2170 680 2393 742 simum
2446 682 2737 744 solatium
2791 682 3131 745 habeamus.
3168 680 3287 745 Ubi
3338 685 3509 741 recte
3556 681 3729 739 etiam

2172 774 2241 833 D.
2288 774 2559 835 Thomas
2600 780 2777 835 notat
2816 776 2935 835 hoc
2968 776 3429 854 juramentum,
3457 772 3627 849 quod
3654 772 3731 830 in-

2172 866 2419 928 terdum
2461 868 2624 929 Deus
2668 866 2845 929 addit
2888 886 3017 927 suae
3056 866 3425 938 assertioni,
3470 864 3729 925 indicare

2171 960 2353 1021 nobis
2402 961 2573 1021 illam
2615 978 2755 1022 esse
2812 960 3206 1040 prophetiam
3246 957 3733 1039 praedestinatio-

2170 1054 2300 1127 nie,
2352 1054 2416 1114 id
2462 1060 2579 1127 est,
2614 1053 2962 1114 absolutam
2998 1060 3059 1115 et
3108 1052 3500 1114 ostensivam
3558 1050 3731 1110 divini

2174 1148 2415 1208 consilii
2468 1154 2531 1208 et
2572 1148 2911 1209 voluntatis
2958 1148 3250 1220 efficaciS,
3288 1152 3355 1207 et
3406 1146 3556 1205 ideo
3600 1162 3734 1205 con-

2172 1240 2370 1301 tinere
2416 1240 2896 1321 promissionem
2952 1240 3201 1319 penitus
3254 1238 3727 1299 immutabilem.

2172 1335 2247 1394 Et
2300 1334 2565 1395 fortasse
2620 1332 2819 1394 David
2865 1333 3007 1393 ideo
3057 1334 3209 1394 dicit
3244 1334 3456 1395 Deum
3498 1331 3731 1409 jurasse

2170 1427 2649 1506 promissionem
2688 1426 2804 1488 sibi
2850 1427 3103 1501 factam,
3142 1433 3212 1488 ut
3258 1425 3627 1487 ostenderet
3672 1426 3734 1483 il-

2170 1520 2297 1581 lam
2343 1521 2536 1582 fuisse
2584 1521 2961 1594 absolutam,
2996 1526 3059 1581 et
3100 1520 3354 1600 penitus
3382 1518 3733 1579 immutabi-

2172 1613 2298 1673 lem
2321 1660 2336 1687 ,
2374 1619 2559 1692 prout
2586 1614 2736 1673 satis
2780 1611 3167 1692 significatur
3192 1614 3258 1673 in
3289 1612 3415 1673 illis
3446 1611 3674 1681 verbiS,
3698 1613 3732 1670 2

2170 1708 2325 1785 Reg.
2360 1710 2396 1767 7
2433 1725 2447 1766 :
2501 1706 2988 1773 Misericordiam
3020 1713 3219 1769 autem
3262 1725 3463 1769 meam-
3492 1722 3613 1766 non
3638 1723 3733 1766 au-

2169 1804 2371 1877 feram
2410 1802 2482 1864 ab
2510 1820 2597 1878 ee,
2632 1808 2748 1862 etc.
2782 1802 2856 1861 Et
2884 1801 3117 1861 Paulus
3154 1802 3345 1862 etiam
3388 1800 3553 1859 dixit
3596 1798 3733 1859 duas

2171 1894 2255 1952 ibi
2298 1894 2678 1956 intervenire
2722 1912 2823 1955 res
2852 1894 3228 1967 immobileS,
3260 1892 3507 1953 scilicet
3548 1910 3735 1952 asser-

2170 1985 2407 2047 tionem
2437 1986 2547 2049 Dei
2578 1992 2639 2048 et
2668 1987 3099 2064 juramentum
3130 2033 3144 2060 ,
3190 2003 3332 2065 quae
3364 1986 3590 2063 quoad
3634 2004 3735 2045 nos

2170 2078 2235 2139 in
2266 2079 2718 2159 significatione
2750 2080 3040 2141 exteriori
3074 2080 3211 2141 duae
3256 2085 3431 2151 sunt,
3462 2078 3537 2137 in
3568 2096 3633 2138 se
3660 2084 3737 2137 ta·

2172 2190 2319 2233 men
2346 2192 2543 2234 unum
2574 2180 2637 2234 et
2662 2174 2827 2234 idem
2854 2172 3281 2234 testimonium
3326 2172 3621 2250 ejusdem
3649 2190 3737 2230 as-

2174 2267 2460 2327 sertionis
2478 2268 2833 2339 continent;
2862 2284 3011 2345 ergo
3038 2265 3305 2345 simplex
3338 2265 3609 2325 assertio
3634 2264 3733 2324 Dei

2172 2365 2303 2419 tam
2346 2366 2439 2420 est
2486 2360 2823 2420 immobilis
2870 2366 2931 2420 et
2962 2358 3331 2437 obligatoria
3360 2404 3377 2429 ‚
3434 2358 3600 2418 sicut
3644 2377 3735 2418 as-

2174 2453 2363 2513 sertio
2386 2454 2631 2532 jurata;
2668 2471 2817 2531 ergo
2848 2457 3043 2512 totam
3072 2452 3265 2512 habet
3286 2451 3417 2511 vim
3454 2456 3519 2511 et
3544 2450 3732 2511 effica-

2174 2548 2335 2607 ciam
2364 2548 2829 2626 promissionis;
2867 2564 3018 2625 ergo
3048 2547 3113 2606 in
3144 2546 3273 2606 Deo
3304 2546 3447 2605 haec
3468 2564 3597 2604 non
3624 2544 3729 2605 dis·

2176 2641 2564 2720 tinguuntur.

2210 2794 2220 2805 ,
2260 2736 2355 2795 16.
2404 2736 2477 2795 Et
2495 2736 2900 2797 confirmatur
2923 2738 2985 2794 et
3000 2733 3399 2805 declaratur-3
3428 2752 3579 2793 nam
3604 2752 3729 2813 pro-

2174 2829 2389 2889 missio
2418 2828 2483 2887 in
2536 2828 2789 2890 homine
2838 2828 3189 2889 necessaria
3242 2831 3361 2898 est,
3398 2826 3563 2887 ultra
3606 2846 3729 2905 pro-

2173 2923 2469 3002 positum,
2508 2928 2573 2983 ut
2610 2922 2803 2984 addat
2852 2922 3211 2984 firmitatem
3246 2926 3307 2982 et
3342 2920 3731 2981 immobilita-

2174 3025 2301 3077 tem
2334 3016 2651 3094 proposito
2672 3062 2689 3089 ,
2736 3022 3041 3095 quantum
3076 3016 3139 3075 in
3170 3014 3430 3075 homine
3480 3014 3727 3092 reperiri

2172 3116 2397 3190 potest.
2430 3110 2503 3170 Et
2534 3110 2650 3171 hac
2678 3110 2920 3171 ratione
2950 3109 3126 3170 aiunt
3170 3106 3475 3188 Theologi
3526 3113 3729 3168 votum

2173 3221 2309 3264 esse
2345 3202 2493 3263 utile
2524 3202 2605 3263 ad
2654 3203 3125 3281 perfectionem,
3168 3206 3229 3262 et
3260 3219 3375 3261 suo
3415 3201 3609 3260 modo
3638 3218 3730 3260 ne-

2172 3297 2513 3358 cessarium
2560 3297 2641 3357 ad
2670 3303 2901 3358 statum
2939 3295 3375 3377 perfectionis,
3426 3300 3499 3355 ut
3532 3294 3729 3355 docuit

2172 3392 2243 3451 D.
2276 3391 2548 3451 Thomas
2586 3391 2647 3451 2.
2680 3391 2743 3463 2,
2776 3408 2837 3468 q.
2870 3391 2970 3460 88,
3000 3389 3173 3450 artic.
3218 3391 3283 3462 4,
3336 3387 3578 3460 dicem,
3614 3389 3731 3448 ideo

2171 3489 2373 3545 votum
2400 3482 2693 3564 expedire,
2733 3481 2875 3562 quia
2896 3499 3009 3564 per
3029 3480 3191 3544 illud
3218 3481 3505 3544 voluntas
3532 3487 3732 3542 nostra

2172 3577 2557 3639 immobiliter
2580 3577 2873 3654 firmatur
2900 3575 2984 3638 ad
3002 3576 3072 3638 id
3086 3576 3247 3656 quod
3268 3575 3584 3637 honestum
3612 3579 3733 3642 est,-

2175 3676 2236 3731 et
2267 3675 2482 3748 quaest.
2516 3669 2653 3742 186,
2686 3675 2804 3730 art.
2838 3669 2900 3742 6,
2922 3686 2998 3728 ex
3026 3669 3253 3729 eodem
3268 3667 3575 3748 principio
3598 3685 3731 3727 con·

2175 3762 2368 3823 cludit
2397 3762 2840 3841 obligationem
2880 3761 3005 3822 voti
3055 3759 3137 3820 ad
3165 3761 3571 3840 perfectionis
3620 3767 3732 3819 sta·

2178 3862 2311 3917 tum
2340 3855 2767 3916 necessarium
2798 3873 2971 3915 esse:
3008 3853 3166 3929 Quia
3190 3853 3729 3934 immobili-tas(ait)

2177 3949 2429 4029 sequela·
2466 3945 2701 4011 Christi
2720 3949 3009 4028 firmatim·
3029 3965 3143 4028 per
3174 3951 3401 4009 votum.
3424 3948 3504 4006 Et
3522 3947 3727 4007 eadem

2174 4042 2415 4104 ratione
2446 4059 2609 4101 unus
2654 4040 2845 4100 homo
2888 4039 3078 4120 exigit
3116 4039 3199 4100 ab
3236 4039 3361 4100 alio
3390 4039 3729 4120 promissio·

2177 4153 2323 4196 nem
2366 4133 2528 4195 ultra
2556 4134 2942 4194 voluntatem
2980 4132 3193 4207 dandi,
3224 4139 3295 4196 ut
3323 4133 3431 4193 illa
3458 4134 3726 4194 voluntas

2178 4234 2473 4289 constans
2502 4227 2601 4300 sit,
2637 4229 2700 4287 et
2748 4227 3027 4286 humano
3080 4225 3270 4287 modo
3313 4225 3725 4285 immutabilis

2180 4323 2254 4382 Et
2284 4341 2361 4382 ex
2388 4320 2609 4382 eodem
2658 4319 2961 4399 principio
2992 4317 3146 4380 dixit
3172 4319 3243 4378 D.
3282 4317 3561 4379 Thomas
3588 4321 3643 4378 2.
3668 4319 3727 4390 Ξ,
3815 4325 3816 4332 ’

2183 4420 2399 4494 quaest.
2450 4415 2550 4486 89,
2598 4414 2770 4473 artic.
2804 4413 2863 4486 7,
2907 4411 2988 4482 ad
3020 4415 3076 4486 i,
3122 4413 3537 4472 assertionem
3570 4413 3731 4490 jura·

2174 4517 2327 4583 tam,
2359 4509 2439 4570 de
2476 4527 2545 4569 re
2576 4507 2785 4586 aliqua
2814 4508 2878 4567 in
2908 4507 3185 4567 futurum
3221 4505 3537 4577 facienda,
3570 4506 3731 4566 indu-

2176 4621 2317 4664 cere
2349 4603 2814 4682 obligationem,
2848 4606 2911 4662 et
2947 4601 3728 4680 consequenterincludere

2176 4695 2651 4775 promissionem
2694 4693 3024 4754 formalem
3054 4701 3163 4754 aut
3208 4693 3564 4767 virtualem,
3596 4693 3729 4771 quia

535 4789 806 4869 gendam
841 4788 1196 4849 firmitatem
1221 4789 1319 4848 vel
1343 4787 1780 4848 certitudinem
1811 4786 2097 4846 assertio·
2164 4791 2587 4869 juramentum
2636 4788 2907 4851 adhiberi
2934 4805 3054 4849 non
3100 4788 3281 4859 debet,
3314 4787 3445 4849 nisi
3478 4787 3551 4847 in
3582 4804 3647 4848 re
3670 4787 3730 4847 de

535 4883 669 4942 nis:
703 4881 873 4944 Nam
923 4883 1188 4944 homines
1231 4899 1341 4962 per
1381 4882 1672 4960 majorem
1715 4881 2095 4958 suissi-ank

533 4977 698 5038 Deus
725 4980 924 5038 autem
950 4972 1238 5037 neminem
1262 4974 1489 5048 habuit,
1500 4991 1618 5054 per
1641 4991 1812 5054 quem
1817 4975 2085 5054 juraret,

533 5071 846 5150 majorem,
875 5072 934 5130 et
960 5069 1086 5132 ideo
1097 5071 1346 5149 juravit
1365 5087 1477 5150 per
1503 5069 1882 5148 semetipsum
1899 5093 1925 5142 ,·
1942 5087 2091 5149 ergo

533 5165 656 5224 tale
695 5164 1128 5242 juramentum
1163 5180 1292 5222 non
1333 5162 1536 5241 potuit
1565 5161 1800 5222 addere
1839 5161 2095 5222 firmita-

535 5265 684 5330 tem,
719 5275 861 5317 cum
909 5273 1037 5315 non
1066 5254 1372 5316 addiderit
1417 5256 1852 5315 auctoritatem
1881 5255 2097 5315 dicen-

535 5353 610 5412 tis
654 5357 716 5411 et
743 5349 1148 5422 testificantia,
1182 5367 1326 5409 cum
1374 5347 1562 5408 fuerit
1587 5366 1754 5408 unus
1797 5355 1859 5408 et
1903 5347 2091 5409 idem.

534 5444 628 5506 Fit
659 5462 808 5523 ergo
841 5443 962 5503 tale
987 5444 1416 5522 juramentum
1447 5442 1467 5519 (
1497 5442 1582 5501 ait
1615 5441 1842 5501 Paulus
1865 5443 1883 5518 )
1910 5443 1993 5502 ad
2008 5460 2098 5502 os-

535 5539 882 5602 tendendam
905 5535 1376 5618 pollicitationis
1413 5535 1746 5598 laceo-edibus
1775 5533 2099 5596 immobili-

2176 4901 2297 4964 qua
2316 4883 2541 4962 aliquis
2568 4881 2833 4959 firmiter
2847 4887 3047 4944 certus
3082 4879 3211 4952 sit,·
3242 4887 3305 4940 et
3330 4879 3474 4940 ideo
3506 4879 3725 4956 inquit:

2178 4975 2257 5039 Si
2271 4977 2693 5056 juramentum
2739 4975 3089 5037 adhibeatur
3112 5021 3127 5045 ‚
3174 4979 3433 5055 propter
3473 4990 3727 5035 reveren·
3815 5043 3816 5050 ἵ

2176 5070 2326 5130 tiam
2364 5067 2553 5131 divini
2580 5065 2915 5131 testimonii
2957 5067 3115 5148 quoa
3144 5067 3489 5140 invocatur,
3521 5065 3726 5146 obliga-

2175 5167 2279 5224 tur
2308 5162 2474 5223 homo
2506 5167 2577 5224 ut
2600 5162 2793 5241 saciat
2825 5178 2953 5222 esso
2978 5177 3185 5222 verimi
3208 5159 3279 5220 id
3302 5159 3721 5238 quodjuraeit.

2175 5255 2498 5318 secundum
2522 5272 2693 5316 suam
2702 5251 3186 5335 possibilitatem.
3214 5251 3373 5311 Tota
3402 5269 3554 5331 ergo
3582 5251 3721 5311 ratio

2179 5353 2243 5408 et
2300 5347 2637 5408 necessitas
2683 5345 3111 5425 promissionis
3154 5343 3251 5404 vel
3304 5343 3717 5424 obligati-anie,

2177 5458 2317 5519 quae
2356 5441 2673 5520 proposito
2700 5439 3083 5517 adjungitur,
3118 5443 3211 5498 est
3240 5442 3309 5495 ut
3340 5437 3429 5513 id,
3463 5437 3625 5516 quod
3652 5437 3719 5496 de

2178 5553 2245 5594 se
2292 5533 2591 5595 mutabile
2626 5536 2740 5607 est,
2770 5532 2880 5591 fiat
2908 5519 3117 5610 aliqui>
3158 5529 3347 5590 modo
3382 5529 3719 5590 immutabi-
