3850 6225
418 372 425 379 ’
543 412 663 473 452

544 519 695 591 suiS,
734 522 841 577 aut
885 516 1001 577 sibi
1046 516 1271 579 debitis
1316 536 1353 577 a
1400 534 1821 595 quocumque,
1854 515 2044 577 etiam
2071 532 2109 575 a

542 630 717 691 rege,
761 616 1015 690 propter
1054 612 1409 691 praedictam
1456 610 1941 671 satisfactionem
1979 628 2109 669 non

546 706 853 785 effugeret
882 722 1137 783 poenam
1164 705 1352 765 illam.
1396 705 1497 765 Sic
1526 722 1675 783 ergo
1708 709 1803 763 est
1846 704 1909 763 in
1953 719 2110 781 prae-

544 800 729 872 senti,
778 799 1047 877 ideoque
1080 818 1157 859 ex
1186 798 1245 859 vi
1286 798 1450 859 illius
1497 798 1932 859 satisfactionis
1979 814 2109 857 non

547 898 754 972 potest
796 892 1011 954 inferri
1062 891 1372 969 reparatio
1404 897 1467 951 et
1492 891 1796 953 restitutio
1828 889 2110 969 priorum

543 988 931 1058 meritorum,
964 985 1081 1045 nisi
1119 986 1290 1064 prius
1322 984 1577 1045 aliunde
1616 989 2011 1063 supponatur
2037 982 2112 1041 il-

542 1080 670 1141 lam
700 1096 953 1159 poenam
992 1096 1119 1138 non
1158 1096 1295 1139 esse
1323 1096 1436 1157 pro
1467 1084 1724 1157 peccato
1754 1076 2112 1137 hominibus

544 1173 931 1253 impositam3
988 1172 1155 1250 quod
1185 1172 1235 1232 si
1264 1173 1383 1233 hoc
1410 1172 1801 1252 supponitur,
1834 1170 2114 1250 imperti-

548 1286 708 1327 nens
734 1264 933 1327 estad
960 1282 1095 1327 rem
1126 1272 1499 1344 praesentem
1540 1266 1645 1327 illa
1668 1264 2006 1326 satisfactio
2031 1262 2114 1325 ad

546 1359 985 1439 aequalitatem.

632 1456 691 1513 7.
738 1454 1149 1534 Impuynatur
1197 1454 1359 1515 ratio
1418 1453 1605 1515 istius
1654 1451 1954 1532 opinionis
1972 1494 1991 1525 ,
2043 1454 2117 1513 ut

551 1546 757 1608 minus
782 1546 1108 1625 sufficiens.
1124 1544 1581 1609 —Occurritur
1604 1544 2002 1627 responsioni.
2033 1574 2116 1589 -—

550 1640 625 1701 Et
667 1646 969 1719 praeterea
1022 1638 1376 1699 declaratur
1398 1684 1413 1713 ,
1482 1636 1873 1700 ostendendo
1929 1635 2115 1697 simul

552 1732 721 1793 illam
742 1732 1047 1793 rationem
1076 1750 1153 1793 ex
1182 1731 1315 1793 solo
1344 1733 1463 1794 hoc
1493 1734 1693 1811 capite
1716 1749 1853 1792 esse
1874 1730 2114 1791 insuffi-

552 1827 843 1887 cientem-2
880 1826 1060 1901 Nam,
1090 1826 1195 1904 qui
1220 1844 1390 1886 nunc
1426 1824 1847 1905 justificantur
1867 1842 1984 1903 per
2011 1841 2113 1883 so-

550 1920 677 1981 lam
696 1918 1076 1980 attritionem
1096 1936 1240 1980 cum
1262 1925 1676 1991 sacramento,
1698 1936 1827 1979 non
1849 1921 2114 1997 possunt

552 2012 675 2073 dici
702 2011 1059 2073 satisfacere
1084 2012 1167 2075 ad
1194 2012 1615 2091 aequalitatem
1644 2011 1750 2072 illo
1782 2012 1972 2073 modo
1999 2028 2112 2089 pro

553 2105 759 2185 culpa,
814 2107 959 2185 quia
1008 2107 1073 2167 in
1114 2107 1427 2168 attritione
1466 2123 1595 2167 non
1642 2110 1737 2167 est
1764 2106 1868 2165 illa
1898 2104 2114 2165 condi·

554 2201 779 2281 gnitas,
810 2218 929 2260 nec
956 2199 1233 2260 formalis
1264 2199 1681 2279 repugnantia
1728 2216 1873 2259 cum
1902 2198 2111 2276 culpa,

554 2312 691 2374 quse
742 2292 1095 2355 contritioni
1141 2293 1495 2354 attribuitur
1523 2294 1703 2373 juxta
1752 2291 2112 2370 praedictam

554 2387 951 2459 sententiam,
1002 2389 1299 2447 ettamen
1338 2386 1527 2447 etiam
1552 2384 1863 2465 perillam
1886 2382 2115 2463 justifi-

552 2481 861 2542 cationem
876 2478 1253 2545 reviviscunt
1268 2479 1685 2559 praecedentia
1702 2479 1948 2553 merita,
1967 2477 2114 2557 quia

550 2592 667 2653 per
688 2572 855 2633 illam
880 2572 1067 2632 etiam
1093 2573 1439 2651 completur
1460 2573 1567 2633 illa
1594 2572 1810 2633 ultima
1838 2570 2112 2631 conditio

551 2668 776 2739 meriti,
823 2684 1012 2746 quam
1040 2666 1379 2727 Concilium
1416 2666 1848 2728 Tridentinum
1900 2672 2114 2743 postu-

553 2760 677 2833 lat;
710 2778 860 2840 ergo
892 2760 1143 2839 signum
1172 2750 1265 2821 est
1296 2778 1423 2821 non
1452 2760 1728 2839 pendere
1755 2759 1921 2819 hanc
1949 2758 2112 2819 revi-

552 2854 915 2914 viscentiam
946 2872 1023 2913 ex
1062 2853 1167 2913 illa
1201 2853 1641 2915 satisfactione.
1688 2854 1975 2916 Fortasse
2019 2852 2113 2913 di-

550 2953 726 3009 cetur
746 2947 1043 3027 applicari
1064 2954 1211 3009 tunc
1226 2964 1339 3028 per
1356 2948 1651 3009 meritum
1670 2949 1889 3009 Christi
1912 2954 2112 3009 totum

552 3041 724 3122 quod
748 3060 1008 3102 necesse
1037 3046 1133 3103 est
1155 3042 1235 3103 ad
1262 3042 1679 3125 supplendam
1706 3043 1874 3102 illam
1902 3058 2111 3120 aequa-

551 3137 677 3196 lem
706 3135 1208 3196 satisfactionem.
1256 3135 1383 3197 Sed
1414 3136 1715 3215 imprimis
1752 3137 1873 3197 hoc
1900 3135 2108 3196 minus

550 3235 789 3290 certum
848 3231 943 3288 est
994 3245 1185 3307 quam
1224 3229 1391 3308 quod
1444 3230 1667 3292 merita
1706 3229 2102 3292 reviviscant.

556 3321 795 3382 Deinde
814 3323 952 3382 haec
979 3320 1415 3384 conditionalis
1442 3341 1593 3384 vera
1614 3329 1743 3384 est.
1774 3323 1837 3384 Si
1866 3321 2106 3382 homini

548 3415 758 3476 attrito
786 3415 1137 3476 remittatur
1164 3415 1347 3495 culpa
1374 3434 1487 3512 per
1505 3416 1837 3490 Christum,
1884 3421 1946 3476 et
1967 3415 2112 3476 red-

550 3507 739 3568 datur
764 3508 1003 3588 gratia,
1036 3526 1115 3569 ex
1144 3509 1262 3570 hoc
1290 3503 1547 3587 praecise
1576 3510 1952 3572 reviviscunt
1979 3525 2114 3570 me-

550 3603 669 3662 rita
720 3601 1173 3680 proecedentia3
1224 3601 1465 3663 etiamsi
1510 3603 1825 3684 fingamus
1872 3602 2110 3664 nullam

552 3693 977 3774 aequalitatem
1014 3695 1451 3756 satisfactionis
1480 3698 1793 3776 suppleri;
1828 3715 1975 3758 nam
2003 3697 2109 3757 illo

550 3789 807 3869 praecise
836 3788 1062 3868 posito,
1112 3789 1503 3869 complentur
1554 3809 1775 3852 omnes
1808 3791 2112 3852 conditio-

550 3901 667 3944 nes
700 3883 917 3962 positae
936 3881 1000 3942 in
1024 3883 1293 3945 Concilio
1322 3883 1705 3960 Tridentino,
1740 3885 1966 3963 quibus
1999 3901 2112 3962 po·

550 3977 705 4049 sitis,
756 3975 911 4036 nihil
962 3975 1183 4038 deesse
1236 3981 1441 4056 potest
1478 3976 1555 4038 ad
1597 3975 2114 4055 consequendum

550 4069 881 4149 praemium
924 4069 1310 4130 meritorum.
1340 4071 1446 4132 Est
1474 4086 1625 4146 ergo
1658 4070 1761 4130 illa
1788 4071 2112 4149 oequalitas

550 4161 989 4224 satisfactionis
1010 4162 1092 4223 ad
1114 4181 1251 4223 rem
1279 4170 1649 4242 praesentem
1674 4164 2106 4243 impertinens,

549 4273 757 4335 neque
788 4274 865 4316 ex
892 4255 1011 4316 hoc
1038 4256 1213 4316 titulo
1242 4261 1447 4334 potest
1476 4255 1596 4316 dici
1626 4257 1948 4336 negotium
1991 4255 2110 4317 hoc

548 4365 626 4408 ex
644 4348 883 4427 justitia
910 4348 1065 4410 fieri.

628 4441 687 4500 8.
720 4437 983 4520 objectio
1008 4459 1125 4522 pro
1145 4445 1407 4508 secunda
1432 4445 1725 4528 opinione.
1751 4477 1833 4492 -
1854 4443 1979 4506 Sed
2007 4445 2116 4506 ob-

544 4533 647 4613 J'ici
678 4540 901 4612 potest.
931 4537 1089 4596 Nam
1110 4538 1335 4600 merita
1350 4539 1665 4619 justorum
1687 4557 1801 4618 per
1828 4557 1897 4600 se
1924 4543 1988 4599 et
2007 4557 2116 4598 na·

546 4631 686 4688 tura
724 4645 839 4688 sua
874 4635 1017 4690 sunt
1046 4629 1237 4708 digna
1272 4637 1508 4692 aeterna
1540 4632 1831 4694 mercede
1856 4649 2000 4692 cum
2027 4630 2119 4692 ef-

545 4718 714 4780 fectu
744 4721 1210 4800 consequenda,
1244 4723 1488 4784 etiamsi
1516 4725 1948 4803 interponatur
1971 4743 2118 4803 pec-

548 4817 782 4888 catum,
828 4813 1170 4875 dummodo
1202 4823 1419 4895 postea
1464 4815 1803 4891 auferatur,
1838 4821 1899 4877 et
1924 4817 2114 4878 homo

544 4907 803 4968 tandem
840 4908 905 4968 in
948 4908 1145 4984 gratia
1182 4909 1525 4972 moriatur:
1562 4929 1711 4992 ergo
1741 4929 1869 4973 non
1912 4916 2118 4991 potest

548 5001 717 5061 Deus
756 5000 965 5062 facere
1006 5001 1159 5078 quin
1204 5003 1393 5064 hom'o
1420 5021 1761 5084 resurgens
1786 5025 1823 5066 a
1857 5011 2114 5084 peccato

544 5100 800 5155 maneat
828 5094 1055 5175 dignus
1082 5097 1333 5175 proemio
1354 5099 1839 5177 praecedentium
1866 5099 2116 5160 merito-

543 5206 721 5260 rum;
754 5205 905 5266 ergo
936 5206 1063 5249 non
1092 5195 1297 5267 potest
1340 5191 1543 5252 facere
1584 5192 1735 5270 quin
1764 5193 1990 5252 merita
2015 5209 2116 5252 re-

544 5282 877 5354 viviscant;
904 5283 1051 5360 quia
1066 5283 1218 5343 nihil
1234 5284 1406 5344 aliud
1422 5291 1515 5344 est
1528 5285 1901 5346 reviviscere
1925 5303 2114 5364 quam

544 5393 803 5436 manere
836 5375 1027 5456 digna
1070 5377 1327 5456 praemio
1352 5421 1369 5450 ,
1429 5383 1554 5438 tam
1604 5378 1950 5438 secundum
2000 5397 2066 5439 se
2095 5423 2112 5451 ,

542 5486 735 5547 quam
764 5487 841 5529 ex
871 5476 1047 5548 parte
1078 5469 1337 5548 subjecti
1356 5469 1489 5548 jam
1516 5489 1644 5530 non
1672 5471 1960 5531 habentis
1999 5471 2116 5530 im-

546 5562 979 5641 pedimentum
1007 5581 1021 5638 ;
1074 5581 1225 5644 ergo
1272 5563 1393 5624 hoc
1449 5565 1732 5644 sequitur
1776 5565 2114 5625 intrinsece

1144 414 1356 467 OPUSC.
1392 414 1453 465 V.
1488 412 1793 465 RELECTIO
1827 412 1907 465 m:
1939 411 2418 467 assvtvtscssu'ns
2449 412 2831 465 nsnl‘ronmt.
2869 414 3105 467 mst’n'r.
3141 416 3184 468 1.

2193 534 2270 575 ex
2327 522 2550 576 natura
2595 514 3056 594 justificationis
3109 536 3146 577 a
3195 521 3519 597 peccato:
3577 518 3746 595 quia,

2192 609 2360 689 quod
2385 628 2512 669 non
2541 614 2638 669 est
2665 608 3010 687 separabile
3039 610 3122 670 ab
3149 610 3278 683 illa,
3327 610 3524 671 etiam
3547 609 3626 669 de
3650 629 3748 689 po-

2191 704 2380 763 tentia
2415 702 2724 773 absoluta,
2757 702 2906 762 satis
2929 702 3342 763 intrinsecum
3365 702 3460 762 illi
3487 708 3604 763 est.
3635 704 3746 763 Pri·

2189 814 2294 855 ma
2341 795 2532 857 etiam
2581 796 3030 872 consequentia
3061 800 3212 857 nota
3259 801 3384 867 est,
3443 796 3594 873 quia
3635 814 3748 857 nou

2189 894 2396 968 potest
2419 891 2590 949 Deus
2617 888 2862 968 privare
2893 888 3060 949 bona
3087 906 3285 968 opera
3313 889 3540 969 gratiae
3567 889 3748 968 digni-

2187 987 2317 1043 tate
2339 983 2452 1043 sibi
2478 983 2811 1043 intrinseca
2835 986 2900 1042 et
2915 982 3330 1043 connaturali.
3369 983 3748 1045 Antecedens

2191 1094 2340 1137 vero
2367 1080 2562 1153 patet,
2599 1075 2746 1154 quia
2775 1092 2944 1135 nunc
2967 1074 3047 1135 de
3075 1075 3238 1137 facto
3269 1076 3387 1137 illa
3415 1094 3614 1154 opera
3647 1077 3746 1139 hoe

2191 1176 2514 1231 merentur
2555 1170 2635 1231 de
2665 1170 2998 1250 condign0,
3047 1188 3234 1248 quam
3271 1170 3746 1250 condignitatem

2191 1280 2320 1323 non
2361 1262 2674 1341 accipiunt
2699 1280 2736 1323 a
2779 1263 2989 1324 divina
3029 1264 3480 1341 promissione,
3515 1265 3624 1325 sed
3660 1285 3746 1343 po

2194 1358 2316 1417 tius
2345 1356 2552 1417 divina
2581 1357 2912 1436 promissio
2953 1356 3120 1417 illam
3151 1357 3216 1417 in
3261 1358 3422 1437 ipsis
3453 1360 3742 1437 supponit,

2193 1456 2262 1511 ut
2287 1469 2450 1529 saepe
2481 1450 2636 1510 alias
2665 1469 2704 1509 a
2727 1451 2912 1511 nobis
2937 1450 3171 1511 dictum
3197 1457 3318 1513 est.

2281 1543 2586 1607 Solvitur.
2605 1574 2688 1589 —
2723 1543 3158 1623 Respondetur
3195 1544 3262 1603 in
3299 1544 3462 1623 ipsis
3519 1545 3745 1621 quidem

2195 1636 2510 1716 operibuS,
2547 1638 2792 1699 ratione
2821 1656 2950 1697 suae
2978 1636 3414 1716 perfectioniS,
3453 1643 3520 1697 et
3561 1641 3748 1717 gratie

2195 1748 2234 1790 a
2263 1749 2386 1810 qua
2430 1729 2772 1810 profluunt,
2818 1747 2956 1790 esse
2987 1729 3410 1791 sufficientem
3447 1730 3746 1811 condigni-

2191 1830 2406 1898 tatem,
2447 1842 2558 1885 seu
2607 1823 3082 1903 proportionem
3125 1829 3195 1885 ut
3241 1823 3453 1902 possit
3489 1824 3580 1884 eis
3621 1844 3748 1903 pm-

2193 1920 2389 1979 mium
2419 1918 2696 1997 promitti
2735 1918 2854 1978 sub
2887 1917 3182 1996 praedicto
3213 1918 3416 1979 modo
3450 1924 3518 1978 et
3567 1920 3750 1979 condi-

2193 2012 2384 2085 tione,
2403 2019 2616 2073 tamen
2642 2011 2722 2072 de
2745 2009 2910 2071 facto
2937 2029 3066 2071 non
3083 2010 3378 2071 conferre
3397 2011 3510 2089 jus
3521 2012 3749 2090 justitie

2195 2106 2274 2166 ad
2305 2106 2658 2185 praemium,
2685 2104 2803 2165 nisi
2841 2106 3023 2183 juxta
3051 2105 3314 2165 modum
3355 2104 3590 2165 divinae
3629 2125 3750 2185 pro-

2192 2199 2526 2261 missionis.
2575 2200 2741 2259 Deus
2781 2204 2996 2259 autem
3039 2216 3168 2257 non
3215 2198 3478 2277 cogitur
3517 2200 3750 2277 promit-

2191 2300 2326 2355 tere
2382 2295 2708 2373 praemium
2743 2292 3092 2353 secundum
3149 2310 3416 2353 omnem
3459 2294 3705 2353 modum
3727 2340 3744 2369 ,

2195 2406 2306 2449 seu
2339 2386 2688 2448 secundum
2723 2392 2920 2447 totam
2949 2386 3368 2465 capacitatem
3415 2388 3624 2465 operis
3663 2406 3745 2447 se-

2194 2481 2472 2541 cundum
2501 2498 2570 2541 se
2607 2485 2973 2559 spectatam,
3001 2479 3116 2540 sed
3153 2478 3362 2558 potuit
3411 2482 3742 2559 promissio-

2193 2592 2341 2635 nem
2373 2573 2582 2634 facere
2625 2592 2737 2652 pro
2769 2590 2884 2633 suo
2907 2572 3186 2647 arbitrio,
3197 2574 3388 2651 juxta
3425 2576 3630 2635 varias
3653 2594 3738 2635 re-

2194 2667 2376 2745 gulas
2419 2666 2738 2746 sapientiae
2785 2684 2936 2737 suae,
2967 2673 3038 2727 ut
3069 2684 3184 2745 per
3211 2686 3278 2727 se
3321 2674 3554 2729 notum
3597 2670 3738 2729 vide—

2193 2766 2314 2821 tur.
2361 2760 2566 2821 Potuit
2603 2778 2753 2838 ergo
2785 2760 2903 2819 suh
2929 2761 3048 2821 hac
3091 2760 3458 2822 conditione
3511 2764 3738 2839 promit-

2191 2858 2326 2914 tere
2365 2854 2694 2931 praemium
2721 2854 2950 2915 nostris
3003 2854 3262 2925 meritiS,
3295 2854 3542 2916 scilicet
3589 2856 3636 2915 si
3687 2857 3738 2915 in

2192 2947 2392 3025 gratia
2436 2964 2935 3025 perseveremus,
2965 2946 3066 3007 vel
3107 2946 3300 3027 (quod
3345 2948 3614 3027 perinde
3641 2952 3740 3025 est)

2191 3038 2534 3099 dummodo
2567 3046 2708 3118 post
2733 3040 2858 3101 tale
2901 3040 3193 3100 meritum
3242 3041 3491 3101 nullum
3545 3060 3742 3121 pecca-

2191 3139 2320 3194 tum
2359 3134 2622 3194 mortale
2655 3134 3117 3196 committamus
3143 3154 3158 3210 ;
3191 3141 3344 3196 tunc
3373 3143 3594 3197 autem
3633 3155 3738 3196 non

2187 3228 2630 3288 reviviscerent
2653 3229 2874 3288 merita
2894 3247 2909 3298 ;
2939 3227 3108 3305 quod
3130 3225 3326 3289 fuisse
3351 3229 3652 3308 possibile
3673 3229 3736 3288 de

2187 3321 2466 3400 potentia
2512 3319 2796 3382 absoluta
2839 3339 3062 3382 omnes
3089 3321 3394 3402 Theologi
3447 3341 3571 3401 pro
3601 3340 3743 3382 com·

2193 3421 2370 3493 perto
2415 3414 2674 3486 habent,
2701 3431 2818 3474 nec
2861 3413 3150 3474 videntur
3187 3432 3326 3476 esse
3359 3415 3494 3475 ulla
3537 3415 3744 3494 proba-

2191 3507 2334 3568 bilis
2361 3507 2690 3568 dubitandi
2719 3508 2903 3568 ratio.
2935 3509 3108 3568 Tunc
3127 3515 3367 3582 autem,
3387 3508 3544 3570 licet
3577 3510 3641 3568 in
3667 3510 3741 3587 ip-

2193 3601 2278 3662 sis
2315 3601 2610 3680 operibus
2663 3601 3012 3662 secundum
3054 3619 3122 3662 se
3165 3602 3462 3680 spectatis
3511 3611 3742 3662 maneat

2193 3713 2444 3774 semper
2499 3694 2726 3756 eadem
2777 3693 3048 3773 dignitas
3095 3699 3158 3754 et
3207 3695 3584 3774 proportio,
3623 3715 3741 3774 qua:

2193 3789 2382 3849 etiam
2421 3793 2636 3849 manet
2683 3787 2826 3848 licet
2853 3787 3042 3848 homo
3087 3787 3155 3847 in
3199 3794 3458 3866 peccato
3513 3789 3739 3850 mortali

2191 3883 2518 3956 moriatur,
2545 3887 2752 3942 tamen
2783 3881 2903 3960 ipsi
2921 3881 3180 3954 homini,
3211 3883 3404 3942 etiam
3431 3899 3472 3941 a
3503 3889 3738 3960 peccato

2192 3975 2568 4055 resurgenti,
2587 3993 2715 4035 non
2745 3973 3104 4034 conferrent
3135 3974 3242 4052 jus
3275 3974 3357 4035 ad
3389 3975 3734 4054 praemium

2195 4085 2404 4147 neque
2438 4065 2788 4128 secundum
2810 4073 3188 4146 praesentem
3216 4073 3446 4128 statum
3475 4068 3736 4128 facerent

2193 4162 2368 4222 illum
2393 4161 2651 4241 dignum
2694 4161 2978 4240 praemio,
3007 4161 3367 4240 simpliciter
3397 4160 3732 4240 loquendo;

2192 4255 2364 4334 quia,
2395 4260 2464 4315 ut
2501 4256 2689 4315 homo
2715 4271 2886 4314 nunc
2911 4254 2992 4314 sit
3019 4254 3248 4334 dignus
3287 4257 3577 4334 praemio,
3629 4271 3736 4314 non

2195 4350 2346 4410 satis
2387 4352 2482 4410 est
2499 4347 2720 4410 fecisse
2755 4365 2949 4428 opera
2977 4347 3168 4428 digna
3199 4347 3479 4427 praemio,
3523 4347 3737 4408 sedne-

2196 4461 2372 4505 cesse
2403 4449 2496 4502 est
2529 4445 2601 4502 ut
2639 4441 2790 4502 talia
2842 4459 3036 4520 opera
3063 4441 3128 4500 in
3173 4441 3308 4520 ipso
3341 4445 3738 4520 permaneant

2197 4538 2542 4598 secundum
2561 4536 2866 4597 moralem
2883 4535 3384 4607 aestimationem,
3397 4553 3606 4613 neque
3633 4535 3736 4594 sint

2197 4631 2284 4692 ita
2311 4635 2640 4692 retractata
2657 4632 2720 4690 et
2737 4629 3170 4708 deperdita‚ut
3191 4629 3326 4707 jam
3347 4627 3608 4688 omnino
3631 4628 3736 4686 sint

2197 4723 2375 4803 quasi
2425 4723 2764 4796 destructa,
2817 4741 2936 4784 nec
2975 4722 3232 4802 physice
3273 4737 3393 4782 nec
3437 4721 3736 4780 moraliter

2195 4816 2550 4895 praesentia.
2593 4816 2766 4878 Sicut
2833 4815 3022 4876 etiam
3085 4821 3156 4874 ut
3187 4814 3376 4874 homo
3445 4831 3612 4874 nunc
3671 4812 3734 4872 sit

2195 4911 2425 4990 dignus
2458 4927 2648 4989 poena
2703 4915 2936 4970 oeterna
2957 4953 2973 4982 ,
3013 4926 3141 4969 non
3187 4907 3340 4969 satis
3387 4913 3484 4968 est
3534 4906 3732 4967 fecisse

2197 5023 2356 5083 opus
2385 5003 2648 5084 dignum
2695 5001 2798 5062 illa
2822 5021 3034 5082 poena,
3069 5001 3183 5063 sed
3227 5019 3488 5062 necesse
3543 5007 3634 5060 est
3679 5005 3732 5057 ut

2195 5099 2322 5159 tale
2369 5115 2530 5177 opus
2567 5097 2772 5158 adhuc
2799 5097 3122 5158 moraliter
3167 5101 3464 5170 maneat,
3515 5101 3578 5154 et
3609 5093 3730 5153 des—

2197 5197 2471 5252 tructum
2511 5209 2638 5252 non
2667 5191 2768 5250 sit.
2799 5189 2870 5251 In
2909 5189 3207 5269 praedicto
3235 5195 3454 5250 autem
3481 5205 3646 5258 casu,
3687 5185 3726 5244 si

2197 5286 2369 5345 Deus
2397 5285 2498 5345 illo
2529 5283 2716 5345 modo
2741 5283 3128 5362 promisisset
3169 5283 3521 5360 praemium,
3558 5277 3728 5340 omni-

2199 5396 2281 5438 no
2313 5383 2374 5439 et
2405 5377 2976 5456 irrecuperabiliter
3019 5375 3491 5437 destruerentur
3529 5372 3726 5432 merita

2196 5489 2314 5550 per
2351 5472 2613 5532 mortale
2645 5477 2972 5549 peccatum
3021 5469 3450 5546 subsequens:
3483 5483 3623 5526 nam
3667 5464 3726 5522 li-

2197 5572 2299 5626 cet
2343 5565 2612 5645 dignitas
2639 5565 2848 5644 operis
2901 5581 3030 5624 non
3069 5565 3402 5642 proveniat
3443 5567 3550 5622 aut
3595 5575 3724 5637 pen·
