3850 6225
556 376 638 439 20

569 586 760 649 Unica
791 583 1023 649 actione
1057 580 1125 645 in
1167 586 1464 647 creatum·
1511 584 1787 665 effectum
1829 583 1993 647 Deus
2025 583 2121 647 in-

1069 677 1217 755 fluit
1242 682 1300 741 et
1317 682 1618 779 creatura.

636 856 696 916 5.
743 852 902 925 Quin
929 850 1136 931 potius
1160 850 1520 913 addendum
1551 850 1810 913 ulterius
1839 854 1958 923 est,
1988 866 2117 929 quo

553 949 694 1009 haeo
719 944 1078 1007 immediata
1117 944 1444 1005 efficientia
1485 944 1686 1024 magis
1725 944 2069 1023 explicetur
2099 987 2116 1016 ‚

556 1062 686 1104 non
720 1040 921 1101 solum
961 1040 1221 1101 influere
1270 1040 1468 1099 Deum
1505 1038 1865 1099 immediate
1919 1038 1985 1098 in
2036 1037 2120 1097 ef-

553 1137 785 1197 fectum
825 1139 1126 1195 creaturae
1151 1178 1172 1208 ‚
1207 1132 1320 1194 sed
1347 1132 1536 1195 etiam
1579 1133 1770 1195 talem
1822 1132 2115 1193 effectum

557 1248 685 1291 una
716 1233 778 1289 et
803 1226 1025 1289 eadem
1053 1226 1296 1287 actione
1333 1246 1368 1286 a
1397 1228 1528 1287 Deo
1558 1232 1620 1287 et
1651 1229 1961 1297 creatura,
1982 1230 2117 1285 tan-

556 1340 750 1402 quam
776 1340 814 1381 a
842 1338 1028 1381 causa
1075 1319 1276 1398 prima
1319 1322 1382 1381 et
1419 1319 1698 1381 secunda
1737 1317 2011 1399 prodire.
2042 1318 2119 1377 Et

553 1415 723 1476 idem
764 1418 858 1475 est
886 1413 964 1473 de
997 1416 1138 1473 actu
1167 1412 1502 1475 voluntatis
1533 1419 1760 1473 nostrae
1792 1457 1809 1486 ,
1865 1428 2017 1471 nam
2064 1407 2115 1471 si

552 1509 658 1571 ille
686 1512 930 1569 tantum
962 1511 1057 1567 est
1084 1507 1246 1567 actio
1277 1506 1388 1585 (ut
1409 1506 1625 1568 volunt
1659 1505 1898 1585 multi),
1931 1502 2117 1564 unica

557 1602 718 1663 actio
759 1606 875 1672 est,
925 1600 1130 1679 fluens
1169 1598 1526 1661 immediate
1581 1617 1654 1661 ac
1703 1617 1816 1677 per
1853 1616 1945 1671 se,
1989 1615 2119 1658 non

555 1702 800 1758 tantum
833 1713 870 1755 a
915 1691 1096 1753 nobis
1151 1710 1266 1753 seu
1328 1692 1644 1753 voluntate
1693 1698 1906 1753 nostra
1933 1735 1950 1764 ,
2006 1688 2119 1751 sed

557 1790 746 1851 etiam
781 1804 818 1847 a
858 1788 984 1847 Deo
1013 1804 1030 1859 ς
1065 1786 1116 1845 si
1145 1785 1438 1845 autemin
1477 1803 1553 1847 eo
1583 1784 1985 1865 distinguitur
2013 1782 2121 1844 ali-

557 1901 682 1963 quo
713 1879 902 1941 modo
921 1878 1102 1952 acti0,
1136 1884 1198 1939 et
1219 1878 1519 1939 terminus
1543 1896 1657 1939 seu
1683 1876 1951 1957 qualitas
1978 1893 2117 1954 quae

556 1977 948 2053 sittanquam
978 1972 1254 2044 effectus,
1274 1990 1402 2033 non
1431 1972 1632 2033 solum
1673 1971 1809 2050 ipsa
1855 1969 2122 2049 qualitas

559 2076 654 2133 est
681 2066 1040 2129 immediate
1073 2082 1110 2125 a
1128 2068 1256 2126 Deo
1284 2071 1398 2126 eta
1425 2066 1768 2136 voluntate,
1799 2064 1912 2125 sed
1934 2062 2121 2125 etiam

554 2180 670 2243 per
711 2159 998 2222 eamdem
1031 2158 1282 2219 omnino
1329 2158 1640 2219 actionem
1675 2164 1770 2219 est
1811 2176 1848 2217 a
1885 2159 2017 2218 Deo
2058 2162 2121 2216 et

557 2274 596 2317 a
632 2254 972 2315 voluntate.
1003 2252 1147 2313 Haec
1183 2256 1278 2312 est
1315 2253 1622 2313 sententia
1654 2252 1726 2311 D.
1757 2251 2039 2325 Thomae,
2070 2248 2114 2307 1.

557 2352 594 2411 3
631 2353 826 2409 contr.
859 2345 1069 2419 Gent.‚
1101 2362 1174 2404 .c.
1219 2346 1280 2417 7,
1319 2362 1466 2405 nam
1515 2363 1658 2406 cum
1686 2345 1750 2405 in
1779 2345 1981 2423 prima
2018 2360 2121 2401 ra-

550 2442 722 2505 tione
752 2439 1084 2519 objecisset
1120 2456 1247 2499 non
1280 2455 1465 2516 posse
1495 2438 1784 2499 eamdem
1809 2437 2123 2497 actionem

555 2551 692 2597 esse
723 2551 762 2593 a
791 2530 1038 2591 duobus
1062 2530 1413 2611 agentibus,
1444 2530 1783 2611 respondet
1809 2530 1890 2589 ab
1927 2547 2123 2608 agen-

552 2627 721 2688 tibus
759 2624 1148 2685 diversarum
1181 2622 1494 2683 rationum
1527 2629 1587 2683 et
1623 2642 1736 2702 per
1773 2640 1839 2682 se
1863 2621 2120 2683 ordina·

551 2720 632 2781 tis
666 2722 835 2779 reete
881 2732 1104 2795 posse:
1158 2714 1326 2794 quod
1363 2716 1638 2795 apertius
1683 2715 1892 2776 docuit
1940 2718 1957 2774 l
2013 2734 2074 2794 p.
2101 2758 2117 2785 ,

552 2830 616 2891 q.
663 2813 802 2884 105,
842 2815 957 2870 art.
997 2812 1035 2870 5
1059 2854 1074 2881 ,
1119 2808 1200 2869 ad
1231 2811 1290 2869 2.
1345 2810 1520 2871 Ratio
1561 2815 1771 2869 autem
1814 2806 2121 2869 sumenda

553 2912 648 2967 est
675 2922 752 2965 ex
791 2922 889 2977 en,
923 2902 1094 2982 quod
1134 2902 1366 2964 ibidem
1409 2902 1472 2963 in
1526 2921 1786 2981 corpore
1829 2900 2069 2962 articuli
2098 2945 2117 2976 ‚

553 3000 795 3060 dixerat
814 3000 1013 3058 Deum
1041 3013 1179 3057 esse
1208 3013 1463 3056 causam
1497 2996 1778 3056 omnium
1805 2995 2120 3057 actionum

553 3092 820 3154 aliorum
841 3090 1164 3171 agentium
1207 3088 1332 3168 (Id.
1364 3089 1545 3168 Carp.
1574 3088 1637 3150 in
1667 3091 1728 3162 2,
1763 3087 1827 3149 d.
1871 3091 1931 3163 ⁴,
1969 3105 2030 3166 q.
2055 3089 2118 3160 2,

554 3193 670 3248 art.
717 3187 776 3256 3,
827 3183 908 3244 ad
957 3201 1202 3262 argum.
1252 3182 1535 3243 Durand.
1596 3185 1764 3243 cont.
1821 3183 1860 3243 6
1901 3199 2114 3254 eone.;

553 3278 783 3359 Egyd.,
826 3276 911 3337 ib.
936 3321 953 3349 ,
999 3294 1059 3354 q.
1094 3278 1166 3348 2,
1205 3281 1322 3336 art.
1356 3275 1395 3335 6
1425 3293 1440 3351 ;
1485 3277 1745 3355 August.
1772 3319 1787 3347 ,
1821 3275 1862 3334 l.
1892 3276 1935 3334 4
1960 3274 2115 3336 Gen.

555 3373 636 3434 ad
665 3371 806 3445 litt„
833 3388 971 3449 cap.
1028 3371 1102 3428 ¹2
1129 3371 1172 3446 ).
1214 3369 1430 3446 Itaque
1459 3386 1586 3429 non
1613 3368 1814 3429 solum
1833 3371 1929 3428 est
1956 3368 2121 3428 Deus

556 3483 748 3528 causa
778 3482 893 3544 per
919 3481 988 3524 se
1013 3460 1294 3522 omnium
1311 3459 1646 3522 effectuum
1667 3479 1999 3522 causarum
2022 3479 2121 3522 se-

557 3559 931 3629 cundarum,
965 3555 1076 3616 sed
1107 3554 1294 3616 etiam
1334 3555 1612 3615 omnium
1667 3555 1981 3615 actionum
2014 3573 2119 3616 ea-

554 3671 738 3726 rum;
771 3669 899 3712 non
929 3651 1136 3730 potest
1183 3653 1394 3708 autem
1438 3665 1576 3708 esse
1614 3667 1804 3708 causa
1859 3649 2117 3709 actionis

553 3764 672 3826 per
715 3745 902 3804 aliam
931 3743 1241 3804 actionem
1274 3758 1414 3820 quae
1453 3741 1518 3800 in
1559 3746 1848 3802 creatura
1873 3743 1973 3818 sit,
2007 3742 2117 3803 sed

555 3837 916 3900 immediate
957 3852 1072 3916 per
1111 3852 1292 3896 suam
1331 3834 1718 3894 voluntatem
1767 3835 1866 3896 vel
1903 3841 2121 3915 poten-

556 3932 747 4004 tiam3
790 3930 936 4010 quia
963 3926 1046 3989 ad
1072 3926 1380 3988 actionem
1425 3943 1552 3988 non
1591 3935 1686 3988 est
1721 3928 1906 4000 actio,
1936 3947 2017 3988 ne
2056 3928 2119 3988 in

557 4023 866 4084 infinitum
907 4019 1302 4100 procedatur,
1343 4025 1414 4080 ut
1461 4019 1811 4098 philosophi
1861 4020 2115 4094 dicunt;

559 4119 828 4198 ipsamet
857 4116 1046 4196 igitur
1083 4115 1244 4176 actio
1273 4114 1631 4191 voluntatis,
1681 4116 1838 4177 sicut
1875 4135 1991 4196 per
2028 4135 2123 4178 se-

556 4212 782 4291 ipsam,
814 4215 877 4272 et
917 4227 1045 4270 non
1091 4227 1206 4288 per
1231 4207 1418 4268 aliam
1452 4207 1782 4281 actionem,
1823 4214 2042 4270 manat
2084 4227 2122 4269 a

559 4302 876 4366 voluntate
929 4306 1162 4374 creata,
1196 4301 1280 4361 ita
1313 4304 1375 4362 et
1403 4319 1438 4362 a
1466 4302 1619 4374 Dec,
1653 4308 1714 4362 et
1753 4301 1834 4366 ad
1881 4307 2125 4362 utrum-

561 4415 683 4474 que
711 4396 856 4457 dicit
886 4394 1312 4456 immediatam
1341 4395 1770 4454 habitudinem
1799 4401 1861 4456 et
1891 4394 2125 4474 depen-

558 4489 836 4552 dentiam
868 4506 980 4568 per
1009 4488 1313 4566 seipsam3
1351 4503 1502 4567 ergo
1544 4505 1658 4566 per
1704 4487 2124 4550 eamdemmet

561 4581 872 4644 actionem
900 4581 1100 4642 influit
1117 4581 1284 4640 Deus
1306 4598 1449 4640 cum
1472 4581 1790 4641 voluntate
1819 4580 1881 4640 in
1913 4588 2123 4642 actum

563 4691 676 4734 seu
708 4673 1046 4734 terminum
1064 4672 1231 4733 illius
1259 4672 1542 4747 actionis,
1561 4673 1612 4733 si
1628 4672 1760 4733 dari
1788 4673 1977 4734 talem
2000 4679 2125 4734 ter-

563 4767 804 4828 minum
851 4784 1320 4847 supponamuS,
1365 4772 1434 4827 ut
1486 4766 1634 4840 dixi,
1673 4765 1820 4844 quia
1864 4768 1985 4828 hoc
2043 4767 2127 4828 ad

563 4868 940 4944 praesentem
967 4861 1454 4941 disputationem
1487 4861 1644 4922 nihil
1682 4861 1892 4924 refert.
1950 4863 2126 4924 Ratio

563 4962 778 5017 autem
803 4974 840 5014 a
879 4954 1066 5034 priori
1097 4954 1177 5015 ob
1207 4974 1397 5034 quam
1427 4974 1686 5018 necesse
1715 4962 1810 5017 est
1835 4957 2123 5018 eamdem

565 5049 903 5123 actionem,
943 5065 1086 5126 quae
1130 5051 1226 5109 est
1265 5067 1304 5108 a
1343 5055 1653 5121 creatura,
1704 5066 1843 5110 esse
1871 5051 2057 5112 etiam
2086 5068 2123 5110 a

561 5143 716 5213 Deo,
731 5141 836 5200 illa
860 5141 998 5220 ipsa
1029 5147 1120 5202 est
1141 5161 1278 5220 quae
1303 5141 1382 5202 de
1408 5141 1643 5203 caeteris
1664 5143 1852 5204 rebus
1875 5143 2120 5216 creatis,

565 5234 823 5310 scilicet,
846 5234 992 5313 quia
1011 5233 1166 5296 illud
1185 5235 1640 5314 qualecumque
1659 5253 1820 5308 esse,
1837 5237 2007 5315 quod
2020 5236 2123 5296 illa

563 5327 724 5388 actio
762 5325 974 5400 habet,
1009 5333 1254 5388 estesse
1278 5327 1736 5407 participatum,
1767 5347 1840 5390 ac
1860 5329 2122 5408 proinde

557 5437 756 5500 perse
780 5419 1062 5499 pendens
1079 5437 1116 5480 a
1137 5421 1338 5499 primo
1355 5427 1532 5494 ente;
1555 5421 1680 5482 imo
1719 5439 1844 5500 quo
1877 5421 2127 5483 videtur

557 5513 794 5576 habere
829 5531 968 5576 esse
1005 5513 1208 5594 magis
1231 5513 1628 5586 diminutum,
1664 5532 1739 5576 eo
1767 5515 1989 5595 majori
2029 5533 2123 5577 ra-

1309 382 1524 435 OPUSC.
1552 384 1592 446 1,
1627 380 1744 435 Lm.
1781 384 1820 436 1.
1855 380 1937 434 m:
1970 376 2288 431 CONCURSU
2324 378 2425 431 DE!
2460 376 2583 431 CUM
2618 376 3009 433 VOLUNTATE.

2197 478 2367 539 tione
2395 477 2562 539 hanc
2590 477 2782 539 habet
2801 475 3311 557 dependentiam.
3340 476 3771 549 Quamobrem

2198 588 2327 631 nou
2370 571 2579 632 minus
2606 578 2847 633 certum
2888 571 3135 633 videtur
3172 570 3483 631 actionem
3524 576 3773 631 creatu-

2196 682 2305 737 rae,
2345 682 2534 743 quam
2570 664 2855 744 ejusdem
2900 664 3224 739 effectum,
3254 681 3294 723 a
3322 664 3453 724 Deo
3482 663 3773 743 proxime

2198 756 2475 837 pendere
2506 776 2522 830 ;
2574 774 2725 819 nam
2760 758 2813 819 si
2841 756 3001 819 actio
3052 760 3374 830 creatmse,
3404 756 3471 817 in
3500 774 3571 819 re
3600 757 3769 835 ipsa,

2198 850 2280 911 ab
2310 851 2535 911 effectu
2562 869 2691 912 non
2715 850 3140 931 distinguitur,
3169 868 3429 911 necesse
3460 856 3555 912 est
3582 854 3653 911 ut
3682 851 3771 911 ab

2200 944 2439 1005 eisdem
2468 945 2675 1005 causis
2700 944 3013 1024 pendeat,
3067 962 3106 1004 a
3147 944 3375 1023 quibus
3416 944 3653 1025 pendet
3680 944 3773 1005 ef-

2196 1034 2438 1109 fectus;
2486 1037 2537 1097 si
2562 1054 2710 1098 vero
2743 1043 2835 1098 est
2877 1036 3113 1115 aliquid
3152 1036 3511 1098 distinctum
3548 1036 3631 1097 ab
3674 1038 3775 1099 ef-

2194 1128 2387 1205 fectu,
2434 1131 2657 1193 saltem
2683 1136 2753 1193 ut
2783 1131 3008 1192 modus
3044 1131 3178 1205 rei,
3227 1131 3377 1192 illud
3412 1131 3621 1210 ipsum
3669 1150 3775 1191 se-

2196 1224 2475 1286 cundum
2518 1242 2770 1287 omnem
2808 1225 3047 1286 realem
3078 1226 3385 1287 rationem
3412 1244 3451 1284 a
3489 1226 3619 1287 Deo
3650 1244 3777 1306 per

2198 1336 2267 1379 se
2297 1337 2555 1381 manare
2588 1324 2652 1379 et
2672 1319 2950 1397 pendere
2980 1336 3239 1380 necesse
3266 1324 3382 1391 est,
3415 1318 3639 1380 eadem
3662 1318 3775 1379 vel

2198 1412 2421 1493 majori
2454 1412 2720 1488 ratione,
2753 1430 2947 1492 quam
2977 1412 3185 1491 ipsum
3216 1413 3529 1488 effectum,
3558 1419 3631 1474 ut
3658 1413 3775 1473 de-

2200 1505 2503 1568 claratum
2532 1510 2647 1569 est.
2672 1508 2747 1567 Et
2774 1506 3031 1586 quidem
3059 1506 3271 1568 divina
3296 1507 3613 1586 Scriptura
3634 1526 3773 1567 non

2198 1604 2441 1661 tantum
2474 1600 2555 1661 de
2612 1598 2955 1673 effectibus,
2997 1598 3111 1661 sed
3162 1599 3243 1661 de
3294 1600 3773 1679 operationibus

2202 1693 2389 1755 etiam
2408 1692 2703 1771 loquitur,
2736 1710 2881 1753 cum
2906 1693 3187 1753 omnium
3218 1693 3617 1771 operationes
3630 1694 3769 1753 Deo

2201 1787 2511 1859 attribuit;
2570 1786 2851 1866 operatio
2890 1792 3100 1847 autem
3147 1786 3459 1847 actionem
3508 1787 3773 1866 proprie

2202 1879 2453 1941 indicat.
2488 1880 2617 1941 Hoc
2660 1879 2848 1941 etiam
2890 1879 3141 1959 egregie
3170 1879 3543 1941 confirmant
3568 1881 3773 1939 verba

2202 1974 2307 2034 illa
2332 1976 2559 2035 Joann.
2608 1976 2629 2033 1
2670 1990 2683 2033 :
2731 1972 2883 2037 Sine
2911 1974 3043 2055 ipso
3068 1977 3297 2054 sactum
3344 1978 3437 2037 est
3471 1970 3629 2035 nihil
3654 1997 3683 2043 ,·
3712 1972 3771 2032 si

2204 2084 2355 2146 ergo
2383 2066 2543 2127 actio
2574 2072 2873 2128 creaturae
2906 2070 3001 2127 est
3028 2065 3287 2145 aliquid,
3318 2066 3453 2127 sine
3475 2065 3611 2145 ipso
3634 2066 3774 2127 fac-

2200 2161 2265 2219 ta
2316 2176 2443 2221 non
2488 2164 2602 2219 est.

2281 2252 2341 2311 6.
2393 2250 2729 2315 Concursus
2756 2249 2872 2315 Dei
2908 2252 2991 2315 ad
3007 2252 3315 2315 actionem
3342 2270 3541 2317 cauete
3558 2270 3777 2317 secun-

2202 2343 2293 2405 doe
2331 2361 2437 2407 nec
2466 2348 2556 2405 est
2572 2344 2843 2422 proevius
2876 2344 2961 2407 ad
2986 2345 3278 2407 actionem
3304 2343 3521 2427 ipsam,
3566 2363 3673 2408 nec
3696 2344 3779 2407 ab

2200 2454 2271 2501 ea
2294 2435 3011 2517 &diffinitum—Atque
3028 2455 3106 2498 ex
3134 2437 3230 2497 his
3256 2436 3546 2497 omnibus
3566 2438 3779 2516 quod-

2202 2529 2349 2590 dam
2398 2528 2771 2608 principium
2822 2529 3243 2609 colligendum
3300 2536 3395 2591 est
3410 2576 3433 2607 ‚
3480 2530 3562 2591 ad
3598 2530 3777 2607 quod

2202 2620 2641 2683 stabiliendum
2693 2623 2826 2683 haec
2866 2622 3075 2683 omnia
3117 2621 3407 2695 diximus,
3444 2622 3773 2695 nimirum,

2201 2716 2369 2775 hunc
2398 2714 2758 2793 generalem
2804 2733 3177 2777 concursum
3205 2716 3311 2777 Dei
3338 2715 3419 2776 ad
3456 2716 3779 2777 actionem

2200 2808 2558 2881 voluntatis,
2596 2826 2710 2869 seu
2752 2826 2956 2869 causae
2986 2808 3301 2884 secundae,
3350 2808 3559 2886 quoad
3598 2808 3781 2867 hunc

2201 2900 2523 2982 proprium
2561 2906 2622 2961 et
2667 2901 3093 2962 immediatum
3124 2902 3429 2961 influxum
3455 2901 3519 2963 in
3557 2901 3775 2979 ipsum

2204 2994 2517 3065 effectum,
2540 3012 2667 3053 non
2695 3011 2832 3054 esse
2856 2993 3092 3073 aliquid
3119 2994 3473 3055 distinctum
3496 2995 3595 3053 vel
3612 3012 3779 3071 prae-

2201 3089 2370 3150 vium
2395 3087 2475 3149 ad
2504 3088 2815 3150 actionem
2844 3106 3045 3150 causas
3075 3088 3387 3162 secundae,
3412 3106 3621 3168 neque
3648 3088 3779 3148 cir-

2200 3201 2275 3243 ca
2293 3201 2551 3244 causam
2582 3183 2776 3262 ipsam
2806 3184 3063 3256 versari,
3096 3184 3153 3244 ei
3178 3182 3413 3263 aliquid
3434 3184 3777 3245 conferen-

2202 3278 2283 3339 do
2312 3296 2437 3356 quo
2472 3276 2553 3338 ad
2591 3277 2911 3357 agendum
2950 3278 3049 3339 vel
3088 3278 3423 3340 inclinetur
3457 3278 3735 3357 amplius
3758 3323 3777 3349 ,

2201 3371 2299 3431 vel
2328 3369 2732 3443 confortetur,
2780 3377 2891 3432 aut
2915 3371 2979 3431 in
3015 3371 3074 3430 vi
3100 3371 3329 3450 agendi
3374 3390 3781 3432 consumme-

2201 3470 2321 3527 tur.
2370 3463 2697 3538 Probatur,
2734 3465 2881 3546 quia
2925 3470 3247 3525 ostensum
3274 3470 3369 3526 est
3414 3465 3580 3526 hunc
3618 3483 3781 3525 con-

2200 3575 2449 3618 cursum
2510 3575 2647 3618 esse
2702 3556 2993 3617 eamdem
3046 3557 3359 3618 actIonom
3406 3577 3609 3618 causae
3670 3577 3783 3618 se-

2198 3649 2417 3711 cundae
2444 3695 2469 3726 ‚
2524 3656 2593 3711 ut
2634 3657 2729 3712 est
2775 3649 2884 3710 Dei
2929 3650 3173 3728 agentis
3228 3656 3291 3711 et
3336 3653 3781 3712 concurrentis

2200 3761 2342 3805 cum
2374 3742 2510 3816 illa;
2554 3760 2706 3823 ergo
2738 3761 3077 3804 concursus
3102 3743 3213 3804 Dei
3246 3743 3329 3804 ad
3356 3743 3547 3804 talem
3578 3746 3783 3806 aetio-

2196 3853 2349 3896 nem
2374 3854 2503 3896 non
2548 3842 2755 3915 potest
2792 3854 2931 3896 esse
2959 3836 3261 3914 praevium
3306 3836 3542 3915 aliquid
3569 3837 3653 3896 ad
3701 3837 3781 3896 il-

2199 3929 2327 3990 lam
2368 3928 2707 4002 actionem,
2740 3929 2887 4008 quia
2918 3923 3141 3990 eadem
3174 3929 3335 3990 actio
3376 3949 3504 3990 non
3556 3937 3783 4009 potest

2202 4040 2340 4084 esse
2388 4022 2619 4102 praevia
2658 4021 2739 4082 ad
2782 4022 3073 4100 seipsam.
3132 4023 3369 4083 Rursus
3422 4023 3557 4084 haec
3597 4026 3777 4085 actio

2198 4121 2331 4178 tota
2366 4121 2651 4177 versatur
2678 4115 2841 4178 circa
2866 4115 3155 4178 effectum
3185 4117 3379 4196 ipsius
3422 4135 3627 4178 causas
3672 4136 3781 4179 se-

2202 4207 2423 4270 cundae
2450 4226 2467 4282 ;
2506 4225 2655 4269 nam
2692 4207 2757 4268 in
2786 4209 2959 4269 illum
2996 4209 3191 4270 tendit
3210 4215 3281 4270 ut
3304 4209 3371 4270 in
3396 4209 3778 4286 terminum,

2203 4301 2303 4364 cui
2332 4319 2446 4381 per
2474 4318 2615 4361 eam
2646 4319 2783 4362 esse
2810 4300 3159 4375 confertum
3210 4321 3359 4381 ergo
3387 4322 3515 4364 non
3551 4322 3784 4364 versa-

2204 4402 2306 4458 tur
2352 4395 2516 4456 circa
2562 4413 2819 4457 causam
2855 4395 3057 4476 ipsam
3090 4442 3105 4471 ,
3160 4415 3369 4476 neque
3414 4398 3473 4460 ei
3526 4397 3785 4476 aliquid

2204 4488 2463 4551 confert.
2495 4487 2673 4560 Quod
2700 4489 3035 4568 quidemin
3062 4489 3409 4551 actionibus
3436 4495 3783 4552 transeun-

2204 4582 2369 4644 tibus
2398 4587 2493 4644 est
2520 4600 2635 4662 per
2662 4599 2729 4643 se
2754 4582 3151 4644 manifestum
3172 4602 3187 4656 ;
3212 4601 3363 4644 nam
3381 4582 3501 4644 illae
3518 4603 3651 4646 non
3672 4605 3783 4646 re-

2206 4675 2520 4754 cipiuntur
2557 4674 2621 4735 in
2660 4681 2910 4756 agente,
2936 4693 3143 4754 neque
3179 4675 3235 4736 ei
3264 4677 3585 4756 quippiam
3620 4697 3783 4738 con-

2206 4767 2437 4840 ferunt,
2469 4773 2539 4828 ut
2558 4785 2636 4828 ex
2660 4769 3055 4848 Philosophia
3086 4769 3532 4848 supponimus;
3570 4770 3639 4831 in
3668 4790 3785 4834 ae-

2208 4863 2375 4922 tione
2425 4878 2574 4921 vero
2612 4861 3021 4932 immanente,
3063 4861 3267 4941 qualis
3314 4869 3411 4924 est
3456 4863 3617 4924 actio
3660 4884 3785 4926 vo-

2205 4953 2483 5026 luntatiS,
2524 4953 2603 5015 de
2640 4973 2764 5032 qua
2790 4971 2959 5014 nunc
2984 4953 3322 5034 loquimur,
3360 4962 3454 5016 est
3495 4957 3615 5018 hoc
3648 4958 3789 5019 for-

2204 5047 2449 5108 maliter
2476 5065 2551 5108 ac
2569 5065 2684 5126 per
2720 5064 2788 5107 se
2824 5046 3299 5127 intelligendum
3328 5048 3407 5110 de
3421 5049 3785 5120 voluntate,

2206 5141 2461 5218 scilicet,
2492 5146 2561 5202 ut
2575 5158 2765 5201 causa
2803 5140 3081 5201 efficiens
3110 5147 3205 5202 est
3232 5161 3363 5204 suoe
3390 5143 3679 5218 actioniS,
3714 5153 3788 5208 et

2204 5236 2282 5298 de
2310 5253 2619 5298 concursu
2660 5235 2767 5297 Dei
2794 5252 2938 5296 cum
2978 5236 3121 5309 iua;
3153 5235 3241 5298 sic
3270 5237 3437 5298 enim
3463 5239 3607 5299 talis
3627 5259 3787 5300 con-

2203 5347 2443 5402 cursuS,
2472 5347 2615 5390 cum
2644 5347 2773 5390 non
2787 5327 3203 5409 distinguatur
3222 5329 3304 5390 ab
3334 5329 3467 5410 ipsa
3494 5331 3779 5410 actione,

2203 5442 2331 5486 non
2368 5427 2652 5484 versatur
2682 5422 2847 5484 circa
2897 5423 3306 5498 voluntatem,
3346 5430 3415 5484 ut
3450 5431 3545 5486 est
3595 5427 3783 5506 prin-

2204 5515 2437 5596 cipium
2476 5516 2618 5577 talis
2662 5514 2919 5576 actionis
2944 5559 2961 5587 ,
3010 5516 3121 5577 sed
3162 5521 3233 5578 ιιι
3275 5523 3369 5578 est
3410 5517 3775 5597 subjectum
