3850 6225
568 482 759 544 supra
798 459 1125 523 retulimus
1145 506 1162 534 ,
1210 466 1272 520 et
1330 460 1567 521 hahent
1616 456 1883 519 Plautini
1930 474 2138 515 exem-

568 556 789 637 plaria,
814 560 875 617 et
919 554 1041 614 alia
1074 553 1467 614 correctiora.
1510 553 1585 613 Et
1632 552 1713 612 ita
1741 567 1965 611 sensus
1995 555 2131 609 est:

566 650 809 711 Timeat
859 666 940 709 ne
990 646 1213 727 perdat
1250 646 1418 707 bona
1462 664 1603 724 quae
1662 642 2136 717 fecit,'scilicet

568 740 909 815 meritoria,
955 746 1017 803 et
1066 740 1255 819 digna
1306 738 1567 819 praemio
1608 753 1819 799 coram
1878 736 2033 810 De0,
2083 734 2136 795 si

568 842 787 916 postea
816 834 878 895 in
906 840 1232 914 peccatum
1272 832 1525 908 incidat,
1560 838 1621 893 et
1652 832 1715 891 in
1750 849 1825 891 eo
1846 846 2139 909 perseve-

568 934 685 991 ret.
742 929 816 989 Et
866 926 1007 987 ideo
1046 926 1307 988 fortasse
1334 944 1461 986 non
1486 925 1670 985 dixit:
1714 925 1875 986 Dwm
1903 920 1972 982 in
2000 939 2141 1003 pec-

570 1028 703 1087 cato
728 1020 1158 1103 perseveravit,
1184 1018 1299 1080 sed
1320 1018 1817 1101 perseveraverit,
1842 1016 1989 1095 quia
2011 1032 2140 1075 non

570 1117 699 1197 agit
738 1115 817 1176 de
855 1113 1061 1187 bonis,
1115 1130 1255 1192 quae
1310 1112 1449 1192 quis
1490 1114 1785 1191 operatus
1844 1114 1939 1170 est
1987 1107 2138 1167 dum

570 1212 735 1271 esset
784 1208 847 1267 in
890 1212 1057 1267 statu
1080 1204 1343 1285 peccati,
1386 1204 1499 1265 sed
1534 1222 1675 1283 quae
1702 1221 1817 1282 per
1844 1219 2139 1281 superve-

566 1302 751 1361 niens
773 1305 1099 1379 peccatum
1126 1298 1492 1360 mortificata
1527 1304 1693 1365 sunt,
1718 1302 1781 1357 et
1808 1300 2139 1355 versantur

570 1395 632 1454 in
654 1391 958 1473 pericu10,
992 1397 1058 1451 ut
1076 1392 1331 1452 omnino
1357 1391 1743 1463 amittantur,
1776 1388 1825 1449 si
1852 1390 2042 1449 homo
2071 1388 2138 1447 in

568 1492 825 1569 peccato
866 1492 1246 1566 perseveret.
1286 1487 1358 1547 Et
1396 1487 1517 1546 hoc
1566 1484 1853 1563 estquod
1885 1482 2132 1543 subdit:

580 1582 663 1646 Ut
700 1578 807 1663 qui
840 1582 1091 1643 servivit
1122 1578 1349 1643 diabolo
1375 1598 1489 1661 per
1517 1579 1762 1651 crimen,
1792 1575 1927 1649 Dei,
1957 1594 2140 1657 quam

568 1677 822 1748 obtulit,
858 1674 1137 1737 amiserit
1162 1672 1529 1737 ser-ritatem.
1558 1671 1677 1735 Ubi
1711 1672 1875 1732 clare
1906 1668 2140 1730 indicat

565 1770 741 1849 prius
779 1768 1015 1829 factum
1040 1785 1177 1829 esse
1216 1766 1453 1828 bonum
1482 1784 1638 1846 opus
1671 1766 1731 1825 in
1772 1764 2138 1826 servitutem

565 1863 703 1939 Dei,
746 1866 967 1942 postea
999 1878 1149 1921 vero
1190 1860 1595 1921 commissum
1626 1876 1763 1919 esse
1801 1856 2038 1919 crimen
2071 1858 2137 1917 in

568 1956 933 2016 servitutem
960 1952 1213 2014 diaboli.
1242 1952 1548 2032 Denique,
1577 1950 1747 2031 quod
1774 1968 1901 2011 non
1922 1950 2138 2029 loqua-

566 2053 669 2111 tur
697 2048 775 2109 dc
805 2046 1311 2109 remuneratione
1338 2046 1617 2125 priorum
1650 2044 1962 2103 bonorum
1987 2060 2137 2119 ope-

566 2160 707 2205 rum
727 2159 842 2220 per
868 2142 1066 2221 ipsam
1082 2138 1618 2220 justificationem,
1642 2135 1755 2197 sed
1779 2135 1857 2196 de
1882 2134 2134 2215 propria

568 2236 1071 2297 remuneratione
1110 2251 1225 2311 per
1254 2232 1612 2293 distinctum
1648 2229 2005 2309 praemium‚
2045 2228 2136 2289 vi-

568 2328 752 2389 detur
772 2328 1207 2399 manifestum3
1253 2331 1385 2386 tum
1424 2324 1571 2404 quia
1614 2323 1769 2383 alias
1798 2340 1926 2381 non
1949 2321 2138 2382 dixis-

570 2427 707 2483 set:
763 2421 952 2484 Pium
1000 2424 1091 2483 est
1124 2419 1377 2492 credere,
1423 2434 1595 2489 nam,
1650 2416 1703 2475 si
1758 2414 1964 2475 solum
2005 2416 2140 2473 erat

570 2533 780 2577 sermo
806 2513 885 2575 de
930 2511 1129 2592 gratia
1166 2509 1650 2591 justificationiS,
1700 2526 1829 2569 nou
1870 2506 2138 2567 multum

568 2606 885 2669 referebat
920 2606 1003 2667 ad
1030 2606 1327 2685 pietatem
1355 2604 1455 2665 vel
1484 2601 1977 2664 consolationem
1999 2618 2141 2679 pec·

570 2708 879 2777 catorum,
915 2699 1086 2780 quod
1124 2698 1267 2759 talis
1314 2698 1513 2777 gratia
1540 2696 1724 2757 detur
1764 2694 1827 2755 in
1866 2693 2138 2772 aliquale

568 2796 901 2875 praemium
936 2794 1215 2873 priorum
1254 2810 1556 2871 operum;
1602 2807 1753 2850 nam
1798 2788 1847 2849 si
1882 2791 2141 2867 propter

568 2889 673 2950 illa
718 2906 911 2967 opera
968 2904 1095 2947 non
1142 2885 1329 2946 datur
1380 2884 1581 2963 major
1623 2882 1823 2962 gratia
1858 2926 1873 2953 ,
1912 2897 2138 2959 parum

568 2982 827 3043 interest
848 2978 1259 3057 nostra,quod
1274 2978 1458 3038 detur
1478 2977 1703 3037 intuitu
1716 2974 1966 3035 illorum
1992 2992 2137 3053 ope-

568 3094 731 3149 rum,
758 3092 980 3146 necne,
1000 3072 1342 3134 dummodo
1360 3070 1538 3133 uobis
1554 3070 1737 3131 detur
1756 3088 1770 3140 ;
1796 3070 1932 3129 tum
1949 3068 2136 3129 ctiam

569 3169 715 3250 quia
744 3168 935 3229 verba
960 3167 1098 3227 illa:
1140 3167 1223 3230 Ut
1243 3169 1483 3246 recepta
1512 3165 1627 3226 Dei
1654 3162 1882 3246 qratia,
1914 3179 2048 3242 qua
2071 3162 2139 3224 in

567 3282 631 3328 eo
652 3260 911 3326 destruit
940 3259 1111 3322 mala
1128 3257 1369 3341 priora,
1400 3259 1583 3320 etiam
1610 3260 1944 3318 remaneret
1963 3255 2138 3330 bona,

568 3355 719 3418 satis
748 3359 965 3434 aperte
990 3352 1265 3412 indicant
1286 3367 1639 3412 sermonem
1668 3367 1805 3408 esse
1830 3346 1908 3407 de
1929 3365 2139 3407 remu-

566 3449 889 3512 neratione
928 3445 1217 3507 distincta
1254 3444 1335 3504 ab
1374 3444 1507 3523 ipsa
1542 3442 1964 3503 destructione
1995 3459 2138 3520 pec·

568 3539 881 3618 cati,'quae
904 3538 973 3600 fit
1001 3556 1116 3618 per
1148 3538 1365 3617 primae
1384 3535 1607 3616 ‘gratiae
1641 3534 2043 3607 infusionem,
2073 3539 2134 3595 et

568 3636 757 3697 talem
804 3631 1377 3693 remunerationem
1420 3628 1720 3708 subsequi
1770 3627 1851 3688 ad
1892 3626 2132 3707 peccati

568 3727 1001 3790 remissionem
1020 3747 1037 3800 ς
1090 3723 1259 3804 quod
1310 3722 1512 3802 magis
1558 3721 1879 3782 declarant
1939 3721 2131 3782 verba

565 3819 937 3902 sequentia:
1010 3819 1110 3893 Ut,
1156 3835 1292 3881 cwm
1334 3813 1702 3880 destruxerit
1740 3816 1899 3897 qnod
1955 3833 2132 3878 suari

566 3933 685 3977 nou
711 3914 963 3984 invenit,
994 3915 1149 3975 amet
1176 3913 1233 3973 et
1258 3909 1480 3991 diliqat
1501 3909 1739 3984 bonum,
1766 3907 1925 3989 quod
1947 3907 2132 3970 etiam

566 4007 633 4068 in
675 4010 959 4088 peccante
978 4002 1309 4086 plantavit.
1359 4001 1613 4063 Accedit
1660 4001 1917 4062 tandem
1961 3999 2132 4078 quod

566 4098 735 4178 apud
757 4097 1175 4178 Augustinum
1195 4093 1557 4176 justificatio
1594 4110 1919 4171 nunquam
1946 4111 2134 4153 voca-

565 4198 667 4254 tur
693 4192 1020 4272 praemium
1058 4191 1370 4252 bonorum
1408 4207 1692 4268 operum,
1718 4207 1856 4268 quae
1884 4187 1950 4247 in
1991 4205 2133 4267 pec-

567 4292 706 4347 cato
732 4283 980 4346 mortali
1013 4283 1193 4356 fiunt,
1224 4281 1335 4343 sed
1366 4282 1448 4342 ad
1476 4299 1795 4342 summum
1826 4281 1990 4340 illius
2011 4279 2133 4340 dis-

568 4379 892 4458 positionis
938 4376 1197 4449 ultimae,
1256 4393 1379 4454 qua
1421 4375 1731 4455 quispiam
1758 4392 1827 4434 sc
1864 4373 1945 4434 ad
1991 4391 2134 4453 gra-

570 4473 719 4533 tiam
750 4474 1079 4551 praeparat,
1100 4475 1163 4530 ct
1192 4467 1354 4529 illius
1386 4487 1512 4528 non
1534 4467 1781 4548 proprie
1812 4473 1875 4528 et
1902 4466 2133 4546 simpli-

568 4566 741 4638 citer,
774 4564 887 4625 sed
932 4569 1175 4625 tantum
1208 4563 1555 4624 secundum
1579 4561 1764 4640 quid;
1795 4561 1896 4622 hic
1918 4564 2130 4621 autem

568 4657 843 4736 loquitur
880 4655 1162 4717 absolute
1183 4655 1261 4717 de
1282 4653 1791 4716 remuneratione
1819 4653 2132 4714 bonorum

568 4767 833 4830 operum
866 4793 883 4824 ,
938 4749 1165 4828 quibus
1235 4748 1443 4810 verbis
1516 4745 1937 4809 remuneratio
1993 4745 2130 4808 vitoe

570 4849 821 4904 {eternae
857 4841 1194 4922 significari
1239 4841 1416 4902 solet.
1463 4843 1663 4920 Atque
1711 4841 1791 4902 ita
1829 4839 2132 4901 intellexit

568 4938 707 4998 haec
738 4935 927 4997 verba
959 4935 1287 5015 Augustini
1320 4934 1650 4996 Gratianus
1680 4933 1747 4994 in
1778 4952 1916 5013 cap.
1946 4931 2134 4996 Pium

570 5033 683 5102 est,
738 5029 817 5090 de
864 5029 1251 5102 Paenitentia,
1316 5026 1587 5089 distinct.
1632 5027 1693 5102 3,
1732 5035 1794 5089 et
1850 5027 1911 5086 in
1967 5025 2131 5086 dicto

570 5123 607 5204 ἓ
630 5125 874 5197 Dicens,
900 5121 978 5183 de
1006 5121 1257 5196 Poenit.,
1290 5121 1559 5184 distinct.
1587 5122 1646 5182 4.

648 5217 709 5276 6.
759 5216 1071 5277 Praeterea
1106 5214 1392 5274 nonnihil
1435 5215 1661 5293 juvant
1720 5213 1911 5274 verba
1961 5217 2131 5294 ejus-

570 5311 717 5372 dem
760 5307 1095 5390 Augustini
1142 5325 1283 5387 quae
1332 5309 1496 5370 male
1548 5308 1749 5369 solent
1801 5307 2130 5370 Ambrosio

570 5403 781 5478 tribui,
812 5403 971 5464 libro
1007 5401 1189 5464 tertio
1230 5400 1765 5482 Hypognosticon,
1798 5400 2000 5480 capite
2025 5419 2134 5462 no-

1164 359 1377 415 OPUSC.
1412 360 1473 412 V.
1508 355 1812 412 iit-:Lucno
1844 356 1927 410 nt:
1958 355 2436 411 nm'iviscENnA
2467 356 2846 413 nummum.
2881 356 3120 411 nispm.
3155 358 3194 410 1.

2218 464 2278 521 et
2322 463 2607 538 persi-cta,
2657 477 2792 540 Μ
2839 458 3098 536 desectus
3133 462 3376 521 revocat
3425 458 3501 520 ad
3535 466 3710 539 perfec-

2221 556 2370 614 tum.
2412 553 2596 615 Citari
2623 558 2924 632 praeterea
2953 551 3112 614 solet
3143 552 3522 633 Augustinus
3545 564 3712 619 contra

2215 645 2679 719 Macedonium,
2711 652 2782 706 ut
2807 646 3020 733 videre
3059 651 3154 706 est
3185 646 3250 705 in
3281 646 3462 715 Soto;
3501 645 3631 707 duas
3647 655 3714 709 ta·

2219 756 2364 800 men
2399 740 2650 801 invenio
2676 739 2984 818 Epistolas
3019 738 3353 819 Augustini
3383 736 3462 797 ad
3487 738 3715 801 Macedo-

2219 832 2416 907 nium,
2451 836 2529 895 52
2563 839 2624 895 et
2661 835 2762 906 54,
2803 834 2867 893 in
2909 833 3137 912 quibus
3171 850 3485 912 perpauca
3529 836 3716 913 attingit

2219 925 2298 986 de
2342 926 2732 1005 poenitentia,
2765 925 3044 1004 nihilque
3073 925 3242 1004 quod
3279 924 3366 984 ad
3409 930 3716 1002 praesentem

2221 1037 2476 1079 causam
2521 1018 2836 1091 conferat;
2881 1038 3031 1079 nam
3069 1019 3132 1079 in
3161 1017 3354 1097 priori
3385 1017 3572 1077 solum
3612 1021 3716 1079 insi-

2221 1118 2376 1173 nuat
2425 1112 2686 1174 virtutes
2743 1119 2918 1173 extra
2963 1112 3230 1191 gratiam
3281 1110 3602 1188 acquisitas
3637 1130 3716 1173 seu

2219 1223 2562 1285 possessas,
2597 1206 2968 1267 adveniente
3021 1204 3218 1285 gratia
3251 1203 3564 1277 vivificari,
3585 1208 3716 1267 etin-

2221 1301 2430 1379 cipere
2457 1318 2596 1360 esse
2627 1318 2812 1361 veras
2834 1300 3094 1359 virtutes
3123 1318 3140 1371 ;
3185 1298 3252 1357 iu
3277 1298 3590 1375 posteriori
3615 1317 3716 1359 vero

2221 1392 2422 1453 solum
2469 1392 2620 1453 dicit
2660 1394 2858 1454 Deum
2889 1393 2974 1452 ita
3003 1410 3141 1452 esse
3185 1390 3644 1459 misericordem,
3673 1402 3717 1453 ut

2219 1505 2346 1546 non
2377 1486 2622 1547 omittat
2647 1484 3086 1566 peccatoribus
3116 1483 3490 1545 benefacere
3527 1489 3718 1561 propter

2220 1586 2500 1661 peccata,
2527 1580 2718 1641 etiam
2745 1579 3112 1659 gravissima
3137 1598 3153 1651 ;
3183 1576 3288 1638 ubi
3319 1594 3522 1638 sermo
3545 1584 3716 1637 estnon

2219 1673 2298 1733 de
2331 1672 2840 1733 remuneratione
2875 1690 3160 1751 operum,
3195 1670 3310 1733 sed
3353 1669 3432 1730 de
3473 1672 3716 1729 communi

2217 1764 2666 1839 beneficentia,
2707 1784 2901 1845 quam
2939 1768 3108 1826 Deus
3151 1762 3398 1825 con'fert
3449 1764 3716 1841 peccatori-

2216 1859 2360 1933 buS,
2393 1860 2582 1921 etiam
2611 1860 2674 1919 in
2703 1863 2964 1940 peccato
2995 1855 3558 1938 perseverantibus,
3583 1862 3717 1933 atque

2221 1954 2384 2015 adeo
2435 1972 2562 2035 non
2607 1959 2864 2033 propter
2899 1952 3340 2033 poenitentiam
3397 1967 3574 2029 quam
3603 1949 3719 2011 fece·

2217 2053 2388 2122 runt,
2423 2047 2535 2109 sed
2563 2054 2636 2109 ut
2671 2047 2838 2109 illam
2869 2047 3120 2120 faciant,
3153 2046 3344 2125 juxta
3369 2043 3554 2105 illud:
3585 2046 3720 2126 1920-

2218 2158 2326 2203 ras
2359 2140 2504 2221 quia
2529 2138 2868 2221 beni-auitas
2901 2140 3014 2203 Dei
3049 2140 3133 2202 ad
3146 2136 3556 2221 paenitentiam
3581 2142 3626 2199 te
3643 2140 3720 2201 ad-

2219 2233 2406 2308 ducit,
2443 2234 2524 2294 ad
2551 2236 2730 2295 Rom.
2764 2236 2840 2305 2;
2891 2240 2954 2295 et
2981 2232 3170 2293 iuud:
3203 2230 3602 2294 Dissimulans
3621 2250 3720 2309 pec-

2219 2333 2358 2391 cata
2393 2328 2700 2389 hminum
2736 2332 2988 2409 propter
3013 2324 3459 2407 poenitentiam,
3493 2324 3712 2403 Sapient

2223 2422 2320 2481 Η.
2352 2419 2502 2481 Inde
2537 2438 2686 2481 vero
2707 2419 2844 2480 fieri
2875 2424 3080 2499 potest
3113 2418 3497 2497 conjectura,
3525 2418 3568 2476 si
3595 2420 3714 2477 Deus

2227 2518 2354 2573 tam
2383 2513 2696 2593 benignus
2737 2518 2800 2573 et
2835 2512 3110 2573 liberalis
3137 2517 3236 2572 est
3263 2529 3412 2571 cum
3449 2512 3713 2589 peccatori·

2223 2605 2344 2665 bus
2385 2606 2670 2667 nondum
2705 2606 3138 2685 poenitentiam
3175 2603 3526 2683 agentibus,
3557 2604 3712 2663 verisi-

2223 2698 2370 2761 mile
2401 2705 2516 2773 est,
2555 2718 2698 2761 cum
2751 2700 2848 2759 his
2889 2700 3000 2778 qui
3049 2698 3486 2778 poenitentiam
3529 2704 3708 2775 agunt,

2222 2793 2408 2873 longe
2457 2810 2597 2854 esse
2641 2792 3082 2867 liberaliorem,
3113 2790 3200 2853 ita
3234 2794 3307 2851 ut
3343 2791 3520 2851 etiam
3561 2792 3710 2868 priora
3778 2838 3779 2851 ,

2221 2904 2440 2947 eorum
2471 2886 2636 2947 bona
2679 2892 3062 2947 remuneret.
3533 2953 3539 2959 ⁴
3778 2946 3779 2953 χ

2299 2982 2358 3040 7.
2387 2980 2692 3041 Praeterea
2712 2980 2990 3041 indicant
3007 2980 3168 3041 hanc
3189 2979 3552 3040 sententiam
3569 2977 3712 3037 sancti

2220 3076 2432 3137 Patres
2463 3080 2850 3153 exponentes
2877 3073 2979 3134 illa
3007 3073 3226 3147 verba,
3263 3073 3348 3135 ad
3365 3071 3608 3140 Galatas,
3633 3076 3714 3131 ter·

2219 3167 2302 3230 tio
2338 3188 2354 3232 :
2411 3168 2616 3231 Tanta
2641 3169 2820 3250 passi
2855 3170 3006 3231 estis
3053 3169 3184 3230 sine
3229 3184 3442 3239 causa,
3483 3165 3534 3228 si
3569 3171 3714 3228 tanea

2217 3264 2348 3326 sine
2394 3279 2599 3327 causa.
2651 3261 2766 3324 Ubi
2810 3260 3232 3340 Hieronymus
3273 3259 3553 3340 praedicta
3575 3257 3714 3317 verba

2219 3356 2308 3416 sic
2351 3355 2436 3416 ait
2487 3373 2626 3414 csse
2675 3353 3104 3434 intelligenda,
3149 3354 3324 3434 quod
3369 3353 3599 3424 Galatae,
3640 3349 3714 3428 qui

2215 3450 2390 3528 prius
2437 3449 2500 3510 in
2548 3448 2860 3510 Christum
2903 3448 3335 3523 crediderunt,
3375 3468 3413 3508 a
3452 3445 3646 3507 Judaeis
3673 3449 3714 3504 et

2215 3541 2568 3604 Gentilibus
2599 3541 2796 3602 multa
2833 3547 3090 3620 propter
3123 3543 3436 3606 Christum
3455 3539 3600 3618 passi
3620 3537 3714 3596 fue-

2214 3641 2395 3709 rant,
2441 3653 2578 3714 quai
2625 3633 2855 3695 frustra
2897 3640 2962 3698 et
3009 3635 3144 3698 siue
3185 3635 3396 3696 fructu
3443 3634 3524 3693 eis
3561 3631 3712 3690 futura

2214 3733 2413 3800 erant,
2447 3728 2496 3786 si
2544 3745 2580 3788 a
2623 3727 2846 3788 Christi
2875 3729 3072 3806 gratia
3101 3729 3524 3798 recessissent,
3555 3731 3606 3784 et
3629 3725 3710 3782 hoc

2213 3828 2308 3882 est
2337 3839 2556 3898 passos
2598 3839 2736 3882 esse
2785 3821 2922 3882 sine
2957 3841 3180 3896 causa;
3209 3840 3328 3884 cur
3363 3827 3556 3882 autem
3589 3815 3712 3876 addi·

2211 3919 2344 3975 tum
2375 3912 2490 3974 sit:
2529 3912 2608 3977 Si
2637 3918 2836 3977 tamen
2869 3915 2999 3978 sine
3027 3932 3238 3989 eausa,
3265 3914 3530 3977 declarat
3555 3911 3710 3970 Hiero·
3776 3969 3777 3972 ,

2213 4025 2464 4086 nymus,
2483 4007 2697 4068 dicens
2719 4026 2732 4066 :
2763 4005 2971 4070 Simul
2985 4013 3044 4072 et
3058 4009 3156 4072 hic
3179 4008 3589 4090 aspiciendum,
3603 4005 3713 4084 quod

2213 4099 2563 4182 quicumque
2591 4101 2658 4163 ob
2689 4099 2922 4164 Christi
2941 4103 3122 4180 fidem
3149 4101 3528 4171 laboraverit,
3555 4103 3601 4160 et
3615 4113 3708 4177 pos-
3776 4085 3777 4125 ³

2215 4197 2312 4255 tea
2336 4192 2548 4276 lapsus
2565 4195 2728 4271 fueri
2732 4196 2757 4255 t
2783 4195 2851 4256 in
2874 4197 3207 4276 peccatum,
3233 4193 3397 4258 sicut
3417 4193 3602 4275 priora
3621 4189 3710 4250 sine

2215 4303 2402 4350 causa
2437 4303 2663 4368 passus
2717 4284 2950 4348 dicitur
2991 4285 3184 4366 fuisse
3235 4288 3378 4350 ditm
3415 4287 3610 4367 pecca,
3647 4279 3708 4342 sit

2213 4396 2462 4440 rursum
2507 4395 2624 4440 non
2661 4379 2884 4459 perdat
2908 4395 3009 4452 ea,
3051 4378 3108 4442 si
3134 4381 3218 4443 ad
3237 4379 3560 4460 pristinam
3575 4375 3709 4448 fidem

2212 4475 2272 4534 et
2309 4475 2628 4552 antiquum
2667 4469 2936 4534 stadium
2985 4476 3352 4534 revertatur.
3407 4469 3580 4542 Quem
3609 4485 3708 4526 sen·

2213 4582 2350 4624 sum
2379 4563 2670 4625 indicavit
2696 4563 2882 4624 etiam
2911 4564 3279 4626 Ambrosius
3306 4565 3512 4626 dicens
3539 4581 3550 4620 :
3575 4559 3708 4624 Gala-

2211 4663 2292 4720 toe
2317 4657 2514 4721 multa
2541 4658 2726 4740 passi
2761 4661 2906 4720 suat
2935 4659 3274 4720 insaniores
3303 4657 3540 4740 experti,
3579 4653 3708 4732 cuju

2208 4751 2304 4812 rei
2325 4751 2612 4812 mer-itm
2629 4749 3022 4830 perdiderant
3047 4750 3352 4815 mittentes
3381 4768 3444 4812 se
3465 4749 3560 4811 sab
3581 4748 3706 4827 lega,-

2212 4844 2319 4907 sed
2337 4843 2482 4926 qaia
2507 4843 2732 4924 adjecit
2745 4867 2767 4902 .·
2794 4837 2876 4906 Si
2901 4849 3101 4906 tamen
3127 4845 3258 4908 sine
3283 4861 3480 4916 eausa,
3507 4839 3706 4903 ostendit

2213 4954 2457 5018 sperare
2474 4954 2558 5008 se,
2573 4953 2753 5018 posse
2771 4937 3104 5013 resomari
3123 4937 3287 5000 illos.
3309 4938 3382 4998 Et
3403 4932 3699 4996 Anselmus:

2219 5029 2370 5092 Sine
2403 5046 2614 5106 eausa,
2655 5031 2725 5092 id
2751 5035 2862 5102 est,
2901 5031 3034 5093 siue
3067 5031 3337 5094 utilitate
3373 5033 3589 5098 cestra,·
3621 5039 3701 5086 non

2215 5129 2418 5186 tamen
2441 5124 2800 5204 affirmando
2837 5125 2962 5186 Iioec
3000 5124 3132 5187 dico
3161 5169 3182 5200 ,
3224 5143 3294 5187 ne
3316 5125 3384 5186 in
3409 5117 3701 5202 desperatio-
3774 5107 3775 5166 ἒ

2213 5235 2346 5278 nem
2386 5215 2618 5280 cadatis
2635 5267 2654 5290 ,
2699 5217 2806 5279 sed
2825 5217 2972 5297 quia
3002 5221 3316 5299 utrumque
3347 5221 3434 5280 est
3455 5215 3516 5276 in
3543 5213 3698 5276 cola*

2211 5315 2335 5374 tate
2364 5316 2598 5384 cestra,
2647 5309 2776 5372 dico
2807 5311 3349 5374 conditionabiliter
3365 5353 3382 5382 ,
3425 5309 3542 5370 siae
3563 5320 3698 5368 caasa

2211 5403 2368 5466 enim
2389 5403 2567 5484 passi
2593 5401 2764 5478 estis,
2799 5401 2858 5464 si
2885 5403 2954 5464 ia
2977 5404 3086 5467 hoc
3115 5421 3311 5467 errore
3330 5398 3666 5484 perseveretis
3677 5419 3696 5464 ,-

570 5517 675 5574 no‚
708 5498 873 5560 circa
914 5497 1151 5559 finem:
1199 5494 1571 5560 Paenitentia
1625 5511 1725 5558 res
1778 5499 1869 5558 est
1908 5492 2161 5576 optima·
2215 5511 2335 5558 non
2361 5497 2492 5559 sine
2521 5513 2746 5571 caasa,
2783 5497 2842 5558 si
2863 5497 3264 5578 resipiscatis.
3299 5497 3369 5558 Et
3393 5497 3460 5556 D.
3487 5495 3694 5554 Thomas
