3850 6225
523 382 642 445 498

524 486 656 546 ritis
701 502 1048 563 eorumque
1091 484 1404 545 essentiali
1445 484 1700 564 praemio
1745 486 2092 565 proportio-

524 585 706 651 nata3
735 597 912 658 ergo,
938 578 1222 657 quamvis
1247 578 1442 657 gloria
1466 577 1791 640 differatur
1811 579 1876 641 in
1905 598 2091 640 suum

521 676 795 749 tempus,
836 689 964 733 non
1005 677 1099 731 est
1142 690 1256 732 cur
1299 672 1495 749 gratia
1536 672 1672 750 ipsa
1720 690 1848 733 non
1881 672 2091 733 statim

525 764 900 826 conferatur.
926 767 1082 827 Nam
1105 783 1182 825 ex
1207 772 1384 844 parte
1407 766 1668 844 subjecti
1699 784 1827 826 non
1859 772 1955 827 est
1981 784 2092 827 ne-

524 858 792 918 cessaria
843 877 1006 919 nova
1035 858 1376 937 dispositio,
1411 858 1920 937 quandoquidem
1956 858 2089 919 sine

522 951 628 1011 illa
651 952 899 1012 dabitur
928 950 1264 1031 aliquando
1285 952 1462 1031 juxta
1492 952 1654 1013 hanc
1682 952 2043 1031 opinionem
2067 970 2084 1026 ;

526 1043 778 1105 aliunde
807 1062 955 1105 vero
984 1051 1231 1123 tempus
1260 1044 1448 1123 hujus
1489 1044 1626 1105 vitoe
1657 1051 1749 1106 est
1779 1050 1999 1123 aptum
2026 1050 2087 1105 et

524 1137 1062 1217 proportionatum
1081 1138 1164 1198 ad
1183 1138 1448 1217 gratiam
1467 1136 1916 1217 recipiendam,
1946 1138 2090 1199 licet

525 1250 653 1291 non
684 1232 762 1291 sit
785 1232 866 1292 ad
893 1231 1173 1313 gloriam.
1210 1234 1445 1293 Rursus
1474 1232 1608 1311 ipsa
1651 1233 1808 1293 ratio
1831 1232 2085 1311 justitiae

525 1325 800 1405 postulat
827 1330 897 1385 ut
939 1326 1217 1387 debitum
1261 1326 1468 1387 statim
1512 1326 1810 1397 solvatur,
1861 1326 1911 1386 si
1951 1324 2085 1387 fieri

525 1424 750 1498 potest,
785 1425 847 1479 et
874 1420 1062 1493 Deua,
1099 1420 1493 1496 quantumin
1527 1438 1595 1480 se
1625 1426 1741 1490 est,
1778 1437 1903 1479 non
1935 1418 2087 1480 deti-

523 1515 672 1573 neat
705 1511 1064 1573 mercedem
1091 1511 1382 1590 operarii,
1415 1519 1720 1591 quantum
1754 1513 1856 1573 ille
1889 1530 2089 1591 capax

528 1612 641 1666 est.
679 1606 986 1665 Praeterea
1015 1605 1308 1665 meritum
1337 1606 1540 1683 ipsum
1571 1612 1664 1666 est
1694 1624 1882 1667 causa
1907 1605 1988 1667 de
2018 1623 2087 1667 se

526 1697 746 1757 efficax
773 1696 854 1757 ad
881 1697 1268 1758 influendam
1300 1698 1590 1777 gratiam;
1619 1716 1732 1777 per
1758 1702 2087 1776 peccatum

526 1795 737 1850 autem
765 1790 880 1849 fuit
905 1790 1262 1869 impedituS,
1297 1796 1359 1851 et
1391 1790 1569 1869 quasi
1611 1808 1957 1869 suspensus
1982 1788 2087 1849 ille

523 1882 832 1955 influxus;
881 1900 1054 1961 ergo,
1103 1883 1314 1943 ablato
1372 1888 1656 1962 peccate,
1710 1883 1916 1943 statim
1953 1882 2087 1943 siue

527 1974 650 2035 alia
699 1975 1102 2055 dispositione
1155 1976 1346 2037 habet
1397 1976 1695 2037 eumdem
1739 1976 2083 2046 influxum;

527 2068 688 2129 sicut
706 2086 894 2147 aqua,
913 2068 1123 2130 ablato
1147 2067 1484 2141 contrario,
1508 2069 1714 2131 statim
1735 2087 1802 2129 se
1821 2067 2092 2129 restituit

527 2162 609 2222 ad
639 2162 964 2241 pristinam
996 2162 1398 2242 frigiditatem
1436 2162 1676 2241 absque
1731 2162 1852 2221 alia
1883 2160 2091 2239 dispo-

527 2255 749 2321 sitione
769 2276 786 2329 ;
845 2256 978 2315 sine
1023 2273 1212 2315 causa
1253 2274 1406 2333 ergo
1451 2254 1531 2317 ad
1573 2256 1742 2315 hunc
1800 2254 2091 2315 effectum

527 2349 794 2428 exigitur
844 2366 1007 2409 nova
1047 2348 1390 2427 dispositio,
1431 2354 1542 2409 aut
1589 2348 1886 2427 temporis
1938 2346 2094 2407 dila-

525 2442 635 2504 tio.
2075 2474 2081 2481 ·

607 2536 706 2597 22.
745 2532 892 2597 Alia
915 2536 1100 2598 ratio.
1118 2532 1540 2613 —Refellitur
1568 2534 1831 2613 objectio.
1848 2566 1929 2579 —
1946 2534 2090 2597 Ulti-

525 2648 630 2690 mo
667 2636 761 2691 est
789 2630 1046 2710 vulgare
1077 2636 1538 2709 argumentum,
1567 2629 1712 2707 quia
1743 2628 2087 2707 acceptatio

527 2723 608 2783 ad
635 2723 894 2802 gloriam
921 2728 1014 2783 est
1049 2724 1308 2783 effectus
1341 2722 1619 2783 formalis
1650 2723 1864 2801 gratiae
1896 2722 2093 2781 inhae-

526 2816 757 2885 remis:
805 2813 916 2876 sed
943 2815 1048 2875 ille
1079 2816 1272 2895 homo
1301 2814 1511 2876 statim
1540 2822 1752 2878 manet
1797 2821 2093 2894 acceptus

527 2909 608 2970 ad
639 2913 830 2969 totam
869 2908 1132 2987 gloriam
1168 2908 1450 2987 priorum
1487 2908 1892 2980 meritorum;
1942 2926 2093 2988 ergo

526 3001 747 3080 recipit
801 3000 1004 3060 statim
1062 3006 1256 3061 totam
1297 2999 1562 3080 gratiam
1591 3000 1676 3060 illi
1707 3000 1918 3079 gloriae
1950 3019 2095 3079 pro—

527 3092 967 3176 portionatam.
994 3092 1382 3171 Responderi
1413 3092 1572 3156 solet
1597 3111 1734 3156 esse
1765 3100 2095 3172 acceptum

527 3205 676 3256 non,
691 3187 827 3254 fieri
849 3186 1194 3248 formaliter
1217 3203 1332 3265 per
1359 3185 1626 3266 gratiam
1661 3187 2095 3262 inhoerentem,

529 3281 643 3342 sed
665 3299 779 3360 per
808 3280 1220 3340 extrinsecam
1249 3280 1356 3340 Dei
1378 3279 1784 3341 voluntatem.
1829 3281 2098 3340 Verum-

531 3381 771 3448 tamen,
798 3374 1086 3452 quamvis
1103 3389 1242 3433 esse
1272 3377 1622 3452 acceptum,
1655 3372 1719 3432 in
1747 3389 1873 3433 una
1903 3373 2096 3452 signi—

531 3467 822 3528 ficatione
851 3467 1045 3544 possit
1085 3483 1224 3526 esse
1261 3463 1690 3528 denominatio
1719 3465 2091 3538 extrinseca,

537 3561 696 3622 sicut
751 3577 890 3622 esse
942 3564 1331 3638 acceptatum
1381 3577 1494 3638 per
1539 3558 1792 3620 alterius
1833 3577 2097 3620 consen-

539 3671 710 3726 sum,
735 3659 972 3725 tamen‚
1000 3651 1067 3710 in
1099 3651 1220 3712 alia
1244 3651 1719 3732 significatione,
1753 3670 1890 3712 esse
1920 3669 2098 3713 acee-

537 3753 738 3826 ptum,
781 3745 846 3806 id
893 3749 988 3805 est
1032 3744 1604 3823 proportionatum,
1665 3751 1727 3805 et
1767 3745 2101 3806 intrinsece

539 3845 754 3919 aptum
782 3837 863 3898 ad
885 3837 1172 3918 gloriam,
1204 3837 1463 3901 effectus
1477 3836 1756 3898 formalis
1776 3844 1870 3898 est
1889 3841 2101 3916 gratiae

539 3931 923 4004 inhaerentia,
984 3949 1190 4010 neque
1250 3931 1598 3991 extrinseca
1647 3930 2095 4002 denominati0‚

542 4027 654 4088 sed
680 4026 1018 4086 intrinseca
1045 4025 1268 4084 animae
1295 4022 1642 4084 vivificatio.
1676 4021 1969 4094 Quamvis
1994 4041 2101 4082 au-

541 4125 670 4181 tem
697 4120 862 4179 Deus
896 4117 974 4179 de
1009 4117 1287 4198 potentia
1333 4116 1618 4178 absoluta
1677 4121 1888 4196 posset
1925 4134 2105 4177 acce-

541 4218 718 4292 ptare
772 4213 1088 4273 hominem
1133 4211 1214 4272 ad
1263 4210 1528 4289 gloriam
1557 4210 1926 4285 extrinsece,
1975 4227 2103 4270 non

542 4305 864 4368 reddendo
900 4304 1076 4364 illum
1135 4305 1466 4365 intrinsece
1527 4303 2061 4382 proportionatum
2082 4348 2098 4376 ,

543 4407 754 4462 tamen
785 4397 1135 4460 secundum
1162 4397 1370 4476 legem
1399 4396 1749 4460 ordinatam
1777 4397 1840 4458 id
1867 4415 2001 4458 non
2014 4395 2104 4456 fa-

545 4494 648 4567 cit,
675 4495 853 4573 juxta
893 4511 1106 4554 veram
1161 4497 1224 4552 et
1267 4509 1488 4552 sanam
1534 4491 1912 4564 doetrinam3
1967 4490 2101 4564 sed,

544 4588 702 4648 sicut
726 4586 996 4648 amando
1021 4585 1170 4646 facit
1192 4585 1428 4646 bonum
1455 4583 1624 4664 quod
1639 4589 1830 4657 amat,
1857 4585 1965 4657 ita,
2000 4602 2106 4645 ac-

543 4679 851 4759 ceptando
879 4679 1158 4758 aliquem
1183 4678 1265 4739 ad
1290 4678 1554 4758 gloriam
1581 4677 1815 4738 secund
1825 4695 1929 4737 um
1950 4695 2106 4756 prae-

545 4776 786 4833 sentem
819 4771 1146 4850 justitiam,
1173 4771 1322 4832 facit
1347 4771 1520 4832 illum
1561 4771 1894 4832 intrinsece
1925 4788 2105 4831 acce-

541 4870 742 4944 ptum,
775 4870 838 4924 et
862 4869 1076 4942 aptum
1108 4864 1188 4925 ad
1227 4864 1514 4925 eamdem
1541 4863 1844 4942 gloriam;
1903 4870 1966 4924 et
2018 4864 2102 4924 ita

542 4956 812 5036 pertinet
866 4958 986 5018 hoc
1039 4956 1121 5017 ad
1179 4957 1468 5020 effectum
1513 4956 1842 5018 formalem
1889 4958 2101 5036 gratiae

542 5049 1004 5113 sanctificantis.
1057 5051 1220 5129 Ergo
1248 5049 1383 5130 pari
1433 5050 1698 5122 ratione,
1729 5049 1975 5129 quoties
2002 5067 2102 5110 se-

539 5142 818 5204 cundum
859 5148 1236 5222 praesentem
1269 5142 1570 5220 iustitiam
1597 5142 1874 5222 aliquem
1921 5161 2101 5204 acce-

539 5243 673 5318 ptat
717 5236 797 5298 ad
840 5237 1146 5315 majorem
1195 5235 1480 5316 gloriam,
1520 5254 1664 5297 eum
1707 5235 1916 5296 statim
1954 5234 2099 5297 facit

539 5331 1080 5410 proportionatum
1117 5328 1199 5390 ad
1231 5328 1400 5390 illam
1434 5347 1546 5408 per
1569 5329 1949 5390 infusionem
1972 5347 2101 5388 ma·

532 5423 690 5501 joris
735 5423 982 5504 gratiae;
1007 5440 1157 5502 ergo
1178 5423 1228 5482 si
1257 5422 1446 5482 homo
1475 5420 1748 5500 resurgit
1774 5441 1810 5480 a
1843 5427 2101 5498 peccato

538 5522 832 5596 acceptus
859 5515 942 5576 ad
965 5518 1156 5576 totam
1190 5514 1474 5594 gloriam,
1505 5531 1642 5593 quae
1673 5513 1906 5576 meritis
1936 5531 2104 5574 mor-

1095 387 1306 441 OPUSC.
1343 387 1402 439 V.
1439 386 1743 440 RELEcrlo
1777 387 1856 441 DE
1887 388 2365 442 REvtvtscENTlA
2400 388 2781 442 manrronuu.
2820 388 3054 441 msPuT.
3094 388 3155 441 11.

2171 486 2418 546 tificatis
2473 485 2943 565 respondebat,
3018 485 3290 565 resurgit
3350 483 3537 545 etiam
3586 502 3713 544 cum

2170 585 2303 641 tota
2342 581 2539 659 gratia
2568 581 2687 641 illis
2714 581 2946 642 debita.

2250 677 2351 735 23.
2400 674 2621 737 Inanis
2650 680 2739 737 est
2782 667 3095 739 distinctio
3120 675 3221 737 oui
3244 672 3549 736 innititur
3586 672 3722 735 Sco·
3815 736 3817 739 .

2175 772 2295 828 tus.
2315 800 2397 812 —
2416 769 2633 847 Neque
2664 767 2963 829 satisfacit
2992 766 3303 828 distinctio
3329 766 3439 825 illa
3470 766 3631 827 Scoti
3655 766 3723 825 de
3815 816 3817 831 ,

2170 859 2455 938 portione
2487 861 2699 940 gloriae
2754 860 3172 939 respondente
3212 860 3457 939 gratiae,
3506 862 3567 917 et
3610 876 3729 917 res-
3815 850 3817 917 ἷ

2170 952 2485 1031 pondente
2510 953 2770 1025 meritiS‚
2792 953 2937 1032 quia
2960 954 3059 1014 hie
3085 972 3213 1013 non
3234 942 3489 1033 agimus
3512 950 3593 1009 de
3614 952 3733 1028 glo-
3815 1000 3817 1015 .

2168 1046 2285 1117 ria,
2307 1064 2447 1123 quae.
2464 1047 2649 1107 datur
2668 1047 2905 1107 homini
2922 1046 3159 1125 absque
3176 1046 3316 1105 ullis
3337 1043 3587 1105 meritis
3608 1062 3735 1121 pro-

2170 1138 2351 1217 priis;
2392 1158 2515 1217 quo
2542 1158 2733 1200 sensu
2750 1146 2962 1218 posset
2988 1138 3282 1213 distingui
3304 1137 3529 1213 aliqua
3552 1136 3733 1214 gloria

2170 1232 2567 1311 respondens
2592 1232 2923 1311 gratiae,.et
2954 1249 3081 1291 non
3118 1230 3389 1301 meritis;
3410 1228 3587 1299 sed,
3618 1230 3736 1307 agi-

2169 1342 2311 1385 mus
2356 1324 2435 1385 de
2472 1324 2669 1403 gloria
2713 1343 2850 1403 quae
2884 1330 3281 1403 comparatur
3328 1340 3452 1401 per
3496 1322 3733 1400 propria
3815 1322 3817 1357 ³

2170 1418 2415 1491 merita,
2455 1424 2517 1478 et
2544 1418 2606 1477 in
2633 1419 2751 1477 hac
2778 1417 2976 1495 gloria
3008 1417 3178 1477 nulla
3222 1422 3319 1477 est
3348 1416 3581 1494 portio,
3612 1434 3735 1492 quae

2168 1512 2549 1590 respondeat
2576 1511 2835 1581 meritiS,
2856 1517 2917 1572 et
2938 1530 3067 1572 non
3088 1511 3337 1590 gratiae;
3371 1528 3531 1569 nam
3562 1528 3732 1569 omne

2170 1604 2463 1664 meritum
2496 1604 2706 1684 glorias
2740 1604 2837 1665 vel
2866 1606 3163 1683 supponit
3188 1602 3466 1683 gratiam
3490 1620 3732 1680 propor-

2167 1696 2495 1769 tionatam,
2526 1699 2596 1755 ut
2624 1699 2719 1757 est
2745 1696 2809 1755 in
2838 1696 3063 1755 merito
3089 1695 3305 1775 primae
3336 1694 3583 1773 gloriae,
3609 1695 3731 1752 fun-

2166 1788 2316 1849 dato
2346 1788 2409 1849 in
2444 1788 2811 1849 contritione
2854 1792 2921 1848 ut
2958 1788 3291 1848 informata
3330 1806 3451 1865 per
3480 1788 3729 1865 primam

2170 1884 2477 1963 gratiam:
2512 1883 2609 1945 vel
2647 1902 2860 1943 secum
2894 1884 3078 1945 affert
3112 1884 3428 1960 simulque
3470 1889 3733 1941 meretur

2170 1977 2435 2055 gratiam
2460 1976 2992 2055 proportionatam
3012 1976 3347 2055 gloriae‚·ut
3364 1982 3463 2035 est
3489 1974 3553 2033 in
3578 1976 3733 2035 omni

2172 2068 2393 2130 merito
2428 2070 2755 2148 augmenti
2810 2068 3025 2147 gloriae
3045 2092 3064 2144 3
3099 2087 3249 2129 nam
3290 2087 3407 2147 per
3440 2067 3600 2127 illud
3622 2085 3735 2127 me-

2172 2169 2347 2223 retur
2372 2164 2561 2225 homo
2590 2163 2883 2223 utstatim
2912 2182 3027 2242 per
3044 2164 3457 2223 intrinsecam
3482 2164 3733 2241 gratiam

2174 2256 2283 2317 fiat
2307 2256 2810 2336 proportionatus
2840 2260 3026 2317 tantae
3048 2257 3280 2334 glorioe.
3315 2256 3543 2317 Merita
3580 2256 3732 2316 enim
3815 2260 3817 2325 ξ

2171 2350 2309 2428 ipsa
2346 2368 2475 2409 non
2500 2348 2770 2410 reddunt
2804 2350 3121 2409 hominem
3146 2349 3502 2409 formaliter
3530 2356 3731 2426 aptum

2172 2448 2233 2505 et
2254 2442 2787 2521 proportionatum
2812 2443 2889 2503 ad
2910 2442 3197 2524 gloriam,
3218 2442 3331 2502 sed
3354 2442 3725 2521 dispositive,
3815 2510 3817 2521 Ι

2170 2536 2268 2596 vel
2292 2537 2478 2597 etiam
2506 2536 2821 2597 moraliter
2836 2536 3144 2609 effective;
3167 2544 3231 2597 et
3249 2536 3392 2596 ideo
3416 2536 3730 2613 requirunt

2168 2628 2433 2689 formam
2454 2646 2590 2706 quae
2606 2628 3155 2689 reddathominem
3171 2629 3515 2689 intrinsece
3532 2638 3731 2706 aptum
3815 2660 3817 2669 =

2178 2723 2257 2783 ad
2286 2722 2575 2801 gloriam.
2620 2722 2790 2783 Sicut
2819 2723 3007 2782 etiam
3032 2724 3256 2783 merita
3286 2722 3425 2800 ipsa
3460 2742 3575 2801 per
3594 2742 3655 2781 se
3670 2740 3732 2780 ae.

2176 2815 2521 2876 formaliter
2566 2833 2692 2877 non
2740 2816 3123 2876 constituunt
3167 2816 3497 2876 hominem
3554 2816 3736 2875 filium

2175 2909 2307 2982 Dei,
2340 2915 2401 2969 et
2420 2914 2879 2987 consequenter
2902 2927 3109 2988 neque
3132 2908 3489 2969 formaliter
3520 2916 3737 2988 augent
3815 2922 3817 2991 g

2177 3004 2340 3063 hanc
2364 3000 2755 3071 filiationem,
2798 3002 2939 3079 quia
2972 3018 3101 3062 non
3130 3003 3523 3063 constituunt
3554 3003 3741 3063 homi-
3815 3032 3817 3053 ε

2180 3115 2322 3156 nem
2344 3094 2687 3156 formaliter
2702 3094 3066 3174 participem
3088 3100 3333 3158 natm-te
3350 3095 3611 3164 divinae,
3642 3094 3741 3156 sed

2177 3187 2541 3267 disponunt,
2578 3193 2639 3248 et
2670 3195 2991 3250 merentur
3032 3189 3328 3264 gratiam,
3354 3207 3505 3266 quae
3530 3189 3741 3250 forma-
3815 3177 3817 3188 '

2178 3281 2319 3341 liter
2350 3280 2651 3353 conferat,
2695 3281 2793 3342 vel
2849 3287 3081 3359 augeat
3124 3282 3291 3342 hanc
3328 3279 3769 3360 participatio-⁰

2177 3391 2347 3448 nem,
2408 3383 2471 3433 et
2498 3373 2694 3432 filium
2726 3373 2835 3433 Dei
2892 3373 3257 3451 adoptivum
3298 3375 3647 3434 constituat
3692 3377 3743 3432 et

2177 3465 2479 3544 perficiat,
2512 3464 2763 3536 Quoties
2790 3471 3005 3526 autem
3028 3465 3219 3534 homo
3248 3463 3321 3525 fit
3348 3473 3653 3544 acceptus
3676 3465 3743 3524 ad

2180 3576 2277 3617 ma
2280 3559 2487 3637 joram
2514 3558 2629 3618 Dei
2654 3557 2939 3636 gloriam,
2963 3557 3034 3618 fit
3056 3557 3245 3618 etiam
3270 3557 3447 3618 filius
3478 3565 3543 3620 et
3560 3559 3741 3618 haeres

2184 3651 2249 3710 in
2282 3649 2613 3730 per-fectori
2670 3650 2898 3729 gradu;
2958 3668 3165 3729 neque
3226 3657 3325 3712 est
3365 3652 3503 3712 ulla
3557 3653 3739 3730 portia

2182 3743 2397 3822 gloriae
2452 3761 2593 3822 quae
2631 3742 3011 3822 respondeat
3058 3743 3299 3804 meritis
3356 3750 3431 3805 ut
3488 3763 3737 3816 merces,

2190 3854 2330 3914 quae
2371 3856 2500 3899 non
2536 3837 2917 3916 respondeat
2968 3837 3184 3916 gratiae
3242 3843 3307 3898 et
3341 3837 3635 3898 filiationi
3666 3839 3743 3898 di·
3815 3857 3817 3906 ;

2190 3930 2343 3990 vinae
2382 3936 2457 3990 ut
2482 3930 2835 4002 haereditas,
2883 3936 2951 3989 ut
3000 3930 3149 3990 satis
3186 3929 3568 4008 significavit
3606 3933 3741 3993 Con-

2183 4023 2393 4082 cilium
2416 4023 2869 4094 Tridentinum,
2906 4041 3059 4084 sess·
3102 4023 3163 4096 6,
3196 4041 3335 4101 cap.
3378 4027 3485 4094 16,
3516 4025 3737 4090 dicens,
3815 4067 3817 4108 ;

2176 4116 2361 4196 justis
2405 4116 2571 4178 bene
2604 4116 3009 4194 operantibus
3048 4134 3246 4194 usque
3276 4117 3344 4175 in
3370 4116 3579 4178 finem
3616 4137 3740 4197 pro-
3815 4155 3817 4168 ·

2184 4207 2543 4287 ponendam
2573 4227 2709 4270 esse
2755 4209 2947 4269 vitam
2976 4214 3299 4278 aeternam,
3342 4217 3407 4271 et
3452 4217 3739 4290 tanquam
3815 4255 3817 4264 .

2184 4302 2611 4364 haereditatem
2640 4320 2753 4363 seu
2800 4303 3061 4381 gratiam
3092 4301 3234 4362 filiis
3256 4305 3661 4381 promissam,
3690 4311 3739 4362 et
3815 4299 3817 4322 ²

2184 4403 2487 4474 tanquam
2516 4395 2869 4457 mercedem
2894 4395 3131 4456 meritis
3146 4395 3541 4457 reddendam
3562 4417 3581 4468 ;
3606 4415 3739 4476 ergo

2187 4490 2357 4550 nulla
2388 4495 2482 4550 est
2515 4488 2716 4567 portio
2754 4488 2891 4548 talis
2922 4488 3132 4568 gloriae
3170 4489 3573 4566 respondens
3624 4509 3741 4549 me·
3815 4479 3817 4560 ζ

2186 4583 2341 4656 ritis,
2370 4599 2513 4660 quae
2557 4600 2683 4642 non
2710 4582 2899 4642 etiam
2926 4581 3309 4658 respondeat
3337 4584 3586 4661 gratim,
3636 4602 3737 4662 per
3815 4581 3817 4608 ²

2184 4693 2375 4754 quam
2416 4675 2605 4734 horno
2650 4675 2783 4753 jam
2818 4674 2899 4734 sit
2938 4674 3310 4734 constitutus
3352 4675 3425 4734 in
3476 4676 3599 4736 hac
3628 4677 3735 4735 vita
3815 4675 3817 4746 ζ

2184 4769 2349 4830 filius
2374 4767 2485 4828 Dei
2512 4767 2575 4828 in
2598 4767 2703 4827 tali
2734 4767 2955 4846 gradu.
3815 4845 3817 4850 Ι

2262 4863 2363 4922 24.
2410 4861 2725 4922 Immerito
2770 4858 2951 4921 aliter
2981 4860 3501 4942 philosophantur
3552 4861 3737 4942 aliqui

2182 4957 2251 5018 de
2282 4953 2580 5017 charitate
2606 4971 2677 5016 ac
2706 4954 2775 5016 de
2798 4955 3031 5036 qratia.
3054 4983 3138 4998 -
3156 4954 3293 5014 Non
3335 4972 3493 5014 vero
3534 4954 3739 5014 defue—
3815 5033 3817 5036 Ι

2179 5053 2327 5108 runt
2372 5045 2565 5124 aliqui
2608 5044 2905 5124 Theologi
2926 5091 2941 5118 ,
2992 5047 3339 5125 pra-,sertim
3375 5047 3735 5115 Thomistae‚
3815 5091 3817 5106 .

2180 5147 2249 5201 ut
2290 5139 2499 5201 videre
2543 5139 2687 5199 licet
2732 5138 2796 5198 in
2843 5139 2991 5200 Soto
3038 5157 3249 5219 supra,
3304 5146 3368 5201 et
3406 5141 3590 5212 aliis,
3642 5141 3733 5218 qui

2180 5233 2562 5311 distinguant
2600 5231 2760 5292 inter
2786 5231 3051 5310 gratiam
3078 5239 3141 5293 et
3164 5233 3539 5295 charitatem
3576 5234 3733 5293 alias-

2181 5344 2302 5404 que
2342 5325 2599 5386 virtutes
2636 5325 2893 5387 infusas·
2940 5327 3095 5386 Nam
3122 5333 3379 5404 propter
3411 5345 3731 5408 argumen-

2182 5425 2315 5480 tum
2348 5415 2585 5478 factum
2612 5417 2889 5480 fatentur
2911 5463 2927 5492 ,
2970 5435 3083 5496 per
3110 5436 3299 5484 omne
3334 5421 3632 5482 meritum
3658 5420 3729 5478 vi-

2140 5531 2151 5540 ·
2182 5530 2330 5572 vum
2356 5509 2459 5572 vel
2490 5511 2889 5585 vivificatum,
2923 5509 3093 5590 apud
3114 5511 3319 5574 Deum
3360 5515 3575 5577 statim
3612 5512 3727 5574 dan‘
3815 5499 3817 5510 ²
