3850 6225
574 378 745 431 SECT.
781 379 867 431 111.
902 376 1118 431 UTRUH
1149 377 1316 429 ‘rou
1350 377 1581 431 annu
1614 376 1735 429 PER
1768 377 2100 431 PECCATUM
2131 378 2358 432 AfflSSA
2391 380 2620 433 sumt
2639 420 2652 444 ,
2687 381 2824 457 Effe.

74 475 235 537 satis
270 484 759 559 consequenter,
784 484 853 540 ut
896 477 1263 559 explicando
1318 476 1663 540 secundam

74 572 471 632 sententiam
496 571 975 645 insinuavimuS,
992 576 1053 633 et
1068 572 1293 633 iterum
1323 572 1533 633 statim
1556 590 1663 633 ne—

74 667 365 726 cessario
404 672 711 727 occurret.
748 666 1021 729 Ulterius
1052 666 1221 728 enim
1258 673 1665 745 argumentor

74 757 138 816 in
186 758 371 819 hunc
414 759 698 833 modum,
743 760 891 838 quia
934 760 1035 821 vel
1088 760 1152 820 in
1199 760 1295 821 his
1338 758 1663 821 eventibus

74 852 485 913 vivificantur
528 854 737 933 priora
766 854 1014 928 merita,
1038 853 1141 916 vel
1168 872 1333 917 non:
1385 854 1506 915 boc
1526 870 1663 931 pos-

74 946 291 1007 terius
322 947 444 1008 dici
474 966 600 1009 non
626 953 857 1025 potest,
879 966 1021 1009 cum
1056 964 1169 1027 per
1196 963 1661 1026 quamcumque

75 1040 571 1119 dispositionem
622 1041 1037 1103 sufficientem
1090 1042 1344 1105 tollatur
1398 1040 1663 1121 impedi-

75 1140 379 1197 mentum
401 1136 671 1215 peccatu
696 1136 746 1197 si
766 1140 979 1197 autem
998 1135 1391 1197 vivificantur
1409 1134 1657 1207 merita,

76 1229 355 1291 ulterius
410 1230 750 1308 interrogO‚
796 1229 849 1289 si
900 1228 1225 1308 dispositio
1276 1228 1357 1291 sit
1402 1227 1661 1306 aequalis

76 1323 469 1405 praecedenti
492 1324 730 1405 gratiae,
763 1342 877 1387 cur
890 1324 991 1385 illa
1012 1342 1139 1385 non
1162 1324 1428 1387 sufficiet
1448 1329 1519 1385 ut
1535 1328 1663 1383 tota

78 1416 183 1478 illa
216 1419 441 1479 statim
466 1416 1024 1492 restituatur,·cum
1056 1422 1353 1496 respectu
1384 1416 1549 1477 illius
1588 1415 1666 1479 sit

80 1510 237 1571 satis
268 1510 743 1590 proportionata
768 1510 1089 1590 dispositio
1117 1514 1141 1571 ἲ
1172 1510 1331 1571 Nam
1364 1517 1436 1571 ut
1462 1508 1665 1569 forma

80 1622 293 1683 capax
321 1604 693 1667 intensionis
720 1604 1086 1666 infundatur
1108 1604 1171 1665 in
1196 1604 1407 1681 aliquo
1436 1602 1659 1683 gradu,

80 1714 211 1757 non
262 1703 369 1759 est
404 1716 673 1763 ,necesse
701 1704 771 1759 ut
806 1698 1111 1760 intensior
1149 1697 1471 1776 dispositio
1502 1713 1663 1775 prae·

81 1788 294 1867 cedat,
332 1809 485 1853 nam
514 1791 775 1871 aequalis
802 1792 951 1853 satis
980 1797 1095 1852 est.
1126 1791 1379 1853 Dicetur
1400 1790 1663 1851 fortasse

84 1905 159 1946 ex
206 1886 341 1946 hoc
384 1885 587 1963 capite
624 1902 751 1945 non
804 1902 1193 1964 repugnare,
1228 1884 1339 1945 sed
1384 1883 1659 1954 aliunde,

80 1978 357 2051 scilicet,
388 1978 535 2056 quia
576 1982 706 2039 tota
736 1978 936 2057 gratia
973 1984 1123 2039 tunc
1150 1977 1357 2037 infusa
1392 1977 1525 2055 jam
1572 1994 1667 2037 cs-

80 2078 173 2133 set
223 2071 542 2133 intensior
576 2072 713 2149 ipsa
760 2071 1191 2151 dispositione.
1241 2069 1364 2133 Sed
1398 2071 1518 2131 hoc
1570 2070 1667 2129 in·-

80 2166 485 2227 convenions
528 2167 717 2227 etiam
746 2166 1031 2245 sequitur
1062 2164 1315 2244 quando
1346 2163 1667 2243 dispositio

83 2266 177 2319 est
216 2259 578 2331 intensior-3
640 2264 704 2319 et
742 2258 887 2319 ideo
942 2258 1039 2319 vel
1079 2257 1439 2338 negandum
1482 2256 1667 2318 etiam

86 2358 185 2411 est
246 2356 405 2412 tunc
436 2352 569 2413 dari
600 2352 879 2431 aliquam
919 2353 1185 2431 gratiam
1232 2351 1473 2413 ratione
1508 2368 1673 2429 prae-

86 2444 466 2505 cedentium
521 2446 908 2519 meritorum,
940 2445 1041 2505 vel
1083 2446 1293 2525 potius
1336 2444 1671 2506 dicendum

87 2545 182 2598 ost
233 2538 395 2598 illud
446 2539 687 2599 nullum·
727 2556 865 2599 esse
908 2538 1377 2609 inconveniens,
1419 2535 1671 2616 quando

90 2632 189 2691 illa
226 2631 561 2710 dispositio
593 2632 675 2692 ad
704 2632 875 2693 varia
908 2632 1209 2711 principia
1249 2634 1667 2711 comparatur,

86 2725 185 2785 vel
232 2724 497 2803 quando
538 2724 763 2804 aliquis
791 2724 1025 2804 gradus
1060 2723 1277 2785 formae
1300 2742 1429 2785 non
1457 2721 1669 2802 requi—

93 2821 169 2879 rit
218 2818 718 2898 dispositionem.
752 2822 953 2898 Atque
991 2820 1124 2879 haec
1154 2818 1311 2879 ratio
1366 2816 1669 2896 applicari

90 2913 288 2971 etiam
354 2918 559 2990 potest
635 2912 886 2990 quando
936 2911 1259 2990 dispositio
1315 2913 1411 2971 est
1460 2910 1671 2971 minus

90 3006 347 3065 intensa
368 3023 397 3091 3·
436 3004 881 3080 interrogando
924 3024 1033 3066 cur
1086 3004 1273 3065 etiam
1329 3010 1479 3065 tunc
1540 3021 1669 3065 non

88 3099 281 3158 detur
350 3097 541 3160 etiam
594 3098 823 3178 aliquis
874 3098 1107 3178 gradus
1163 3098 1379 3179 gratiss
1426 3097 1669 3160 ratione

86 3191 580 3268 praecedentium
625 3192 1017 3266 meritorum,
1068 3211 1215 3252 nam
1261 3192 1339 3252 ad
1380 3192 1547 3252 hunc
1582 3191 1671 3252 ef·

86 3285 333 3345 fectum
383 3284 573 3345 etiam
607 3285 717 3345 illa
750 3290 956 3364 potest
1010 3303 1146 3368 esse
1198 3285 1665 3364 proportionata

88 3377 447 3456 dispositio,
470 3377 615 3440 licet
646 3380 839 3459 gratis
889 3379 1293 3440 admittamus
1322 3378 1493 3440 illam
1524 3395 1663 3439 esse

92 3471 548 3532 necessariam.

174 3567 279 3624 14.
332 3563 527 3638 Quam
565 3565 653 3628 eit
688 3567 935 3647 difficile
986 3583 1293 3647 nunquam
1336 3564 1474 3630 dari
1523 3583 1669 3648 yra-

88 3660 250 3720 tiam
276 3678 411 3740 quoe
434 3677 555 3721 non
582 3659 863 3722 daturin
886 3658 1666 3740 justificatione—Praete-

90 3769 205 3812 rea
266 3753 335 3812 in
398 3752 623 3812 eadem
680 3753 991 3814 sententia
1062 3753 1491 3813 difficillimum
1572 3754 1669 3813 est

92 3844 269 3922 quod
300 3845 544 3919 dicitur,
580 3847 739 3906 hanc
770 3847 1058 3926 gratiam,
1092 3864 1230 3926 quae
1261 3845 1329 3905 in
1370 3844 1665 3926 praedicta

86 3938 539 4016 justificatione
561 3957 691 3999 non
718 3941 927 4002 statim
950 3941 1316 4014 restituitur,
1338 3956 1666 4017 nunquam

94 4031 262 4105 dari,
320 4033 505 4092 etiam
547 4032 609 4092 in
644 4033 769 4092 vita
806 4033 1051 4109 futura,
1090 4033 1141 4095 si
1178 4034 1366 4094 homo
1409 4033 1471 4093 in
1510 4049 1669 4111 prae-

94 4125 265 4186 senti
317 4125 441 4186 vita
485 4143 811 4204 nunquam
847 4145 913 4186 se
965 4125 1300 4206 perfectius
1332 4125 1662 4203 disponat3

92 4237 251 4280 nam
278 4219 427 4281 inde
468 4221 751 4299 sequitur
800 4220 1025 4281 merita
1055 4220 1192 4281 viva
1222 4239 1335 4282 seu
1356 4220 1490 4299 jam
1520 4218 1670 4278 vivi-

90 4315 287 4375 ficata
322 4319 625 4394 perpetuo
654 4314 925 4392 relinqui
960 4313 1097 4374 sine
1139 4313 1351 4374 debito
1384 4311 1664 4392 praemi0‚

88 4408 273 4468 nullo
322 4406 623 4468 existente
672 4406 1121 4486 impedimento
1173 4425 1251 4467 ex
1296 4411 1473 4485 parte
1514 4405 1669 4466 reci·

90 4502 359 4581 pientis‚
406 4500 575 4580 quod
624 4501 847 4562 divinoe
893 4500 1149 4580 justitiae
1184 4506 1515 4580 repugnat.
1558 4501 1671 4561 Se-

92 4595 283 4673 quela
327 4599 535 4673 patet,
576 4594 723 4673 quia
766 4611 879 4674 per
901 4593 1411 4674 justificationem
1448 4611 1668 4673 pecca-

94 4688 251 4749 toris
286 4685 679 4748 vivificantur
704 4687 927 4748 merita
972 4687 1377 4760 mortificata,
1423 4685 1665 4748 etiamsi

92 4799 243 4841 cnm
264 4780 529 4841 remissa
552 4780 957 4860 dispositione
986 4780 1129 4840 talis
1152 4779 1513 4858 justificatio
1530 4778 1661 4852 fiat3

91 4892 271 4946 nam,
300 4873 445 4934 licet
488 4873 567 4934 sit
612 4873 939 4934 diversitas
968 4873 1335 4952 opinionum
1356 4918 1373 4946 ,
1408 4891 1491 4934 an
1517 4879 1668 4933 tunc

92 4967 497 5028 vivificentur
540 4967 765 5028 merita
815 4967 1111 5042 totaliter,
1156 4985 1360 5028 necne
1387 5012 1402 5039 ,
1456 4973 1668 5028 tamen

94 5059 275 5138 qnod
304 5059 679 5120 reviviscant
706 5060 991 5121 absolute
1032 5059 1099 5120 in
1150 5060 1369 5121 ordine
1424 5061 1508 5121 ad
1564 5060 1671 5121 ali-

94 5151 275 5231 quod
317 5153 649 5231 praemium
686 5153 1053 5226 essentiale,
1107 5171 1326 5215 omnes
1368 5152 1669 5232 Theologi

96 5247 409 5318 fatentur3
436 5247 585 5324 quia
612 5265 727 5326 per
748 5265 1001 5308 omnem
1021 5247 1532 5326 justificationem
1553 5247 1671 5309 tol-

97 5341 247 5401 litnr
306 5339 373 5400 id
424 5339 599 5419 quod
646 5337 1065 5402 mortificabat
1133 5341 1389 5414 merita,
1440 5341 1672 5402 scilicet

98 5433 383 5493 mortalis
436 5432 643 5512 eulpa.
704 5433 779 5493 Et
825 5431 945 5493 hoc
1000 5433 1309 5494 convincit
1356 5433 1673 5494 discursus

100 5528 173 5588 D.
203 5528 465 5587 Thomas
498 5527 561 5586 in
602 5525 709 5586 illo
746 5526 1008 5588 artie'ulo
1048 5526 1265 5607 quinto
1293 5573 1308 5600 ,
1356 5533 1419 5589 et
1460 5527 1673 5588 omnia

3189 377 3310 439 495

1744 496 1882 558 quae
1918 479 1985 539 in
2030 478 2568 543 confirmationem
2620 482 2808 562 hujus
2843 482 3120 544 veritatis
3165 484 3310 544 hac·

1743 577 1930 633 tenus
1958 572 2357 635 adduximus,
2383 576 2571 654 Ergo,
2599 574 2647 635 si
2669 580 2926 655 propter
2951 575 3060 635 illa
3085 576 3310 637 merita

1744 666 2060 727 interdum
2087 668 2260 737 nulla
2301 670 2497 749 gratia
2533 670 2898 743 restituitur,
2929 688 3136 749 neque
3181 670 3310 731 ulla

1745 761 1942 839 gloria
1973 766 2080 823 aut
2119 761 2443 823 beatitudo
2483 762 2834 825 essentialis
2863 762 3128 837 dabitur,
3162 782 3310 825 nam

1743 854 1879 915 haec
1908 855 2194 916 eamdem
2225 856 2693 935 proportionem
2720 874 2972 936 semper
2997 858 3306 931 retinent3

1742 954 2002 1009 manent
2057 966 2206 1029 ergo
2245 950 2470 1011 merita
2509 950 2649 1011 viva
2701 951 2836 1011 sine
2873 951 3003 1012 ullo
3049 950 3310 1030 praemio

1744 1041 2090 1115 essentiali3
2127 1060 2266 1121 quae
2301 1043 2487 1122 plane
2537 1050 2632 1105 cst
2665 1044 3080 1124 repugnantia
3113 1063 3127 1103 :
3165 1062 3312 1105 nam

1744 1135 1964 1196 merita
2014 1153 2152 1196 esse
2195 1136 2334 1195 viva
2377 1137 2533 1197 nihil
2573 1137 2743 1198 aliud
2783 1144 2878 1199 est
2929 1156 3118 1217 quam
3173 1156 3312 1199 esse

1746 1228 2022 1289 efficacia
2061 1228 2410 1290 secundum
2453 1231 2646 1291 talem
2681 1236 2943 1304 statum,
2995 1237 3066 1292 ut
3111 1232 3316 1291 homi-

1746 1340 1891 1382 nem
1945 1321 2027 1382 ad
2055 1340 2240 1382 suum
2272 1324 2608 1385 terminum
2651 1343 2764 1385 seu
2809 1324 3132 1403 praemium
3172 1344 3314 1405 per·
3345 1386 3374 1407 ,

1748 1416 2002 1478 ducant.
2031 1412 2042 1422 ”

1830 1512 1927 1571 15.
1977 1510 2284 1591 Rejicitm·
2327 1510 2636 1593 responsio
2671 1512 2872 1593 petita
2911 1530 2954 1575 a
2997 1511 3210 1575 simt‘li.
3235 1544 3314 1559 —-

1748 1600 2107 1667 Occurritur
2161 1605 2346 1668 alteri
2389 1604 2783 1686 responsioni.
2811 1638 2892 1651 —
2913 1605 3037 1667 Sed
3101 1604 3316 1667 dicunt

1746 1696 1936 1775 aliqui
1978 1699 2038 1758 in
2079 1699 2300 1759 merito
2329 1704 2580 1759 actuum
2609 1699 3012 1761 remissorum
3057 1700 3140 1760 ita
3171 1717 3318 1759 con-

1744 1790 2010 1871 tingere,
2039 1791 2332 1851 nimirum
2361 1791 2532 1870 quod
2569 1798 2872 1871 perpetuo
2914 1798 3170 1854 careant
3198 1808 3316 1853 suo

1744 1885 2026 1963 proemio,
2068 1885 2118 1945 si
2175 1884 2255 1945 ad
2301 1884 2454 1945 illud
2483 1885 2954 1963 suscipiendum
2995 1886 3186 1945 homo
3247 1885 3316 1944 in

1747 1978 1863 2038 hac
1892 1978 2017 2038 vita
2044 1995 2174 2038 non
2218 1996 2284 2039 se
2327 1977 2594 2057 amplius
2636 1977 2926 2057 disponat
2955 1996 3070 2057 per
3107 1984 3317 2039 actum

1750 2072 2210 2134 ferventiorem.
2245 2070 2615 2150 Respondeo
2653 2071 2880 2132 falsum
2911 2090 3048 2133 esse
3080 2088 3320 2133 assum-

1748 2169 1949 2244 ptum.
1982 2164 2160 2236 Quod
2207 2164 2430 2225 eadem
2480 2165 2724 2227 ratione
2771 2165 2959 2245 plane
3009 2164 3319 2227 convinci-

1749 2264 1872 2331 tur,
1906 2259 2052 2337 quia
2085 2258 2238 2319 illud
2267 2256 2562 2319 meritum
2601 2259 2811 2319 vivum
2865 2266 2983 2335 est,
3023 2262 3086 2319 et
3125 2258 3204 2319 de
3249 2274 3318 2319 se

1754 2351 1996 2424 efficax,
2040 2356 2102 2412 et
2141 2350 2426 2429 obligans
2451 2352 2654 2412 Deum
2693 2369 2770 2411 ex
2791 2351 3030 2430 justitia
3063 2350 3144 2411 ad
3179 2350 3320 2411 red-

1752 2442 2028 2505 dendum
2059 2444 2418 2522 praemium3
2447 2462 2597 2524 ergo
2627 2462 2754 2505 non
2779 2450 2984 2523 potest
3003 2445 3192 2505 homo
3213 2444 3318 2506 illo

1752 2536 2004 2615 privari,
2036 2536 2088 2596 si
2128 2535 2374 2597 nullum
2401 2544 2594 2616 ponat
2613 2537 2693 2597 de
2722 2555 2886 2598 novo
2907 2537 3320 2617 impedimen-

1752 2634 1915 2702 tum;
1961 2648 2110 2689 nam
2140 2631 2320 2708 juxta
2361 2630 2624 2691 verbum
2657 2630 2902 2706 Christi,
2944 2630 3162 2691 Matth.
3207 2630 3321 2691 de-

1750 2725 1934 2795 cim0,
1960 2732 2022 2785 et
2040 2724 2226 2785 Marci
2255 2743 2423 2785 nono
2455 2744 2468 2785 τ
2504 2723 2623 2798 Qui
2645 2726 2870 2789 dedeo-it
2906 2730 3116 2806 potum
3145 2742 3320 2806 αμα·

1744 2818 1992 2899 friyidze
2030 2816 2098 2879 in
2130 2817 2379 2886 ,nomine
2405 2818 2538 2899 ejus
2557 2864 2573 2891 ,
2604 2835 2724 2879 non
2749 2819 2959 2899 perdet
2995 2818 3318 2880 mercedem

1750 2926 1944 2975 suam.
1969 2911 2102 2983 Quo
2129 2912 2418 2992 exemplo
2443 2911 2798 2991 siguificare
2831 2910 3044 2985 voluit,
3076 2910 3322 2991 quodli-

1750 3006 1855 3067 bet
1896 3024 2074 3085 opust,
2122 3007 2312 3067 etiam
2341 3007 2694 3079 minimum,
2727 3005 3113 3068 meritorium
3153 3022 3311 3079 esse,

1751 3106 1810 3161 et
1840 3100 2116 3180 loquitur
2155 3099 2232 3161 de
2267 3099 2560 3162 mercede
2594 3100 2915 3162 essentiali
2957 3099 3094 3162 vitoe
3133 3105 3316 3161 aeter-

1748 3211 1871 3266 nae,
1904 3199 1972 3254 ut
2000 3199 2214 3273 aperte
2254 3194 2590 3255 declaravit
2629 3195 2969 3256 Concilium
3013 3193 3320 3254 Tridenti-

1748 3305 1922 3360 num,
1957 3288 2236 3348 sessione
2267 3293 2466 3360 sexta,
2502 3289 2704 3366 eapite
2735 3289 2980 3349 decimo
3023 3293 3224 3362 sexto,
3255 3292 3320 3348 et

1747 3381 1811 3440 in
1842 3381 2045 3459 prima
2093 3381 2368 3442 sectione
2413 3381 2535 3442 late
2577 3380 2642 3441 id
2673 3381 3104 3460 explicuimus.
3141 3381 3320 3442 Dice-

1748 3479 1852 3535 tur
1879 3473 2142 3536 t'ortasse
2173 3475 2491 3535 neminem
2535 3474 2788 3553 quidem
2822 3475 3052 3554 privari
3081 3493 3316 3536 merce-

1750 3568 1828 3629 de
1869 3567 1963 3628 sui
1999 3567 2246 3641 meriti,
2299 3567 2348 3628 si
2393 3586 2520 3628 non
2579 3574 2853 3648 apponat
2901 3567 3316 3648 impedimen-

1750 3669 1917 3734 tum;
1977 3661 2294 3722 sufficiens
2345 3667 2558 3722 autem
2613 3661 3128 3740 impedimentum
3177 3679 3314 3722 esse

1748 3775 1875 3817 non
1926 3773 1994 3816 se
2048 3755 2382 3834 disponere
2437 3773 2554 3832 per
2596 3761 2804 3815 actum
2844 3754 3310 3816 ferventiorem.

1750 3849 1869 3910 Sed
1914 3854 2132 3909 contla
2161 3848 2280 3908 hoc
2323 3851 2464 3907 est:
2506 3847 2740 3925 primo,
2786 3847 2932 3926 quia
2969 3848 3314 3908 Concilium

1749 3941 2203 4013 Tridentinum,
2255 3939 2440 4000 citato
2473 3939 2612 4000 loco
2632 3985 2647 4012 ,
2695 3940 3078 4001 sufficienter
3107 3942 3315 4019 posuit

1752 4051 1972 4096 omnes
2012 4033 2399 4096 conditiones
2441 4033 2801 4112 requisitae,
2839 4040 2969 4093 tam
3007 4033 3090 4094 ad
3131 4034 3314 4096 meri-

1748 4134 1904 4202 tum,
1961 4142 2150 4205 quam
2191 4127 2271 4186 ad
2324 4126 2835 4205 consequendum
2889 4144 3032 4186 cum
3088 4127 3314 4188 effectu

1749 4219 2078 4300 praemium
2113 4220 2348 4290 meriti;
2383 4220 2554 4281 etad
2595 4225 2888 4281 neutrum
2917 4219 3128 4280 docuit
3172 4237 3312 4280 esse

1750 4313 2172 4374 necessariam
2201 4313 2369 4374 illam
2391 4313 2858 4392 dispositionem
2887 4313 2986 4373 vel
3015 4312 3314 4373 conditio-

1748 4425 1895 4466 nem
1924 4411 2101 4468 actus
2137 4406 2562 4479 ferventioris3
2599 4406 2709 4467 sed
2733 4406 2813 4466 ad
2838 4407 3129 4467 meritum
3161 4405 3316 4466 dixit

1748 4501 2176 4560 necessarium
2205 4517 2342 4560 esse
2374 4505 2582 4561 actum
2607 4499 2842 4560 bonum
2867 4505 2928 4560 et
2949 4500 3016 4558 in
3035 4499 3161 4559 Deo
3191 4499 3314 4559 fac—

1751 4600 1904 4670 tum,
1941 4593 2008 4653 in
2043 4593 2264 4674 gratia,
2305 4599 2369 4654 et
2407 4611 2486 4654 ex
2516 4592 2754 4672 gratia;
2789 4593 2870 4653 ad
2923 4592 3316 4653 consecutio-

1750 4706 1897 4748 nem
1939 4692 2151 4748 autem
2178 4685 2524 4747 essentialis
2561 4686 2798 4765 praemii
2839 4685 3042 4746 solum
3077 4685 3317 4747 addidit

1747 4778 1919 4841 illam
1960 4779 2382 4840 conditionem
2415 4798 2428 4840 ε
2475 4777 2556 4843 So·
2593 4780 2660 4840 in
2695 4780 2906 4861 qratia
2952 4779 3266 4842 decertavit
3286 4804 3314 4852 ,-

1750 4872 1911 4934 sicut
1941 4891 2092 4952 ergo
2132 4877 2388 4951 propter
2421 4872 2698 4950 priorem
2728 4870 3156 4933 definitionem
3187 4889 3318 4932 om·-

1749 4966 1899 5026 nino
1929 4964 2322 5045 reprobanda
2362 4973 2457 5026 est
2485 4965 2794 5026 sententia
2819 4982 2961 5043 quae
2993 4969 3185 5043 negat
3212 4983 3318 5024 ac-

1748 5065 1849 5120 tus
1890 5060 2184 5119 remissos
2225 5076 2364 5118 esse
2409 5057 2764 5119 meritorios
2805 5058 3126 5138 augmenti
3179 5075 3318 5137 gra-

1748 5153 1849 5213 tite
1880 5158 1942 5213 et
1970 5151 2112 5213 vitoe
2145 5157 2420 5226 aeternoe,
2455 5157 2522 5212 ut
2547 5152 2612 5211 in
2659 5151 3083 5230 superioribus
3111 5149 3316 5212 visum

1754 5252 1869 5318 est,
1901 5246 1984 5305 ita
2013 5251 2269 5324 propter
2295 5245 2706 5324 posteriorem
2749 5250 2993 5323 partem
3033 5244 3318 5324 rejicien-

1752 5340 1835 5399 da
1862 5345 1959 5400 est
1995 5338 2206 5418 opinio
2227 5337 2464 5410 diesne,
2497 5336 2577 5398 ad
2607 5338 3118 5416 consequendum
3161 5336 3319 5396 illud

1751 5433 2100 5510 proemium,
2129 5449 2256 5493 non
2285 5432 2433 5492 satis
2461 5449 2596 5492 esse
2627 5431 2865 5510 expleri
2893 5431 3316 5491 conditionem

1753 5543 1789 5584 a
1834 5525 2110 5587 Concilio
2138 5525 2539 5604 postulatam,
2576 5524 2920 5585 decedendi
2983 5525 3048 5584 in
3090 5525 3313 5603 gratia,
