3850 6225
899 377 1036 430 CAP.
1071 376 1154 429 Vl.
1191 378 1270 429 DE
1301 377 1558 431 AUXILIO
1590 376 1991 432 sul-'leEN'rE
2024 379 2103 431 ΕΤ
2137 379 2432 432 EFFICACI.

137 494 245 562 alia,
272 503 390 566 quae
414 481 572 562 prius
601 479 718 541 fuit
745 479 1074 541 Catholicis
1113 498 1258 540 cum
1281 479 1610 540 haereticis.

136 589 254 648 Nam
291 593 482 639 omnes
507 573 884 636 conveniunt
911 563 1044 633 dar}
1078 573 1260 634 nobis
1291 591 1329 633 a
1356 573 1481 632 Deo
1510 571 1618 633 ali-

137 677 264 760 quod
291 669 560 734 auxilium
595 667 850 739 efficax;
904 645 1256 729 illud⁶enim
1300 666 1616 727 tractionis

135 771 332 835 nomine
358 760 708 842 significavit
728 761 1026 852 Christus,
1055 761 1236 822 Joan.
1267 760 1328 832 6,
1355 759 1571 820 dicens
1597 775 1610 817 ε

135 867 278 930 Nemo
290 862 469 940 potest
492 855 690 916 venire
718 857 800 916 ad
819 872 930 928 me,
963 854 1085 916 nisi
1112 853 1326 926 Pater,
1357 855 1464 934 qui
1501 853 1620 914 mi-

135 960 196 1023 sit
234 972 328 1028 me,
373 951 628 1014 trasei-it
678 967 854 1020 ωιτη,-
881 949 1032 1008 item
1082 947 1149 1006 in
1189 945 1307 1006 illis
1345 945 1551 1006 verbis
1597 963 1612 1005 :

136 1053 274 1114 Omne
299 1045 440 1126 quod
468 1044 570 1104 dat
603 1041 755 1103 milti
783 1041 1005 1115 Pater,
1041 1040 1124 1102 ad
1153 1057 1246 1102 mo
1286 1039 1484 1101 veniet
1498 1065 1523 1110 ,·
1556 1045 1618 1100 et

133 1149 178 1206 iu
205 1142 296 1201 illis
335 1157 346 1196 :
375 1135 572 1197 Omnis
601 1137 706 1216 qui
731 1134 964 1198 audivit
998 1153 1036 1197 a
1067 1135 1260 1196 Patre
1287 1137 1345 1196 et
1379 1131 1612 1206 didicit,

133 1239 252 1302 ren-it
294 1234 366 1296 ad
390 1248 508 1304 me,
535 1231 718 1307 juxta
774 1227 1226 1308 expositionem
1263 1225 1614 1305 Augustini,

132 1335 188 1393 de
207 1326 456 1389 Praedest.
485 1323 720 1394 sanct„
755 1342 892 1401 cap.
913 1323 973 1396 8,
1003 1321 1106 1382 ubi
1136 1319 1214 1382 de
1243 1321 1361 1381 hoc
1389 1319 1618 1380 auxilio

133 1421 312 1488 efficaci
355 1419 460 1490 ait,
491 1435 618 1479 esse
669 1418 938 1498 qratiam
973 1421 1292 1486 secretam,
1325 1433 1457 1494 quoe
1487 1431 1621 1476 cum

132 1517 299 1582 occulte
341 1514 614 1574 humanis
664 1509 938 1573 cordibus
962 1555 978 1582 ,
1030 1510 1239 1570 divina
1291 1509 1582 1590 larqitate
1601 1551 1617 1579 ,

132 1612 378 1678 tribuitur,
416 1624 453 1668 a
485 1605 658 1668 nullo
697 1606 846 1666 duro
888 1603 1059 1665 corde
1106 1601 1420 1681 respuitur
1440 1626 1463 1671 ;
1495 1601 1622 1662 idco

130 1709 291 1788 quippe
327 1700 648 1772 tribuitur,
699 1703 768 1761 ut
806 1698 1006 1760 cordis
1050 1697 1284 1759 duritia
1329 1693 1624 1775 primitus

131 1801 396 1874 auferatur.
445 1791 572 1854 Sed
625 1789 954 1853 difficultas
1009 1795 1138 1850 tota
1205 1795 1266 1850 et
1316 1785 1622 1848 dissensio

134 1889 344 1954 consistit
384 1887 441 1946 in
492 1883 868 1963 explicando
912 1883 976 1942 in
1014 1898 1140 1961 quo
1171 1881 1466 1942 consistat
1503 1879 1624 1940 hoc

133 1983 360 2048 auxilium
390 1979 634 2052 efficax,
669 1984 730 2038 et
759 1977 1036 2038 efficacia
1067 1977 1226 2056 ejus,
1251 1977 1410 2036 Nam
1434 1972 1622 2052 hujus

133 2075 360 2156 temporis
401 2072 676 2134 haeretici
714 2089 842 2132 non
882 2069 1084 2130 solum
1133 2069 1410 2130 fatentur
1447 2067 1620 2128 auxi-

133 2173 239 2234 lium
271 2168 487 2236 efficax,
523 2183 754 2226 verum
784 2165 973 2225 etiam
1017 2164 1102 2224 ita
1149 2162 1303 2222 illud
1353 2177 1625 2240 exagge-

134 2269 248 2330 rant,
273 2266 328 2320 ut
373 2264 611 2336 negent
643 2263 873 2336 pra-ter
913 2257 1066 2317 illud
1106 2274 1244 2317 esse
1301 2272 1486 2334 posse
1517 2253 1624 2312 ali-

134 2355 254 2434 quod
283 2353 602 2413 sufficIeuS.
657 2351 897 2411 Vocant
939 2351 1103 2411 enim
1154 2349 1456 2409 auxilium
1497 2347 1625 2408 effi·

135 2467 211 2510 eux
247 2447 557 2506 motionem
615 2443 954 2522 quamdam
1004 2442 1300 2515 divinam,
1347 2459 1484 2520 quoe
1513 2458 1626 2500 ne-

135 2541 408 2603 cessitatem
443 2537 637 2598 infert
683 2537 985 2598 voluntati
1029 2542 1096 2597 ut
1136 2537 1283 2597 velit
1324 2533 1627 2615 quidquid

133 2636 252 2704 vult,
286 2635 402 2693 sine
433 2651 554 2712 qua
591 2635 828 2712 negant
859 2629 991 2691 fieri
1030 2649 1214 2708 posse
1247 2636 1313 2690 ut
1339 2629 1626 2689 voluntas

133 2728 432 2796 consentiat;
465 2734 524 2787 et
553 2725 704 2786 ideo
735 2715 922 2786 etiam
941 2730 1177 2804 negant
1204 2742 1342 2784 esse
1373 2721 1628 2800 aliquod

133 2821 359 2883 auxilium
386 2820 728 2889 sufficienS,
763 2817 932 2897 quod
961 2819 1123 2877 hanc
1159 2817 1472 2878 efficacem
1499 2833 1628 2874 mo-

133 2917 306 2974 tionem
325 2931 439 2973 non
469 2912 776 2973 includat.
813 2911 934 2972 Sed
965 2911 1098 2972 haec
1129 2910 1433 2970 sententia
1469 2908 1628 2968 duas

131 3011 340 3068 haereses
363 3007 672 3067 continet:
695 3023 822 3065 una
848 3011 961 3075 est,
987 3021 1124 3083 quae
1143 3008 1335 3081 negat
1360 3002 1628 3062 liberum

133 3102 412 3173 arbitrium;
446 3100 563 3161 alia
597 3105 716 3169 est,
750 3116 888 3179 quae
919 3102 1108 3177 negat
1134 3097 1432 3157 auxilium
1461 3095 1630 3157 suffi-

133 3198 254 3257 ciens
277 3197 332 3255 in
357 3195 651 3256 omnibus
687 3192 794 3273 qui
833 3210 962 3252 non
1001 3196 1451 3252 convertuntur
1503 3208 1516 3248 :
1569 3193 1632 3249 et

134 3290 232 3350 ideo
263 3288 531 3350 Catholici
597 3306 822 3348 omnes
876 3286 940 3345 in
985 3286 1103 3345 hoc
1152 3302 1341 3345 sensu
1399 3287 1632 3360 negant

134 3386 365 3444 auxilium
397 3384 624 3443 efficax
647 3428 661 3453 ,
703 3380 765 3442 id
812 3387 927 3453 est,
974 3378 1360 3440 necessitans
1380 3424 1394 3449 ‚
1427 3377 1539 3437 sed
1569 3377 1632 3437 in

137 3479 428 3557 explicando
481 3496 640 3539 vero
685 3475 914 3536 auxilio
965 3474 1200 3535 efficaci
1253 3472 1431 3533 divisi
1462 3475 1625 3531 sunt.

135 3575 244 3633 Nam
278 3572 534 3651 quidam,
587 3576 660 3631 ut
698 3569 952 3631 omnino
983 3586 1019 3627 a
1047 3566 1362 3647 praedictis
1391 3564 1632 3625 hoereti-

136 3666 195 3726 eis
223 3664 506 3737 recedant,
534 3664 759 3725 dicunt
791 3660 1090 3723 auxilium
1120 3659 1322 3720 solum
1350 3658 1468 3721 dici
1500 3658 1633 3719 cffi-

133 3778 214 3818 cax
235 3758 300 3819 ab
333 3758 571 3830 effectu,
611 3757 760 3835 quia
802 3755 881 3816 de
910 3754 1076 3814 facto
1109 3754 1300 3813 homo
1342 3768 1484 3812 cum
1525 3750 1628 3810 illo

135 3852 464 3925 convertitur,
493 3852 600 3911 vel
631 3848 976 3921 consentit3
1023 3846 1192 3907 unde
1229 3851 1465 3924 negant
1492 3862 1630 3903 esse

134 3964 185 4004 ex
209 3965 262 4005 se
287 3946 508 4018 efficax,
537 3943 658 4005 sed
688 3943 1024 4004 accedente
1053 3944 1298 4000 tantum
1320 3955 1633 3999 consensu

137 4038 280 4097 libero
305 4039 653 4110 voluntatiS,
681 4056 718 4097 a
747 4054 873 4115 quo
902 4033 1164 4113 proinde
1194 4032 1448 4093 omnino
1483 4048 1633 4109 pen-

137 4130 210 4189 det
230 4136 286 4191 nt
307 4132 592 4191 auxilium
627 4129 945 4189 sufficiens
981 4126 1085 4187 fiat
1114 4126 1355 4200 efficax,
1395 4124 1461 4184 id
1513 4128 1629 4194 est,

139 4224 312 4284 haheat
348 4227 670 4296 effectum;
703 4229 888 4300 atque
931 4222 1019 4282 ita
1051 4220 1232 4280 facile
1263 4215 1630 4289 defendunt,

139 4324 182 4377 et
210 4318 520 4381 libertatem
569 4317 809 4379 arbitrii
853 4316 916 4376 in
959 4316 1056 4374 his
1102 4313 1208 4393 qui
1267 4316 1631 4392 operantur,

141 4416 181 4468 et
203 4412 596 4473 sufficientiam
639 4410 855 4472 auxilii
910 4410 974 4470 in
1027 4408 1124 4467 his
1169 4408 1278 4485 qui
1332 4424 1458 4465 non
1490 4422 1640 4483 ope-

139 4510 322 4566 rantur.
349 4508 791 4569 Verumtamen
818 4505 954 4565 haec
983 4504 1170 4564 etiam
1193 4500 1500 4562 sententia
1519 4498 1639 4559 hoc

137 4604 327 4659 tantum
355 4602 535 4662 modo
579 4600 918 4669 declarata,
965 4600 1027 4657 et
1054 4595 1206 4655 nihil
1235 4594 1294 4655 ei
1323 4592 1638 4668 addend0‚

139 4690 275 4752 nohis
297 4712 412 4753 non
439 4695 766 4773 probatur,
796 4710 926 4752 non
971 4690 1116 4771 quia
1145 4687 1324 4761 falsa,
1355 4686 1467 4749 sed
1494 4686 1642 4765 quia

143 4784 407 4859 diminuta,
435 4794 496 4848 et
530 4788 677 4867 quia
709 4806 837 4847 non
867 4786 1018 4847 satis
1058 4782 1332 4843 declarat
1363 4786 1640 4842 mentem

143 4878 194 4937 D.
219 4880 533 4959 Augustini,
571 4887 639 4943 ut
676 4886 892 4961 aperte
933 4882 1176 4940 constat
1219 4894 1296 4937 ex
1327 4874 1512 4935 citato
1554 4872 1643 4933 lo-

147 4981 292 5042 eo‚et
333 4975 482 5048 aliis,
532 4994 670 5055 quoe
720 4970 1098 5055 praecedenti
1149 4969 1351 5048 capite
1401 4966 1646 5028 notavi-

145 5080 268 5141 mus„
292 5069 645 5147 explicando
687 5067 952 5147 gratiam
1000 5068 1389 5144 operantem,
1421 5065 1481 5121 et
1511 5058 1647 5120 aliis

147 5174 251 5233 quae
289 5160 434 5222 iufra
472 5164 676 5242 capite
721 5160 969 5222 decimo
1011 5161 1234 5237 quarto
1271 5154 1606 5215 afferemus
1627 5197 1643 5224 ,

146 5268 314 5314 veram
339 5258 702 5317 sententiam
746 5250 1137 5334 explicando.
1169 5250 1279 5311 Est
1309 5247 1500 5309 etiam
1542 5244 1649 5306 illa

147 5350 404 5410 sententia
450 5349 751 5412 diminuta
803 5350 869 5409 in
916 5342 1286 5426 explicando
1329 5339 1518 5402 modo
1560 5339 1654 5399 lo-

148 5441 334 5517 quendi
356 5442 713 5523 Scripturae3
739 5459 888 5505 nam
923 5441 1104 5520 juxta
1140 5436 1313 5498 illam
1351 5433 1542 5495 veluti
1577 5450 1653 5493 ex

151 5536 418 5600 accidente
459 5538 756 5619 contingit
793 5540 1083 5618 respectu
1115 5530 1343 5597 divinas
1367 5528 1654 5591 volunta-

3143 371 3251 436 181

1697 480 1798 553 tis,
1832 479 2001 560 quod
2030 481 2093 542 in
2124 499 2251 542 uno
2280 482 2479 560 gratia
2508 480 2822 542 sufficiens
2858 479 2968 541 fiat
3010 477 3250 553 efficax,

1699 577 1761 635 et
1801 593 1930 635 non
1978 574 2041 635 in
2096 575 2241 648 alio,
2296 575 2499 635 solum
2552 575 2700 655 quia
2748 573 2905 634 alter
2947 592 3077 634 non
3130 573 3263 635 vult

1699 670 2045 746 cooperari,
2081 673 2142 730 et
2172 669 2331 729 alius
2358 669 2489 730 vult
2515 687 2530 742 ς
2572 669 2764 748 quod,
2791 669 2937 728 licet
2964 684 3089 728 nou
3118 685 3264 746 pos-

1700 763 1779 824 sit
1819 763 1940 823 dici
1990 781 2141 823 casu
2189 762 2324 824 ficri
2373 769 2661 842 respectu
2702 762 2835 834 Dei,
2880 760 3027 840 quia
3072 761 3141 820 fit
3187 779 3265 823 ex

1699 857 2091 936 praescientia
2136 857 2311 937 ejuS‚
2352 863 2415 918 et
2460 875 2539 918 ex
2592 856 2873 934 generali
2918 854 3261 930 voluntate,

1699 969 1826 1030 qua
1849 951 1983 1012 vult
2024 957 2388 1012 creaturam·
2408 950 2613 1010 sinere
2644 954 2851 1009 motus
2892 966 3040 1010 suos
3072 966 3262 1027 agero

1703 1050 1765 1106 et
1804 1063 2121 1118 exercere,
2172 1050 2241 1105 ut
2286 1043 2672 1124 Augustinus
2713 1041 3010 1120 loquitur,
3048 1041 3189 1102 libr.
3226 1044 3263 1102 7

1699 1137 1778 1198 de
1808 1137 2048 1198 Civitat.
2074 1184 2089 1209 ‚
2138 1157 2275 1217 cap.
2308 1139 2419 1211 30,
2450 1141 2662 1196 tamen
2710 1142 3001 1212 respectu
3043 1133 3269 1196 divinas

1701 1231 2035 1293 voluntatis
2063 1249 2193 1291 non
2224 1230 2450 1310 poterit
2480 1247 2553 1289 ea
2583 1228 2933 1290 differentia
2961 1226 3047 1288 illi
3076 1245 3269 1308 pecu-

1700 1327 1937 1387 liariter
1966 1325 2243 1401 attribui,
2270 1325 2457 1386 etiam
2486 1324 2698 1403 quoad
2726 1323 3035 1384 actualem
3062 1322 3269 1384 effica-

1702 1422 1884 1494 ciam,
1912 1438 2105 1499 quam
2148 1419 2341 1480 habet
2366 1419 2569 1498 gratia
2608 1419 2672 1478 in
2704 1436 2778 1477 eo
2815 1415 2922 1497 qui
2967 1417 3271 1477 converti-

1701 1521 1838 1587 tur3
1880 1515 2000 1574 hoc
2026 1519 2238 1574 autem
2276 1530 2400 1574 non
2433 1518 2527 1572 est
2554 1517 3051 1572 consentaneum
3078 1510 3266 1572 modo

1703 1607 2001 1686 loquendi
2046 1606 2402 1685 Scripturas,
2451 1611 2522 1666 ut
2575 1611 2748 1684 patet
2794 1623 2870 1664 ex
2922 1602 3041 1663 illis
3088 1602 3262 1676 lucia,

1706 1719 1845 1782 quae
1893 1701 2281 1778 Augustinus
2315 1699 2679 1778 frequenter
2724 1697 3027 1776 ponderat
3072 1695 3267 1760 :Non

1704 1799 1795 1860 est
1823 1795 2101 1866 colentis,
2128 1811 2311 1874 neque
2352 1791 2674 1865 currentis,
2710 1791 2815 1854 sed
2837 1791 2949 1852 Dei
2986 1791 3270 1852 miserm-

1705 1890 1814 1960 tis,
1845 1887 1926 1950 ad
1952 1890 2132 1948 Rom.
2178 1888 2253 1954 93
2298 1891 2361 1946 et
2404 1903 2417 1944 ε
2450 1886 2612 1947 Deus
2641 1895 2727 1946 est
2756 1883 2859 1966 qui
2896 1889 3180 1964 operatur
3202 1883 3271 1943 in

1705 1981 1871 2044 nobis
1907 1981 2056 2044 velle
2098 1985 2155 2043 et
2180 1983 2460 2060 perficere
2484 1995 2596 2058 pro
2626 1979 2775 2040 bona
2816 1979 3121 2040 voluntate
3140 2021 3157 2046 ,
3190 1975 3269 2035 ad

1706 2076 1927 2154 Philip.
1974 2077 2038 2147 2,
2094 2081 2157 2136 et
2204 2073 2453 2144 similia,
2486 2089 2626 2150 quae
2680 2069 2938 2130 inferius
2992 2075 3269 2130 nostram

1705 2167 2080 2228 sententiam
2133 2165 2563 2228 confirmando
2603 2163 2963 2224 afferemus..
3012 2161 3269 2240 Propter

1706 2279 1844 2340 quae
1881 2278 2051 2322 nunc
2104 2267 2171 2321 ut
2204 2259 2587 2338 probabilius
2619 2263 2682 2317 et
2708 2256 2915 2316 verius
2944 2255 3273 2315 statuimus

1706 2355 2005 2416 auxilium
2030 2374 2157 2416 non
2188 2355 2307 2415 dici
2340 2353 2561 2415 efficax
2588 2351 2733 2431 quia
2758 2351 2927 2422 facit,
2951 2349 3062 2410 scd
3086 2351 3273 2409 etiam

1707 2451 1852 2528 quia
1881 2451 2047 2512 vires
2070 2449 2311 2530 praebet
2357 2447 2819 2510 efficacissimas
2848 2444 3170 2517 voluntati,
3206 2446 3274 2504 ut

1709 2546 2095 2624 Augustinus
2146 2544 2339 2616 dixit,
2392 2542 2470 2602 de
2514 2543 2682 2604 Grat.
2740 2546 2802 2600 et
2844 2539 2950 2598 lib.
3010 2537 3223 2597 arbitr.
3250 2583 3271 2612 ,

1711 2659 1848 2720 cap.
1901 2642 2001 2710 17,
2036 2655 2183 2697 nam
2226 2642 2289 2698 et
2332 2635 2677 2715 proprietas
2721 2631 2914 2710 ipsius
2946 2629 3113 2690 vocis
3154 2630 3273 2690 hoc

1711 2734 1995 2812 requirit;
2053 2731 2277 2792 dieitur
2329 2729 2495 2791 euim
2547 2727 3076 2788 medicamentum
3138 2721 3275 2782 effi-

1710 2846 1845 2899 cax,
1877 2845 2003 2886 nou
2063 2845 2139 2885 ex
2183 2843 2258 2885 eo
2308 2819 2509 2884 soffim
2559 2820 2725 2900 quod
2779 2827 2917 2880 actu
2960 2817 3129 2883 facit,
3164 2815 3275 2877 sed

1711 2920 1879 3000 quod
1921 2919 2305 2994 singularem
2362 2915 2486 2975 vim
2536 2915 2725 2974 habet
2775 2912 2853 2971 ad
2910 2910 3268 2986 ugentinum

1711 3016 1802 3076 sic
1829 3033 1980 3094 ergo
2029 3013 2253 3074 dicitur
2290 3011 2589 3070 auxilium
2638 3009 2878 3068 efficax.
2912 3005 3043 3076 Quo
3092 3003 3159 3064 fit
3208 3009 3278 3066 ut

1711 3111 1830 3173 hoc
1861 3128 2092 3169 nomen
2122 3107 2331 3167 auxilii
2360 3105 2628 3167 efficacis
2663 3122 2789 3163 non
2830 3101 3077 3180 proprie
3110 3097 3277 3161 attri-

1712 3205 1945 3264 buatur
1972 3202 2056 3262 illi
2088 3201 2341 3275 auxilio,
2381 3198 2549 3278 quod
2579 3204 2671 3257 est
2702 3216 2810 3274 prr
2838 3194 3093 3255 modum
3132 3210 3281 3253 con-

1715 3315 1935 3360 cursus
1959 3302 2139 3373 ,tum
2193 3295 2340 3374 quia
2396 3293 2549 3353 illud
2602 3296 2887 3351 nontam
2919 3294 3013 3349 est
3056 3286 3277 3347 osticax

1715 3409 1907 3471 quam
1956 3390 2200 3451 effectio
2239 3388 2409 3466 ipsa;
2448 3394 2577 3447 tum
2629 3385 2815 3445 etiam
2857 3382 3002 3461 quia
3054 3381 3117 3439 in
3174 3378 3277 3439 illo

1713 3504 1841 3547 non
1875 3490 2082 3565 potest
2112 3481 2405 3559 distingui
2457 3478 2829 3539 sufficientia
2858 3482 2918 3535 et
2950 3473 3223 3535 efficacia
3255 3494 3274 3547 3

1712 3597 1920 3657 neque
1950 3578 2033 3637 illi
2052 3582 2254 3655 potest
2275 3573 2560 3653 specialis
2582 3570 2859 3631 efficacia
2875 3567 3151 3637 attribui,
3170 3565 3285 3626 sed

1711 3690 1961 3751 semper
1987 3670 2179 3731 habet
2218 3668 2507 3729 eamdem
2556 3664 2869 3726 actualem
2902 3659 3284 3740 conjunctio·

1710 3784 1856 3826 nem
1898 3782 2041 3825 cum
2074 3764 2322 3832 effectu,
2370 3768 2673 3839 tanquam
2703 3758 2804 3817 via
2834 3755 2912 3817 ad
2939 3755 3149 3825 illum;
3182 3770 3283 3812 so-

1711 3860 1842 3920 lum
1875 3876 2025 3939 ergo
2051 3858 2238 3917 datur
2264 3856 2367 3919 illa
2400 3853 2644 3924 divisio,
2691 3858 2761 3912 ut
2801 3868 2990 3929 supra
3021 3846 3170 3919 dixi,
3200 3845 3283 3907 de

1714 3954 1941 4014 auxilio
1972 3970 2085 4031 per
2130 3950 2390 4012 modum
2419 3946 2726 4028 principii.
2760 3946 2869 4005 Est
2916 3961 3065 4021 ergo
3110 3938 3284 4001 auxi-

1712 4048 1866 4107 lium
1916 4046 2138 4107 efficax
2193 4043 2349 4104 illud
2400 4042 2615 4119 gratiae
2660 4037 3069 4118 principium,
3112 4030 3287 4111 quod

1713 4139 2097 4219 peculiarem
2124 4136 2252 4197 vim
2280 4141 2343 4196 et
2382 4132 2723 4195 efficaciam
2756 4131 2947 4190 habet
2986 4126 3067 4187 ad
3108 4124 3286 4186 indu·

1716 4234 1981 4295 cendam
2005 4233 2349 4292 humanam
2376 4229 2789 4297 voluntat-em,
2816 4231 2884 4285 ut
2915 4220 3281 4283 consentiat.

1721 4328 1848 4387 Hac
1878 4327 2067 4405 igitur
2106 4323 2428 4403 supposita
2469 4320 2804 4392 sententia,
2836 4311 3285 4377 declarandum

1721 4424 2009 4499 superest
2048 4436 2187 4498 quae
2222 4420 2281 4477 et
2312 4420 2548 4494 quanta
2578 4412 2657 4473 sit
2692 4413 2829 4472 haec
2856 4410 2949 4469 vis
2988 4414 3050 4467 et
3079 4404 3289 4467 effica-

1721 4514 1815 4575 οἱα
1845 4514 2010 4574 illius
2040 4512 2285 4585 auxilii,
2341 4516 2403 4571 et
2454 4510 2517 4569 in
2564 4526 2689 4587 quo
2719 4507 2796 4568 sit
2824 4503 3062 4583 posita,
3096 4505 3157 4561 et
3188 4499 3291 4559 cui

1723 4606 1952 4669 auxilio
1986 4606 2336 4680 conveniat,
2384 4602 2637 4671 scilicet,
2690 4595 2982 4661 excitant-i
3022 4592 3121 4653 vel
3174 4591 3291 4652 ad-

1715 4700 1983 4781 juvanti.
2042 4696 2222 4771 Quod
2266 4698 2333 4758 in
2386 4696 2628 4773 reliqua
2683 4698 2861 4773 parte
2907 4689 3099 4768 hujus
3148 4683 3289 4745 libri

1725 4793 2147 4875 praestandum
2174 4810 2209 4853 a
2239 4790 2421 4852 nobis
2447 4795 2561 4853 est.
