3850 6225
685 373 817 427 CAP.
853 374 934 424 111.
972 373 1216 425 FUTURA
1259 369 1716 424 coa‘rmGENTm
1749 371 1870 424 NON
1905 371 2095 424 Posse
2128 373 2187 424 ΙΝ
2227 369 2501 426 PROXIMA
2537 373 2762 436 CAUSA,
2794 373 2930 428 ETc.

189 489 534 542 converso;
583 490 712 532 11011
742 490 894 550 ergo
925 473 1242 551 cognoscit
1269 491 1468 532 unum
1511 489 1758 549 respec-

190 573 325 626 tum
355 567 420 626 in
470 567 616 639 alio,
647 565 760 626 sed
789 567 958 627 videt
988 567 1172 626 simul
1201 567 1546 646 simplicem
1587 565 1758 625 illam

187 659 504 719 actionem
535 677 678 720 cum
704 665 973 738 utroque
1017 665 1328 738 respectu.
1362 661 1460 719 An
1503 677 1652 719 vero
1695 659 1758 718 in

184 752 514 812 voluntate
559 771 691 824 sua,
726 760 1036 832 quatenus
1069 760 1163 813 est
1210 771 1398 813 causa
1448 751 1612 811 illius
1661 769 1760 812 ae—

183 846 403 921 110ῃί5,
435 847 632 924 possit
653 848 822 907 Deus
851 864 1361 926 praecognoscere
1388 845 1760 906 determina-

182 939 450 1006 tionem,
482 956 596 998 seu
625 940 1170 999 concomitantiam
1211 957 1414 998 causae
1439 937 1754 1011 secundae,

185 1031 312 1090 alia
355 1033 612 1110 quaestio
660 1039 756 1092 est
793 1038 1008 1110 postca
1051 1031 1395 1093 tractanda.
1443 1031 1504 1092 Si
1545 1035 1758 1092 autem

180 1125 294 1184 illa
316 1126 510 1185 motio
531 1125 760 1186 dicitur
773 1143 910 1186 esse
933 1125 1187 1204 praevia,
1207 1126 1342 1205 jam
1367 1125 1431 1184 in
1453 1124 1755 1202 superiori

184 1237 384 1296 opere
414 1220 538 1280 late
560 1220 895 1298 probatum
923 1225 1016 1280 est
1043 1219 1233 1280 talem
1264 1219 1604 1279 motionem
1627 1237 1756 1278 non

183 1331 328 1372 esse
373 1313 796 1373 necessariam
825 1313 907 1374 ad
937 1311 1366 1373 causalitatem
1395 1329 1600 1372 causae
1629 1311 1757 1389 pri-

179 1423 306 1464 mae
337 1424 480 1465 eum
513 1425 702 1466 causa
740 1406 1052 1478 secunda;
1087 1423 1294 1482 neque
1342 1405 1528 1466 etiam
1579 1423 1756 1484 spec-

177 1501 320 1560 tare
361 1499 442 1558 ad
468 1499 700 1559 auxilia
727 1500 966 1578 gratiae,
1012 1517 1152 1578 quae
1195 1498 1378 1558 nobis
1421 1498 1554 1558 dari
1597 1499 1756 1560 fides

179 1593 406 1663 docet;
458 1592 728 1670 ideoque
779 1598 842 1652 et
869 1591 1290 1652 necessariam
1321 1610 1448 1652 non
1499 1610 1660 1664 esse,
1696 1599 1756 1654 et

179 1686 324 1745 sine
347 1703 537 1746 causa
567 1685 742 1765 fingi,
773 1693 836 1746 et
861 1692 1166 1765 praeterea
1191 1703 1548 1764 repugnare
1573 1685 1756 1746 liber-

177 1780 332 1851 tati3
379 1778 514 1838 talis
539 1797 690 1858 ergo
718 1779 910 1839 motio
940 1779 1092 1838 nihil
1122 1778 1203 1838 ad
1231 1779 1584 1839 futurorum
1615 1797 1757 1839 con-

177 1872 562 1950 tingentium
586 1871 1007 1950 cognitionem
1035 1871 1294 1932 confert.

265 1967 367 2026 ⁴5.
417 1964 622 2027 Malos
668 1970 840 2028 actus
879 1982 1000 2026 non
1041 1965 1315 2046 coquos-ci
1369 1967 1437 2027 in
1489 1967 1759 2029 carentia

173 2058 410 2120 divim
422 2059 704 2121 motionis
731 2059 814 2120 ad
841 2059 1158 2120 bonum.—
1178 2061 1378 2137 Atque
1399 2059 1546 2119 hinc
1570 2059 1758 2119 etiam

171 2151 803 2230 faciloimpugnatur
829 2152 1142 2212 sententia
1173 2170 1414 2223 eorum,
1439 2153 1548 2232 qui
1591 2153 1760 2213 dice-

171 2243 338 2302 bant
379 2243 442 2302 in
473 2244 654 2304 malis
681 2244 922 2304 actibus
945 2244 1158 2305 futura
1199 2245 1620 2325 contingentia
1654 2265 1759 2307 co-

173 2336 404 2413 gnosci
430 2336 492 2395 in
521 2337 798 2398 carentia
818 2337 1043 2397 divinae
1065 2338 1359 2398 motionis
1380 2338 1460 2398 ad
1485 2339 1752 2416 bonum3

175 2447 338 2488 nam
371 2448 580 2490 sermo
605 2448 742 2490 esse
762 2435 968 2508 potest
992 2431 1092 2491 vel
1109 2431 1186 2492 de
1208 2431 1432 2492 futuris
1458 2433 1750 2512 pcccatiS‚

173 2541 327 2601 quae
373 2523 718 2584 consistunt
763 2525 828 2583 in
879 2525 1010 2584 sola
1061 2526 1336 2584 carentia
1387 2533 1562 2586 actus
1583 2571 1600 2599 ,
1653 2527 1756 2587 vel

173 2635 326 2694 quae
359 2616 708 2678 consistunt
731 2617 794 2676 in
819 2623 961 2678 actu
988 2616 1272 2696 positivo.
1307 2617 1509 2677 Prima
1537 2637 1754 2680 caren-

173 2711 272 2769 tia
300 2709 402 2770 1101
443 2727 571 2770 11011
599 2715 804 2788 potest
834 2710 1124 2789 cognosci
1160 2710 1266 2770 illo
1305 2710 1513 2786 mode,
1545 2712 1666 2784 vel,
1705 2713 1752 2772 si

179 2806 628 2882 cognoscatur,
655 2821 782 2863 non
823 2804 1050 2881 poterit
1077 2821 1214 2864 esse
1244 2804 1570 2884 culpabilis
1599 2812 1660 2866 et
1685 2806 1753 2866 li-

171 2897 338 2956 bera
365 2915 382 2969 ;
409 2897 556 2975 quia
583 2901 693 2956 aut
721 2897 912 2958 motio
953 2896 1056 2957 illa
1087 2897 1218 2970 Dei,
1247 2897 1314 2957 in
1341 2898 1520 2977 cujus
1559 2916 1752 2978 nega-

169 2991 356 3050 tione
395 2991 686 3069 cognosci
729 2991 970 3067 dicitur,
1015 2999 1110 3052 est
1147 2992 1506 3070 simpliciter
1537 3011 1752 3053 neces-

171 3084 349 3143 saria
377 3082 458 3143 ad
485 3083 826 3163 agendum,
859 3084 960 3145 vel
993 3103 1156 3145 non:
1191 3085 1240 3146 si
1267 3103 1394 3146 non
1425 3091 1520 3147 est
1539 3103 1751 3147 neces-

171 3176 371 3249 saria,
402 3195 552 3255 ergo
591 3178 726 3238 sine
767 3178 874 3239 illa
902 3179 1128 3258 poterit
1171 3196 1306 3239 esse
1339 3184 1550 3251 actus;
1601 3198 1750 3259 ergo

165 3271 244 3329 in
273 3272 614 3348 negatione
639 3272 804 3331 illius
829 3290 957 3332 non
985 3274 1212 3350 poterit
1241 3274 1532 3351 cognosci
1563 3292 1750 3352 nega-

169 3365 266 3423 tio
299 3370 472 3424 actus
511 3368 580 3425 ut
609 3364 1006 3425 infallibiliter
1031 3365 1262 3425 futura.
1287 3366 1350 3427 Si
1377 3371 1586 3425 autem
1615 3384 1752 3426 mo-

171 3456 266 3515 tio
317 3464 412 3518 est
453 3458 830 3533 necessaria,
873 3476 1023 3537 ergo
1056 3459 1436 3537 impossibile
1481 3465 1575 3519 est
1615 3459 1748 3521 sine

173 3550 286 3609 illa
335 3550 470 3611 fieri
517 3558 760 3625 aetum3
807 3571 958 3632 ergo
985 3570 1116 3613 non
1145 3558 1348 3631 potest
1389 3553 1470 3613 ad
1499 3552 1748 3631 culpam

169 3644 366 3703 tribui
395 3644 560 3716 quod
591 3644 726 3705 sine
761 3644 868 3705 illa
910 3664 1037 3705 non
1069 3644 1198 3706 fiat.
1232 3648 1446 3725 Neque
1491 3646 1747 3707 effectus

172 3735 282 3795 ille
323 3738 660 3815 privativus
709 3744 802 3798 est
847 3738 1217 3817 contingens
1264 3744 1554 3817 respectu
1605 3740 1744 3800 talis

169 3846 384 3888 eausae
417 3830 758 3907 privativae,
785 3832 898 3891 sed
932 3831 1292 3910 simpliciter
1326 3833 1736 3893 necessarius.

167 3924 428 3981 Dicetur
448 3922 712 3983 fortasse
739 3942 876 3985 esse
899 3924 1273 4003 culpabilem
1295 3925 1529 3985 homini
1547 3926 1740 3987 talem

167 4016 514 4075 carentiam
559 4022 758 4091 actus,
791 4018 935 4097 quia
965 4036 1078 4097 per
1119 4018 1294 4078 illum
1338 4024 1458 4079 stat
1495 4020 1741 4097 quomi-

165 4126 294 4168 nus
321 4108 550 4170 habeat
571 4109 742 4170 illam
771 4112 1112 4173 motionem
1143 4112 1277 4173 Dei.
1312 4112 1434 4174 Sed
1463 4112 1582 4173 hoc
1613 4131 1740 4173 non

163 4202 400 4262 dicitur
429 4210 908 4283 consequenter,
937 4205 1082 4284 quia
1111 4212 1400 4285 respectu
1427 4206 1590 4266 illius
1609 4224 1740 4267 mo-

163 4296 360 4355 tionis
405 4296 594 4357 homo
637 4304 884 4359 tantum
911 4300 1154 4379 passive
1197 4318 1264 4360 se
1305 4300 1516 4371 habet,
1565 4300 1735 4379 quia,

165 4394 240 4449 ut
271 4390 665 4468 supponitur,
683 4389 786 4450 illa
817 4393 1007 4453 motio
1032 4412 1160 4453 non
1191 4400 1283 4454 est
1309 4393 1576 4472 ipsamet
1595 4412 1740 4473 ope-

163 4484 332 4543 ratio
346 4484 638 4557 homiuiS,
659 4485 772 4545 sed
791 4486 1024 4565 aliquid
1051 4488 1353 4565 praevium
1377 4488 1467 4547 illi
1497 4488 1736 4562 datum,

167 4582 238 4636 ut
269 4576 357 4635 ita
402 4576 815 4639 determinate
857 4586 1170 4659 operetur.
1202 4582 1416 4660 Neque
1447 4581 1598 4660 fingi
1628 4599 1740 4660 po-

162 4674 292 4731 test
321 4669 475 4748 quid
503 4676 756 4731 acturus
801 4673 878 4733 sit
919 4674 1107 4735 homo
1153 4678 1224 4735 ut
1273 4675 1534 4754 recipiat
1575 4676 1739 4735 hanc

165 4762 556 4837 motionem;
593 4766 900 4843 oportebit
929 4767 1098 4827 enim
1137 4768 1290 4829 illud
1331 4786 1468 4829 esse
1504 4768 1737 4845 aliquid

165 4856 466 4928 liberum,
497 4863 559 4918 et
598 4858 678 4918 ad
729 4858 882 4918 illud
925 4860 1227 4940 indigebit
1265 4862 1387 4922 alia
1433 4862 1732 4923 motione.

165 4949 350 5012 Unde
381 4950 726 5011 sistendum
753 4953 890 5023 erit,
917 4954 1020 5015 vel
1047 4953 1110 5014 in
1135 4955 1407 5016 motione
1434 4974 1570 5034 quae
1599 4954 1675 5014 sit
1704 4972 1742 5012 a

169 5040 305 5102 solo
339 5043 494 5116 Dec,
525 5048 587 5103 et
619 5062 746 5104 non
777 5045 856 5106 sit
875 5046 940 5105 in
967 5054 1272 5126 potestate
1305 5047 1610 5118 hominis3
1640 5046 1743 5107 vel

170 5134 236 5192 in
279 5135 490 5212 aliquo
529 5128 670 5196 actu
697 5138 864 5199 bono
903 5140 1121 5213 libero,
1169 5141 1249 5202 ad
1277 5159 1468 5218 quem
1493 5158 1625 5200 non
1665 5138 1743 5199 sit

171 5228 531 5289 necessaria
570 5230 711 5290 talis
747 5232 964 5305 motio,
1007 5234 1177 5311 quod
1215 5234 1618 5295 intendimus.
1652 5233 1740 5293 De

171 5338 298 5398 quo
353 5321 636 5385 discursu
695 5325 993 5387 latissime
1034 5328 1302 5389 diximus
1351 5328 1414 5387 in
1447 5327 1619 5387 libris
1660 5325 1740 5386 de

171 5414 458 5475 Auxiliis.
491 5418 568 5477 Et
592 5418 726 5478 fere
759 5418 926 5480 idem
945 5418 1084 5481 fieri
1111 5425 1316 5500 potest
1338 5420 1416 5481 de
1446 5420 1568 5480 alio
1597 5437 1740 5497 pec-

167 5507 351 5567 candi
379 5526 614 5586 genere
635 5529 747 5590 per
775 5513 1171 5575 efficientiam
1197 5521 1372 5575 actus
1388 5513 1534 5571 mali
1553 5558 1568 5585 ,
1593 5511 1738 5593 quia

486 5630 572 5677 XI.

3294 361 3411 428 305

1839 472 1941 532 vel
1976 473 2057 533 ad
2107 479 2315 534 actum
2361 475 2597 535 malum
2646 483 2742 536 est
2786 478 3137 540 necessaria
3188 476 3412 538 eadem

1839 567 2165 644 praemotio
2196 566 2407 626 divina
2444 585 2583 646 quae
2603 570 2685 628 ad
2712 575 2917 632 actum
2947 572 3215 640 bonum;
3242 568 3413 628 etsie

1839 659 1923 719 ad
1950 660 2457 739 cognoscendum
2496 660 2673 722 illum
2703 682 2831 724 non
2859 665 3123 726 sufficiet
3148 679 3413 741 coguos-

1841 768 1986 812 cere
2018 753 2361 814 carentiam
2388 755 2681 816 motionis
2709 757 2789 818 ad
2817 757 3073 831 bonum,
3102 755 3213 818 sed
3235 772 3415 833 opor-

1840 842 1993 904 tebit
2026 863 2405 923 cognoscere
2452 849 2713 926 positive
2760 851 3105 912 motionem
3147 849 3229 909 ad
3274 865 3410 907 ma-

1837 937 2005 1008 lum:
2040 957 2187 998 nam
2216 939 2351 1000 fieri
2382 947 2593 1018 posset
2622 946 2689 1002 ut
2736 948 2959 1003 neutra
2990 943 3265 1003 daretur.
3300 939 3415 1000 Vel

1839 1049 1967 1090 non
2008 1036 2103 1090 est
2142 1033 2500 1092 necessaria
2547 1033 2683 1094 talis
2724 1035 2917 1095 motio
2964 1035 3071 1096 Dei
3122 1032 3415 1094 determi-

1839 1141 2001 1183 nans
2032 1123 2112 1183 ad
2152 1125 2411 1192 malum,
2445 1131 2507 1186 et
2534 1131 2684 1187 tunc
2711 1145 2785 1188 ex
2812 1128 2945 1188 sola
2974 1127 3249 1188 carentia
3276 1145 3415 1186 mo·

1837 1215 2023 1276 tionis
2063 1217 2143 1276 ad
2186 1223 2396 1278 actum
2432 1218 2670 1278 bonum
2710 1238 2837 1280 non
2877 1226 3082 1298 potest
3120 1219 3411 1299 cognosci

1837 1312 2014 1369 actus
2040 1310 2280 1382 malus;
2316 1311 2461 1388 quia
2504 1313 2709 1372 adhuc
2746 1313 3033 1376 voluntas
3068 1318 3283 1374 manet
3316 1312 3413 1372 in-

1839 1399 2135 1463 differens
2165 1403 2246 1463 ad
2274 1405 2593 1484 agendum
2636 1405 2735 1464 vel
2776 1423 2905 1466 non
2946 1405 3297 1485 agendum3
3351 1409 3413 1464 ct

1839 1512 1965 1554 non
1998 1497 2372 1574 supponitur
2400 1497 2813 1558 determinata
2842 1517 2955 1578 per
2982 1499 3255 1577 aliquam
3278 1515 3413 1557 mo-

1839 1588 2079 1650 tionem
2106 1590 2256 1649 Dei:
2293 1608 2445 1669 ergo
2472 1589 2643 1649 nullo
2691 1607 2769 1650 ex
2808 1591 2905 1651 his
2961 1591 3163 1652 modis
3209 1581 3413 1670 pote-st

1839 1683 2135 1762 cognosci
2165 1691 2339 1744 actus
2368 1683 2593 1752 maluS,
2633 1683 2731 1744 vel
2776 1683 2979 1746 honus
3026 1683 3259 1746 ordinis
3300 1701 3413 1742 na-

1839 1781 1991 1835 turae
2018 1775 2081 1834 in
2111 1795 2225 1836 sua
2255 1793 2465 1836 causa.

1939 1982 2197 2060 Satisfit
2220 1984 2631 2062 fundamentis
2660 1985 2926 2048 aliar-um
2950 1984 3315 2064 opinionum.

1921 2159 2020 2216 16.
2068 2155 2367 2233 Superest
2400 2162 2469 2216 ut
2512 2156 2921 2217 fundamenta
2966 2157 3229 2217 aliarum
3284 2156 3412 2236 opi·
3481 2157 3489 2168 ‘

1838 2247 2099 2307 nionum
2130 2247 2565 2308 dissolvamus
2599 2248 2694 2310 Ad
2734 2249 3035 2327 primum,
3068 2248 3411 2329 responde·
3493 2237 3507 2247 ’
3579 2234 3588 2242 “

1837 2344 1938 2400 tur
1970 2339 2107 2399 illas
2137 2340 2505 2412 locutiones,
2530 2340 2609 2404 Si
2628 2343 2694 2402 in
2714 2341 2879 2420 Tyro
2894 2347 2951 2404 et
2984 2341 3231 2414 Sidone,
3260 2347 3405 2414 etc„

1837 2438 1899 2494 et
1938 2433 2193 2507 simileS‚
2238 2452 2367 2493 non
2405 2433 2652 2494 fundari
2683 2435 2747 2493 in
2786 2435 3137 2514 cognitione
3170 2435 3405 2496 futuro-

1834 2544 1975 2586 rum
2006 2526 2345 2586 effectuum
2390 2527 2880 2606 contingentium
2912 2527 2972 2587 in
3014 2531 3218 2590 causis
3254 2529 3404 2601 suis,

1837 2620 1949 2681 sed
2006 2620 2070 2680 in
2128 2620 2525 2698 praescientia
2582 2621 3005 2682 conditionata
3059 2621 3409 2682 futurorum

1839 2713 2363 2792 contingentium,
2392 2712 2469 2774 de
2498 2731 2621 2792 qua
2649 2732 2732 2773 an
2758 2720 2819 2775 et
2842 2714 3159 2792 quomodo
3190 2715 3288 2788 sit,
3314 2715 3409 2775 in-

1833 2807 1931 2868 fra
1964 2813 2057 2868 est
2102 2807 2547 2886 disputandum
2590 2827 2667 2869 ex
2713 2807 3017 2887 professe.
3051 2809 3143 2869 Ad
3184 2827 3409 2870 secun·

1833 2900 1984 2960 dum
2010 2889 2475 2979 argumentum,
2510 2899 2665 2960 illud
2687 2906 2855 2961 recte
2895 2901 3175 2979 procedit
3199 2901 3279 2962 de
3308 2901 3406 2962 fu-

1831 2993 1987 3053 turis
2044 2992 2549 3071 contingentibus
2570 3037 2586 3062 ,
2645 3011 2786 3070 quae
2844 2993 3120 3071 pendent
3168 3012 3206 3054 a
3258 2995 3406 3054 solis

1833 3085 2039 3147 causis
2066 3085 2479 3159 naturalibus,
2517 3102 2657 3164 quae
2696 3084 2777 3145 ab
2805 3085 3156 3148 extrinseco
3198 3086 3405 3149 deter-

1831 3179 2055 3239 minari
2088 3179 2184 3240 vel
2214 3178 2499 3257 impediri
2530 3185 2825 3257 possunt3
2863 3179 2943 3240 ad
2972 3198 3227 3241 causam
3252 3200 3401 3243 vero

1831 3273 2095 3333 liberam
2126 3290 2253 3331 non
2282 3276 2449 3332 rect'e
2478 3271 3010 3345 accommodatur,
3040 3291 3212 3346 nam,
3240 3274 3403 3351 posi-

1831 3367 1909 3426 tis
1944 3364 2235 3425 omnibus
2276 3381 2417 3441 qum
2446 3363 2619 3423 illam
2642 3370 2904 3443 possunt
2932 3382 3257 3427 removere
3300 3366 3401 3426 vel

1829 3457 2155 3529 inclinare,
2187 3455 2323 3536 ipsa
2348 3474 2463 3535 per
2490 3474 2559 3516 se
2604 3462 2810 3535 potest
2847 3456 2947 3517 vel
2980 3457 3398 3520 determinare
3508 3524 3525 3545 ⁸

1827 3552 1929 3611 vel
1968 3551 2260 3611 cohibere
2292 3555 2501 3610 actum
2532 3567 2674 3609 cum
2714 3550 2943 3610 auxilio
2986 3550 3096 3611 Dei
3151 3570 3399 3612 accom-

1827 3643 2103 3705 modate.
2134 3644 2207 3703 Et
2236 3642 2399 3714 ideo,
2430 3642 2592 3702 sicut
2620 3642 2737 3703 hac
2766 3642 3007 3703 ratione
3034 3662 3162 3703 11011
3191 3648 3399 3723 potest

1826 3736 1890 3796 in
1925 3736 2061 3815 ipsa
2106 3736 2423 3795 voluntate
2471 3734 2641 3794 nude
2686 3740 2935 3814 sumpta
2976 3736 3271 3814 cognosci
3308 3736 3397 3797 sf-

1823 3829 2049 3903 fectus‚
2076 3828 2161 3889 ita
2187 3844 2395 3906 neque
2427 3827 2489 3886 in
2534 3827 2637 3887 illa
2680 3826 2990 3904 adjunctis
3021 3828 3157 3893 aliis
3183 3830 3395 3907 requi-

1822 3923 1976 3996 sitis,
2024 3941 2167 3984 cum
2212 3921 2418 3981 adhuc
2460 3920 2864 3981 intrinsecam
2911 3920 3393 3983 indifferentiam

1819 4018 2105 4077 retineat.
2151 4014 2248 4076 Ad
2284 4014 2560 4085 tertium,
2592 4014 3009 4091 respondetur
3047 4015 3248 4075 Deum
3290 4035 3392 4076 511-

1821 4128 2043 4189 perare
2099 4107 2371 4186 Angelos
2425 4107 2490 4167 in
2554 4106 2937 4185 perfectione
2996 4108 3385 4187 cognitionis,

1821 4204 1967 4283 quia
2021 4208 2227 4282 potest
2278 4200 2507 4261 melius
2558 4199 3090 4279 comprehendere
3154 4202 3386 4275 omnia,

1821 4314 1959 4375 quae
2006 4296 2105 4357 vel
2154 4314 2230 4355 ex
2260 4299 2437 4373 parte
2482 4300 2934 4365 creaturarum,
2968 4293 3063 4353 vel
3094 4312 3171 4353 ex
3209 4302 3386 4374 parte

1819 4390 2015 4469 ipsius
2058 4388 2172 4449 Dei
2217 4392 2479 4468 possunt
2506 4387 2807 4448 inclinare
2836 4387 3261 4461 voluntatem;
3294 4396 3389 4449 ta-

1819 4502 1966 4543 men
2007 4500 2084 4542 ex
2126 4486 2302 4559 parte
2343 4480 2569 4560 objecti
2600 4498 2727 4539 non
2760 4498 2943 4559 posse
2984 4479 3163 4541 aliter
3203 4482 3388 4542 effec-

1819 4582 1955 4637 tum
1982 4575 2047 4635 in
2075 4592 2261 4635 causa
2288 4572 2602 4653 cognosci,
2636 4590 2826 4650 quam
2865 4572 2929 4631 in
2958 4591 3033 4633 ea
3070 4574 3389 4635 continea-

1819 4674 1943 4743 tur,
1973 4674 2035 4729 et
2060 4668 2225 4741 ideo,
2252 4666 2547 4745 quamdiu
2576 4666 2711 4744 ipsa
2738 4665 3103 4727 indifferens
3133 4674 3194 4728 et
3214 4668 3387 4731 inde-

1819 4763 2148 4824 terminata
2194 4767 2429 4831 manet,
2473 4778 2601 4819 non
2644 4778 2827 4838 posse
2864 4760 3155 4821 effectum
3203 4762 3266 4822 in
3313 4782 3387 4824 ea

1821 4848 2074 4917 omnino
2158 4853 2561 4914 infallibiliter
2626 4853 2940 4932 cognosci.
3006 4854 3101 4915 Ad
3164 4855 3388 4917 funda-

1821 4956 2105 5010 mentum
2142 4946 2433 5009 secundae
2468 4945 2797 5024 opinionis,
2840 4947 3012 5025 quod
3052 4948 3269 5009 attinet
3306 4949 3387 5009 ad

1823 5041 2123 5103 auxilium
2164 5039 2420 5111 efficax,
2468 5039 2786 5117 supposita
2828 5038 3109 5099 doctrina
3152 5059 3388 5118 praece-

1822 5134 2029 5196 dentis
2076 5134 2302 5213 operis,
2337 5130 2690 5210 respondeo
2739 5130 3013 5192 breviter
3050 5134 3386 5193 efficaciam

1823 5229 2011 5307 hujus
2038 5226 2245 5287 auxilii
2274 5244 2399 5285 non
2430 5223 2768 5285 consistere
2795 5224 2857 5283 in
2883 5224 3003 5283 hoc
3035 5224 3202 5302 quod
3234 5226 3386 5304 phy-

1823 5323 2041 5391 5100,οῒ
2071 5321 2129 5380 vi
2158 5339 2269 5381 sua
2300 5318 2675 5380 determinet
2703 5318 3085 5378 voluntatem
3107 5363 3121 5390 ,
3170 5318 3281 5378 sed
3320 5320 3381 5379 in

1821 5415 1943 5477 hoc
1981 5414 2149 5495 quod
2194 5432 2272 5473 ex
2316 5410 2704 5491 praescientia
2748 5417 2809 5469 et
2854 5409 3219 5471 liberalitate
3274 5410 3383 5473 Dei

1821 5510 2005 5571 datur
2044 5526 2119 5569 eo
2160 5504 2349 5568 modo
2386 5511 2451 5565 et
2498 5522 2573 5565 00
2622 5503 3080 5583 opportunitate
3123 5509 3185 5564 et
3228 5510 3388 5567 tem-

2968 5609 3049 5673 20
