3850 6225
511 369 630 430 116

508 481 635 538 tem
666 473 1015 535 absolutam
1042 479 1217 537 actus
1251 475 1477 550 malua,
1510 476 1622 537 sed
1651 475 1782 536 sola
1810 473 2068 554 permis-

512 569 604 628 sio
630 567 785 646 erS.
818 569 1095 628 Tertium
1120 568 1451 630 discrimen
1486 573 1601 643 est,
1644 567 1813 647 quod
1848 567 2068 628 volun·

510 665 606 720 tas
634 661 1044 722 concurrendi
1070 660 1149 722 de
1180 680 1247 724 se
1274 667 1336 722 et
1354 661 1635 722 absolute
1660 679 1789 721 non
1810 665 1907 720 est
1935 659 2068 720 effi-

508 771 646 824 cax,
683 753 795 816 sed
823 754 1157 828 sufficiens,
1198 761 1432 816 etcum
1472 753 1911 832 cooperatione
1949 753 2067 812 hu-

507 866 711 908 manae
768 847 1100 908 voluntatis
1158 849 1349 910 habet
1402 851 1721 920 effectum3
1778 848 2066 908 voluntas

507 947 718 1002 autem
747 941 1303 1020 praedeterminans
1331 947 1497 1003 esset
1524 942 1743 1002 efficax
1762 959 1851 1000 ex
1880 959 1970 1014 se,
2005 947 2068 1002 et

506 1035 649 1096 ideo
681 1035 925 1096 ratione
954 1035 1117 1096 illius
1144 1053 1291 1097 vere
1323 1036 1638 1098 diceretur
1664 1037 1831 1099 Deus
1856 1034 2063 1096 faeere

504 1135 575 1188 ut
598 1128 903 1190 faciamus
926 1129 1127 1190 malos
1157 1135 1356 1204 actuS,
1390 1130 1559 1209 quod
1592 1129 1950 1190 nullatenus
1977 1128 2067 1188 di-

504 1221 776 1282 cendum
806 1226 921 1282 est.

582 1317 683 1376 20.
728 1315 1058 1396 Responsio
1078 1316 1160 1377 ad
1176 1315 1453 1379 ultimam
1462 1315 1950 1396 objwtionem.-
1969 1316 2064 1376 Ad

502 1408 751 1470 tert-iam
800 1425 949 1488 ergo
990 1407 1406 1488 objectionem
1448 1409 1513 1468 in
1563 1408 1765 1470 forma
1800 1428 2064 1488 respon-

500 1501 685 1562 detur
711 1501 1002 1580 negando
1040 1502 1387 1580 sequelam,
1434 1501 1667 1563 scilicet
1708 1502 1909 1564 Deum
1941 1503 2063 1563 dici

496 1613 679 1674 posse
710 1601 1039 1656 auctorem
1060 1597 1301 1674 peccati
1316 1597 1559 1658 ratione
1582 1595 1894 1675 generalis
1916 1614 2058 1658 con·

498 1707 739 1762 cursu3,
768 1693 953 1767 prout
972 1707 1009 1748 a
1037 1688 1218 1748 nobis
1242 1695 1337 1749 est
1360 1690 1732 1769 explicatus;
1762 1696 1895 1750 tum
1914 1707 2062 1769 pro-

495 1789 636 1862 pter
664 1782 848 1854 dicta,
892 1780 1061 1859 quod
1085 1782 1199 1842 Dei
1231 1801 1571 1844 concursus
1600 1801 1677 1843 ex
1704 1801 1773 1844 se
1800 1783 2061 1844 offertur

494 1876 955 1948 indifferentem
1000 1881 1135 1936 tum
1162 1877 1349 1936 etiam
1398 1877 1545 1954 quia
1582 1880 1713 1937 tota
1755 1876 1861 1936 illa
1896 1877 2058 1938 actio

493 1969 701 2043 realiS‚
730 1987 870 2047 quae
908 1974 1001 2029 est
1030 1985 1067 2028 a
1093 1969 1245 2042 De0,
1280 1974 1465 2048 prout
1498 1969 1579 2030 ab
1608 1970 1743 2048 ipso
1779 1977 1893 2042 est,
1931 1989 2062 2030 ma-

491 2081 645 2123 nere
676 2068 888 2142 posset
912 2063 1045 2122 sine
1076 2081 1223 2122 vera
1250 2063 1491 2123 ratione
1526 2063 1723 2142 culpae
1754 2069 1863 2123 aut
1907 2063 2058 2123 mali

492 2156 747 2216 moralis
766 2173 781 2230 ;
802 2161 890 2228 ut,
918 2156 967 2215 si
986 2155 1175 2216 homo
1194 2173 1338 2215 cum
1356 2155 1711 2234 ignorantia
1738 2155 2058 2217 invincibi-

490 2249 531 2307 li
578 2254 686 2309 aut
709 2247 1470 2308 inadvertentia·naturali
1508 2248 1803 2308 eumdem
1844 2255 2055 2309 actum

490 2341 725 2402 realem
769 2341 1057 2413 haberet,
1106 2347 1351 2402 careret
1392 2341 1631 2400 malitia
1670 2343 1945 2420 peccati,
1994 2347 2057 2402 et

486 2435 657 2496 Deus
679 2433 975 2494 eumdem
1002 2434 1305 2494 iniluxum
1328 2452 1595 2495 numero
1618 2435 1952 2514 praeberet.
1981 2436 2056 2496 Et

488 2528 608 2588 hac
635 2527 877 2589 ratione
907 2528 1093 2588 etiam
1126 2545 1243 2588 nec
1271 2527 1393 2588 dici
1421 2535 1627 2607 potest
1658 2531 1826 2589 Deus
1864 2547 2054 2589 causa

487 2640 603 2701 per
626 2640 691 2682 se
725 2621 982 2700 physica
1012 2621 1273 2701 peccati,
1308 2628 1374 2681 ut
1397 2639 1513 2700 per
1542 2640 1611 2684 se
1640 2627 1903 2694 constat,
1937 2640 2053 2683 nec

488 2714 762 2786 moralis,
789 2714 935 2793 quia
958 2713 1039 2774 ad
1088 2713 1239 2774 illud
1269 2731 1397 2774 non
1426 2719 1635 2776 movet
1671 2733 1788 2775 nec
1816 2715 2052 2794 proede-

486 2809 799 2868 terminat.
828 2809 1043 2885 Neque
1076 2807 1264 2868 etiam
1290 2811 1494 2886 potest
1521 2808 1643 2868 dici
1691 2827 1881 2868 causa
1923 2826 2054 2869 mo-

488 2901 633 2960 ralis
649 2919 763 2979 per
776 2900 1090 2970 accidenS,
1114 2900 1212 2960 vel
1228 2900 1553 2975 indirecte,
1574 2901 1719 2979 quia
1742 2919 1868 2961 non
1888 2907 2056 2963 tene-

486 2998 590 3052 tur
606 3012 787 3053 suum
805 3011 1177 3054 concursum
1194 3011 1447 3072 negare.
1466 2995 1680 3072 Neque
1700 2995 1887 3054 etiam
1902 2995 2058 3072 phy-

490 3087 615 3147 sica
636 3104 751 3165 per
787 3086 1079 3147 accidens
1107 3085 1225 3147 dici
1266 3092 1501 3166 potest,
1549 3087 1695 3166 quia
1735 3105 1878 3148 cum
1920 3088 2056 3167 ejus

488 3180 848 3240 causalitate
874 3180 1157 3259 physica,
1197 3180 1448 3240 utillius
1480 3186 1596 3253 est,
1630 3199 1757 3241 non
1806 3187 1899 3241 est
1944 3199 2055 3241 ne-

490 3274 759 3334 cessario
802 3274 1133 3352 conjuncta
1156 3272 1539 3333 deformitas
1570 3274 1635 3334 Si
1663 3280 1875 3333 autem
1900 3292 2056 3353 prte-

490 3366 935 3426 determiuaret
960 3365 1344 3426 voluntatem
1368 3366 1715 3425 humanam
1752 3366 1833 3426 ad
1866 3366 2056 3427 talem

491 3464 721 3530 actum,
751 3457 1053 3518 dicendus
1080 3464 1245 3519 esset
1269 3460 1435 3519 Deus
1468 3478 1659 3519 causa
1687 3459 1965 3532 moraliS,
1995 3466 2057 3521 et

492 3570 607 3631 per
645 3568 735 3624 se,
774 3557 989 3629 utpote
1034 3551 1225 3611 libere
1280 3570 1541 3613 movens
1571 3556 1635 3612 et
1686 3553 2056 3629 pertrahens

492 3643 574 3704 ad
598 3644 1025 3723 peccandum;
1061 3648 1123 3703 et
1149 3662 1263 3723 per
1300 3643 1615 3717 accidens,
1651 3648 1865 3723 utpote
1894 3646 2055 3705 dans

496 3738 841 3799 motionem
881 3756 1010 3798 non
1053 3740 1476 3799 necessariam
1526 3758 1603 3798 ex
1641 3740 1698 3799 vi
1742 3739 2055 3819 generalis

494 3850 857 3891 concursus,
893 3832 969 3891 Et
996 3830 1139 3891 ideo
1182 3832 1369 3891 etiam
1396 3850 1525 3892 non
1566 3833 1848 3910 sequitur
1884 3833 2056 3913 quod

492 3927 779 3986 voluntas
801 3925 1213 3987 concurrendi
1234 3926 1313 3986 sit
1329 3926 1605 3987 virtualis
1622 3926 1910 3987 voluntas
1926 3946 2055 3989 ma-

494 4018 663 4091 litiae,
694 4020 807 4078 sed
834 4019 1261 4097 permissionis
1304 4024 1571 4091 tantum,
1620 4020 1769 4098 quia
1794 4020 1900 4080 illa
1945 4039 2056 4081 vo·-

496 4112 703 4173 luntas
734 4130 811 4172 ex
836 4131 903 4172 se
933 4110 1298 4172 indifferens
1322 4117 1438 4186 est,
1460 4118 1521 4173 et
1540 4112 1823 4173 inefficax
1850 4113 1927 4174 de
1949 4132 2048 4186 se;

498 4211 563 4267 at
586 4224 735 4267 vero
766 4205 819 4265 si
856 4211 1021 4266 esset
1056 4205 1687 4284 praedeterminativa‚
1738 4215 1903 4269 esset
1935 4208 2058 4269 vir-

497 4300 682 4361 tualis
709 4298 922 4360 volitio
974 4298 1249 4373 malitiae,
1299 4300 1445 4378 quia
1498 4306 1663 4361 esset
1697 4301 1950 4363 definita
1983 4321 2061 4363 ex

500 4395 707 4473 seipsa
769 4398 830 4453 et
883 4392 1121 4453 efficax.
1181 4394 1419 4453 Rursus
1471 4400 1727 4473 propter
1772 4396 2063 4457 eamdem

504 4505 759 4550 causam
790 4503 917 4546 non
947 4490 1151 4564 potest
1178 4484 1345 4545 Deus
1382 4486 1505 4547 dici
1531 4487 1775 4547 ratione
1806 4506 2062 4549 concur-

505 4602 611 4642 sus
644 4579 965 4658 cooperari
994 4578 1075 4639 ad
1122 4579 1381 4653 malum,
1412 4584 1545 4639 tum
1574 4582 1723 4659 quia
1750 4582 1887 4660 ejus
1922 4602 2066 4643 coo·

504 4673 745 4754 peratio
788 4672 865 4731 de
902 4690 967 4731 se
998 4670 1302 4732 abstrahit
1330 4689 1367 4730 a
1402 4672 1673 4743 malitia3
1720 4678 1853 4733 tum
1878 4674 2066 4733 etiam

508 4767 655 4844 quia
680 4783 807 4825 non
836 4764 1023 4825 debet
1062 4764 1232 4824 illam
1270 4782 1529 4843 negare,
1580 4765 1692 4825 sed
1720 4766 2064 4827 concedere

508 4866 762 4939 propter
805 4855 1170 4937 generalem
1197 4858 1504 4919 rationem
1542 4858 1966 4937 providentiae,
2005 4864 2068 4921 et

510 4958 765 5033 propter
810 4950 931 5013 alia
974 4951 1215 5030 majora
1257 4951 1445 5011 hona.
1488 4952 1683 5013 Secus
1715 4970 1865 5012 vero
1904 4956 2069 5013 esset

510 5046 589 5106 de
619 5044 1290 5125 praedeterminatione,
1320 5043 1465 5122 quia
1487 5062 1566 5105 ex
1589 5044 1651 5104 vi
1678 5046 1814 5124 ejus
1844 5063 2070 5125 seque·

510 5144 683 5199 retur
706 5136 1108 5198 infallibiliter
1144 5135 1401 5209 malitia,
1461 5136 1604 5215 quia
1646 5137 2068 5216 praedetermi-

511 5236 691 5292 naret
718 5236 925 5291 actum
948 5229 1253 5290 moralem
1284 5234 1351 5291 ut
1370 5230 1478 5304 sic,
1515 5236 1576 5291 et
1604 5249 1749 5291 cum
1776 5231 2066 5292 omnihus

511 5323 1011 5395 circumstantii8‚
1056 5328 1123 5383 ut
1156 5322 1304 5383 satis
1334 5322 1716 5384 declaratum
1748 5330 1860 5385 est.
1886 5325 2066 5385 Deni-

511 5434 633 5495 que
657 5434 785 5476 non
812 5416 1093 5495 sequitur
1120 5416 1320 5476 Deum
1356 5434 1503 5477 casu
1531 5434 1926 5491 concurrere,
1955 5418 2066 5478 sed

510 5524 587 5569 ex
622 5508 1067 5589 perfectissima
1114 5508 1524 5589 praescientia,
1576 5512 1723 5589 qnia
1765 5510 2068 5590 praevidet

1069 374 1278 428 OPUSC.
1316 375 1355 438 1,
1390 375 1505 428 Lm.
1542 375 1603 427 11.
1640 373 1720 426 ΒΕ
1752 372 2070 426 CONGURSU
2101 373 2206 426 nm
2236 375 2321 426 An
2351 373 2552 427 AGTUS
2583 373 2828 426 onnmls
2859 374 3144 429 NATURAE.

2147 472 2468 536 hominem
2523 474 2890 536 effecturum
2935 482 3144 538 actum
3185 473 3448 544 malum,
3487 469 3538 530 si
3569 469 3689 546 ipse

2146 567 2294 628 velit
2317 585 2460 628 cum
2491 586 2568 629 eo
2599 586 2996 642 concurrere,
3029 575 3092 630 et
3115 567 3524 630 nihilominus
3547 559 3687 628 vult,

2147 663 2313 725 etita
2349 665 2414 724 in
2458 667 2742 742 tempore
2767 663 3161 736 actujnfluit,
3191 662 3414 722 videns
3439 656 3586 737 quid
3609 655 3690 714 fa-

2147 759 2292 832 ciat,
2325 763 2390 818 et
2411 763 2670 837 propter
2695 756 2867 835 quid,
2899 763 3261 818 nontamen
3283 754 3505 816 volens
3527 751 3692 810 abso-

2144 853 2273 913 lute
2311 858 2381 912 ut
2416 852 2537 911 hoc
2577 849 2766 912 modo
2805 849 3014 922 faciat,
3055 849 3169 912 sed
3209 855 3455 912 tantum
3491 843 3692 904 volens

2143 945 2545 1025 permittere;
2605 944 2779 1020 quod
2812 944 2877 1003 in
2933 943 3344 1024 sequentibus
3397 937 3692 1018 capitibus

2145 1039 2412 1119 amplius
2441 1038 2648 1100 adhuc
2669 1037 3108 1118 explicandum
3135 1039 3274 1099 erit.

2726 1263 2977 1325 CAPUT
3015 1264 3117 1324 lv.

2143 1485 2257 1532 NON
2287 1483 2698 1538 rmnnmmnn
2723 1483 2890 1529 DEUM
2915 1483 3167 1528 AE‘rssauo
3211 1481 3316 1526 SUO
3349 1479 3608 1526 CONSILIO
3629 1480 3694 1525 ET

2504 1577 2858 1624 VOLUNTATE
2886 1575 3070 1622 AG'l'us
3095 1574 3348 1622 navos,

2223 1788 2282 1845 l.
2329 1780 2740 1862 Pro-definitio
2789 1781 2999 1843 divina
3034 1795 3155 1841 non
3191 1782 3394 1861 potest
3419 1777 3488 1838 in
3539 1781 3698 1840 actus

2137 1879 2332 1941 ‘malos
2361 1879 2588 1940 cadere.
2620 1907 2702 1921 --
2726 1873 3134 1935 Distinximus
3163 1873 3228 1932 in
3255 1871 3384 1932 fine
3425 1871 3697 1948 superio-

2139 1973 2226 2033 ris
2259 1970 2400 2031 libri
2434 1967 3150 2050 praedeterminationem
3189 1965 3468 2027 divinam
3513 1970 3696 2024 trans-

2139 2071 2394 2127 euntem
2425 2065 2518 2141 (ut
2561 2063 2648 2123 sic
2675 2061 2926 2141 dicam),
2965 2079 3078 2120 seu
3109 2059 3486 2120 efficientem
3513 2057 3698 2136 passi-

2136 2177 2281 2220 vam
2301 2157 2772 2236 praemotionem
2801 2172 2874 2214 ac
2901 2151 3624 2232 proedeterminationem
3639 2149 3694 2208 in

2136 2253 2457 2313 voluntate
2481 2255 2718 2324 nostra,
2745 2267 2782 2307 a
2803 2247 3300 2328 praedefinitione
3322 2245 3698 2304 immanente

2139 2351 2202 2406 et
2229 2344 2498 2414 interna,
2555 2359 2681 2422 qua
2713 2343 2881 2402 Deus
2915 2341 3078 2401 intra
3123 2357 3192 2398 se
3239 2337 3538 2416 disponit,
3565 2355 3698 2414 quae

2138 2437 2382 2518 operari
2423 2441 2532 2496 aut
2568 2435 2704 2495 fieri
2753 2432 3038 2495 intendit.
3090 2433 3497 2510 Diximusque
3540 2431 3698 2490 hanc

2135 2527 2696 2610 praedefinitionem
2735 2545 2865 2587 non
2889 2543 3248 2605 repugnare
3287 2524 3528 2584 actibus
3553 2523 3702 2583 libe-

2134 2625 2242 2694 riS‚
2283 2622 2398 2685 etsi
2440 2621 2611 2700 prior
2661 2619 3101 2680 determinatio
3147 2623 3482 2698 repugnet.
3527 2618 3698 2676 Nunc

2138 2735 2290 2796 ergo
2315 2715 2625 2785 addimuS,
2657 2712 2802 2773 licet
2829 2713 2960 2774 haec
2993 2711 3410 2790 praedefinitio
3437 2729 3565 2770 non
3610 2729 3701 2770 re—

2135 2813 2376 2889 pugnet
2401 2807 2642 2868 actibus
2670 2805 3028 2877 voluntatiS,
3055 2821 3132 2866 eo
3153 2802 3324 2882 quod
3342 2803 3520 2864 liberi
3551 2803 3694 2874 sint,

2137 2919 2494 2981 repugnare
2519 2901 2616 2960 his
2659 2899 2901 2960 actibus
2943 2897 3148 2972 maIiS‚
3177 2895 3326 2975 quia
3353 2896 3504 2958 mali
3529 2903 3698 2970 sunt,

2139 3015 2252 3056 seu
2287 2995 2434 3072 quia
2462 2992 2764 3054 malitiam
2795 2991 3029 3051 habent
3056 2989 3410 3051 necessario
3439 2989 3700 3067 adjunc-

2135 3095 2286 3150 tam.
2330 3087 2696 3167 Oppositum
2739 3084 2970 3147 docent
3011 3101 3140 3145 non
3183 3083 3390 3143 solum
3427 3082 3699 3144 haeretiei

2135 3183 2324 3261 hujus
2363 3181 2662 3260 temporis
2689 3226 2704 3253 ,
2757 3179 2871 3241 sed
2909 3178 3098 3240 etiam
3141 3178 3333 3256 aliqui
3373 3177 3696 3255 Theologi.

2139 3275 2393 3336 Addunt
2411 3291 2562 3334 vero
2581 3274 2749 3333 illam
2777 3272 3238 3345 limitationem,
3266 3270 3524 3343 scilicet,
3547 3286 3702 3348 pra»—

2138 3366 2400 3429 definire
2446 3369 2645 3428 Deum
2695 3372 2872 3427 actus
2911 3372 3313 3445 peccatorum
3353 3381 3466 3443 pro
3507 3365 3702 3423 mate.-

2137 3462 2295 3534 riali‚
2329 3480 2458 3521 non
2485 3466 2698 3521 tamen
2725 3478 2840 3539 pro
2865 3459 3132 3520 formali.

2217 3556 2277 3615 Ξ.
2324 3554 2612 3616 Probatio
2669 3572 2741 3615 em
2781 3552 3157 3635 Scriptuoeis.
3195 3583 3278 3599 —
3315 3550 3700 3612 contrariam

2137 3647 2513 3708 sententiam
2541 3664 2756 3706 veram
2785 3662 2925 3706 esse
2949 3662 3304 3718 censemus,
3329 3660 3523 3723 quam
3543 3643 3675 3702 mul
3692 3675 3705 3686 ·

2135 3746 2214 3801 tae
2264 3758 2458 3800 sacroe
2497 3740 2832 3817 Scripturae
2868 3738 3219 3799 locutiones
3248 3736 3595 3807 declarant,
3639 3736 3700 3795 in

2136 3834 2362 3911 quibus
2392 3832 2683 3892 dicuntur
2719 3831 2783 3891 hi
2811 3838 2987 3893 actus
3035 3830 3184 3891 mali
3227 3828 3482 3890 omnino
3517 3828 3703 3889 alieni

2137 3942 2174 3985 a
2227 3925 2435 3986 divina
2475 3924 2828 4001 voluntat03
2883 3940 3024 4000 quae
3075 3928 3289 3983 autem
3327 3924 3498 3983 Deus
3549 3940 3706 4000 prae-

2138 4020 2355 4082 definit
2389 4036 2518 4079 non
2549 4024 2694 4079 sunt
2738 4019 2818 4080 ab
2867 4019 3003 4097 ejus
3031 4036 3246 4079 amore
3277 4024 3343 4078 et
3383 4017 3700 4078 voluntate

2137 4115 2366 4189 aliena,
2397 4131 2540 4174 cum
2565 4111 2671 4173 illa
2696 4130 2842 4172 vere
2869 4115 3037 4172 amet
3071 4116 3134 4171 et
3161 4110 3496 4171 efficaciter
3517 4111 3696 4183 volit;

2139 4209 2374 4270 Habac.
2429 4211 2496 4269 1:
2545 4208 2770 4269 Mundi
2807 4212 2956 4270 sunt
2999 4206 3160 4270 oculi
3199 4206 3297 4269 tm·
3347 4224 3420 4267 ne
3465 4206 3706 4267 videant

2141 4301 2393 4374 malum,
2428 4306 2488 4363 et
2527 4299 2820 4379 respicere
2851 4300 2934 4362 ad
2960 4300 3344 4380 iniquitatem
3369 4315 3490 4359 uon
3507 4303 3702 4380 potes.

2141 4394 2259 4457 Ubi
2288 4394 2370 4455 ad
2399 4394 2672 4455 litteram
2709 4410 2916 4454 sermo
2951 4397 3047 4453 est
3079 4391 3158 4452 de
3193 4391 3453 4453 scientia
3479 4408 3708 4470 appro-

2143 4488 2449 4560 bationis;
2498 4492 2594 4548 est
2647 4491 2857 4547 autem
2906 4486 3130 4547 eadem
3167 4485 3268 4547 vel
3307 4485 3512 4564 maj0r
3549 4484 3706 4543 ratio

2146 4581 2226 4643 de
2257 4582 2578 4642 voluntate
2611 4576 3115 4659 praedefiniente;
3149 4596 3276 4639 non
3307 4578 3474 4639 enim
3503 4580 3710 4656 potest

2145 4676 2312 4736 Deus
2335 4693 2464 4735 non
2505 4673 2856 4753 approbare
2885 4690 3022 4751 quae
3063 4671 3352 4732 absoluta
3385 4670 3706 4731 voluntate

2147 4773 2209 4829 et
2246 4767 2498 4829 decreto
2529 4766 2660 4827 vult
2695 4764 2854 4826 fieri.
2901 4764 3082 4827 Unde
3117 4770 3214 4826 est
3251 4764 3564 4844 generalis
3604 4763 3708 4824 illa

2145 4859 2374 4920 locutio
2417 4858 2644 4919 Psalm.
2681 4858 2754 4917 5:
2805 4854 2954 4921 Non
2973 4857 3136 4920 Deus
3177 4857 3380 4919 volens
3417 4856 3706 4937 iniquita-
3816 4908 3817 4941 ἶ

2147 4958 2267 5015 tem
2299 4958 2370 5015 tu
2394 4968 2476 5014 σε.
2507 4952 2583 5012 Et
2609 4948 2962 5030 specialiter
2984 4948 3064 5011 de
3080 4948 3400 5010 voluntate
3429 4946 3710 5028 praedefi—
3816 4946 3817 5003 ξ

2149 5046 2364 5106 niente
2425 5044 2660 5124 optime
2700 5042 3066 5121 intelligitur
3104 5042 3260 5103 illud
3309 5043 3546 5105 Jerem.
3597 5045 3702 5101 19:
3816 5044 3817 5067 ³

2147 5138 2550 5221 Repleverunt
2599 5138 2794 5200 locum
2849 5136 3042 5199 istum
3089 5136 3388 5218 sanquine
3430 5136 3710 5197 innocen-
3816 5158 3817 5217 {

2148 5233 2324 5305 tium,
2382 5237 2441 5295 et
2478 5230 2934 5307 (edificaverunt
2967 5230 3202 5295 excelsa
3238 5229 3518 5303 Baalim,
3561 5234 3676 5289 etc.
3689 5272 3706 5300 ‚
3816 5236 3817 5259 ¹

2153 5324 2297 5398 Quoe
2317 5342 2424 5387 neo
2441 5324 2718 5405 praecepi,
2764 5340 2869 5385 mo
2897 5322 3134 5386 locutus
3179 5338 3338 5398 sem,
3369 5339 3478 5386 nec
3506 5338 3712 5385 asceu-
3816 5310 3817 5361 l

2149 5420 2364 5484 derunt
2399 5420 2467 5481 in
2495 5436 2596 5482 cor
2619 5434 2833 5480 meum.
2867 5416 3000 5487 Quo
3047 5416 3402 5479 testimonio
3431 5414 3710 5478 excludi-
3816 5438 3817 5501 3

2149 5518 2251 5573 tur
2320 5512 2621 5591 imprimis
2675 5510 3103 5573 haereticorum
3151 5510 3489 5585 distinctio,
3541 5505 3708 5591 quod
