3850 6225
554 394 675 459 504

554 500 710 573 nit0,
746 498 1131 577 impossibile
1160 504 1255 561 est
1287 506 1693 580 augmentum
1734 516 1873 561 esse
1916 498 2118 559 infini-

554 602 711 656 tum.
744 594 959 673 Neque
998 610 1075 654 ex
1106 611 1181 654 eo
1218 594 1391 671 quod
1423 594 1487 653 in
1514 592 1715 673 primo
1732 592 1986 653 instanti
2013 610 2119 653 ac-

554 692 656 751 tus
698 686 995 748 meritorii
1029 692 1197 747 certa
1232 686 1438 765 aliqua
1465 686 1666 765 portio
1702 686 1917 765 gratiae
1957 684 2117 745 obti-

555 786 802 851 neatur‚
840 780 985 841 ideo
1033 796 1293 841 necesse
1334 786 1429 841 est
1470 785 1537 840 ut
1562 778 1629 839 in
1658 777 1940 857 quolibet
1985 778 2116 837 ins·

554 873 711 935 tanti
740 872 1163 933 continuative
1209 871 1529 951 sequentis
1568 870 1869 950 temporis
1900 888 2117 950 oequa-

553 966 631 1029 lis
657 966 861 1045 portio
906 966 1119 1045 gratiae
1175 966 1534 1027 conferatur
1560 1008 1575 1035 ,
1630 966 1779 1042 quia
1806 964 1869 1025 in
1911 965 2114 1044 primo

556 1058 811 1121 instanti
848 1058 917 1119 fit
946 1059 1233 1137 quaedam
1268 1064 1529 1119 mutatio
1572 1058 1966 1119 instantanea
2001 1058 2118 1117 ha·-

554 1156 715 1216 bens
755 1170 939 1213 suum
972 1152 1283 1231 integrum
1322 1151 1704 1223 terminum3
1750 1151 1813 1211 in
1860 1149 2118 1229 reliquis

558 1265 703 1308 vero
734 1246 937 1307 solum
968 1246 1397 1325 intelliguntur
1426 1262 1565 1305 esse
1598 1244 2070 1327 mutatiunculae
2097 1286 2114 1315 ,

556 1357 669 1401 seu
696 1344 933 1399 mutata
960 1356 1112 1399 ’6556
1143 1337 1571 1399 continuantia
1604 1355 1797 1397 unam
1830 1337 2117 1397 mutatio-

554 1450 703 1493 nem
772 1432 1209 1493 successivam.
1270 1432 1449 1504 Quod
1508 1432 1761 1511 quidem
1826 1430 2115 1509 exemplo

555 1526 816 1605 physico
862 1526 1167 1587 declarari
1211 1530 1461 1605 potest;
1496 1543 1667 1598 nam,
1713 1526 1765 1585 si
1804 1524 2120 1603 intelliga-

555 1638 698 1679 mus
740 1620 939 1681 solem
994 1627 1057 1681 et
1091 1638 1307 1681 aerem
1343 1618 1527 1679 simul
1570 1618 1771 1679 creari
1828 1618 1890 1678 in
1949 1624 2119 1679 certa

554 1712 883 1787 distantia,
938 1720 1001 1775 et
1054 1712 1411 1775 immediate
1465 1718 1607 1792 post
1672 1711 1825 1773 illud
1874 1711 2118 1773 instans

556 1806 903 1867 successive
953 1806 1088 1868 fieri
1138 1807 1304 1867 inter
1344 1824 1413 1867 se
1446 1806 1647 1883 magis
1686 1805 2072 1885 propinquos
2095 1848 2114 1878 ,

556 1898 999 1977 intelligemus,
1036 1900 1102 1960 in
1130 1899 1333 1979 primo
1358 1899 1611 1961 instanti
1658 1900 1990 1960 creationis
2015 1916 2117 1960 ae·

557 2010 693 2054 rem
735 1993 1071 2055 illuminari
1106 2012 1139 2053 a
1174 1994 1338 2069 sole,
1370 2000 1431 2054 et
1474 1998 1933 2073 consequenter
1971 2010 2118 2071 pro·-

558 2086 701 2146 duci
728 2084 1213 2149 determinatum
1254 2087 1511 2160 lumen,
1559 2087 1733 2148 verbi
1778 2085 2000 2165 gratia,
2046 2090 2118 2145 ut

557 2180 683 2240 duo
723 2179 824 2239 vel
864 2180 1005 2253 tria,
1038 2183 1099 2240 et
1126 2180 1485 2241 immediate
1532 2185 1673 2258 post
1724 2179 1846 2239 tale
1877 2180 2116 2239 instans

557 2272 775 2335 lumen
820 2272 973 2334 illud
1020 2275 1369 2336 successive
1405 2272 1641 2333 intendi
1698 2288 1814 2349 per
1848 2272 2070 2332 horam
2091 2314 2112 2345 ,

556 2366 731 2427 verbi
782 2366 1003 2445 gratia,
1036 2367 1087 2429 si
1124 2386 1239 2447 per
1270 2366 1441 2427 illam
1477 2364 1723 2425 duravit
1762 2370 1980 2425 mutua
2009 2382 2116 2443 ap·

557 2460 1037 2540 propinquatio;
1070 2460 1219 2521 inde
1268 2464 1485 2519 tamen
1528 2476 1653 2519 non
1698 2458 1767 2519 sst
1808 2456 1982 2536 quod
2018 2456 2116 2515 in-

558 2553 761 2614 tensio
806 2553 969 2615 illius
1026 2552 1279 2613 luminis
1328 2550 1518 2612 fuerit
1568 2549 1811 2611 infinita
1844 2594 1861 2622 ,
1905 2567 2114 2629 neque

558 2646 731 2726 quod
786 2646 849 2707 in
898 2645 1177 2725 quolibet
1212 2643 1465 2706 instanti
1498 2644 1663 2703 illius
1700 2642 1998 2722 temporis
2027 2646 2118 2703 tot

559 2740 793 2819 gradus
824 2740 1081 2801 luminis
1106 2738 1389 2819 producti
1418 2737 1671 2810 fuerint,
1710 2744 1863 2815 quot
1898 2736 1960 2797 in
1988 2736 2116 2815 pri-

558 2849 665 2893 mo
720 2833 972 2893 instanti
1020 2832 1375 2894 creationis,
1414 2832 1489 2891 Et
1542 2829 1699 2890 ratio
1746 2828 2114 2891 differentiae

560 2930 675 2999 est,
708 2926 859 3003 quia
886 2926 953 2987 in
980 2926 1183 3003 primo
1224 2924 1478 2985 instanti
1520 2922 1683 2985 facta
1710 2922 1825 2983 fuit
1870 2922 2116 3002 integra

558 3018 849 3098 quasdam
884 3022 949 3079 et
980 3017 1395 3079 determinata
1420 3016 1581 3077 actio
1606 3014 2018 3089 illuminandi,
2051 3014 2116 3075 in

560 3113 696 3174 aliis
710 3130 857 3173 vero
872 3111 1153 3186 minime,
1172 3111 1283 3175 sed
1300 3109 1503 3174 solum
1528 3108 1922 3172 indivisibilia
1953 3127 2118 3189 quoe-

556 3205 703 3266 dam
738 3205 1165 3267 continuantia
1190 3205 1499 3266 actionem
1514 3204 1951 3265 successivam.
1987 3203 2118 3264 Hoc

558 3305 773 3361 autem
822 3298 1051 3377 partim
1102 3298 1389 3376 provenit
1424 3315 1503 3358 ex
1558 3297 1894 3358 intrinseca
1935 3301 2120 3358 natu-

550 3412 623 3456 ra
656 3397 719 3454 et
752 3390 941 3453 modo
992 3390 1207 3452 talium
1244 3390 1581 3463 actionum,
1630 3389 1859 3468 partim
1910 3407 1990 3450 ex
2029 3389 2117 3449 di-

554 3504 741 3548 versa
785 3485 1187 3564 proportione
1228 3483 1471 3562 agentis
1523 3490 1587 3544 et
1624 3481 1815 3562 passi,
1866 3499 2006 3561 quaa
2051 3481 2118 3542 in

558 3579 761 3659 primo
808 3578 915 3639 illo
946 3577 1199 3639 instanti
1234 3576 1349 3638 fuit
1396 3575 1709 3636 sufficiens
1748 3575 1831 3636 ad
1872 3580 2128 3636 certum-

558 3678 623 3734 et
648 3671 1135 3732 determinatum
1158 3670 1471 3740 effectum,
1504 3685 1693 3746 quem
1712 3669 1907 3730 virtus
1924 3685 2117 3748 agen-

557 3767 637 3828 tis
670 3765 871 3846 potuit
910 3763 1095 3826 simul
1124 3769 1189 3825 et
1234 3763 1369 3824 sinc
1408 3761 1761 3824 resistentia
1810 3763 2119 3841 produce-

558 3879 667 3934 re;
720 3861 784 3920 in
830 3865 1113 3938 tempore
1142 3875 1291 3918 vero
1344 3854 1629 3936 sequenti
1682 3855 1978 3918 continue
2015 3875 2120 3916 va·-

556 3955 775 4026 riatur,
806 3956 869 4013 et
897 3950 1141 4022 crescit,
1186 3955 1249 4010 et
1284 3955 1573 4029 respectu
1601 3950 1766 4014 illius
1796 3949 2118 4028 augmenti

558 4046 771 4107 omnia
816 4043 1143 4124 sequentia
1189 4043 1483 4104 instantia
1528 4045 1733 4106 solum
1778 4061 1845 4103 se
1884 4043 2120 4103 babent

556 4146 627 4201 ut
674 4137 1101 4202 continuantia
1136 4137 1234 4198 vel
1282 4136 1765 4200 determinantia
1804 4136 1927 4198 tale
1967 4155 2118 4214 aug-

554 4239 873 4306 mentum;
908 4239 971 4294 et
1010 4231 1151 4293 ideo
1180 4231 1247 4292 in
1280 4231 1369 4293 eis
1396 4249 1524 4294 non
1552 4231 1623 4294 fit
1656 4231 1882 4310 aliquis
1918 4249 2118 4292 novus

556 4327 817 4388 effectus
866 4325 1095 4398 totalis,
1141 4328 1211 4385 ut
1250 4325 1349 4385 -sic
1388 4325 1615 4398 dicam,
1659 4323 1772 4386 sed
1824 4323 2117 4386 termina-

556 4427 659 4482 tur
698 4420 803 4500 qui
838 4417 1193 4480 successive
1238 4417 1332 4478 fit.

630 4515 729 4574 40.
776 4513 921 4578 Nou
960 4519 1053 4576 est
1101 4518 1311 4576 tantm
1339 4511 1513 4574 valor
1550 4517 1723 4574 actus
1750 4510 1819 4572 in
1848 4509 1994 4574 aliie
2023 4511 2120 4572 in-

550 4607 857 4670 stantibus
884 4611 1152 4686 quantus
1178 4609 1271 4668 est
1310 4605 1378 4666 in
1406 4606 1628 4686 primo.
1676 4637 1754 4650 --
1784 4603 1898 4684 ‘Sic
1933 4603 2120 4682 igitur

552 4698 735 4760 facile
774 4703 871 4758 est
908 4697 1277 4776 praedictum
1322 4701 1727 4776 augmentum
1776 4697 1992 4774 gratiae
2023 4696 2120 4756 in-

552 4791 831 4870 telligere
868 4791 1107 4870 absque
1142 4791 1446 4852 infinitate
1476 4792 1867 4852 intensionis.
1899 4791 2116 4868 Neque

550 4885 615 4945 in
635 4885 767 4962 ipso
790 4885 977 4945 modo
1004 4884 1245 4963 physici
1270 4885 1593 4965 augmenti
1613 4883 1861 4946 invenio
1884 4900 2114 4945 novam

546 4977 993 5040 difficultatem.
1034 4979 1295 5050 Tamen,
1332 4977 1479 5056 quia
1519 4975 1672 5038 illud
1706 4980 2116 5055 augmentum

550 5072 975 5132 successivum
1003 5069 1215 5149 gratiae
1243 5071 1524 5148 precedit
1552 5089 1628 5132 ex
1658 5071 1877 5132 morali
1901 5071 2114 5132 valore

548 5171 745 5237 actus,
794 5163 937 5225 ideo
984 5164 1409 5226 necessarium
1456 5171 1553 5226 est
1590 5165 1905 5245 explicare
1959 5183 2116 5245 quo-

546 5259 735 5320 modo
778 5258 879 5319 hic
908 5258 1086 5320 valor
1110 5257 1177 5318 in
1216 5258 1321 5318 tali
1356 5263 1499 5320 actu
1533 5277 1663 5319 non
1704 5259 1783 5320 sit
1807 5265 2020 5321 tantus
2049 5260 2114 5320 in

546 5351 807 5431 singulis
834 5352 1208 5413 instantibus
1236 5351 1695 5425 continuativiS,
1720 5351 1879 5414 sicut
1898 5351 2015 5413 fuit
2048 5353 2114 5414 in

545 5445 771 5524 primo.
822 5449 893 5506 ut
938 5451 1271 5523 propterea
1317 5463 1445 5506 non
1498 5444 1986 5523 correspondeat
2025 5445 2110 5506 illi

540 5537 781 5618 aequale
820 5538 1170 5617 proemium.
1206 5539 1338 5600 Hoc
1378 5543 1589 5600 autem
1618 5538 1701 5600 ita
1730 5537 2105 5600 declaratur.

1126 398 1338 451 OPUSC.
1374 398 1434 451 V.
1472 398 1775 451 RELEcTto
1810 398 1887 449 DE
1920 396 2398 449 nssvlviscmna
2429 396 2810 451 unknown.
2849 399 3086 454 msrur.
3121 401 3182 453 ΙΙ.

2199 498 2355 559 Nam
2383 498 2450 557 in
2477 497 2582 559 illo
2614 504 2757 559 actu
2785 498 2910 559 duo
2937 502 3083 559 sunt
3108 499 3348 561 ratione
3379 500 3697 583 distinguen-
3764 566 3765 577 ,

2195 590 2320 651 da:
2363 608 2558 651 unum
2603 598 2698 653 est
2737 593 3084 653 substantia
3127 598 3326 668 actus,
3357 595 3520 657 aliud
3555 602 3696 659 conti·
3764 666 3765 669 Ἴ

2197 685 2410 746 nuatio
2441 686 2607 764 ejus3
2635 685 2980 747 substantia
3007 690 3182 747 aetus
3198 690 3332 748 tota
3353 689 3528 749 estin
3547 692 3694 768 prino
3764 680 3765 685 ¹

2195 778 2472 851 instanti,
2495 796 2636 857 quae
2667 778 2854 839 etiam
2883 787 3239 857 perseverat
3273 780 3338 841 in
3369 786 3494 842 toto
3517 786 3695 862 tempo-
3764 774 3765 783 ’

2195 889 2264 933 re
2311 872 2818 945 continuationis,
2863 878 2928 933 et
2965 873 3030 933 in
3077 874 3338 953 singulis
3387 874 3698 939 instantibus
3764 882 3765 903 ³

2196 966 2362 1045 ejus;
2397 971 2459 1027 et
2485 966 2696 1045 quoad
2723 966 2886 1025 hanc
2913 969 3154 1045 partem
3195 973 3442 1029 tantum
3479 969 3696 1033 valorem

2197 1064 2260 1137 et
2277 1059 2570 1121 meritum
2589 1059 2782 1121 habet
2805 1066 2982 1119 actus
3009 1059 3114 1121 ille
3140 1060 3202 1119 in
3223 1049 3503 1139 quolibet
3519 1062 3698 1123 instan-

2197 1152 2244 1213 ti
2271 1152 2774 1223 continuationis,
2809 1152 2968 1213 sicut
3009 1153 3072 1213 in
3099 1153 3304 1233 primo
3333 1153 3694 1233 productionis
3764 1188 3765 1193 1

2197 1263 2360 1317 suan
2387 1252 2596 1307 tamen
2625 1246 2786 1306 sicut
2813 1246 2880 1305 in
2905 1246 3199 1307 omnibus
3231 1246 3356 1307 illis
3388 1247 3696 1308 instantibus
3764 1284 3765 1297 κ

2197 1339 2544 1399 substantia
2575 1344 2750 1399 actus
2781 1344 2876 1399 est
2911 1339 3158 1411 eadem,
3189 1339 3274 1399 ita
3305 1340 3552 1418 praecise
3579 1356 3636 1399 ex
3655 1342 3694 1401 ii

2197 1431 2362 1491 illius
2389 1450 2516 1491 non
2547 1431 2886 1509 respondet
2927 1432 2986 1491 ei
3015 1431 3374 1493 distinctum
3413 1434 3692 1511 praemium,

2199 1525 2312 1585 sed
2339 1524 2538 1597 idem;
2563 1524 2734 1585 etita
2765 1542 2842 1585 ex
2871 1526 2992 1587 hoc
3011 1526 3142 1587 solo
3171 1526 3380 1603 capite
3405 1544 3530 1587 non
3549 1526 3694 1587 solum

2197 1638 2326 1679 non
2357 1624 2624 1699 augetur
2651 1618 2848 1697 gratia
2881 1618 3145 1691 infinite,
3168 1638 3394 1681 verum
3421 1621 3586 1681 etism
3607 1640 3696 1681 non

2201 1720 2488 1792 augetur.
2523 1715 2620 1787 Ut,
2659 1714 2710 1775 si
2749 1713 3000 1775 habitus
3031 1714 3365 1793 augendus
3405 1717 3556 1775 esset
3585 1715 3697 1794 phy-

2197 1807 2324 1868 sice
2371 1826 2488 1886 per
2523 1813 2730 1867 actum
2771 1808 3010 1887 absque
3045 1808 3168 1869 ulla
3205 1808 3565 1879 resistentia,
3598 1808 3700 1869 licet

2195 1899 2364 1962 idem
2407 1906 2584 1961 actus
2611 1900 2674 1961 in
2705 1900 2932 1962 eodem
2969 1901 3168 1981 gradu
3195 1901 3460 1963 duraret
3496 1918 3590 1979 per
3621 1920 3700 1962 aa·

2195 2010 2373 2064 num,
2421 1992 2488 2053 in
2535 1993 2641 2055 illo
2699 2012 2824 2054 non
2881 1994 3024 2073 plus
3079 1994 3440 2057 intenderet
3479 1994 3698 2053 habitum

2195 2104 2386 2164 quam
2433 2087 2496 2147 in
2550 2087 2752 2165 primo
2793 2088 3069 2150 instanti.
3113 2088 3303 2151 Aliud
3335 2087 3500 2167 quod
3535 2088 3587 2147 in
3623 2087 3698 2149 illo

2195 2185 2340 2241 actu
2367 2179 2860 2253 consideramuS,
2893 2186 2988 2242 est
3021 2181 3411 2243 continuatio
3437 2181 3572 2261 ejus,
3597 2200 3697 2257 qua
3764 2234 3765 2241 ,

2197 2288 2276 2331 ex
2299 2276 2522 2331 natura
2555 2289 2670 2331 sua
2707 2272 2848 2333 talis
2875 2279 3064 2335 estut
3091 2292 3208 2351 per
3233 2273 3492 2334 modum
3513 2290 3698 2333 succes-

2197 2362 2390 2425 sionis
2417 2372 2690 2438 crescat3
2721 2366 2990 2446 ideoque
3025 2385 3236 2445 neque
3267 2366 3335 2427 in
3363 2372 3608 2445 tempore
3629 2367 3696 2425 in-

2196 2455 2634 2531 determinato,
2667 2459 2854 2538 quale
2893 2465 2989 2521 est
3033 2460 3188 2521 illud
3233 2459 3408 2538 quod
3453 2459 3556 2519 hac
3585 2478 3694 2519 voce

2195 2549 2560 2628 explicatur,
2593 2552 2930 2615 immediato
2952 2558 3091 2634 post
3129 2555 3242 2615 hoc
3259 2578 3283 2624 ‚·
3315 2570 3512 2631 neque
3535 2553 3588 2611 in
3615 2554 3692 2612 ali·
3764 2576 3765 2631 3

2196 2662 2322 2742 (ΨΟ
2365 2644 2574 2707 futuro
2623 2646 2876 2707 instanti
2931 2648 3384 2719 continuative,
3423 2664 3526 2726 per
3555 2665 3606 2706 se
3641 2666 3692 2706 ac
3764 2636 3765 2713 ζ

2196 2739 2454 2817 praecise
2503 2744 2776 2818 sumpte,
2823 2740 3014 2801 habet
3061 2744 3244 2801 acms
3279 2758 3358 2800 ex
3393 2740 3504 2801 boc
3543 2742 3690 2819 capite

2197 2831 2680 2893 determinatum
2697 2832 2999 2903 valorem:
3023 2833 3136 2894 sed
3159 2832 3369 2893 solum
3390 2833 3451 2892 in
3473 2839 3692 2912 tempore
3764 2892 3765 2903 ἶ

2194 2924 2632 2998 determinato;
2665 2925 2730 2985 in
2755 2924 3007 2985 instanti
3037 2944 3190 2987 vero
3223 2932 3511 3005 tanquam
3536 2926 3586 2985 in
3609 2930 3692 2985 ter-
3764 2950 3765 2987 3

2195 3018 2366 3079 mino
2415 3019 2573 3079 tanti
2623 3018 2954 3097 temporis;
2999 3036 3076 3079 ac
3111 3023 3444 3098 propterea
3479 3020 3536 3078 in
3567 3024 3694 3078 tanto
3764 3020 3765 3023 ’

2195 3117 2478 3191 tempore
2507 3129 2634 3173 non
2659 3117 2925 3190 augetur
2947 3111 3148 3192 gratia
3170 3132 3254 3174 ex
3275 3114 3396 3175 hoc
3417 3111 3590 3192 capite
3609 3113 3692 3172 uisi

2197 3224 2310 3284 pro
2338 3205 2580 3266 ratione
2610 3205 2836 3266 valoris
2863 3207 3253 3284 superadditi
3275 3206 3602 3268 substantias
3625 3225 3694 3264 ac·
3764 3285 3765 3288 Ἴ

2197 3304 2300 3360 tus
2329 3317 2406 3359 ex
2441 3305 2612 3360 tanta
2642 3298 3140 3372 continuatione;
3175 3305 3242 3360 et
3269 3299 3410 3362 ideo
3441 3300 3599 3361 etiam
3619 3318 3694 3357 va·

2196 3391 2316 3464 lor,
2347 3392 2453 3471 qui
2483 3411 2562 3452 ex
2589 3392 2710 3454 hoc
2753 3392 2956 3470 capite
2989 3392 3244 3454 additur
3285 3393 3350 3454 in
3381 3393 3608 3471 singulis
3628 3393 3694 3450 in·
3764 3391 3765 3406 ¹

2197 3485 2504 3546 stantibus
2533 3484 2990 3558 continuativis,
3033 3505 3164 3546 non
3197 3493 3298 3548 est
3326 3487 3580 3565 aequali5,
3611 3505 3691 3544 nec

2195 3578 2632 3657 comparabilis
2667 3595 2814 3640 cum
2861 3578 3098 3651 valore,
3139 3595 3334 3658 quem
3379 3579 3551 3640 habet
3591 3578 3690 3636 talis

2196 3675 2374 3732 actus
2401 3689 2480 3732 ex
2507 3671 2570 3734 vi
2609 3689 2738 3732 susa
2783 3672 3168 3734 substantiae.
3215 3673 3350 3735 Imo
3379 3673 3548 3734 etiam
3571 3675 3688 3731 totus

2195 3765 2406 3838 valor,
2455 3766 2560 3844 qui
2617 3767 2867 3828 additur
2915 3785 2995 3828 ex
3041 3768 3502 3828 continuatione
3545 3773 3689 3829 actus,

2197 3860 2370 3921 verbi
2425 3861 2650 3939 gratia,
2703 3880 2820 3940 per
2875 3862 3123 3936 horam,
3169 3861 3434 3923 fortasse
3481 3879 3588 3922 non
3629 3864 3692 3918 est
3764 3935 3765 3940 ἵ

2197 3953 2456 4032 {equalis
2487 3955 2550 4014 in
2597 3954 2818 4015 morali
2865 3955 3077 4016 valore
3107 3954 3451 4016 secundum
3485 3954 3693 4033 pruden-
3764 4029 3765 4032 Ἴ

2199 4053 2328 4108 tem
2357 4046 2900 4121 existimationem,
2937 4067 3082 4108 cum
3108 4048 3324 4110 valore
3361 4065 3531 4126 quem
3555 4047 3690 4106 ratio·
3764 4119 3765 4122 Ἴ

2199 4158 2281 4201 ne
2309 4139 2668 4201 substantiae
2703 4139 2894 4202 habet
2917 4141 3062 4201 talis
3097 4147 3278 4202 actus
3307 4140 3502 4202 statim
3541 4158 3596 4199 ac
3619 4138 3686 4206 fit;
3764 4131 3765 4138 ’

2199 4233 2346 4312 quia
2388 4231 2492 4294 illa
2535 4231 2918 4292 continuatio
2963 4239 3059 4294 est
3087 4233 3530 4295 circumstantia
3565 4247 3690 4309 quae-
3764 4237 3765 4240 ’

2195 4327 2344 4387 dam
2374 4325 2538 4386 illius
2565 4330 2759 4397 actus,
2783 4343 2922 4404 quae
2953 4345 3081 4386 non
3119 4343 3372 4406 semper
3395 4326 3472 4386 ad
3497 4323 3690 4400 aequali-

2201 4426 2388 4481 tatem
2427 4425 2616 4498 auget
2651 4420 2954 4480 moralem
2997 4419 3299 4492 valorem,
3345 4418 3594 4499 quamvis
3622 4417 3688 4475 in·

2197 4514 2446 4576 terdum
2491 4513 2686 4591 possit
2713 4531 2852 4574 esse
2891 4519 3064 4574 tanta
3093 4513 3488 4584 continuatim
3517 4518 3572 4571 ut
3597 4529 3685 4568 mo-

2199 4607 2412 4668 raliter
2439 4607 2810 4686 aequivaleat
2839 4607 3190 4668 secuudum
3217 4608 3460 4688 regulas
3487 4612 3538 4667 ct
3557 4605 3684 4682 leges
3764 4657 3765 4666 ,

2199 4707 2451 4762 aeternae
2507 4701 2830 4780 sapientiae
2851 4745 2866 4770 ,
2913 4719 3053 4780 quae
3105 4702 3240 4762 sola
3295 4707 3484 4782 potest
3523 4702 3681 4758 exacte

2197 4793 2562 4856 meritorum
2589 4801 2908 4855 momenta
2933 4795 3309 4872 ponderare.

2274 4888 2378 4947 41.
2401 4889 2719 4950 Interdum
2741 4888 2943 4950 minus
2965 4894 3232 4950 meretur
3257 4894 3425 4953 actus
3443 4885 3680 4950 continua-
3764 4909 3765 4950 3

2199 4983 2298 5041 tus
2326 4979 2524 5062 aliqva
2549 4985 2828 5062 tempore,
2844 4997 3026 5060 quam
3051 4981 3276 5044 eliensi
3299 4981 3368 5042 in
3381 4997 3441 5042 eo
3455 4977 3682 5042 eliciti.-

2195 5073 2286 5132 Ex
2307 5071 2404 5132 his
2431 5079 2646 5134 autem
2681 5074 3037 5134 necessario
3079 5074 3360 5152 sequitur
3385 5075 3572 5152 (atque
3596 5072 3678 5128 hoc

2197 5163 2400 5225 solum
2437 5165 2628 5227 habet
2675 5165 3045 5227 nonnullam
3093 5167 3497 5229 difficultatem
3523 5179 3675 5224 mora-

2194 5256 2320 5319 lem
2341 5257 2408 5319 in
2435 5260 2554 5320 hoc
2585 5261 2848 5339 puncto)
2877 5259 3016 5321 fieri
3043 5279 3227 5340 posse
3251 5267 3320 5322 ut
3343 5259 3566 5338 majoris
3585 5273 3672 5314 me-

2192 5351 2292 5413 riti
2335 5353 2436 5424 sit,
2469 5353 2712 5414 caeteris
2750 5354 3028 5432 paribus,
3057 5361 3186 5416 tres
3225 5360 3394 5416 actus
3425 5352 3670 5412 distinctos

2193 5446 2420 5508 elicere
2449 5447 2614 5508 intra
2639 5447 2894 5527 aliquod
2919 5455 3190 5528 tempus,
3217 5467 3397 5529 quam
3417 5453 3667 5506 unummet

2191 5543 2402 5600 actum
2449 5557 2564 5619 per
2607 5545 2808 5602 totum
2857 5541 3010 5602 illud
3062 5546 3307 5623 tempus
3353 5539 3660 5603 continuare.
