3850 6225
647 420 840 473 OPUSG
901 420 980 472 tn.
1016 418 1236 471 Bam-’18
1270 417 1613 472 itt-:somno
1645 417 2135 473 coxraovssnsm
2166 420 2248 473 m:
2280 420 2535 475 Anxltto
2570 420 2761 473 Eme.

99 524 277 580 retur
287 533 670 580 consensum
692 517 960 579 liberum
980 517 1048 575 in
1069 516 1346 590 bomine,
1374 516 1532 577 ultra
1549 514 1671 575 suf—

92 612 325 673 ficiens
343 612 642 683 excitans,
659 618 724 672 et
741 608 1078 690 -adJuvans,
1099 612 1162 669 et
1189 609 1502 670 actualem
1533 608 1669 687 ejus

97 705 610 784 cooperationem
623 722 768 765 cum
787 704 1130 775 voluntate,
1146 702 1300 762 nihil
1311 701 1667 763 necessario

92 798 424 877 requirere
467 796 676 876 quoad
711 815 844 859 rem
897 796 1123 875 ipsam,
1157 812 1272 857 seu
1299 794 1452 855 nihil
1498 792 1670 855 aliud

97 892 338 952 addere
368 908 448 951 ex
480 896 655 970 parte
709 890 846 961 Dei,
890 893 1120 968 praeter
1162 886 1318 947 illud
1365 886 1668 947 auxilium

95 985 343 1064 gratiae,
366 983 536 1063 quod
556 984 618 1042 in
641 983 869 1043 actuali
901 996 1210 1043 concursu
1239 980 1668 1059 proportiona-

97 1084 162 1137 to
197 1076 503 1137 consistit.
539 1077 684 1136 Haec
709 1075 970 1136 assertio
1002 1074 1286 1153 sequitur
1307 1072 1663 1134 necessario

97 1188 174 1228 cx
219 1167 626 1246 praecedenti,
677 1167 824 1247 quia
871 1168 1076 1228 omnis
1104 1167 1317 1236 homo,
1363 1166 1468 1244 qui
1521 1170 1666 1225 actu

97 1268 400 1340 operatur
428 1262 970 1340 supernaturalem
1009 1265 1240 1331 actum,
1277 1258 1465 1319 babet
1493 1260 1668 1317 auxi-

93 1358 250 1416 lium
283 1354 543 1427 effictum
570 1355 760 1416 sedi'n
785 1354 1036 1415 homine
1059 1354 1231 1432 prius
1257 1350 1530 1413 habente
1555 1370 1670 1412 au-

98 1452 321 1511 xilium
366 1449 682 1511 sufficiens
729 1449 863 1509 sin'e
907 1446 1132 1509 actuali
1177 1447 1563 1525 operatione,
1607 1450 1670 1505 et

99 1552 320 1625 postea
347 1552 490 1607 actu
523 1550 822 1624 opera-nte
854 1562 968 1623 per
984 1544 1136 1604 illud
1165 1542 1488 1615 auxilium,
1515 1541 1666 1601 nihil

98 1638 460 1698 neceaea'rio
509 1637 756 1698 additur
795 1642 1034 1715 praeter
1073 1636 1382 1697 actualem
1407 1652 1670 1695 concur-

97 1748 263 1801 sum,
313 1737 374 1791 et
419 1731 848 1809 operationem
891 1730 1126 1809 ipsamt,
1173 1748 1322 1808 ergo
1369 1727 1668 1789 auxilium

99 1824 324 1885 efficax
347 1823 508 1883 nihil
535 1824 890 1883 necessario
920 1822 1113 1894 addit,
1144 1820 1438 1901 velponit
1471 1821 1532 1881 in
1559 1821 1671 1880 ho·-

95 1917 268 1976 mine
300 1915 464 1976 ultra
511 1916 809 1975 auxilium
855 1915 1171 1976 sufficiens
1207 1922 1430 1994 praeter
1461 1919 1670 1974 actua-

91 2010 224 2069 lem
255 2026 636 2069 concursum
669 2014 736 2069 et
773 2009 1082 2069 influxum
1105 2008 1268 2069 actui
1295 2014 1670 2086 supernatu-

93 2104 209 2163 rali
243 2103 809 2181 proportionatum.
840 2103 989 2164 Dico
1031 2109 1264 2173 autem,
1295 2120 1424 2162 non
1453 2118 1669 2161 neces·

93 2196 292 2267 sario,
327 2196 476 2275 quia
519 2195 656 2257 fieri
685 2202 894 2274 potest
939 2196 1024 2271 (et
1067 2195 1332 2257 fortasse
1376 2194 1668 2271 frequen-

93 2290 222 2349 tius
251 2288 339 2349 ita
369 2290 674 2370 contingit
713 2308 790 2350 ex
821 2290 933 2349 Dei
972 2289 1256 2349 libertate
1285 2306 1358 2348 ac
1402 2288 1670 2349 benevo-

95 2383 318 2459 lentia)
346 2389 440 2459 ut,
489 2390 712 2463 proeter
751 2383 982 2445 auxilia
1025 2381 1417 2455 sufficientia,
1443 2382 1670 2460 quibus

97 2478 292 2537 homo
333 2494 466 2537 non
509 2477 931 2551 consentiret,
983 2475 1268 2555 quamvis
1313 2478 1564 2554 posset,
1609 2474 1670 2535 ei

97 2570 422 2629 addantur
449 2570 746 2631 uberiora
776 2579 840 2631 et
869 2570 1216 2648 copiosiora
1245 2568 1474 2629 auxilia
1507 2567 1670 2628 exci-

101 2664 323 2733 tantia,
363 2669 436 2724 ut
463 2664 654 2725 homo
681 2664 988 2726 vocationi
1011 2664 1292 2743 praebeat
1315 2679 1664 2723 assensum.

97 2756 380 2816 Dicimus
417 2762 634 2818 tamen
662 2758 824 2817 hanc
851 2758 1210 2817 uberiorem
1254 2756 1518 2835 gratiam
1547 2772 1674 2815 non

99 2866 244 2908 esse
281 2849 649 2928 simpliciter
686 2850 1135 2921 necessariam,
1184 2854 1256 2909 ut
1303 2848 1546 2909 vocatio
1595 2847 1674 2907 sit

97 2944 348 3009 efficax,
394 2941 462 3002 id
507 2947 622 3015 est,
675 2950 746 3004 ut
788 2942 1018 3004 habeat
1067 2943 1394 3013 effectum;
1437 2958 1584 3001 nam
1618 2938 1670 2999 si

95 3034 166 3095 id
207 3040 377 3095 esset
405 3036 854 3108 necessarium,
888 3037 1092 3097 omnis
1119 3035 1317 3116 gratia
1363 3034 1662 3105 excitam,

95 3130 314 3190 minor
341 3129 472 3202 illa,
501 3136 666 3190 esset
686 3130 752 3190 in
781 3148 896 3191 suo
918 3149 1150 3210 genere
1181 3128 1586 3190 insufficiens,

183 3225 287 3282 47.
333 3222 450 3283 Hic
473 3241 624 3284 vero
663 3224 890 3302 aliquis
939 3230 1188 3303 optaret
1230 3222 1500 3302 exponi,
1559 3238 1672 3300 per

97 3334 294 3393 quam
345 3317 730 3378 voluntatem
777 3318 941 3378 Deus
981 3317 1262 3396 praebeat
1309 3317 1478 3375 hunc
1521 3331 1672 3374 con-

93 3429 394 3486 cursum,
443 3412 555 3472 sed
597 3412 744 3490 quia
781 3412 844 3470 in
885 3413 1005 3471 hac
1030 3411 1202 3472 brevi
1251 3427 1496 3470 summa
1541 3425 1671 3468 non

93 3523 440 3584 possumus
467 3505 680 3564 omnia
711 3503 852 3564 fuse
876 3503 1218 3575 declarare,
1247 3502 1510 3564 dicimus
1532 3500 1671 3561 bre·

91 3601 254 3660 viter
281 3599 460 3659 illam
485 3598 872 3658 voluntatem
901 3597 1096 3658 talem
1125 3613 1264 3657 esse
1287 3596 1544 3669 debere,
1567 3593 1668 3654 cui

91 3694 370 3754 liberum
401 3690 726 3751 arbitrium
766 3689 964 3769 possit
987 3691 1297 3763 resistere,
1333 3690 1479 3768 quia
1511 3689 1668 3752 alias

93 3786 176 3845 illi
223 3785 670 3846 necessitatem
727 3781 1025 3854 inferret,
1085 3785 1154 3843 ut
1210 3782 1374 3843 bene
1429 3784 1668 3844 notavit

95 3882 272 3950 Soto,
301 3879 528 3939 librot
579 3877 658 3938 de
709 3877 926 3938 Natur.
979 3879 1044 3936 et
1069 3881 1257 3955 grat„
1313 3876 1518 3954 capite
1563 3879 1661 3951 16,

96 3973 568 4049 ubipropterea
583 3970 733 4030 dicit
761 3969 934 4030 illam
952 3969 1341 4030 voluntatem
1367 3987 1494 4028 non
1525 3986 1665 4030 csse

95 4063 458 4124 absolutam
499 4069 562 4124 et
593 4061 989 4142 beneplaciti,
1043 4061 1160 4122 sed
1197 4059 1523 4122 includere
1567 4079 1668 4122 or-

93 4157 312 4218 dinem
325 4156 414 4216 ad
433 4173 812 4216 consensum
833 4155 1104 4216 liberum
1132 4153 1468 4214 voluntatis
1499 4171 1669 4214 crea-

91 4253 168 4309 1ae
200 4255 245 4308 ¹.
285 4248 470 4311 Unde
513 4265 778 4310 neeesse
809 4253 906 4308 est
929 4253 1003 4308 ut
1039 4247 1182 4308 talis
1223 4247 1512 4308 voluntas
1541 4264 1666 4306 non

95 4344 168 4403 sit
197 4343 286 4402 ad
329 4359 530 4402 unum
575 4342 777 4403 solum
819 4347 1028 4404 actum
1073 4340 1508 4414 determinata,
1555 4339 1668 4400 sed

93 4435 270 4514 quod
297 4453 382 4496 ex
430 4452 497 4494 se
531 4434 752 4495 offerat
779 4451 1157 4495 coneursum
1190 4434 1254 4493 in
1297 4438 1440 4494 actu
1465 4433 1666 4511 primo

94 4527 564 4588 indifferentem
594 4527 678 4587 ad
709 4526 963 4600 multoe,
997 4529 1064 4588 ut
1091 4525 1347 4587 libertas
1383 4525 1669 4586 volunta-

93 4622 170 4682 tis
213 4622 411 4681 etiam
443 4621 656 4700 quoad
707 4621 870 4681 hanc
899 4627 1146 4699 partem
1177 4621 1420 4699 integra
1452 4635 1668 4680 serve-—

93 4721 218 4776 tur.
250 4715 384 4774 Nec
409 4719 631 4775 tamen
647 4729 768 4794 per
802 4714 924 4774 hoc
951 4713 1321 4786 excluditur,
1349 4713 1502 4792 quin
1527 4729 1669 4790 pos-

95 4808 171 4867 sit
211 4808 392 4867 Deus
447 4805 690 4886 aiiquos
735 4812 910 4868 actus
947 4805 1365 4885 praedefinire,
1411 4822 1670 4884 praeser-

93 4899 206 4960 tim
249 4901 319 4959 in
363 4899 842 4978 praedestinatis,
887 4905 959 4960 ut
997 4916 1075 4960 ex
1123 4899 1408 4978 sequenti
1437 4902 1668 4977 puncto

95 4993 434 5054 constabit.

169 5089 288 5148 48.
325 5083 526 5149 Sem
547 5087 997 5168 propomio.-
1017 5085 1320 5146 Addimus
1351 5103 1503 5166 ergo
1529 5101 1669 5146 sex·-

99 5184 184 5252 to,
227 5179 524 5257 quamvis
545 5181 744 5259 gratia
781 5179 1004 5241 efficax
1039 5178 1296 5258 physice
1335 5185 1400 5240 et
1440 5195 1508 5240 re
1531 5178 1669 5257 ipsa

183 5368 200 5402 ¹
237 5365 332 5424 Ita
359 5364 688 5427 declarant
733 5381 1108 5426 concursum
1129 5364 1242 5426 Dei
1268 5363 1672 5443 quamplures

97 5460 428 5614 geogigi,
460 5461 586 5522 late
627 5460 878 5523 adducti
905 5460 1012 5523 lib.
1051 5464 1106 5535 1,
1149 5479 1204 5524 c.
1242 5463 1342 5534 15,
1382 5466 1442 5521 et
1467 5460 1574 5520 lib.
1605 5462 1666 5534 2,

179 5571 241 5633 p.
326 5597 341 5611 .

1741 515 1905 577 mihil
1960 530 2038 577 ex
2072 518 2443 581 necessitate
2492 523 2691 597 ponat
2737 518 2803 578 in
2832 520 3101 583 homine
3144 524 3309 586 ultra

1751 610 2161 673 sufficientem
2186 656 2202 683 ,
2254 616 2467 673 tamen
2506 623 2583 673 ex
2635 617 2812 690 parte
2844 614 2954 674 Dei
3008 617 3307 678 auxilium

1749 701 1971 763 efficax
1998 703 2193 783 (quod
2218 704 2625 784 Augustinus,
2652 704 2841 784 hujus
2858 704 2991 769 fere
3019 708 3183 770 vocis
3212 710 3308 770 in-

1749 800 1991 868 ventor,
2023 796 2416 857 vocationem
2445 796 2766 857 efficacem
2804 800 3159 881 appellavit)
3194 802 3307 863 ad—

1747 890 1899 951 dere
1944 892 2217 970 speciale
2263 892 2665 965 beneficium,
2700 898 2763 954 et
2788 894 3127 974 quamdam
3172 914 3309 958 mo-

1747 983 1945 1045 ralem
1976 985 2281 1047 rationem
2324 987 2345 1062 (
2367 991 2438 1046 ut
2478 986 2567 1047 sic
2607 986 2845 1064 dicam)
2888 1006 3030 1066 quae
3064 990 3130 1049 in
3187 990 3307 1053 hoc

1749 1078 2049 1151 consistit,
2096 1078 2267 1157 quod
2312 1080 2482 1140 Deus
2530 1097 2606 1139 ex
2664 1080 2917 1156 speciali
2960 1086 3023 1141 et
3070 1082 3311 1145 efficaci

1739 1169 2065 1249 proposito
2106 1177 2168 1232 et
2216 1172 2443 1233 affectu
2480 1172 2671 1235 dandi
2690 1173 2937 1234 homini
2977 1172 3168 1236 fidem
3209 1177 3307 1237 vel

1742 1263 2014 1340 gratiam
2066 1264 2123 1325 ei
2164 1265 2401 1343 pnoehet
2444 1265 2617 1329 illam
2662 1266 3082 1341 vocationem,
3136 1276 3199 1329 et
3241 1269 3306 1329 in

1749 1355 1852 1415 illo
1881 1361 2163 1435 tempore
2194 1357 2493 1431 strando,
2536 1363 2723 1436 prout
2752 1360 2923 1421 novit
2953 1378 3311 1423 accommo-

1750 1450 1983 1522 datam,
2006 1456 2072 1511 ut
2096 1468 2243 1511 cum
2266 1451 2591 1513 illa·homo
2612 1470 2677 1513 re
2700 1453 2833 1531 ipsa
2864 1459 2929 1514 et
2953 1471 3097 1515 cum
3114 1454 3307 1517 effec-

1749 1547 1816 1602 tu
1847 1544 2215 1615 consentiat,
2248 1544 2531 1622 quamvis
2548 1546 2753 1623 possit
2774 1562 2901 1613 non
2929 1549 3301 1611 consentire.

1748 1636 1823 1695 Et
1861 1636 2002 1697 ideo
2046 1638 2431 1716 Augustinus
2469 1642 2485 1675 ¹
2523 1638 2685 1698 hanc
2726 1640 3141 1713 vocationem,
3174 1658 3308 1704 con-

1744 1743 1986 1811 ymm,
2018 1730 2233 1801 altam,
2267 1734 2453 1809 atque
2480 1736 2791 1805 secretam,
2816 1732 3307 1811 appellat-Solet

1750 1822 2003 1899 quidem
2052 1822 2365 1883 interdum
2419 1824 2539 1885 dici
2581 1825 2819 1885 vocatio
2868 1825 3120 1901 efficax,
3164 1844 3306 1906 quae

1749 1915 2001 1993 copiosa
2034 1922 2149 1983 est,
2178 1922 2242 1987 et
2270 1916 2465 1977 multo
2496 1918 2737 1995 majora
2780 1918 3041 1980 includit
3064 1920 3308 1984 auxilia

1749 2025 1939 2085 quam
1984 2008 2295 2073 ordinarie
2348 2009 2481 2069 dari
2528 2010 2806 2085 soleant,
2838 2012 3155 2090 quomodo
3202 2032 3309 2093 ap-

1750 2101 2007 2179 pellavit
2062 2101 2400 2179 aliquando
2442 2103 2827 2181 Augustinus
2854 2106 2881 2141 ‘2
2920 2105 3309 2167 voc-ationem

1751 2192 1922 2255 Pauli
1970 2193 2501 2266 efficacissimam3
2554 2201 2619 2257 et
2662 2196 2883 2259 similis
2912 2197 3027 2258 suit
3068 2200 3308 2261 vocatio

1751 2286 2009 2347 latronis
2052 2287 2113 2345 in
2166 2304 2374 2360 cruce,
2422 2288 2735 2363 Matthaei,
2783 2289 3189 2369 Magdalenoe,
3248 2297 3312 2352 et

1749 2378 2031 2441 fortassis
2062 2378 2501 2459 Apostolorum
2542 2381 2845 2456 omnium,
2876 2387 2937 2443 et
2964 2383 3310 2445 innumeras

1751 2472 1912 2532 aliae.
1946 2473 2183 2533 Tamen
2212 2473 2411 2550 gratia
2436 2474 2553 2534 hoc
2582 2474 2771 2537 modo
2792 2476 3035 2549 efficax,
3067 2483 3135 2538 ut
3156 2476 3306 2548 dixi,

1750 2583 1878 2625 non
1899 2571 1992 2627 est
2018 2566 2373 2627 necessaria
2388 2567 2749 2647 simpliciter
2768 2570 2847 2629 ad
2877 2571 3265 2649 operandum
3292 2590 3305 2631 :

1751 2675 1866 2718 nos
1895 2663 2105 2719 autem
2136 2659 2453 2737 loquimur
2480 2662 2561 2721 de
2591 2661 2868 2724 efficacia
2894 2666 3130 2743 gratim,
3166 2680 3308 2743 quae

1755 2750 2073 2825 omnibus,
2116 2752 2221 2830 qui
2262 2758 2407 2813 actu
2445 2761 2787 2834 operantur
2836 2762 2899 2817 et
2948 2764 3315 2831 convertun-

1755 2849 1876 2917 tur,
1919 2846 2273 2905 communis
2314 2852 2443 2918 est3
2496 2850 2557 2907 et
2599 2848 2743 2909 ideo
2772 2866 2899 2909 non
2938 2855 3144 2928 potest
3180 2850 3313 2911 haec

1755 2937 2036 2999 efficacia
2067 2938 2131 2997 in
2169 2938 2274 3001 illa
2304 2938 2741 3001 abundantiori
2768 2942 2969 3020 gratia
2996 2942 3307 3004 constitui.

1755 3031 2199 3093 Constituenda
2250 3031 2438 3111 igitur
2498 3039 2593 3094 est
2642 3035 2708 3093 in
2758 3032 2863 3094 illa
2922 3036 3311 3116 congruitate

1751 3126 1999 3200 morali,
2022 3143 2214 3205 quam
2240 3127 2407 3187 Deus
2430 3126 2673 3187 infinita
2692 3145 2807 3188 sua
2833 3129 3135 3206 sapientia
3156 3147 3313 3208 prae-

1751 3219 1945 3292 novit,
1966 3223 2031 3280 et
2056 3219 2328 3297 benigna
2358 3218 2805 3293 misericordia,
2840 3220 3067 3298 quibus
3092 3223 3309 3298 voluit,

1751 3314 2146 3393 praeparavit.

1827 3409 1931 3468 49.
1982 3406 2139 3478 Quid
2180 3415 2391 3468 autem
2435 3409 2513 3469 sit
2550 3407 2655 3469 illa
2700 3409 3058 3488 congruitas
3096 3409 3198 3470 vel
3246 3410 3311 3469 in

1751 3517 1878 3577 quo
1907 3500 2229 3574 consistat,
2260 3507 2572 3565 remotum
2600 3508 2697 3562 est
2724 3519 2762 3561 a
2793 3502 3079 3563 sensibus
3111 3502 3313 3562 homi-

1749 3591 1870 3666 niS‚
1925 3598 1997 3653 ut
2041 3594 2425 3673 Augustinus
2454 3594 2543 3654 ait
2586 3593 2702 3672 (de
2738 3593 3027 3656 Praedest.
3072 3595 3307 3669 Sanct„

1751 3704 1887 3765 cap.
1922 3688 2014 3766 1);
2046 3693 2428 3768 quapropter
2458 3687 2629 3748 illam
2654 3688 3069 3763 vocationem,
3094 3688 3307 3760 altam,

1747 3785 1938 3858 atque
1992 3786 2297 3842 secretam
2346 3781 2643 3860 appellat,
2702 3779 2969 3857 ideoque
3024 3799 3141 3840 nos
3189 3780 3311 3840 hoc

1746 3877 1990 3934 tantum
2019 3891 2386 3935 revocamus
2418 3873 2502 3936 ad
2538 3875 2869 3936 thesauros
2900 3874 3217 3952 sapientire
3250 3878 3312 3933 et

1749 3967 2021 4028 scientiae
2060 3967 2191 4040 Dei,
2256 3968 2365 4047 qui
2416 3969 2587 4028 novit
2630 3966 2917 4028 facienda
2968 3973 3308 4045 antequam

1749 4061 1902 4121 fiant
1933 4105 1949 4132 ,
2006 4064 2070 4121 et
2110 4060 2191 4120 de
2234 4077 2617 4140 unaquaque
2667 4060 2986 4121 voluntate
3032 4061 3309 4120 humana

1747 4153 2049 4232 praenovit
2076 4153 2227 4232 quid
2254 4153 2318 4214 in
2344 4154 2635 4214 omnihus
2662 4152 3017 4228 momentis,
3040 4154 3313 4214 occasio·

1752 4245 1960 4320 nibus,
1996 4251 2058 4306 et
2094 4263 2239 4308 oum
2282 4245 2665 4326 quibuslibet
2704 4245 3135 4308 vocationibus
3162 4262 3313 4324 ope-

1749 4345 1963 4400 ratura
1994 4339 2093 4413 sit,
2130 4340 2187 4400 si
2216 4340 2298 4400 ita
2334 4342 2612 4412 vocetur,
2636 4345 2769 4399 -aut
2801 4339 2909 4400 tali
2931 4344 3216 4416 tempore
3248 4342 3311 4398 et

1749 4433 1961 4500 modo,
2008 4432 2252 4494 etiamsi
2300 4449 2473 4494 mere
2520 4432 2716 4494 libere
2772 4437 2835 4492 et
2878 4431 3311 4510 contingenter

1749 4525 1814 4588 id
1838 4526 1920 4586 sit
1962 4532 2319 4604 operatura,
2370 4533 2435 4588 et
2452 4541 2601 4588 non
2627 4543 2706 4586 ex
2734 4524 2945 4604 aliqua
2969 4523 3312 4603 praedeter-

1747 4619 2113 4694 minatione,
2140 4636 2331 4698 quam
2356 4619 2439 4682 ab
2458 4619 2807 4682 extrinseco
2834 4623 3089 4698 agente,
3124 4616 3312 4678 etiam

1749 4731 1790 4772 a
1815 4715 1947 4774 Deo
1980 4712 2117 4791 ipso
2142 4718 2480 4792 reeeptura.
2516 4712 2616 4774 sit.

1832 4807 1931 4866 50.
1957 4803 2091 4868 Hoc.
2113 4811 2349 4880 autem,
2379 4805 2551 4885 qaod
2574 4807 2639 4866 in
2662 4807 2783 4866 hac
2811 4805 3118 4868 sententia
3150 4804 3311 4864 affir-

1750 4917 1998 4960 mamus
2049 4899 2147 4962 de.
2172 4900 2564 4979 congruitate
2616 4898 2959 4961 vocationis
3006 4896 3306 4968 efficacis,

1749 5011 1876 5055 non
1909 4993 2088 5054 aliter
2130 4993 2498 5072 probamuS,
2528 5009 2721 5071 qaam
2758 5007 2835 5054 ex
2862 4991 2997 5071 ipso
3022 4997 3305 5062 auctore,

1833 5185 1848 5218 ¹
1898 5179 2081 5240 Libro
2118 5179 2199 5240 de
2228 5181 2397 5242 Grat.
2432 5186 2495 5240 et
2522 5179 2629 5240 lib.
2676 5178 2838 5252 arb.,
2870 5195 3009 5256 cap.
3042 5179 3105 5250 5,
3135 5175 3242 5236 lib.
3273 5177 3303 5234 1

1751 5279 1974 5353 quaest.
2010 5272 2091 5334 ad
2115 5273 2359 5353 Simpl.,
2390 5292 2451 5352 q.
2484 5275 2547 5334 2.

1832 5369 1858 5406 ²
1901 5369 1991 5427 Ex
2027 5368 2215 5446 Aug„
2266 5385 2453 5427 serm.
2507 5367 2647 5438 130,
2697 5366 2777 5426 de
2826 5366 3068 5441 Temp.;
3120 5361 3304 5440 Cyril.

1755 5461 1957 5533 Alex„
2000 5460 2078 5522 dc
2114 5461 2495 5524 Adai-atione
2528 5459 2593 5522 in
2638 5458 2867 5537 Spiritu
2910 5460 2972 5517 et
3025 5456 3308 5534 veritate,

1753 5555 1870 5617 col.
1915 5557 2013 5622 11.
