3850 6225
517 380 597 441 to

519 488 642 548 Aut
671 486 840 547 enim
867 486 930 548 id
959 494 1054 549 est
1074 488 1394 551 infallibile
1422 492 1490 553 in
1525 493 1658 553 sola
1687 492 2077 570 praescientia

516 578 650 651 Dei,
694 582 1152 659 cognoscentiS,
1183 600 1258 643 ex
1291 602 1404 645 sua
1435 586 1801 660 aiter-nitate,
1833 586 2076 647 futuros

519 671 776 733 effectus
805 678 874 733 ut
901 680 1260 753 praesentes,
1295 683 1356 738 et
1379 678 1498 739 hoc
1527 698 1654 739 non
1679 684 1774 739 est
1801 679 1881 739 ad
1905 696 2071 751 rem;

515 766 649 824 tum
678 764 822 843 quia
850 765 992 827 talis
1020 770 1412 845 praescientia
1449 789 1578 831 non
1621 770 1882 849 requirit
1917 790 2079 849 prae-

515 856 1100 920 determinationem
1126 861 1190 920 in
1230 880 1454 935 causa;
1493 869 1624 924 tum
1665 864 1852 923 etiam
1901 864 2071 943 quia,

515 949 566 1009 si
606 951 746 1011 talis
791 951 994 1013 forma
1025 971 1102 1013 ex
1134 972 1202 1014 se
1243 972 1370 1014 non
1415 953 1608 1016 habet
1656 957 2077 1017 necessariam

513 1046 1018 1124 conjunctionem
1045 1066 1188 1108 eum
1227 1054 1372 1110 actu
1395 1049 1696 1125 secundo,
1725 1050 1892 1111 unde
1932 1068 2077 1111 con-

513 1142 654 1209 stat,
687 1146 796 1199 aut
820 1156 944 1217 qua
969 1140 1354 1202 revelatione
1383 1148 1708 1203 ostensum
1737 1148 1832 1203 est
1872 1144 2075 1203 Deum

512 1231 896 1309 praescivisse
920 1278 936 1305 ,
981 1250 1232 1312 semper
1273 1235 1666 1295 intercedere
1715 1236 1877 1296 hanc
1925 1253 2073 1296 con-

505 1324 919 1403 junctionem,
963 1343 1228 1403 esseque
1269 1327 1691 1388 necessariam
1729 1327 2074 1389 illationem

513 1423 574 1477 et
603 1418 1114 1496 consequentiam
1152 1419 1320 1479 inter
1357 1420 1519 1480 hanc
1562 1420 2075 1498 praedetermina-

511 1510 746 1570 tionem
769 1513 830 1570 et
850 1514 1060 1571 actum
1089 1512 1456 1572 secundum.
1487 1511 1665 1583 Quod
1689 1512 1739 1572 si
1767 1512 2073 1573 connexio

514 1620 645 1663 non
673 1607 766 1663 est
795 1602 1136 1663 infallibilis
1168 1604 1236 1663 in
1259 1603 1390 1664 sola
1415 1604 1832 1683 praescientia,
1861 1622 2078 1665 neces-

511 1696 746 1757 sarium
773 1700 868 1757 est
901 1697 1072 1775 quod
1098 1697 1204 1758 illa
1240 1696 1666 1773 infallibilitas,
1706 1716 1848 1777 quae
1894 1699 2077 1759 abso-

509 1789 638 1850 luta
693 1806 830 1851 esse
885 1789 1108 1851 dicitur
1150 1796 1212 1851 et
1255 1790 1614 1868 simpliciter
1634 1836 1650 1864 ,
1701 1791 1941 1851 oriatur
1998 1809 2075 1851 ex

511 1882 844 1942 intrinseca
891 1886 1114 1943 natura
1167 1883 1306 1945 talis
1343 1882 1591 1957 formoe,
1637 1890 1700 1944 et
1753 1901 1832 1943 ex
1884 1884 2072 1944 modo

509 1976 812 2054 operandi
842 1977 1000 2055 ejus,
1023 1995 1097 2037 ac
1123 1976 1394 2055 denique
1426 1996 1502 2039 ex
1525 1978 1862 2039 intrinseca
1885 1996 2075 2056 repu-

511 2069 766 2147 gnantia
795 2069 1026 2148 aliqua,
1061 2086 1200 2147 quae
1230 2070 1308 2131 sit
1335 2070 1402 2129 in
1433 2070 1552 2131 hoc
1586 2070 1756 2149 quod
1783 2071 2071 2131 voluntas

509 2160 960 2222 determinetur
987 2180 1024 2221 a
1051 2162 1203 2237 Deo,
1235 2168 1296 2223 et
1321 2180 1450 2223 non
1479 2168 1792 2241 operetur.
1839 2164 1915 2225 Et
1957 2163 2067 2236 sic,

509 2272 636 2315 non
677 2253 880 2315 solum
908 2255 1190 2334 sequitur
1215 2256 1602 2317 voluntatem
1635 2256 1884 2334 operari
1911 2273 2073 2317 sem-

506 2365 622 2427 per
647 2366 790 2409 cum
827 2348 934 2409 illa
965 2349 1264 2422 motione,
1315 2348 1428 2409 sed
1479 2350 1668 2410 etiam
1705 2366 1838 2409 non
1885 2366 2069 2427 posse

507 2458 636 2502 non
665 2441 945 2520 operari;
973 2442 1120 2520 quia
1161 2442 1266 2503 illa
1297 2442 1715 2521 repugnantia
1745 2442 1943 2503 oritur
1994 2460 2071 2503 ex

505 2534 863 2596 necessaria
888 2534 1274 2597 connexione
1290 2535 1453 2595 inter
1479 2534 2067 2597 determinationem

509 2634 572 2688 et
599 2634 838 2701 actum,
867 2634 930 2689 et
973 2628 1250 2689 maxima
1295 2628 1572 2689 efficacia
1602 2627 2067 2689 determinatio·

507 2722 627 2793 nis,
661 2722 759 2781 cui
782 2739 912 2781 non
953 2726 1158 2799 potest
1195 2721 1484 2782 voluntas
1523 2722 1854 2793 resistere3
1888 2740 2063 2795 nam,

508 2814 558 2875 si
604 2814 819 2893 possit,
848 2831 976 2874 non
1023 2814 1140 2875 erit
1179 2814 1595 2894 repugnantia
1641 2814 1832 2894 quod,
1865 2814 2067 2893 posita

509 2906 1057 2979 determinatione,
1088 2924 1218 2967 non
1244 2912 1544 2985 sequatur
1572 2907 1754 2968 actio.
1789 2906 1912 2967 Nisi
1942 2906 2068 2966 for-

505 3005 674 3061 tasse
699 2998 910 3060 dicant
941 2999 1096 3059 illud
1141 3017 1326 3077 posse
1369 2999 1572 3059 solum
1619 2999 1957 3059 consistere
2000 2998 2066 3057 in

505 3093 627 3154 hoc
651 3139 668 3166 ,
725 3092 918 3172 quod,
972 3092 1179 3154 ablata
1227 3092 1331 3154 illa
1383 3091 2063 3172 praedeterminatione,

504 3191 714 3265 potest
726 3185 1016 3248 voluntas
1039 3204 1170 3247 non
1189 3186 1434 3265 operari
1444 3232 1457 3247 .
1473 3185 1654 3258 Quod
1667 3192 1834 3246 esset
1847 3184 2067 3246 ludere

505 3279 738 3352 verbis,
779 3284 843 3340 et
867 3278 1134 3340 transire
1163 3279 1244 3340 de
1273 3297 1462 3340 sensu
1487 3278 1830 3357 composito
1859 3276 1941 3338 ad
1976 3276 2071 3337 di-

505 3372 744 3445 visum3
779 3372 928 3451 quia
955 3372 1020 3433 id
1059 3389 1186 3433 non
1217 3377 1386 3433 esset
1419 3389 1606 3451 posse
1643 3371 1935 3432 resistere
1962 3375 2071 3431 aut

505 3465 778 3544 abjicere
807 3465 1174 3537 motionem,
1207 3464 1320 3526 sed
1343 3467 1512 3526 esset
1531 3463 1800 3524 retinere
1827 3461 2071 3523 radica-

505 3559 631 3620 lem
670 3559 1016 3638 potentiam
1063 3557 1144 3620 ad
1173 3577 1302 3620 non
1349 3556 1762 3638 operandum,
1812 3556 1864 3618 si
1899 3557 2069 3618 Deus

505 3651 641 3733 ipse
670 3657 878 3714 cesset
907 3671 944 3713 a
973 3651 1316 3726 movendO,
1347 3667 1488 3732 quae
1513 3649 1790 3730 potentia
1821 3666 2071 3728 semper

505 3751 724 3806 manet
749 3745 814 3805 in
840 3745 1184 3818 voluntate,
1229 3745 1472 3806 etiamsi
1497 3744 1768 3806 maxime
1801 3743 2071 3804 necessi-

511 3843 674 3898 tetur
709 3857 746 3898 a
781 3837 934 3899 Deo.
969 3837 1190 3898 Nullus
1219 3855 1371 3917 ergo
1407 3842 1667 3916 apparet
1694 3835 1919 3898 modus
1944 3852 2068 3914 quo

504 3929 640 3990 haec
689 3928 1128 3992 determinatio
1175 3945 1323 3990 cum
1371 3928 1656 3990 libertate
1711 3927 1950 3988 arbitrii
2001 3927 2083 3995 in.

505 4021 642 4100 ipso
671 4041 812 4098 usu,
849 4027 912 4084 et
951 4039 1094 4083 cum
1134 4020 1418 4082 doctrina
1445 4019 1698 4083 Concilii
1725 4019 2068 4082 Tridentini

506 4116 572 4177 in
599 4115 1000 4178 concordiam
1023 4114 1368 4195 redigatur.

511 4303 597 4368 Si
633 4303 933 4378 volmar,
961 4307 1036 4368 ut
1051 4302 1120 4364 in
1150 4307 1352 4367 actum
1367 4300 1636 4384 prodeat,
1657 4300 2071 4382 proedotemti-

585 4398 888 4460 natmem
909 4395 1230 4476 physicam
1259 4393 1455 4476 eripit
1477 4396 1836 4469 necessario,
1885 4394 2069 4459 etiam

585 4487 945 4552 radicaliter
985 4493 1046 4551 ot
1079 4486 1405 4552 intrinseco
1429 4487 1620 4551 libera
1649 4487 1926 4568 potentia
1949 4504 2070 4550 non

587 4587 700 4646 est.

589 4769 690 4828 43.
733 4766 822 4828 Ex
849 4765 1136 4828 discursu
1184 4765 1248 4827 in
1271 4765 1394 4826 hoc
1421 4768 1487 4826 et
1530 4762 1835 4843 superiori
1869 4763 2073 4844 capite

508 4860 696 4935 facto,
743 4861 1024 4937 ulterius¹
1047 4858 1422 4922 concludere
1466 4873 1802 4937 possumus
1848 4875 1925 4918 ex
1956 4857 2076 4919 hac

508 4953 1026 5016 determinatione
1051 4951 1314 5032 physica
1359 4968 1434 5012 ac
1461 4947 1842 5022 necessaria,
1887 4955 2075 5028 prout

509 5047 592 5108 ab
634 5045 732 5106 his
785 5045 1119 5125 Theologis
1155 5043 1440 5116 docetur,
1485 5059 1618 5104 non
1647 5041 1852 5102 solum
1893 5043 2073 5122 sequi

509 5135 812 5199 libertatis
865 5153 1054 5198 usum
1105 5153 1356 5216 semper
1388 5133 1699 5214 impediri,
1741 5133 1857 5196 sed
1885 5137 2073 5198 etiam

508 5230 863 5292 libertatem
896 5229 1101 5307 ipsam
1140 5227 1503 5301 radicalem,
1551 5244 1667 5288 seu
1709 5226 2075 5291 facultatem

507 5325 774 5386 liberam
809 5322 1146 5384 voluntatis
1181 5341 1438 5403 prorsus
1479 5321 1694 5382 everti.
1743 5321 2069 5396 Probatur,

507 5437 656 5480 nam
683 5417 900 5480 dicunt
927 5419 1094 5478 hanc
1140 5413 1726 5478 determinationem
1769 5433 1907 5478 esse
1962 5436 2075 5479 ne-

509 5509 850 5574 cessariam
887 5527 966 5572 ex
988 5509 1326 5572 intrinseca
1354 5513 1578 5568 natura
1605 5513 1829 5568 creatae
1857 5509 2074 5570 volun-

1273 389 1484 444 owse.
1519 390 1560 453 l,
1587 390 1706 444 Lm.
1741 394 1781 445 1.
1817 392 1897 444 DE
1930 391 2251 448 CONCURSU
2284 398 2387 451 nm
2420 400 2546 455 clm
2576 402 2965 455 vomnnrs.

2158 496 2301 557 tatis
2330 498 2668 579 indigentis
2712 503 2847 575 illa;
2890 520 3041 581 ergo
3082 504 3215 565 sine
3248 504 3354 565 illa
3380 504 3473 583 (ut
3497 502 3724 583 proba·

2157 594 2293 649 tum
2328 595 2445 672 est)
2478 614 2605 655 non
2634 602 2729 657 est
2770 596 3063 657 voluntas
3110 605 3256 676 apta
3307 597 3587 676 proxime
3638 594 3721 655 ad

2158 686 2395 764 aliquid
2422 688 2790 761 volendum3
2822 706 2971 768 ergo
2996 708 3123 751 non
3154 690 3355 751 solum
3382 690 3723 769 impeditur

2158 798 2309 841 usus
2353 780 2513 842 liber
2539 782 2861 862 operandi,
2910 781 3021 843 sed
3070 784 3257 843 etiam
3299 782 3579 861 sequitur
3608 800 3722 860 po-

2156 873 2415 933 tentiam
2446 874 2647 953 ipsam
2676 893 2803 935 non
2854 876 3169 955 postulare
3214 896 3293 937 ex
3342 882 3567 936 natura
3604 893 3719 935 sua

2158 966 2331 1027 illum
2364 966 2631 1029 liberum
2673 970 2976 1047 operandi
3026 988 3231 1043 usum,
3265 970 3405 1049 quia
3452 988 3581 1029 non
3606 986 3721 1047 po-

2154 1064 2277 1122 test
2304 1060 2368 1119 in
2395 1079 2509 1121 sua
2542 1062 2907 1139 operatione
2933 1062 3091 1123 duas
3112 1062 3501 1124 conditiones
3530 1080 3723 1140 repu-

2156 1160 2423 1239 gnantes
2452 1164 2675 1215 natura
2700 1172 2813 1215 sua
2839 1154 3191 1233 postulare;
3226 1173 3376 1235 ergo
3404 1174 3611 1233 neque
3642 1172 3723 1213 ex

2156 1252 2379 1307 natura
2418 1265 2533 1307 sua
2562 1254 2654 1309 est
2688 1247 2953 1309 facultas
2988 1248 3215 1321 libera;
3258 1248 3405 1326 quia
3452 1247 3723 1309 facultas

2155 1358 2295 1418 quae
2324 1358 2400 1399 ex
2430 1346 2655 1401 natura
2698 1342 2789 1401 rei
2818 1360 2947 1401 non
2970 1342 3241 1420 postulat
3270 1341 3535 1402 liberum
3568 1357 3725 1417 ope-

2156 1434 2340 1495 randi
2366 1452 2575 1507 usum,
2615 1434 2933 1513 quomodo
2959 1435 3223 1497 facultas
3251 1434 3447 1495 libera
3476 1433 3723 1495 censeri

2156 1530 2407 1608 potest?
2452 1528 2715 1601 Deinde,
2748 1528 2799 1587 si
2826 1529 3115 1589 voluntas
3142 1534 3355 1589 nostra
3384 1546 3458 1588 ex
3492 1532 3724 1587 natura

2158 1639 2273 1681 sua
2329 1620 2603 1699 postulat
2630 1620 2989 1699 hujusmodi
3031 1640 3217 1682 usum
3266 1617 3569 1700 operandi
3606 1638 3727 1699 per

2158 1714 2881 1793 praedeterminationem
2906 1716 2985 1775 ab
3014 1715 3159 1788 alio,
3192 1720 3405 1793 aperte
3438 1714 3727 1793 sequitur

2156 1825 2285 1867 non
2326 1806 2563 1868 habere
2602 1807 2663 1866 in
2694 1807 3015 1885 operando
3042 1807 3160 1867 nisi
3188 1806 3502 1885 passivam
3526 1806 3727 1867 indif-

2152 1900 2505 1973 ferentiam,
2546 1901 2797 1979 qualem
2846 1900 3037 1961 habet
3084 1918 3333 1973 manuS,
3365 1899 3520 1960 utin
3552 1899 3727 1959 hanc

2152 1992 2253 2053 vel
2279 1992 2451 2053 illam
2487 1998 2733 2072 partem
2754 1997 3083 2054 moveatur
3104 1999 3215 2053 aut
3242 1993 3553 2053 calamum
3582 2010 3729 2051 mo·

2152 2090 2329 2157 veat3
2365 2090 2685 2147 ostensum
2716 2091 2928 2146 autem
2954 2084 3333 2146 sufficienter
3360 2091 3456 2145 est
3494 2085 3727 2164 hujus-

2150 2177 2319 2238 modi
2366 2176 2849 2238 indifferentiam
2900 2177 2983 2239 ad
3040 2177 3402 2239 facultatem
3452 2178 3725 2237 liberam

2148 2288 2279 2331 non
2308 2271 2625 2343 sufficere3
2656 2290 2807 2351 ergo
2837 2270 2888 2332 si
2906 2272 3197 2332 voluntas
3240 2289 3316 2332 ex
3340 2275 3565 2332 natura
3600 2288 3725 2330 sua

2152 2364 2407 2425 omnino
2454 2364 2713 2442 requirit
2766 2366 2925 2425 hanc
2977 2364 3565 2427 determinationem
3584 2411 3605 2439 ,
3658 2370 3725 2425 et

2151 2458 2285 2517 haec
2333 2456 2767 2519 determinatio
2799 2458 2954 2519 tollit
2992 2477 3177 2519 usum
3230 2458 3556 2530 libertatis,
3590 2458 3725 2519 evi-

2150 2549 2370 2612 denter
2396 2550 2678 2629 sequitur
2696 2552 3081 2613 voluntatem
3102 2570 3180 2611 ex
3198 2557 3420 2612 natura
3442 2569 3555 2611 sua
3584 2568 3723 2610 non

2148 2662 2285 2703 esse
2304 2642 2661 2705 facultatem
2684 2644 2968 2705 liberam.
3002 2643 3178 2716 Quod
3206 2644 3257 2705 si
3287 2644 3577 2705 voluntas
3604 2662 3726 2703 na-

2146 2744 2287 2799 tura
2316 2755 2431 2798 sua
2466 2738 2629 2799 hanc
2660 2738 3241 2799 determinationem
3272 2756 3401 2799 non
3424 2736 3716 2815 requirit,

2148 2830 2432 2909 sequitur
2481 2830 2785 2909 imprimis
2840 2830 3009 2891 illam
3058 2848 3185 2891 non
3233 2850 3371 2893 esse
3418 2848 3725 2891 necessa-

2146 2922 2307 2983 riam
2338 2942 2415 2985 ex
2437 2923 2495 2983 vi
2518 2923 3045 2985 subordinationis
3072 2943 3275 2985 causae
3306 2922 3597 2986 secundae
3632 2922 3723 2981 ad

2148 3015 2449 3094 primam;
2507 3015 2654 3095 quia
2681 3016 2969 3078 voluntas
3014 3023 3240 3078 natura
3280 3036 3395 3078 sua
3436 3015 3723 3096 postulat

2150 3108 2313 3169 hanc
2350 3109 2955 3186 subordinationem;
3014 3130 3166 3192 ergo
3206 3113 3395 3173 etiam
3448 3110 3721 3190 requirit

2150 3202 2451 3281 quidquid
2492 3203 2574 3264 ad
2602 3203 2773 3264 illam
2797 3205 3225 3266 necessarium
3264 3208 3397 3266 est:
3448 3201 3625 3283 ergo,
3664 3204 3723 3262 si

2149 3294 2290 3356 talis
2321 3295 2757 3358 determinatio
2787 3303 2882 3358 est
2909 3297 3265 3358 necessaria
3309 3295 3389 3357 ad
3434 3296 3727 3356 debitam

2151 3389 2728 3450 subordinationem
2758 3407 2963 3450 causae
2988 3388 3307 3462 secundae,
3330 3388 3497 3449 illam
3511 3389 3727 3449 omni-

2148 3499 2233 3542 no
2264 3481 2452 3561 exigit
2477 3481 2783 3542 voluntas.
2814 3481 2927 3543 Vel
2948 3499 2981 3542 e
3005 3481 3339 3558 contrario,
3368 3481 3421 3541 si
3442 3499 3588 3542 eam
3608 3499 3729 3541 vo-

2148 3573 2357 3634 luntas
2384 3591 2515 3634 non
2540 3573 2801 3652 requirit
2824 3591 2901 3634 ex
2927 3578 3154 3634 natura
3184 3591 3319 3648 sua,
3350 3592 3468 3635 nec
3490 3571 3598 3633 illa
3620 3577 3729 3633 est

2152 3665 2234 3728 ad
2284 3665 2639 3745 praedictam
2702 3666 3277 3728 subordinationem
3328 3667 3723 3728 necessaria.

2152 3757 2331 3831 Quod
2358 3759 2407 3820 si
2431 3760 2786 3820 necessaria
2810 3777 2939 3820 non
2970 3765 3085 3834 est,
3118 3759 3289 3820 nulla
3318 3759 3562 3820 ratione
3592 3758 3731 3818 dici

2150 3857 2355 3930 potest
2374 3853 2594 3927 Deum,
2624 3853 2723 3914 vel
2750 3870 3023 3930 semper,
3051 3853 3150 3913 vel
3172 3851 3505 3926 ordinarie,
3540 3853 3731 3912 illam

2152 3942 2453 4005 adhibere
2480 3943 2561 4004 ad
2599 3951 2775 4006 actus
2803 3947 3095 4006 humanm
3123 3944 3491 4016 voluntatis;
3536 3945 3727 4024 quia,

2148 4042 2217 4097 ut
2248 4053 2325 4096 ex
2353 4038 2699 4115 Augustino
2726 4055 2916 4118 supra
2944 4035 3395 4112 referebamUS,
3427 4037 3601 4098 Deus
3634 4037 3735 4098 ita

2146 4147 2251 4192 res
2280 4129 2560 4190 conditas
2605 4129 3019 4201 administrat,
3075 4136 3145 4192 ut
3186 4147 3295 4192 eas
3322 4135 3531 4191 motus
3566 4147 3735 4190 suos

2148 4240 2339 4302 agere
2368 4221 2560 4297 sinat,
2614 4221 2679 4284 id
2706 4228 2821 4295 est,
2857 4229 2923 4284 ut
2948 4222 3137 4284 modo
3180 4241 3294 4284 suo
3322 4222 3735 4284 connaturali
3807 4305 3808 4308 Ἴ

2150 4335 2259 4377 eas
2316 4315 2562 4397 operari
2594 4319 2931 4397 permittat.
2984 4317 3244 4398 Attingit
3296 4317 3464 4378 euim
3500 4317 3733 4378 divina

2149 4409 2537 4490 providentia
2560 4429 2599 4470 a
2622 4409 2747 4472 fine
2774 4429 2973 4489 usque
3001 4409 3085 4471 ad
3108 4409 3303 4470 finem
3330 4410 3598 4485 fortiter,
3662 4415 3737 4472 et

2150 4503 2425 4583 disponit
2448 4504 2657 4565 omnia
2678 4505 2973 4566 suaviter.
2993 4505 3129 4566 Non
3146 4507 3313 4566 esset
3334 4511 3547 4565 autem
3572 4523 3739 4564 sua-

2150 4596 2247 4658 vis
2272 4595 2616 4676 dispositio,
2650 4597 2701 4658 si
2718 4596 3020 4658 voluntati
3047 4613 3297 4677 semper
3324 4615 3467 4657 eam
3490 4597 3739 4657 motio-
3804 4609 3806 4620 ·

2152 4707 2301 4752 nem
2328 4690 2651 4763 tribueret,
2700 4709 2891 4770 quam
2940 4709 3067 4752 non
3120 4691 3321 4752 solum
3376 4709 3454 4751 ex
3488 4695 3739 4752 natura

2154 4801 2269 4844 sua
2298 4801 2429 4844 non
2454 4784 2802 4862 requireret
2826 4783 2909 4844 ad
2933 4784 3345 4863 operandum,
3382 4783 3493 4844 sed
3522 4782 3739 4844 etiam

2154 4877 2476 4956 proprium
2530 4881 2595 4938 et
2630 4877 3101 4938 connaturalem
3150 4875 3409 4938 modum
3439 4876 3578 4956 ejus
3606 4875 3740 4936 im·
3802 4911 3804 4932 2

2152 4970 2416 5050 pediret.
