3850 6225
633 404 804 456 SECT.
841 405 902 458 11.
941 404 1120 458 sl‘rNE
1154 403 1217 458 ΙΝ
1249 403 1371 458 1)Εο
1405 403 1672 458 enorum
1703 400 1782 454 ΕΤ
1815 399 2123 454 tonnus
2154 397 2381 454 JnsTrr.
2412 401 2877 457 connU‘rA‘rth.

127 503 292 582 cipit
311 503 637 583 praemium
659 523 675 576 ;
708 503 890 565 offert
913 503 1398 566 satisfactionem
1417 509 1482 567 et
1497 503 1720 583 act-,ipit

125 598 420 657 veniam.
453 599 527 658 Et
555 597 808 677 quidem
839 596 1009 677 quod
1033 615 1110 658 ex
1137 601 1314 678 parte
1339 598 1610 658 hominis
1641 596 1720 658 sit

130 691 452 768 acceptio,
499 696 563 750 et
605 709 682 751 ex
728 694 910 769 parte
956 691 1066 752 Dei
1107 689 1298 762 datio,
1345 709 1458 770 per
1505 709 1574 752 se
1604 709 1719 751 no·-

129 789 304 856 tum,
337 789 530 862 atque
559 783 644 844 ita
675 790 850 844 extra
871 784 1362 845 controversiam
1391 789 1516 856 est;
1547 784 1716 862 quod

131 893 296 934 vero
343 893 421 935 cx
454 881 630 954 parte
675 876 946 937 hominis
992 877 1070 938 sit
1091 877 1256 937 datio
1281 877 1619 951 sufficiens,
1655 882 1717 938 et

135 968 496 1047 acceptatio
541 988 618 1029 ex
653 975 828 1050 parte
877 969 1006 1038 Dei,
1043 969 1274 1048 optime
1317 969 1592 1030 declarat
1635 969 1710 1028 D.

133 1061 425 1121 Thomas
468 1065 525 1123 1.
562 1065 624 1136 2,
675 1065 895 1141 quaest.
951 1062 1092 1136 114,
1148 1062 1322 1124 artic.
1375 1067 1435 1135 l,
1483 1062 1563 1122 ad
1594 1061 1713 1141 pri-

135 1172 322 1214 mum
361 1161 424 1217 et
459 1154 841 1231 secundum,
885 1154 1101 1216 dicens
1145 1173 1272 1216 non
1329 1159 1617 1236 oportere
1653 1158 1719 1215 ut

135 1245 230 1318 id,
261 1246 436 1325 quod
463 1248 655 1309 horno
684 1247 935 1309 exhibet
957 1239 1113 1320 Deo,
1145 1265 1290 1308 cum
1309 1253 1608 1318 meretur,
1639 1245 1717 1307 sit

140 1340 390 1419 aliquid
415 1342 546 1402 Deo
566 1339 740 1415 utile,
773 1340 889 1402 sed
913 1340 1062 1402 satis
1093 1358 1232 1402 esse
1265 1339 1420 1401 utin
1451 1337 1714 1420 gloriam

137 1434 258 1494 Dei
304 1433 520 1507 cedat;
551 1435 714 1494 hanc
745 1434 913 1496 enim
952 1435 1121 1496 Deus
1147 1434 1214 1494 in
1259 1433 1388 1496 suis
1419 1433 1714 1512 operibus

143 1527 396 1604 quaerit,
429 1533 491 1589 et
516 1528 682 1588 hanc
707 1528 910 1588 solum
942 1527 1130 1608 exigit
1160 1545 1196 1588 a
1225 1527 1406 1588 nobis
1453 1533 1524 1588 ut
1550 1526 1718 1607 apud

143 1619 357 1699 ipsum
385 1639 769 1694 mereamur;
808 1639 996 1701 quam
1030 1621 1426 1702 assequimur
1454 1639 1599 1682 cum
1618 1619 1715 1682 sa-

145 1714 352 1774 cimus
379 1713 550 1792 quod
586 1715 740 1788 vult,
771 1721 834 1776 et
870 1721 1056 1795 prout
1092 1717 1244 1778 vult.
1300 1717 1516 1796 Neque
1547 1715 1716 1776 enim

143 1807 228 1866 ad
256 1806 570 1868 rationem
585 1807 772 1886 justae
808 1809 1314 1870 commutationis
1343 1827 1600 1870 necesse
1621 1815 1716 1870 est

146 1904 216 1959 ut
231 1899 408 1978 quod
429 1900 635 1972 datur,
665 1901 731 1960 in
755 1901 1087 1962 utilitatem
1114 1901 1293 1964 cedat
1309 1902 1586 1975 alterius,
1603 1901 1716 1963 sed

147 1993 304 2054 satis
333 1999 429 2054 est
454 1993 624 2072 quod
647 1993 758 2057 fiat
787 1993 1136 2056 secundum
1165 1995 1582 2075 exigentaiam
1606 2013 1717 2056 vo-

143 2086 410 2147 luntatis
439 2087 596 2166 ejus,
629 2087 679 2147 si
720 2087 876 2150 alias
901 2088 1094 2150 habet
1119 2087 1538 2168 aequalitatem
1571 2105 1715 2149 cum

143 2179 470 2240 mercede.

229 2275 334 2334 35.
378 2271 1232 2351 objectio.—Solutio.—Sed
1249 2274 1485 2336 instant
1498 2271 1714 2351 aliqui,

144 2368 294 2446 quia
314 2367 362 2427 si
379 2366 588 2428 facere
605 2365 841 2444 aliquid
857 2368 1204 2428 secuudum
1217 2368 1600 2428 voluntatem
1613 2385 1719 2426 su-

143 2459 436 2539 perioris,
463 2459 634 2536 quod
651 2459 734 2520 illi
766 2460 994 2538 placet,
1023 2466 1118 2522 est
1131 2479 1291 2539 opus
1300 2460 1556 2540 justitioe
1577 2477 1717 2539 spe-

146 2553 348 2624 cialiS,
367 2551 646 2630 sequitur
661 2551 726 2612 in
743 2553 912 2613 omni
929 2570 1118 2633 opere
1134 2553 1300 2614 bono
1318 2571 1457 2614 esse
1474 2552 1716 2626 datum,

147 2654 212 2706 ct
239 2651 602 2723 contrapass
610 2664 715 2706 um
736 2664 752 2718 3
775 2649 837 2707 et
865 2646 950 2706 ita
968 2663 1154 2708 omne
1172 2664 1330 2726 opus
1348 2647 1587 2707 boumn
1603 2646 1720 2708 erit

148 2758 310 2818 opus
319 2739 572 2817 justitiae
589 2740 898 2818 specialis,
923 2739 1092 2820 quod
1105 2745 1202 2802 est
1217 2757 1436 2802 omnes
1459 2741 1716 2802 virtutes

147 2831 557 2892 confundere.
610 2833 738 2895 Sed
784 2835 905 2894 hoc
959 2833 1192 2894 nullius
1237 2833 1538 2896 momenti
1595 2838 1712 2904 est,

147 2924 296 3004 quia
327 2925 430 2984 hic
481 2943 608 2986 non
641 2926 888 3004 agimus
927 2925 1006 2988 de
1050 2925 1290 3005 justitia
1333 2926 1602 2988 hominis
1634 2925 1717 2986 ad

149 3019 370 3092 Deum,
405 3017 516 3078 sed
541 3018 652 3078 Dei
677 3018 756 3080 ad
785 3019 1138 3092 bominem;
1167 3025 1232 3080 et
1255 3020 1342 3081 sic
1370 3037 1588 3082 verum
1621 3024 1717 3081 est

150 3130 336 3173 omne
367 3130 526 3190 opus
549 3111 810 3185 bonum,
843 3119 1154 3191 quatenus
1183 3114 1575 3175 meritorium
1597 3118 1712 3185 est,

151 3222 290 3265 esse
321 3204 646 3265 materiam
685 3207 780 3283 (ut
808 3206 894 3267 ita
929 3204 1162 3285 dicam)
1209 3206 1372 3269 illius
1429 3204 1718 3285 specialis

143 3297 422 3379 justitioe,
455 3315 646 3376 quam
683 3301 850 3359 Deus
901 3305 1179 3374 exercet,
1235 3318 1382 3361 cum
1433 3298 1718 3359 retribuit

149 3392 408 3472 praemia
447 3393 851 3465 meritorum3
893 3393 1062 3471 quod
1127 3412 1256 3455 nou
1309 3399 1410 3455 est
1458 3392 1717 3453 virtutes

151 3483 560 3556 confundere,
589 3482 704 3545 sed
729 3502 944 3545 veram
971 3485 1282 3547 rationem
1316 3483 1546 3557 meriti,
1578 3500 1715 3564 quie

154 3578 446 3637 omnibus
479 3577 830 3639 communis
871 3594 1010 3639 esse
1046 3584 1273 3657 potest,
1307 3577 1598 3639 omnibus
1612 3576 1716 3640 tri-

149 3671 384 3745 buere3
417 3671 587 3749 quod
611 3670 756 3733 fecit
776 3673 850 3732 D.
881 3673 1154 3733 Thomas
1177 3675 1234 3733 l.
1266 3673 1328 3744 2,
1363 3676 1582 3749 quaest.
1609 3672 1710 3733 21.

151 3766 230 3825 Et
269 3765 378 3837 ita,
409 3769 714 3844 quantum
745 3764 826 3827 ad
855 3783 1136 3845 praesens
1179 3770 1441 3845 spectat,
1490 3764 1717 3844 imper·

149 3858 360 3918 tineus
385 3864 480 3919 est
507 3857 811 3936 objectio;
847 3874 1014 3929 nam,
1035 3857 1087 3917 si
1121 3876 1198 3918 ex
1239 3863 1415 3936 parte
1445 3856 1718 3918 hominis

153 3950 508 4029 loquamur,
545 3956 614 4009 ut
643 3950 782 4028 ejus
809 3949 1044 4011 meritis
1082 3968 1160 4011 ex
1185 3949 1424 4028 justitia
1455 3967 1718 4029 respon-

156 4042 301 4104 deat
327 4042 678 4123 praemium,
701 4060 826 4104 non
851 4048 947 4104 est
971 4060 1231 4105 necesse
1253 4040 1496 4102 utfiant
1519 4060 1596 4105 ex
1623 4043 1716 4103 in-

155 4136 431 4198 tentione
442 4135 694 4213 justitiae
710 4134 1021 4215 specialis,
1035 4136 1162 4197 imo
1177 4152 1386 4213 neque
1404 4154 1480 4195 ex
1499 4134 1602 4197 illa
1621 4135 1718 4196 in—

155 4230 432 4291 tentione
459 4228 704 4289 formali
732 4228 944 4307 gloriae
958 4228 1092 4302 Dei,
1112 4227 1224 4289 sed
1251 4227 1400 4289 satis
1421 4233 1517 4289 est
1544 4226 1716 4305 quod

155 4320 218 4381 in
239 4340 306 4381 re
335 4323 470 4400 ipsa
503 4320 730 4383 cedant
751 4321 816 4381 in
847 4320 1110 4401 gloriam
1151 4318 1284 4394 Dei,
1313 4319 1714 4399 habeantque

155 4415 544 4477 conditiones
573 4416 732 4487 illas,
766 4432 924 4493 quas
963 4416 1126 4477 Deus
1175 4414 1241 4475 in
1295 4413 1388 4475 eis
1429 4412 1714 4493 requirit,

157 4508 286 4569 sive
320 4508 468 4569 fiant
511 4526 586 4569 ex
625 4508 854 4568 affectu
903 4508 1248 4582 charitatiS,
1280 4507 1408 4568 sive
1435 4507 1714 4586 proxime

158 4621 232 4663 ex
279 4603 502 4663 affectu
531 4601 612 4662 ad
631 4602 1104 4663 retributionem
1127 4601 1352 4681 ipsam,
1394 4600 1566 4680 quod
1591 4600 1716 4662 sre-

157 4696 450 4773 queutius
478 4700 594 4767 est,
620 4699 684 4755 et
723 4694 1014 4755 humanis
1047 4694 1349 4773 exemplis
1389 4693 1570 4754 facile
1605 4694 1718 4755 de-

159 4787 378 4848 clarari
415 4791 648 4866 posset.
705 4785 999 4859 Quamvis
1047 4793 1258 4848 autem
1285 4788 1404 4849 hoc
1433 4786 1584 4848 satis
1613 4787 1710 4863 sit,

159 4880 320 4941 addo
347 4884 650 4959 praeterea
687 4896 816 4939 non
859 4897 1239 4960 repugnare,
1269 4879 1616 4959 praesertim
1649 4878 1716 4939 in

161 4974 374 5035 ordine
391 4972 473 5035 ad
487 4972 996 5047 satisfactionem,
1014 4979 1086 5033 ut
1113 4974 1324 5035 omnia
1340 4990 1532 5051 opera
1551 4971 1720 5033 bona

160 5066 498 5147 procedant
515 5084 592 5127 ex
611 5065 862 5146 speciali
877 5065 1106 5126 virtute
1121 5065 1377 5144 justitiae
1397 5064 1477 5125 ad
1497 5066 1714 5139 Deum,

161 5179 284 5221 non
324 5159 610 5234 elicitive‚
648 5158 760 5225 sed
801 5158 1128 5230 directive;
1169 5164 1480 5236 quatenus
1527 5158 1718 5219 homo

162 5271 236 5313 ex
257 5254 602 5314 intentione
631 5252 914 5313 solvendi
933 5252 1238 5325 debitum,
1270 5270 1408 5331 quae
1434 5250 1518 5311 ad
1531 5250 1716 5330 justi-

163 5345 304 5405 tiam
331 5345 625 5425 pertinet,
645 5343 914 5424 imperat
933 5344 1051 5405 sihi
1071 5362 1264 5424 opera
1280 5343 1718 5417 satisfactoria,

163 5455 296 5516 quae
327 5435 674 5498 secundum
720 5437 1006 5517 proprias
1047 5437 1359 5501 bonitates
1399 5436 1482 5496 ad
1516 5436 1722 5497 varias

167 5531 417 5595 virtutes
431 5531 745 5610 pertinere
770 5534 1054 5609 possunt.
1071 5530 1216 5593 Haec
1231 5536 1440 5591 autem
1462 5528 1722 5591 intentio

3240 397 3355 460 511

1791 503 2048 582 justitiae
2067 521 2197 564 non
2217 503 2301 564 ita
2327 504 2576 584 proprie
2608 503 3117 566 accommodatur
3136 503 3361 565 rationi

1797 596 2003 656 meriti
2034 601 2101 657 ut
2135 596 2245 670 sic,
2279 597 2425 676 quia
2450 603 2601 658 tunc
2643 599 2836 659 homo
2883 614 3013 658 non
3067 602 3366 674 operatur

1803 696 1874 750 ut
1920 689 2165 750 debitor
2196 689 2277 750 ad
2306 690 2673 752 solvendum
2718 690 2975 770 aliquid,
3012 690 3125 752 sed
3157 688 3363 768 potius

1799 783 1880 843 ad
1907 782 2384 862 acquirendum,
2429 791 2491 845 et
2518 790 2588 845 ut
2612 783 2725 846 fiat
2756 783 3027 845 creditor
3068 782 3355 855 alterius;

1798 881 1860 936 et
1887 875 2031 936 ideo
2057 893 2185 936 non
2227 882 2354 936 tam
2374 876 2459 936 ibi
2486 875 2678 938 habet
2706 877 2913 938 locum
2940 875 3203 936 intentio
3225 875 3364 954 jus-

1797 966 1945 1028 titiae
1990 985 2181 1048 quam
2209 968 2384 1044 lucri,
2428 969 2599 1049 quod
2648 969 2713 1030 in
2750 968 3042 1050 praesenti
3099 968 3361 1028 materia

1796 1062 2067 1139 pertinet
2108 1061 2189 1122 ad
2220 1062 2509 1124 virtutem
2542 1062 2699 1141 spei,
2742 1081 2779 1122 a
2822 1080 2969 1140 qua,
3002 1059 3213 1122 media
3256 1059 3362 1120 tali

1799 1154 2169 1228 intentione,
2210 1162 2473 1234 possunt
2512 1155 2803 1235 imperari
2860 1155 3155 1235 quaelibet
3195 1153 3363 1215 bona

1799 1264 2015 1326 opera,
2052 1253 2121 1309 ut
2156 1247 2475 1310 meritoria
2505 1254 2671 1320 sunt,
2704 1248 2863 1310 sicut
2896 1247 3015 1308 suh
3036 1247 3237 1308 altiori
3268 1246 3363 1306 in-

1796 1341 2073 1402 tentione
2102 1347 2366 1419 possunt
2391 1341 2687 1420 imperari
2706 1359 2742 1401 a
2768 1341 3091 1404 charitate.
3113 1339 3360 1402 Justitia

1800 1447 2013 1495 autem
2046 1435 2127 1496 ad
2162 1453 2477 1496 summum
2506 1443 2717 1514 posset
2750 1436 2836 1498 ibi
2864 1436 3265 1524 intervenire,
3308 1435 3359 1495 si

1798 1527 1987 1589 homo
2007 1528 2359 1606 specialiter
2385 1527 2737 1591 intenderet
2766 1528 3077 1608 condigna
3094 1530 3225 1590 Deo
3255 1528 3360 1588 ob-

1797 1621 2015 1699 sequia
2050 1622 2298 1695 offerre,
2338 1622 2483 1702 quia
2514 1624 2597 1683 ab
2620 1640 2695 1684 eo
2732 1629 2945 1701 sperat
2976 1622 3166 1683 talem
3200 1640 3362 1682 mer-

1797 1713 2019 1775 cedem
2052 1715 2376 1794 acciper03
2413 1721 2577 1776 etex
2614 1717 2787 1777 nullo
2825 1717 3051 1776 horum
3080 1715 3361 1793 sequitur

1797 1808 2079 1869 confusio
2132 1809 2454 1882 virtutum,
2508 1809 2621 1870 sed
2662 1809 2913 1889 propria
2956 1826 3174 1870 earum
3225 1825 3363 1868 mo-

1795 1901 1918 1962 tiva
1955 1901 2365 1980 explicantur,
2406 1901 2645 1962 ratione
2688 1919 2957 1980 quorum
3001 1905 3208 1982 potest
3234 1919 3361 1960 una

1796 1995 1879 2055 ab
1911 1995 2034 2056 alia
2064 1995 2383 2074 imperari,
2426 2011 2539 2054 seu
2564 1994 2647 2054 ad
2674 1993 2869 2056 finem
2898 2013 3084 2055 suum
3114 1993 3356 2056 referri.

1881 2087 1981 2148 36.
2029 2087 2243 2150 Tertia
2280 2087 2887 2150 condicta—Tertia
2918 2085 3189 2148 conditio
3226 2085 3364 2164 jus-

1797 2179 1945 2248 titiae
1986 2197 2123 2240 esse
2167 2184 2395 2258 potest,
2440 2184 2505 2240 ut
2538 2197 2614 2240 ex
2657 2179 3083 2260 acceptatione
3130 2178 3363 2239 oriatur

1799 2271 2103 2346 debitum,
2140 2279 2204 2333 et
2244 2271 2538 2353 obligatio
2580 2273 2835 2351 justitiae
2880 2273 2945 2333 iu
2991 2271 3363 2333 retributore

1801 2383 1880 2426 ex
1900 2367 1965 2426 vi
1983 2365 2143 2445 juris
2174 2366 2515 2446 comparati
2544 2367 2625 2427 ab
2654 2366 2775 2427 alio
2805 2383 2919 2445 per
2946 2383 3105 2443 opus
3132 2363 3363 2426 exhibi-

1797 2463 1957 2531 tum,
1983 2464 2045 2520 et
2068 2459 2248 2538 quasi
2288 2459 2567 2520 oblatum
2598 2459 2677 2520 ei.
2705 2459 2779 2520 Et
2806 2459 2969 2519 hauc
3006 2458 3195 2519 etiam
3220 2475 3365 2518 oon-

1799 2551 2101 2614 ditionem
2162 2551 2227 2612 in
2280 2553 2411 2613 Deo
2466 2551 2725 2612 inveniri
2753 2594 2769 2624 ,
2824 2556 2887 2610 et
2940 2550 3003 2610 in
3060 2550 3363 2628 superiori

1801 2649 2033 2724 puncto
2074 2643 2151 2706 de
2170 2643 2409 2723 justitia
2438 2643 2501 2704 in
2544 2643 2883 2716 communi,
2912 2649 2975 2704 et
2998 2642 3136 2703 aliis
3176 2642 3363 2703 etiam

1799 2737 1953 2798 locis
1980 2735 2287 2809 indicatis,
2318 2753 2487 2815 saepe
2532 2754 2569 2796 a
2612 2753 2713 2796 me
2754 2736 3085 2814 probatum
3128 2741 3245 2808 est,
3278 2739 3361 2808 et,

1797 2837 1867 2892 ut
1897 2831 2139 2910 opinor,
2170 2828 2505 2890 efficaciter
2526 2845 2603 2888 ex
2631 2827 2980 2888 differentia
3008 2829 3171 2889 inter
3198 2827 3363 2888 dona

1799 2941 1940 3002 quae
1984 2925 2147 2984 Deus
2176 2922 2366 3002 gratis
2392 2921 2519 2994 dat,
2562 2928 2617 2981 et
2652 2921 3005 2983 mercedem
3045 2939 3235 3000 quam
3264 2938 3365 2981 re-

1795 3015 2012 3078 tribuit
2040 3034 2151 3095 pro
2177 3015 2449 3087 meritis;
2483 3031 2629 3075 nam
2657 3014 2761 3074 illa
2790 3019 2936 3102 sunt
2970 3015 3192 3094 gratia,
3236 3031 3364 3074 nou

1795 3128 1945 3171 vero
1974 3109 2131 3171 haec.
2166 3107 2315 3180 Ouae
2345 3107 2692 3169 differentia
2727 3126 2855 3169 non
2884 3114 3089 3188 potest
3114 3106 3363 3168 fundari

1796 3203 1862 3263 iu
1887 3202 2033 3277 alio,
2058 3202 2179 3262 nisi
2204 3202 2268 3263 iu
2292 3202 2589 3283 praedicto
2613 3201 2823 3263 debito
2844 3202 3099 3281 justitias
3123 3207 3259 3263 orto
3288 3219 3366 3262 ex

1797 3296 1949 3375 ipsis
1998 3295 2292 3374 operibus
2328 3294 2417 3356 sic
2456 3294 2655 3370 factis,
2697 3301 2760 3356 et
2799 3300 3261 3373 consequenter
3297 3292 3365 3353 iu

1791 3390 1935 3469 jure
1964 3390 2266 3469 acquisito
2292 3408 2407 3469 per
2438 3390 2573 3463 illa3
2606 3408 2754 3449 nam
2780 3388 2845 3449 in
2885 3389 3177 3450 omuibus
3202 3388 3362 3461 aliis,

1799 3483 1989 3545 etiam
2016 3482 2079 3542 in
2108 3481 2317 3543 debito
2346 3482 2777 3561 promissionis
2806 3480 3102 3561 simplicis
3128 3487 3191 3543 et
3216 3481 3367 3542 fide·

1796 3575 2007 3647 litatis,
2028 3577 2296 3654 possunt
2317 3574 2525 3653 priora
2538 3574 2708 3636 dona
2733 3575 3007 3655 gratuita
3032 3594 3175 3635 cum
3192 3580 3367 3636 catte-

1797 3668 1884 3729 ris
1912 3668 2267 3730 convenire.
2298 3667 2601 3739 Quocirca
2628 3668 2764 3729 haec
2802 3666 3073 3729 conditio
3114 3686 3241 3727 non
3270 3686 3368 3727 so-

1794 3762 1926 3823 lum
1969 3760 2035 3821 iu
2064 3761 2303 3823 meritis
2338 3759 2848 3822 et'satisfactione
2870 3761 3209 3839 justorum,
3254 3760 3367 3821 sed

1797 3854 1989 3915 etiam
2034 3854 2100 3913 in
2148 3853 2266 3913 illis
2312 3853 2459 3913 solis
2497 3853 2833 3927 invenitur,
2876 3860 2939 3914 et
2980 3852 3121 3915 ideo
3168 3854 3233 3914 in
3276 3854 3367 3915 eis

1795 3950 2042 4007 tantum
2072 3946 2489 4007 retribuendis
2510 3950 2717 4025 potest
2736 3948 2869 4007 haec
2890 3947 3130 4025 justitia
3158 3946 3366 4007 divina

1797 4040 2081 4121 reperiri.
2138 4040 2213 4103 Ut
2263 4040 2432 4101 enim
2478 4059 2555 4101 ex
2606 4040 3035 4119 superioribus
3090 4046 3363 4113 constat,

1795 4134 1965 4194 Deus
2002 4150 2131 4193 uon
2160 4138 2365 4217 potest
2394 4132 2683 4195 constitui
2720 4132 2986 4205 debitor,
3030 4132 3151 4193 nisi
3190 4138 3367 4195 ante-

1797 4227 1979 4288 cedat
2010 4227 2147 4305 ejus
2189 4226 2539 4305 promissio.
2576 4226 2649 4287 Et
2692 4231 2759 4285 ut
2798 4225 2919 4286 hoc
2966 4225 3246 4287 debitum
3289 4226 3367 4287 sit

1797 4336 1875 4379 ex
1903 4319 2167 4398 justitia,
2197 4324 2443 4399 oportet
2485 4324 2551 4381 ut
2586 4318 2728 4380 talis
2764 4319 3095 4397 promissio
3134 4319 3213 4380 sit
3253 4336 3361 4398 per

1796 4411 2056 4472 modum
2080 4412 2267 4490 pacti,
2297 4417 2360 4472 et
2382 4411 2499 4473 sub
2526 4411 2737 4490 aliqua
2766 4412 3121 4474 conditione
3156 4412 3367 4493 operis

1798 4504 2133 4567 exhibendi
2180 4504 2261 4565 ab
2296 4504 2427 4577 illo,
2459 4504 2558 4565 cui
2586 4505 2753 4565 Deus
2780 4522 3031 4567 servare
3058 4505 3247 4568 debet
3273 4512 3368 4566 ta—

1795 4597 1922 4659 lem
1944 4597 2275 4677 justitiam.
2314 4598 2445 4659 Hoc
2472 4601 2683 4659 autem
2710 4616 2911 4676 genus
2938 4598 3367 4677 promissionis

1797 4698 1860 4753 et
1888 4692 2069 4772 ‚pacti
2117 4710 2247 4753 non
2290 4686 2483 4753 babet
2516 4690 2727 4753 locum
2771 4692 2835 4752 iu
2880 4693 3030 4766 Deo,
3062 4693 3179 4756 nisi
3221 4712 3367 4753 cum

1795 4791 2085 4845 creatura
2120 4784 2433 4857 rationali,
2474 4782 2575 4845 vel
2615 4784 3019 4846 intellectuali
3048 4786 3113 4859 in
3149 4786 3367 4847 ordine

1795 4876 1878 4939 ad
1907 4896 2099 4958 opera
2128 4877 2319 4956 digua
2346 4876 2662 4951 mercede,
2698 4878 2797 4940 vel
2838 4878 3249 4941 satisfactoria
3287 4878 3365 4941 de

1801 4971 2137 5051 condigno.

1881 5223 2247 5305 objectiones
2281 5231 2493 5289 contra
2530 5228 2895 5309 superiorem
2924 5228 3281 5290 doctrinam.

1883 5439 1983 5497 37.
2024 5438 2247 5500 Prima
2274 5439 2537 5517 objectio.
2566 5470 2646 5485 --
2676 5438 2977 5502 Secunda.
3006 5470 3087 5483 -
3116 5440 3239 5501 Sed
3266 5440 3369 5501 hic

1806 5530 1991 5593 etiam
2017 5532 2199 5592 nobis
2226 5532 2535 5611 objicitur,
2564 5534 2763 5611 primo
2794 5532 3071 5611 quidem,
3102 5535 3245 5613 quia
3290 5534 3365 5609 si,
