3850 6225
464 333 583 396 106

458 439 744 500 voluntas
771 445 981 504 nostra
1006 442 1203 506 libera
1248 445 1326 506 ad
1372 447 1755 526 peccandum
1800 447 2022 508 defini-

460 537 588 608 tur,
624 533 903 596 divinam
940 537 1259 600 scientiam
1295 540 1595 619 obJective
1622 542 2017 618 determinat,

462 633 531 686 ut
558 626 756 706 ipsam
791 629 997 690 videat
1032 637 1445 710 peccaturam.
1470 635 1628 696 Sunt
1652 635 1838 697 etiam
1862 635 2022 717 opti·

462 739 568 781 ma
605 721 795 783 verba
820 722 927 784 ina
952 724 1270 803 Ber-nardi,
1300 727 1462 789 libro
1488 728 1565 789 de
1609 729 1779 790 Grat.
1819 736 1881 792 et
1908 729 2016 792 lib.

464 814 596 876 arb.
635 831 653 876 ε
698 815 851 882 Velle
892 819 1089 897 ipsum
1126 827 1211 882 est
1238 823 1395 900 quod
1415 821 1507 884 vel
1526 824 1798 902 proficit,
1823 824 1913 886 cel
1929 825 2024 886 de-

462 908 619 984 ficit.
639 909 839 970 Porro
864 912 1065 990 ipsum
1078 919 1147 974 ut
1172 922 1342 989 esset,
1368 931 1577 978 creans
1591 917 1802 995 qratia
1821 917 1978 993 fecit
1996 940 2024 988 ,-

462 1009 531 1062 ut
568 1003 869 1084 proficiat,
902 1005 1150 1070 salvans
1170 1009 1385 1086 qratia
1414 1011 1575 1083 facit
1594 1034 1623 1080 ;
1649 1014 1717 1072 ut
1755 1009 2020 1090 deficiat,

468 1091 667 1173 ipsum
693 1113 755 1158 se
782 1097 1010 1176 dejicit.
1474 1171 1493 1185 ,

542 1187 643 1248 28.
690 1187 965 1269 Denique
1022 1209 1149 1253 non
1190 1193 1476 1257 omittam
1514 1196 1747 1273 Fausti,
1792 1197 2023 1260 Gallia·

462 1297 605 1340 rum
633 1281 939 1362 Episcopi,
970 1287 1420 1366 testimonium,
1456 1290 1628 1370 quia,
1659 1290 1803 1354 licet
1850 1309 1927 1354 ex
1957 1311 2023 1355 se

463 1375 889 1438 auctoritatem
918 1397 1045 1440 non
1072 1379 1319 1458 habeat,
1348 1384 1580 1446 indicat
1604 1391 1817 1446 tamen
1851 1386 2022 1448 testi-

466 1468 678 1529 monia
713 1475 776 1531 et
806 1471 1081 1534 rationes
1109 1492 1235 1536 non
1275 1478 1776 1540 contemnendas.
1802 1479 2021 1558 Igitur,

462 1561 622 1625 libro
665 1567 885 1644 prime,
918 1571 1116 1649 capite
1149 1571 1388 1633 decimo
1432 1577 1647 1635 octavo
1682 1581 1743 1636 et
1784 1573 2024 1636 decimo

462 1673 629 1717 nono
656 1657 733 1720 de
754 1659 921 1723 Grat.
962 1669 1025 1723 et
1058 1662 1166 1726 lib.
1194 1665 1410 1727 arbitr.
1420 1711 1441 1742 ,
1468 1685 1544 1728 ex
1573 1666 1843 1747 professo
1875 1685 2021 1746 pro-

462 1747 571 1810 bat
616 1750 899 1814 homines
952 1755 1061 1818 Dei
1112 1757 1431 1822 voluntate
1482 1777 1610 1821 non
1662 1759 1900 1840 impelli
1956 1760 2024 1821 in

464 1848 753 1920 mortem,
780 1847 885 1908 sed
908 1849 1153 1928 propria
1174 1856 1419 1913 tantum
1438 1852 1759 1915 voluntate
1788 1853 1863 1914 ad
1896 1869 2028 1914 ma-

462 1934 595 1997 lum
625 1938 796 2016 ferri,
840 1960 947 2003 seu
998 1944 1199 2024 (quod
1236 1943 1401 2008 idem
1438 1949 1568 2025 est)
1597 1945 2020 2028 determinari.

464 2031 541 2093 Et
572 2033 735 2096 iuter
762 2035 885 2097 alia
920 2037 1121 2117 inquit
1158 2061 1171 2098 :
1200 2039 1491 2114 Quomodo
1520 2060 1615 2104 eos
1664 2042 1732 2104 in
1778 2047 2024 2104 mortem

466 2127 573 2204 (ut
606 2127 1017 2208 blasphemas)
1055 2134 1335 2212 impellit,
1373 2153 1519 2216 quos
1562 2137 1644 2198 ad
1680 2135 1871 2197 citam
1907 2155 2026 2198 non

464 2219 653 2282 solum
706 2229 859 2284 nutu
890 2225 1188 2304 jubentis,
1218 2227 1321 2288 sed
1369 2231 1597 2307 affectu
1619 2229 2026 2306 supplicantis

464 2311 729 2378 incitat?
762 2318 841 2376 Et
890 2317 1054 2380 infra
1095 2324 1367 2381 tractans
1418 2319 1625 2382 locum
1678 2322 1856 2383 Luooe
1902 2322 2022 2398 193

476 2406 694 2473 Videns
732 2412 1057 2488 civitatem
1085 2413 1257 2491 flevit
1301 2431 1481 2492 super
1506 2433 1635 2476 eam
1668 2441 1689 2476 .·
1724 2415 1855 2478 Hic
1894 2415 2026 2492 (ait)

466 2503 911 2583 constringendi
948 2511 1089 2568 sunt
1130 2507 1398 2569 ltoeretici
1438 2533 1461 2568 .·
1514 2506 1573 2569 si
1598 2507 1895 2570 Dominus
1924 2526 2030 2586 pe-

466 2597 694 2659 rituris
720 2598 944 2660 salutis
971 2601 1393 2662 intercluserat
1430 2602 1663 2664 aditum
1686 2647 1702 2675 ,
1734 2618 1875 2680 erqo
1903 2602 2028 2679 sal-

464 2708 529 2750 so
576 2690 820 2752 illorum
888 2693 1060 2770 flevit
1114 2693 1389 2755 exitium.
1446 2694 1527 2758 Si
1578 2700 1775 2756 autem
1824 2713 2026 2757 eorum

456 2783 879 2863 perditionem,
918 2803 1075 2862 cere,
1122 2791 1192 2848 ut
1231 2787 1623 2864 manifestum
1662 2793 1773 2862 est,
1830 2788 2028 2851 dolore

457 2875 785 2954 perdoluit,
838 2895 957 2940 non
1004 2880 1365 2941 voluntatem
1410 2897 1583 2942 suam
1619 2881 1871 2955 homini,
1924 2881 2030 2944 sed

461 2987 803 3032 consensum
870 2971 1135 3036 hominis
1203 2973 1501 3035 voluntati
1583 2992 1709 3037 suoe
1758 2975 2026 3052 defuisse

461 3064 840 3126 monstravit.
879 3063 1041 3138 Quid
1076 3064 1299 3129 mirum
1349 3067 1409 3129 si
1444 3084 1556 3146 pro
1598 3067 1792 3131 salute
1826 3067 2022 3130 leomi-

460 3171 605 3217 num
632 3157 935 3235 lacrymas
961 3160 1157 3236 fudit,
1188 3177 1326 3221 mom
1357 3160 1709 3239 sanquinem
1728 3164 2026 3241 profusu-

460 3249 607 3310 rus?
636 3250 712 3309 Et
746 3249 912 3312 infra
943 3272 957 3311 :
987 3252 1163 3315 Duas
1201 3272 1300 3315 res
1340 3254 1440 3315 hic
1465 3254 1599 3334 ayit
1638 3271 1828 3316 sermo
1870 3256 2027 3317 dici-

460 3360 595 3404 nus.
636 3344 831 3417 Nam,
880 3344 1021 3405 dum
1072 3346 1221 3409 dicit
1257 3371 1280 3408 .·
1328 3346 1570 3421 Quoties
1611 3346 1797 3421 volui,
1835 3352 1891 3409 et
1923 3366 2026 3409 no·

462 3434 662 3511 luisti,
698 3436 765 3499 in
792 3438 915 3499 Deo
949 3440 1251 3518 propositi
1278 3440 1534 3517 bonitas,
1565 3442 1633 3501 in
1660 3440 1893 3502 homine
1924 3458 2027 3502 ar-

464 3527 643 3591 bitrii
670 3536 756 3594 est
783 3549 1065 3609 expressa
1088 3532 1359 3595 libertas.
1400 3536 1477 3595 Et
1504 3532 1613 3595 lib.
1664 3535 1725 3603 2,
1762 3552 1819 3594 c.
1849 3535 1911 3609 Ξ,
1941 3534 2028 3595 ita

462 3619 773 3684 concludit
803 3645 817 3684 ε
848 3627 1025 3704 Ergo
1078 3644 1195 3687 non
1232 3628 1301 3689 de
1344 3627 1631 3691 violentia
1652 3627 2027 3707 proevidendi

460 3716 802 3794 imponitur
850 3719 1079 3783 homini
1121 3736 1306 3782 causa
1336 3722 1645 3799 peccandi,
1688 3721 1793 3784 sed
1826 3720 2026 3799 mayis

462 3808 531 3871 de
568 3812 969 3875 consecuturis
1017 3812 1325 3873 hominum
1363 3814 1603 3875 meritis
1642 3814 1782 3875 ordo
1828 3812 2026 3877 excori-

462 3907 567 3963 tur
597 3905 1030 3981 praenoscendi.
1084 3906 1161 3966 Et
1194 3904 1359 3965 infra
1414 3920 1433 3965 t
1484 3905 1681 3969 Aliud
1731 3911 1818 3969 est
1871 3906 2030 3986 quod

459 3996 591 4059 tult
616 3998 805 4073 Deus,
832 3998 1008 4059 aliud
1035 3999 1192 4079 quod
1214 3998 1517 4077 permittit
1540 3999 1707 4061 Deus
1722 4022 1747 4069 ;
1768 3998 1899 4062 cult
1929 4000 2026 4061 bo—

459 4109 626 4167 num,
664 4092 964 4173 permittit
994 4094 1243 4169 malum,
1272 4094 1521 4171 proescit
1560 4099 1899 4174 utrumque.
1949 4096 2028 4155 Et

458 4185 761 4247 inferius:
838 4188 953 4250 Ubi
1003 4204 1119 4248 non
1168 4186 1521 4265 compulsio,
1569 4188 1671 4249 sed
1719 4188 2026 4249 consensio

460 4281 741 4357 peccandi
768 4280 1249 4358 deprehenditur,
1287 4280 1355 4341 in
1382 4280 1619 4360 querela
1644 4298 1763 4341 non
1790 4286 2025 4358 auctor,

462 4373 566 4435 sed
590 4373 1031 4451 proecaricator
1052 4374 1121 4434 in
1148 4371 1327 4449 culpa
1355 4378 1464 4435 est.
1500 4372 1590 4433 Ex
1617 4371 1896 4434 adductis
1922 4390 2028 4433 er-

462 4482 543 4543 go
584 4465 953 4526 testimoniis
990 4464 1137 4525 satis
1184 4470 1425 4526 constat
1461 4483 1639 4528 mens
1678 4473 1741 4527 et
1776 4465 2027 4527 traditio

462 4558 742 4634 Pau-um,
772 4558 884 4637 qui
912 4558 1137 4619 merito
1180 4556 1339 4619 nihil
1374 4558 1792 4621 distinxerunt
1818 4558 1886 4619 in
1908 4558 2026 4619 hae

462 4666 649 4710 causa
675 4651 841 4711 inter
868 4649 1185 4711 materiale
1212 4656 1275 4711 ct
1307 4650 1567 4713 formale
1590 4654 1849 4731 peccati,
1879 4652 2028 4731 quia

463 4742 740 4804 sciebant
780 4743 847 4803 in
891 4742 1167 4822 subjecta
1214 4746 1473 4807 materia
1509 4763 1709 4806 unum
1750 4762 2028 4807 necessa·

462 4839 557 4898 rio
598 4836 892 4915 consequi
938 4854 1015 4897 ex
1058 4836 1214 4915 alio;
1256 4844 1320 4899 et
1366 4838 1712 4913 haereticos,
1757 4839 1867 4918 qui
1914 4838 2029 4898 tri·

462 4928 666 4989 bunut
699 4930 823 4990 Deo
878 4935 1088 4991 nostra
1128 4930 1317 5006 vitia,
1370 4950 1501 4991 non
1554 4931 1723 4992 aliud
1767 4930 2023 5007 sentire,

464 5038 653 5103 quam
690 5022 884 5083 Deum
928 5040 1140 5085 creare
1172 5025 1241 5085 in
1276 5023 1479 5101 nobis,
1506 5024 1607 5087 vel
1647 5042 2026 5104 praemovere

462 5132 577 5176 nos
613 5114 691 5175 ad
726 5114 863 5176 illos
910 5128 1081 5177 actus
1132 5116 1487 5194 voluntatis,
1536 5116 1762 5197 quihus
1812 5135 2026 5197 pecca-

462 5226 626 5272 mus.

1112 5398 1373 5420 *a

1019 341 1228 398 OPUSC.
1263 347 1304 409 1,
1338 345 1454 400 Lm.
1492 347 1553 400 11.
1588 347 1671 400 DE
1700 345 2020 400 CONCURSU
2051 349 2156 402 nm
2187 351 2272 405 An
2303 353 2504 408 Acrus
2534 353 2783 408 onnmls
2813 353 3102 406 NATURAE.

2687 583 2938 646 CAPUT
2977 586 3077 646 ΙΙΙ.

2103 805 2448 853 ΒΟΙΝΠΝἸὋΒ
2475 807 2794 854 NONNULLAE
2834 807 3215 855 omcrlotffls
3258 808 3493 856 comm
3533 809 3671 853 Doc-

2183 901 2418 947 'rmum
2465 901 2691 948 carlus
2733 901 3070 948 summos-Is
3088 930 3107 961 ,
3161 901 3240 947 m·
3290 901 3670 947 scnomsnct

2183 995 2482 1041 Auc‘rous
2533 995 2642 1040 PRO
2690 995 2922 1041 NOSTRA
2975 995 3309 1042 SENTENTIA
3358 994 3672 1040 mutnus·-

2185 1089 2325 1136 Tun.

2185 1295 2244 1354 1.
2289 1293 2514 1355 Prima
2551 1293 2794 1372 objectio
2848 1311 2920 1356 en
2970 1292 3330 1373 Scriptura.
3362 1327 3446 1338 —
3473 1291 3672 1354 Multa

2104 1385 2302 1448 solent
2341 1391 2558 1448 contra
2601 1387 2972 1448 sententiam
3033 1402 3072 1446 a
3125 1385 3303 1447 nobis
3338 1385 3674 1448 confirma·

2105 1483 2231 1540 tam
2263 1478 2472 1560 objici,
2504 1498 2640 1559 quae
2663 1480 2715 1540 si
2741 1487 2906 1542 recte
2935 1480 3422 1560 perpendantur,
3449 1479 3674 1542 eadem

2102 1579 2472 1651 argumenta
2523 1579 2690 1649 sunt,
2721 1573 2946 1654 quibus
2975 1572 3248 1635 haeretici
3279 1571 3544 1652 probare
3581 1573 3678 1632 ni·

2104 1671 2323 1727 tuntur
2350 1666 2543 1728 Deum
2585 1684 2714 1728 esse
2745 1673 3066 1728 auctorem
3109 1666 3380 1746 peccati;
3409 1672 3478 1726 et
3503 1665 3672 1740 ideo,

2105 1765 2176 1820 ut
2225 1759 2372 1820 hinc
2427 1760 2626 1839 magis
2683 1766 2896 1822 nostra
2943 1759 3171 1820 veritas
3217 1759 3672 1832 confirmetur,

2103 1851 2410 1914 nonnulla
2433 1870 2870 1932 proponemus.
2907 1853 3138 1928 Primo,
3163 1851 3470 1933 objiciunt
3503 1852 3674 1913 testi-

2103 1946 2314 2006 monia
2343 1945 2696 2027 Scripturae,
2727 1947 2796 2007 in
2817 1946 3041 2026 quibus
3069 1946 3340 2007 actiones
3369 1945 3674 2025 peccami-

2103 2055 2270 2100 nosoe
2311 2039 2436 2100 Deo
2483 2037 2739 2100 attribui
2777 2039 3090 2115 videntur,
3130 2042 3170 2101 2
3212 2040 3367 2118 Reg.
3397 2085 3416 2114 ‚
3447 2058 3503 2099 c.
3539 2039 3621 2098 16
3653 2061 3666 2098 :

2103 2132 2400 2193 Dominus
2420 2133 2703 2210 pra-cepit
2731 2132 2956 2207 Semei,
2985 2136 3145 2208 etc.;
3177 2137 3240 2192 et
3267 2149 3323 2192 c.
3341 2133 3420 2192 24
3447 2153 3464 2192 ε
3499 2131 3674 2196 Gom-

2104 2224 2400 2304 movitque
2427 2224 2654 2298 David,
2679 2231 2822 2299 etc.;
2856 2223 3013 2284 Psal.
3045 2225 3383 2286 centesimo
3406 2231 3666 2303 quarto:

2107 2317 2444 2380 Declinasti
2478 2319 2725 2380 semitas
2767 2323 3011 2380 nostras
3037 2335 3076 2378 a
3113 2318 3218 2378 cia
3244 2323 3374 2391 tua,
3407 2323 3472 2377 et
3499 2318 3674 2378 simi-

2107 2409 2210 2470 lia.
2241 2409 2374 2470 Huc
2402 2409 2592 2470 etiam
2641 2415 2878 2490 spectat
2931 2409 3098 2488 quod
3143 2410 3302 2470 Deus
3351 2409 3674 2468 interdum

2107 2503 2336 2565 dicitur
2389 2505 2682 2567 indurare
2737 2506 2916 2568 corda
2971 2503 3300 2576 hominum,
3353 2503 3546 2562 Exod.
3589 2505 3628 2562 7
3649 2549 3668 2576 ,

2106 2597 2229 2658 J03.
2265 2600 2366 2672 11,
2416 2598 2595 2659 Rom.
2630 2599 2696 2671 9,
2749 2603 2864 2658 etc.
2925 2597 3076 2658 ltem
3117 2614 3446 2670 excaecare,
3498 2595 3674 2656 [saiae

2107 2690 2186 2751 63
2217 2706 2237 2768 ;
2285 2691 2522 2754 tradere
2565 2693 2634 2754 in
2682 2689 2994 2769 reprobum
3037 2707 3298 2766 sensum,
3353 2690 3529 2750 Rom.
3587 2693 3618 2749 1
3653 2706 3672 2763 ;

2107 2787 2392 2864 decipere,
2427 2787 2464 2846 3
2515 2785 2666 2863 Reg.
2723 2787 2824 2859 Ἡ,
2873 2783 3011 2845 Job.
3064 2785 3176 2858 ης
3215 2791 3544 2846 convertere
3593 2785 3680 2844 ad

2106 2879 2332 2952 odium,
2356 2877 2580 2938 Psalm.
2611 2879 2750 2938 104.
2777 2877 2937 2938 Addi
2969 2876 3156 2937 etiam
3186 2876 3384 2937 solent
3411 2893 3674 2953 genera·

2105 2970 2196 3032 les
2225 2970 2590 3047 locutiones,
2631 2971 2856 3050 quibus
2885 2971 3098 3031 omnia
3132 2987 3322 3048 opera
3361 2977 3674 3030 creatura·

2103 3084 2244 3129 rum
2273 3067 2396 3129 Deo
2423 3065 2803 3140 tribuuntur,
2845 3067 2872 3126 1
2907 3063 3186 3129 Corinth.
3223 3065 3301 3126 12
3333 3079 3353 3123 ι
3386 3064 3506 3137 Qui
3531 3083 3676 3142 ope-

2103 3166 2285 3222 ratur
2337 3160 2540 3222 omnia
2593 3162 2662 3221 in
2715 3159 3031 3231 omnibus;
3072 3158 3334 3219 Roman.
3382 3159 3452 3217 11
3501 3179 3516 3215 :
3561 3158 3676 3219 Ex

2105 3273 2218 3335 quo
2243 3254 2468 3329 omnia,
2509 3272 2618 3333 per
2641 3272 2810 3334 quem
2844 3254 3081 3325 onmia,-
3103 3252 3256 3311 item
3285 3252 3516 3312 Jerem.
3547 3254 3670 3312 {02

2105 3348 2253 3413 Non
2279 3353 2364 3409 cst
2391 3347 2458 3409 in
2483 3346 2716 3409 homine
2759 3346 2864 3408 cia
2893 3344 3088 3406 illius.
3121 3343 3296 3417 Quod
3331 3344 3672 3403 universim

2106 3444 2236 3500 tam
2277 3438 2354 3499 de
2377 3444 2550 3500 recta
2577 3456 2765 3517 quam
2794 3438 2872 3498 de
2905 3436 3158 3515 obliqua
3187 3436 3290 3497 via
3314 3435 3550 3497 dictum
3581 3438 3672 3496 vi·

2108 3530 2312 3607 detur,
2355 3531 2578 3611 Ephes.
2612 3535 2641 3592 1
2681 3553 2694 3592 :
2733 3532 2852 3605 Qui
2897 3537 3183 3613 operatur
3231 3531 3434 3592 omnia
3469 3549 3672 3594 sccun-

2106 3626 2250 3688 ›dum
2291 3626 2608 3688 consilium
2635 3626 2966 3687 voluntatis
2991 3643 3140 3687 suoe.

2189 3719 2468 3783 Secunda
2497 3720 2742 3799 objectio
2769 3737 2842 3781 ex
2863 3718 3232 3799 Aucus-tino.
3254 3750 3339 3765 --
3359 3718 3668 3793 Secundo,

2105 3812 2484 3890 objiciuntur
2513 3811 2830 3873 nonnulloe
2874 3811 3150 3873 duriores
3181 3811 3520 3873 locutiones
3545 3812 3668 3871 An-

2105 3908 2338 3987 gustini
2353 3923 2375 3983 ;
2403 3906 2563 3968 libro
2609 3908 2842 3967 etenim
2874 3906 3096 3987 quinto
3121 3910 3284 3967 cont.
3319 3904 3670 3979 Juliauum,

2105 4002 2303 4081 capite
2333 4001 2540 4075 terti0,
2577 3999 2684 4061 ubi
2713 3998 3005 4061 latissime
3045 4004 3268 4059 tractat
3303 4015 3506 4059 unum
3535 4016 3674 4078 pec-

2105 4100 2312 4155 catum
2365 4111 2493 4155 esse
2542 4092 2854 4155 interdum
2901 4110 3152 4173 poenam
3179 4091 3456 4165 alteriue,
3491 4090 3672 4169 juxta

2107 4186 2262 4247 illud
2299 4184 2380 4245 ad
2419 4188 2594 4248 Rom.
2635 4188 2664 4245 1
2714 4206 2729 4245 :
2769 4185 3059 4248 Tradidit
3087 4184 3230 4247 illos
3267 4184 3432 4246 Deus
3465 4184 3538 4243 in
3580 4202 3670 4245 re-

2103 4280 2354 4359 probum
2399 4298 2662 4353 sensum,
2720 4278 2992 4339 reserens
3037 4277 3408 4339 sententiam
3435 4278 3470 4338 J
3477 4276 3670 4336 uliani

2106 4372 2204 4433 his
2231 4370 2435 4433 verbis
2463 4393 2477 4433 :
2515 4371 2677 4445 Quid
2697 4372 2956 4452 estquod
2983 4371 3162 4447 dicis,
3191 4388 3322 4433 cum
3349 4370 3670 4431 desideriis

2105 4467 2240 4529 suis
2290 4466 2509 4528 traditi
2538 4466 2844 4540 dicuntur,
2875 4464 3074 4526 relicti
3107 4481 3216 4543 per
3261 4463 3534 4525 divinam
3561 4480 3667 4540 pa-

2109 4560 2386 4621 tientiam
2439 4558 2813 4638 inteltiyendi
2855 4562 3018 4629 sunt,
3047 4574 3165 4617 non
3199 4573 3312 4635 per
3341 4557 3670 4633 potentiam

2107 4653 2174 4715 in
2207 4657 2448 4731 peccata
2485 4650 2775 4729 compulsi
2797 4651 2826 4711 ,ἲ
2865 4650 2992 4729 ipse
3019 4649 3105 4711 sio
3136 4648 3393 4728 opponit
3425 4664 3442 4707 ι
3478 4646 3667 4721 Quasi

2105 4763 2224 4807 non
2259 4744 2446 4808 simul
2475 4745 2746 4824 posuerit
2799 4745 2925 4805 ltoec
2968 4744 3081 4805 duo
3130 4742 3286 4803 idem
3313 4740 3664 4819 Apostolus,

2107 4845 2163 4901 et
2181 4838 2568 4917 patientiam,
2615 4843 2669 4900 et
2702 4837 3059 4916 potentiam,
3089 4835 3194 4897 ubi
3227 4835 3318 4897 ait
3359 4859 3382 4893 .·
3421 4833 3538 4897 Sic
3573 4852 3664 4894 vo-

2103 4932 2232 4995 lens
2267 4932 2432 4994 Deus
2473 4931 2769 4994 ostendere
2801 4930 2984 5003 iram,
3030 4935 3085 4991 et
3125 4930 3531 4989 demonstrare
3565 4944 3668 5004 po·
3706 4956 3720 4961 -

2105 5026 2358 5089 tentiam
2393 5042 2590 5099 suam,
2617 5022 2832 5086 attulit
2869 5023 2938 5084 in
2977 5021 3170 5083 multa
3193 5020 3498 5099 patientia
3523 5038 3666 5081 casa

2107 5119 2250 5196 iroe,
2273 5136 2405 5198 qua·
2424 5120 2696 5197 perfecta
2739 5120 2882 5179 sunt
2930 5114 2999 5175 in
3024 5114 3440 5193 perditionem.
3469 5113 3664 5175 Sentit

2108 5230 2258 5290 ergo
2290 5212 2676 5290 Augustinus
2703 5209 2899 5269 Deum
2928 5224 3056 5269 non
3108 5212 3358 5268 tantum
3393 5224 3508 5285 per
3551 5223 3663 5284 pa-

2107 5305 2391 5367 tientiam
2423 5309 2769 5383 expectare,
2801 5300 2905 5363 sed
2939 5300 3131 5361 etiam
3173 5317 3285 5379 per
3325 5300 3662 5379 potentiam

2109 5398 2178 5460 in
2207 5402 2456 5477 peccata
2493 5394 2883 5475 compellere.
2926 5393 3104 5455 Unde
3141 5392 3325 5472 paulo
3353 5393 3658 5470 superius:

2118 5492 2344 5557 Tradit
2395 5490 2664 5570 (inquit)
2694 5490 2896 5565 Deus,
2945 5490 3070 5550 sive
3119 5486 3428 5551 descrendo
3473 5484 3662 5563 (quod
