3850 6225
491 391 608 452 114

483 509 605 554 non
630 489 765 570 ayit
789 487 915 552 nisi
936 489 1005 552 in
1038 488 1263 554 virtute
1280 487 1419 563 Dei,
1468 503 1600 568 quoe
1626 487 1827 547 tamen
1850 478 2047 543 solum

488 586 659 648 hahet
680 584 994 646 motionem
1024 581 1482 661 cooperativum,
1509 582 1566 642 et
1590 577 1769 658 prius
1794 570 2049 651 attinqit

489 677 871 758 cooperando,
896 676 1041 755 quia
1060 673 1341 737 intimius
1362 671 1617 754 attingit
1632 695 1658 744 ,·
1679 674 1737 734 et
1757 685 1876 730 non
1896 667 2050 728 ima-

486 771 718 854 yineris
754 769 923 830 modo
950 767 1005 831 S
1007 766 1213 840 cotico,
1239 765 1417 847 quasi
1457 763 1543 828 sit
1574 761 1781 844 aliqua
1808 760 2050 824 duratio

487 871 749 936 naturoe,
782 861 851 922 in
876 862 1051 941 ciffus
1071 862 1272 943 primo
1298 857 1564 922 instanti
1590 858 1755 920 Deus
1783 855 2054 936 attingat

489 962 691 1020 actum
725 953 983 1036 peccati,
1014 961 1072 1017 et
1094 954 1164 1015 in
1194 954 1447 1017 secundo
1490 954 1794 1022 creatura,
1839 949 1947 1011 sed
1969 947 2056 1008 ei-

487 1049 617 1111 mul
646 1048 983 1120 duratione,
1014 1052 1216 1110 tamen
1250 1047 1417 1110 Deus
1449 1044 1630 1126 prim
1665 1041 2048 1126 perfectione.

490 1143 565 1204 Et
594 1140 853 1202 inferius
892 1140 978 1201 ait
1004 1145 1200 1201 totam
1226 1139 1505 1201 radicem
1548 1137 1831 1198 defectus
1879 1133 2054 1195 attri-

488 1235 597 1295 bui
631 1233 932 1295 voluntati
970 1238 1219 1303 creatae,
1261 1232 1405 1314 quia
1432 1233 1726 1304 increata,
1760 1231 2052 1309 quantum

489 1334 581 1392 est
606 1329 676 1390 de
698 1343 783 1400 se,
814 1327 920 1390 dat
940 1325 1361 1390 rectitudinem
1395 1325 1822 1396 antecedenter,
1864 1326 1923 1384 et
1947 1320 2054 1382 dat

490 1420 737 1500 (inquit)
780 1421 964 1483 etiam
1014 1421 1451 1500 consequenter,
1503 1420 1798 1497 quantum
1840 1418 1932 1476 est
1977 1427 2054 1474 σω

488 1518 663 1596 parte
704 1514 839 1587 eui,
892 1511 1013 1574 nisi
1066 1513 1233 1574 adsit
1284 1510 1773 1591 impedimentum
1786 1530 1813 1578 ,·
1867 1523 2010 1568 nam
2029 1553 2045 1580 ‚

489 1611 782 1688 quantum
819 1609 910 1667 eet
949 1621 1022 1666 ea
1056 1621 1119 1666 se
1136 1651 1154 1678 ,
1210 1605 1375 1666 Deus
1411 1601 1589 1666 illam
1634 1599 2052 1664 rectitudinem

491 1701 789 1772 causaret,
832 1696 889 1760 si
928 1697 1209 1760 voluntas
1242 1713 1418 1759 suam
1446 1693 1869 1758 causalitatem
1912 1709 2046 1754 cau·

490 1798 677 1856 earet.
710 1793 785 1851 Et
808 1789 1067 1851 inferius
1096 1788 1445 1850 doctrinam
1474 1805 1552 1848 ex
1580 1785 1885 1866 Capreolo
1904 1783 2053 1846 Gre-

493 1885 795 1966 gorioque
822 1883 1087 1944 relatam
1106 1881 1378 1943 inculcat
1398 1881 1647 1961 saepius.

571 1979 797 2040 Omitto
848 1975 1250 2048 recentiores,
1308 1975 1414 2053 qui
1458 1971 1831 2034 sententiam
1862 1970 2050 2042 hanc,

490 2070 807 2144 nimirum,
855 2071 1056 2130 Deum
1096 2085 1223 2128 non
1252 2065 1803 2146 praedeterminare
1831 2063 2056 2125 volun-

489 2169 651 2225 tates
696 2167 941 2223 nostras
974 2161 1056 2221 ad
1088 2165 1263 2221 actus
1292 2159 1514 2232 malos,
1548 2160 1637 2219 ita
1678 2157 2050 2236 approbant,

492 2263 562 2318 ut
582 2256 880 2338 oppositae
915 2271 1173 2335 gravem
1204 2271 1536 2314 censuram
1556 2251 1831 2324 inurant,
1862 2267 2056 2329 quam

494 2370 613 2432 ego
652 2368 821 2411 nunc
867 2346 1469 2429 praetermittendam
1507 2346 1761 2418 censui;
1812 2345 1925 2404 sed
1967 2343 2058 2404 vi-

494 2444 629 2505 deri
663 2447 927 2524 possunt
948 2441 1201 2514 Dried0‚
1232 2439 1311 2502 de
1340 2439 1621 2518 Captivit.
1658 2444 1719 2500 et
1744 2437 2052 2516 redempt.

494 2555 639 2618 gen.
678 2538 882 2611 bum„
914 2535 1008 2596 tit.
1042 2537 1101 2606 5,
1136 2551 1275 2612 cap.
1316 2534 1391 2605 43
1436 2532 1711 2611 Pighius,
1752 2529 1895 2590 libr.
1929 2532 1965 2590 7
1993 2535 2058 2591 et

493 2632 532 2691 8
551 2630 629 2691 de
651 2628 781 2690 Lib.
822 2628 1071 2700 arbitr.;
1110 2626 1481 2706 Stapleton.‚
1518 2624 1903 2698 Bellarmin.,
1929 2629 2048 2685 etc.

496 2723 671 2784 Adde
700 2723 890 2784 etiam
930 2721 1165 2782 Cumel.
1202 2724 1259 2782 1.
1292 2720 1351 2792 2,
1382 2736 1445 2797 q.
1471 2721 1611 2790 111,
1648 2723 1764 2779 art.
1795 2720 1855 2794 3,
1886 2706 2054 2796 disp}

496 2819 555 2890 3,
579 2818 693 2877 etl
725 2834 815 2895 p.,
846 2819 1066 2892 quaest.
1100 2816 1204 2889 22,
1244 2818 1359 2874 art.
1394 2813 1456 2872 4.
1496 2811 1696 2883 Quam
1728 2829 1878 2872 vero
1910 2828 2058 2872 con-

496 2915 833 2988 sequenter
860 2910 1175 2986 loquatur,
1214 2906 1421 2967 dicam
1446 2904 1607 2964 infra
1636 2923 1691 2965 c.
1716 2905 1776 2964 6.

571 3059 888 3127 Voluntate
904 3057 1082 3141 quasi
1102 3055 1372 3141 yenerali
1393 3055 1701 3119 concurrit
1725 3055 1889 3118 Deus
1914 3053 2000 3119 ad

1072 3156 1246 3215 actus
1278 3148 1493 3213 malos.

578 3268 675 3325 17.
722 3264 848 3329 Cur
881 3262 1163 3327 colmiae
1200 3264 1325 3326 Ieoec
1366 3260 1667 3345 cenet-alie
1694 3259 2052 3344 appelletur.

496 3391 577 3405 —
608 3358 768 3432 Quia
790 3358 1059 3421 sentiant
1088 3356 1283 3437 aliqui
1316 3356 1385 3418 de
1409 3354 1537 3417 ista
1569 3356 1876 3418 voluntate
1914 3355 2051 3418 Dei.

496 3485 577 3499 —
606 3450 919 3533 Rejicitm
940 3451 1189 3513 illorum
1204 3445 1521 3529 placitum.
1549 3479 1630 3493 —
1652 3448 1744 3508 Ex
1778 3448 1877 3509 his
1905 3467 2056 3529 ergo

498 3548 647 3608 satis
688 3550 933 3607 constat
960 3563 1085 3623 quo
1113 3542 1303 3605 modo
1331 3545 1393 3603 et
1419 3560 1535 3620 per
1554 3559 1745 3619 quam
1769 3541 2059 3603 volunta-

498 3646 627 3702 tem
653 3642 819 3701 Deus
848 3637 1129 3699 conferat
1175 3635 1537 3717 generalem
1570 3654 1946 3697 concursum
1979 3636 2062 3698 ad

499 3741 709 3795 actum
737 3732 1007 3804 malum;
1048 3728 1365 3803 nimirum,
1412 3748 1537 3789 non
1565 3728 1883 3791 voluntate
1905 3748 2062 3809 prae-

500 3832 813 3899 movente,
868 3842 986 3885 nec
1024 3823 1343 3884 voluntate
1384 3821 1669 3884 absoluta
1688 3868 1703 3897 ‚
1750 3838 1875 3900 qua
1914 3824 2062 3885 velit

502 3920 693 3981 talem
717 3924 927 3979 actum
972 3935 1135 3993 esse,
1176 3916 1289 3977 sed
1316 3916 1633 3977 voluntate
1664 3915 1844 3995 quasi
1866 3933 2063 3995 gene-

501 4013 639 4087 rali,
673 4030 797 4091 qua
824 4012 957 4073 vult
988 4010 1071 4072 ad
1096 4010 1271 4070 illum
1325 4014 1535 4071 actum
1572 4026 1966 4083 concurrere,
1999 4015 2062 4070 et

504 4125 631 4186 qua
648 4106 779 4167 vult
806 4104 981 4165 illum
1002 4110 1214 4165 actum
1240 4120 1403 4175 esse,
1444 4120 1572 4163 non
1607 4102 1917 4175 absolute,
1950 4102 2060 4163 sed

505 4198 937 4261 subintellecta
957 4196 1342 4258 conditione:
1367 4194 1429 4257 Si
1445 4196 1715 4256 liberum
1736 4195 2065 4256 arbitrium

506 4292 587 4355 ad
612 4292 787 4353 illum
816 4290 1215 4353 efficiendum
1242 4306 1381 4351 sese
1408 4289 1795 4369 applicuerit,
1826 4306 1942 4350 seu
1959 4290 2064 4351 de-

505 4384 955 4447 terminaverit.
1014 4386 1169 4447 Cum
1218 4388 1431 4444 autem
1480 4382 1867 4444 voluntatem
1892 4382 2066 4443 illam

506 4478 867 4559 generalem
890 4476 1160 4556 appello,
1178 4493 1305 4537 non
1320 4478 1415 4537 est
1442 4492 1685 4549 sensuS,
1716 4481 1785 4536 ut
1808 4474 2068 4555 quidam

508 4571 893 4651 interpretati
924 4576 1093 4644 sunt,
1126 4570 1511 4630 voluntatem
1535 4569 1650 4630 Dei
1671 4570 1891 4649 ⁸solum
1919 4588 2072 4632 con-

505 4664 644 4727 fuse
670 4664 906 4727 versari
935 4663 1098 4725 circa
1125 4668 1301 4724 actus
1318 4662 1652 4723 voluntatis
1681 4670 1932 4738 croatie,
1963 4682 2069 4726 vo·

509 4760 649 4819 lens
665 4758 1008 4838 generatim
1037 4774 1407 4817 concurrere
1430 4754 1511 4815 ad
1538 4757 1901 4835 actusejus3
1927 4774 2068 4836 quae

512 4852 937 4929 interpretatio
968 4856 1065 4911 est
1086 4850 1150 4909 in
1164 4849 1371 4928 rigore
1398 4847 1579 4923 falsa,
1597 4868 1744 4909 nam
1772 4850 1837 4910 in
1863 4851 2064 4911 Deum

513 4962 643 5005 non
670 4943 835 5005 cadit
877 4943 1136 5004 confusa
1186 4941 1478 5021 cognitio.
1525 4942 1727 5015 Unde,
1757 4944 1917 5005 sicut
1949 4944 2076 5005 dis-

513 5038 877 5099 tinctissime
922 5037 1133 5098 omnia
1162 5036 1461 5109 intuetur,
1492 5036 1573 5096 ita
1606 5054 1721 5096 sua
1753 5036 2073 5101 voluntate

514 5132 807 5193 universa
846 5131 911 5192 in
944 5128 1325 5211 particulari,
1353 5128 1455 5190 vel
1478 5128 1773 5207 disponit,
1805 5130 1905 5191 vel
1933 5148 2078 5210 per-

514 5224 719 5285 mittit.
750 5225 953 5303 Atque
982 5224 1068 5285 ita
1105 5222 1171 5285 in
1196 5222 1510 5302 praesenti,
1544 5222 1625 5282 ad
1652 5222 1821 5283 hunc
1864 5230 2076 5285 actum

516 5320 581 5377 in
601 5316 985 5397 particulari,
1028 5315 1274 5378 etiamsi
1288 5316 1493 5377 malus
1516 5315 1763 5377 futurus
1804 5317 1903 5393 sit,
1945 5318 2078 5379 vult

516 5409 683 5471 Deus
706 5428 1077 5471 concurrere
1100 5408 1349 5470 volente
1368 5408 1645 5471 homine.
1673 5410 1944 5471 Vocatur
1971 5428 2082 5471 au-

515 5508 643 5565 tem
683 5504 789 5563 illa
822 5503 1111 5565 voluntas
1136 5503 1470 5582 generalia,
1503 5504 1649 5582 quia
1669 5503 1849 5579 Deua,
1883 5522 2087 5583 quan·

1047 382 1257 444 OPUSC.
1292 390 1332 452 1,
1366 389 1485 442 Lm.
1516 389 1577 442 ΙΙ.
1613 387 1695 440 ΒΕ
1726 381 2046 438 CONCURSU
2078 381 2182 434 nm
2213 379 2299 432 An
2330 377 2532 432 AGTUS
2562 371 2807 429 onmms
2839 366 3125 422 NATURAE.

2128 482 2262 538 tum
2305 481 2401 538 est
2437 474 2520 536 de
2555 490 2646 546 se,
2683 488 2811 532 non
2839 467 3066 528 limitat
3096 475 3478 525 concursum
3507 471 3690 516 suum

2131 571 2213 632 ad
2242 569 2423 630 illum
2449 574 2682 642 actum,
2729 561 2844 624 sed
2873 560 3052 622 offert
3075 558 3248 619 illum
3275 555 3358 616 ad
3391 550 3550 614 alios
3586 548 3696 608 bo-

2131 683 2250 726 nos
2290 663 2393 726 vel
2440 661 2664 736 melca,
2701 657 2889 718 etiam
2917 654 2983 714 in
3023 647 3405 731 particulari,
3433 661 3600 723 quos
3633 641 3692 701 in

2133 759 2359 820 eodem
2386 758 2707 818 momento
2731 753 2942 831 posset
2969 747 3256 808 voluntas
3278 739 3558 802 hominis
3587 735 3696 794 ha-

2129 853 2305 925 bere,
2345 851 2397 911 si
2422 849 2631 910 vellet.
2662 847 2880 923 Neque
2921 839 3091 901 enim
3118 836 3316 918 probo
3359 830 3534 911 quod
3563 827 3696 906 qui·

2131 946 2280 1006 dam
2309 945 2504 1016 aiunt,
2532 942 2732 1002 Deum
2761 937 2842 998 de
2867 935 3032 996 facto
3059 949 3188 994 non
3215 929 3456 991 babere
3481 923 3698 984 volun-

2131 1043 2327 1102 tatem
2369 1031 2782 1098 concurrendi
2825 1031 2890 1090 in
2915 1029 3036 1090 hoc
3079 1023 3336 1086 instanti
3387 1037 3537 1080 cum
3579 1017 3698 1076 hoc

2131 1135 2328 1196 libero
2363 1136 2588 1211 agente
2617 1131 2851 1197 create,
2879 1123 2998 1184 nisi
3025 1119 3294 1182 adhunc
3317 1121 3534 1176 actum
3571 1128 3699 1170 ma-

2131 1227 2288 1300 lum,
2315 1241 2505 1304 quem
2546 1219 2796 1301 praescit
2819 1217 3206 1278 voluntatem
3243 1213 3524 1272 creatam
3556 1221 3700 1282 ope-

2131 1324 2434 1381 raturam.
2468 1316 2658 1376 Aiunt
2687 1311 2852 1374 enim
2879 1311 3080 1370 Deum
3111 1303 3370 1366 scientia
3397 1297 3698 1362 conditio-

2131 1417 2279 1474 nata
2313 1411 2604 1490 praescire
2647 1405 2802 1486 quid
2835 1403 3125 1466 voluntas
3153 1403 3368 1460 creata
3397 1394 3700 1455 effectura

2132 1507 2233 1582 sit,
2265 1506 2320 1566 si
2347 1505 2480 1584 ipse
2513 1501 2792 1582 praebeat
2831 1498 2888 1558 ei
2935 1508 3344 1562 concursum;
3379 1494 3446 1550 et
3483 1485 3700 1566 proevi·

2131 1601 2288 1662 dens
2313 1597 2677 1660 effecturam
2701 1594 2871 1654 hunc
2895 1595 3106 1652 actum
3131 1585 3392 1656 malum,
3417 1580 3504 1642 ad
3529 1579 3702 1640 illum

2133 1691 2338 1756 solum
2360 1689 2520 1752 velle
2564 1702 2962 1758 concurrere,
2994 1681 3144 1760 quia
3181 1676 3576 1756 superfluum
3615 1689 3704 1731 es-
3824 1701 3826 1704 >

2134 1792 2231 1848 set
2265 1784 2427 1846 velle
2479 1795 2854 1844 concurrere
2893 1775 2976 1838 ad
3017 1774 3204 1846 alios,
3249 1787 3408 1849 quos
3453 1763 3704 1846 praescit

2133 1878 2406 1941 hominis
2429 1876 2816 1938 voluntatem
2853 1888 2984 1932 non
3026 1885 3166 1929 esse
3195 1863 3530 1924 facturam.
3575 1859 3704 1918 Hoc

2135 1971 2438 2052 (inquam)
2468 1969 2622 2029 mihi
2648 1985 2780 2028 non
2803 1963 3133 2044 probatur,
3155 1958 3306 2038 quia
3334 1956 3388 2016 si
3411 1956 3586 2015 Deus
3627 1951 3702 2010 de

2131 2065 2298 2128 facto
2323 2081 2454 2124 non
2481 2061 2734 2122 offerret
2775 2074 2961 2118 suum
2999 2067 3382 2115 concursum
3419 2047 3508 2108 ad
3549 2045 3702 2105 alios

2137 2163 2334 2232 actus,
2367 2155 2648 2216 absolute
2667 2169 2799 2212 non
2813 2153 2980 2211 esset
3003 2147 3069 2208 in
3091 2144 3376 2227 proxima
3393 2143 3704 2222 potestate

2134 2250 2407 2312 hominis
2433 2249 2572 2308 illos
2601 2245 2876 2316 efficere,
2903 2242 3078 2303 etita
3097 2257 3224 2300 non
3251 2241 3417 2299 esset
3435 2235 3606 2296 liber
3627 2231 3706 2290 ad

2139 2345 2278 2404 illos
2307 2339 2688 2412 efficiendos,
2727 2339 2906 2417 juxta
2931 2334 3280 2396 doctrinam
3315 2329 3422 2392 lib.
3471 2332 3531 2398 1,
3559 2344 3702 2403 cap.

2139 2440 2168 2499 1
2220 2443 2282 2498 et
2335 2437 2394 2509 3,
2424 2434 2742 2506 traditam,
2799 2436 2862 2490 et
2903 2446 3046 2506 qum
3081 2431 3302 2487 contra
3343 2421 3708 2501 opinionem

2137 2528 2325 2602 Scoti,
2357 2545 2496 2606 cap.
2533 2528 2608 2588 12
2635 2531 2698 2586 et
2719 2541 2878 2602 seq„
2911 2521 3137 2584 eodem
3163 2517 3324 2579 libro
3341 2516 3510 2576 dicta
3533 2518 3704 2574 sunt.

2135 2624 2262 2684 Nec
2290 2621 2397 2682 illa
2420 2617 2813 2700 praescientia
2845 2613 3268 2676 conditionata
3297 2607 3532 2678 obstat,
3557 2604 3712 2682 quia

2134 2715 2371 2776 illamet
2395 2711 2694 2790 supponit
2717 2728 2796 2772 ex
2825 2713 3006 2786 parte
3033 2703 3263 2783 objecti
3291 2703 3458 2762 hanc
3489 2696 3710 2759 condi-

2134 2809 2394 2883 tionem,
2441 2805 2694 2876 scilicet,
2739 2803 2792 2864 si
2819 2803 2986 2862 Deus
3031 2799 3142 2861 det
3181 2808 3563 2858 concursum
3607 2809 3712 2850 ac-

2137 2900 2600 2964 commodatum
2650 2895 2958 2958 voluntati
2981 2894 3298 2962 humanae,
3339 2887 3478 2966 ipsa
3509 2884 3710 2944 libere

2135 2995 2306 3056 hunc
2335 2999 2544 3054 actum
2573 2989 2800 3062 eliciet,
2822 2987 3032 3068 potius
3051 3001 3246 3064 quam
3265 2981 3498 3050 alium;
3529 2994 3707 3056 ergo,

2137 3095 2208 3151 ut
2230 3087 2488 3149 effectus
2538 3088 2762 3164 postea
2789 3081 2988 3143 libere
3017 3075 3148 3149 fiat,
3193 3078 3440 3154 oportet
3473 3074 3547 3132 ut
3571 3071 3714 3131 ha²c

2139 3180 2411 3244 conditio
2443 3176 2810 3257 ilnpleatur3
2843 3191 2998 3253 ergo
3023 3173 3190 3232 Deus
3209 3186 3340 3229 non
3361 3172 3612 3228 tantum
3631 3162 3710 3221 ad

2136 3275 2314 3336 illum
2343 3277 2575 3343 actum,
2609 3268 2721 3329 sed
2753 3267 2942 3330 etiam
2963 3264 3044 3325 ad
3059 3263 3238 3335 alios,
3269 3260 3460 3322 debet
3481 3256 3710 3318 offerre

2137 3382 2548 3436 concursum;
2579 3362 2736 3423 alias
2759 3377 2890 3421 non
2928 3356 3290 3435 implebitur
3325 3351 3626 3415 conditio.
3651 3354 3714 3407 et

2138 3463 2316 3523 actus
2361 3476 2490 3519 non
2518 3456 2637 3517 erit
2663 3454 2844 3526 liber,
2887 3452 3112 3513 saltem
3141 3447 3351 3529 quoad
3385 3442 3714 3525 specifica-

2135 3554 2395 3615 tionem.
2427 3549 2606 3613 Unde
2633 3565 2762 3609 non
2787 3552 2882 3607 est
2923 3545 3124 3607 otiosa
3153 3548 3266 3603 aut
3295 3537 3622 3619 superflua
3645 3536 3710 3594 il-

2139 3648 2202 3709 la
2228 3645 2517 3709 voluntas
2553 3643 2688 3715 Dei,
2717 3637 3234 3721 quandoquidem
3255 3633 3342 3695 ad
3365 3634 3488 3693 hoc
3513 3630 3712 3691 tendit

2140 3747 2211 3803 ut
2239 3740 2529 3801 voluntas
2576 3737 2856 3795 humana
2893 3750 2964 3795 re
3007 3732 3146 3810 ipsa
3183 3729 3265 3789 sit
3309 3724 3604 3805 expedita
3629 3722 3713 3783 ad

2140 3840 2350 3895 actum
2381 3832 2834 3910 cujuscumque
2877 3822 3134 3904 speciei,
3183 3838 3376 3899 quem
3403 3818 3474 3877 in
3501 3834 3580 3878 eo
3621 3817 3714 3875 in-

2141 3926 2326 3989 stanti
2344 3930 2556 4005 posset
2585 3922 2853 3983 efficere.
2877 3922 3032 3982 Cum
3061 3920 3274 3978 autem
3293 3914 3398 3973 illa
3421 3912 3716 3973 voluntas

2143 4022 2224 4082 sit
2249 4018 2693 4091 conditionata,
2723 4031 2855 4075 non
2892 4014 3142 4091 oportet
3159 4015 3229 4070 ut
3258 4004 3496 4086 aliquid
3520 4009 3716 4084 ponat

2143 4114 2212 4175 in
2237 4112 2489 4184 effectu,
2517 4128 2647 4171 non
2673 4106 2952 4167 adhibita
2987 4102 3369 4175 conditione,
3399 4098 3516 4161 sed
3545 4097 3716 4177 quod

2144 4207 2223 4270 sit
2247 4209 2492 4267 tantum
2519 4204 2584 4265 in
2613 4202 2843 4265 affectu
2861 4218 2974 4263 seu
2991 4196 3452 4279 praeparatione
3475 4210 3557 4255 ex
3577 4210 3716 4271 par-

2144 4307 2208 4362 te
2236 4298 2372 4361 Dei.

2228 4394 2327 4455 18.
2375 4390 2657 4473 Objectio.
2689 4422 2772 4439 --
2795 4390 3006 4453 Dices:
3045 4404 3198 4467 ergo
3241 4382 3496 4464 ponitur
3523 4381 3590 4441 in
3621 4397 3720 4439 re·

2147 4504 2290 4547 rum
2315 4491 2540 4547 natura
2563 4484 2790 4564 aliquis
2809 4483 3068 4545 effectus
3087 4478 3389 4560 positivus
3415 4477 3478 4536 et
3499 4474 3712 4545 realis,

2151 4580 2284 4663 sine
2325 4578 2612 4639 absoluta
2643 4583 2706 4639 et
2741 4576 2976 4638 efficaci
3013 4573 3358 4645 voluntate,
3401 4586 3531 4647 qua
3570 4565 3718 4627 velit

2150 4673 2314 4734 Deus
2333 4671 2509 4731 illum
2537 4688 2702 4746 esse,
2733 4674 2946 4731 contra
2974 4666 3130 4728 illud
3151 4663 3337 4743 (Psal.
3369 4663 3549 4739 113):
3577 4658 3722 4721 Ont-

2147 4767 2256 4829 nia
2271 4782 2646 4845 quamcumque
2667 4763 2884 4835 voluat,
2906 4762 3073 4835 fecit,
3101 4764 3166 4821 et
3189 4758 3344 4818 illud
3359 4754 3466 4834 (ad
3483 4755 3714 4833 Ephes.
3828 4758 3830 4805 ;

2149 4861 2210 4937 1)
2232 4877 2246 4919 :
2273 4857 2576 4939 Operatur
2593 4855 2794 4920 omnia
2818 4854 3142 4919 seeundum
3163 4850 3488 4915 consilium
3508 4848 3722 4910 notun-

2159 4951 2310 5015 tatis
2335 4968 2492 5023 επακ
2513 4954 2577 5011 et
2599 4949 2752 5011 illud
2768 4946 3118 5029 Augustini,
3141 4944 3271 5006 3de
3295 4944 3531 5014 Doctr.,
3557 4960 3610 5001 c.
3639 4941 3712 4999 4:
3828 4944 3830 4971 ³

2172 5044 2464 5112 Voluntas
2508 5043 2626 5105 Dei
2649 5047 2743 5105 eet
2765 5042 2977 5124 prima
3011 5043 3070 5102 et
3099 5054 3340 5101 summa
3381 5051 3571 5099 cauea
3601 5050 3722 5093 om-
3828 5040 3830 5095 3

2157 5135 2326 5199 niem
2357 5134 2764 5217 corporalium
2787 5133 3120 5214 specierum
3149 5135 3326 5211 atque
3347 5128 3680 5191 motionum
3697 5148 3721 5195 ,·
3828 5176 3830 5179 .

2159 5234 2221 5291 et
2261 5229 2304 5289 l.
2341 5229 2422 5289 83
2467 5228 2717 5301 Quaest„
2761 5245 2824 5305 q.
2875 5228 2946 5287 3:
2999 5226 3138 5289 Hoc
3181 5225 3273 5288 est
3313 5218 3722 5303 aliquidfieri
3828 5282 3830 5305 ι

2158 5323 2284 5386 Deo
2332 5326 2570 5405 ayente,
2613 5323 2770 5403 quod
2805 5322 2928 5385 Deo
2979 5318 3242 5387 volente,·
3292 5316 3368 5377 Et
3417 5332 3614 5394 super
3659 5311 3724 5371 id
3828 5332 3830 5381 3

2163 5416 2326 5476 Psal.
2383 5416 2528 5476 144:
2565 5415 2788 5477 Justm
2835 5414 3136 5477 Dominus
3174 5410 3242 5473 in
3287 5408 3564 5471 munibus
3605 5405 3724 5467 viic
3828 5402 3830 5415 ²

2165 5508 2316 5569 suis.
2337 5505 2520 5589 Apud
2540 5508 2732 5570 Dema
2751 5508 2857 5571 hoc
2876 5513 2968 5571 eet
2993 5506 3140 5568 celle
3161 5506 3320 5587 quod
3333 5508 3553 5581 facem,
3579 5500 3724 5581 quia
3828 5586 3830 5589 Ι
