3850 6225
519 388 642 451 438

523 508 676 569 ergo
725 488 812 549 illi
852 488 1344 549 misericordiam
1387 506 1532 549 cum
1569 488 1866 549 fratribus
1911 506 2085 549 exer-

523 587 803 655 cuerant,
839 582 1026 643 etiam
1055 581 1208 643 dum
1235 587 1414 643 erant
1441 582 1504 641 in
1533 586 1694 643 statu
1721 582 1982 661 peccati,
2002 581 2087 642 ait

523 676 753 737 Paulus
783 677 974 736 Deum
995 721 1012 749 ,
1061 676 1206 755 quia
1235 676 1505 755 injustus
1531 692 1660 736 non
1689 680 1819 747 est,
1866 675 2085 736 talium

523 786 785 848 operum
815 768 1188 830 memoriam
1211 768 1594 841 habiturum,
1623 774 1684 829 et
1707 774 1963 847 propter
1982 766 2085 827 illa

523 883 561 924 a
589 864 696 925 tali
726 866 890 925 statu
921 882 1030 925 eos
1063 862 1496 925 liberaturum.

605 958 664 1018 3.
711 956 1055 1035 Refellitur.
1101 988 1184 1003 -—
1224 958 1365 1017 Haec
1407 956 1718 1017 sententia
1749 955 1933 1037 nobis
1958 972 2087 1015 non

523 1050 844 1130 probatur.
874 1050 1100 1122 Primo,
1133 1050 1278 1129 quia
1307 1067 1528 1111 omnes
1557 1054 1844 1111 auctores
1865 1049 2087 1109 intelli·

524 1146 680 1222 gunt
706 1144 914 1205 locum
941 1142 1114 1203 illum
1141 1142 1220 1203 de
1249 1142 1543 1222 operibus
1567 1142 1630 1203 in
1660 1142 1858 1224 gratia
1879 1142 2082 1215 factiS,

524 1241 592 1295 ut
619 1240 792 1315 patet
821 1252 898 1295 ex
924 1236 1278 1309 Ambrosi0‚
1325 1236 1728 1315 Hieronym0‚
1761 1234 2082 1313 AnselmO,

523 1328 668 1390 divo
711 1330 950 1389 Thema
975 1374 991 1403 ,
1045 1328 1490 1409 chrysostomo
1518 1374 1533 1401 ,
1589 1328 2083 1407 TheophylactO,

521 1420 936 1495 Theodoram,
969 1426 1030 1482 et
1057 1420 1272 1483 Glossa
1297 1422 1362 1483 in
1387 1440 1532 1483 eum
1559 1420 1791 1498 locum,
1823 1421 2085 1503 aliisque

527 1516 812 1577 Patribus
849 1533 1008 1593 quos
1035 1515 1194 1577 infra
1217 1516 1584 1577 referemuS.

607 1610 667 1669 4.
702 1608 1016 1681 Secund0,
1049 1608 1196 1689 quia
1225 1628 1302 1670 ex
1324 1610 1532 1671 verbis
1561 1610 1700 1681 illis,
1727 1609 2091 1674 Ministro-r-

529 1700 610 1765 tis
638 1706 693 1765 et
725 1702 1102 1767 ministratis
1127 1749 1142 1777 ,
1185 1704 1492 1785 colligitur
1531 1704 1752 1765 saltem
1789 1723 1916 1765 non
1949 1722 2089 1765 esse

529 1812 888 1855 sermonem
929 1796 1007 1856 de
1047 1797 1194 1858 solis
1233 1796 1494 1859 mortuis
1534 1798 1868 1876 operibus;
1913 1796 2085 1877 quia,

526 1892 596 1947 ut
626 1904 846 1947 omnes
875 1896 1218 1969 exponunt,
1249 1896 1310 1951 et
1341 1891 1430 1951 vis
1464 1890 1724 1952 istorum
1751 1890 2089 1952 verborum

527 1979 811 2057 requirit,
841 1982 1062 2043 saltem
1087 1984 1346 2045 verbum
1370 1984 1809 2059 Ministrastie,
1835 1983 1916 2045 ad
1934 1982 2090 2045 illud

526 2079 774 2150 tempus
817 2072 1103 2148 refertur,
1147 2076 1210 2136 in
1253 2095 1377 2157 quo
1419 2078 1554 2139 haic
1590 2074 1902 2137 faciebant
1944 2095 2088 2137 cum

527 2170 739 2227 essent
767 2168 965 2227 sancti
994 2174 1054 2229 et
1075 2168 1227 2247 justi
1253 2189 1270 2242 ;
1307 2170 1406 2231 illa
1443 2169 1611 2231 enim
1641 2170 1941 2249 temporis
1968 2170 2089 2231 dis·

527 2257 740 2319 tinctio
785 2278 912 2320 non
964 2262 1214 2340 ponitur
1250 2269 1506 2343 propter
1545 2262 1744 2324 solam
1760 2264 2088 2367 ‘temporis

526 2355 854 2435 praesentis
893 2364 954 2419 et
989 2358 1278 2437 praeteriti
1309 2359 1746 2433 differentiam,
1791 2360 1902 2421 sed
1942 2378 2088 2439 pro-

526 2452 666 2527 pter
693 2448 971 2509 diversos
999 2456 1196 2512 status
1225 2453 1620 2532 operantium
1662 2472 1676 2514 :
1723 2452 1961 2531 alioqui
1986 2452 2091 2513 sri-

527 2546 678 2621 gent
705 2542 894 2602 verba
921 2542 1050 2617 illa,
1087 2562 1290 2625 neque
1325 2544 1520 2607 ullum
1569 2546 1941 2627 mysterium
1980 2547 2090 2607 ha·

525 2634 700 2695 bent.

606 2730 665 2789 5.
710 2728 915 2791 Tertio
933 2775 952 2805 ,
987 2730 1134 2809 quia
1157 2730 1262 2792 illa
1287 2732 1512 2807 verba,
1549 2750 1670 2795 non
1694 2740 1786 2797 est
1817 2734 2091 2813 injustus

524 2822 712 2895 Dm,
729 2823 1062 2903 improprie
1085 2832 1502 2905 exponuntur,
1519 2826 1816 2907 quoniam
1839 2834 2094 2907 propter

527 2915 698 2977 nulla
715 2934 906 2995 opera
925 2924 1098 2979 extra
1114 2918 1480 2981 charitatem
1491 2918 1654 2981 facta
1669 2920 2093 2981 teneturDeus

529 3028 606 3070 ex
631 3010 868 3089 justitia
895 3010 1210 3072 remittere
1234 3018 1512 3091 peccata,
1539 3032 1654 3075 nec
1683 3012 1834 3074 dare
1863 3012 2093 3075 contri-

527 3102 761 3166 tionem
793 3123 907 3186 per
941 3123 1130 3184 quam
1157 3106 1586 3182 remittantur3
1621 3106 1790 3188 quod
1835 3114 1929 3170 est
1966 3125 2097 3170 cer-

527 3197 860 3276 tissimum,
907 3199 1223 3281 loquendo
1261 3201 1342 3264 de
1389 3201 1632 3284 justitia
1670 3202 1946 3282 propria,
2012 3201 2091 3264 de

527 3310 654 3370 qua
693 3293 1086 3373 interpretari
1115 3293 1420 3356 debemus
1454 3295 1588 3356 haec
1624 3295 1839 3366 verba,
1869 3295 1918 3356 si
1946 3313 2091 3374 pos-

525 3403 745 3447 sumus
780 3385 916 3448 sine
949 3386 1436 3462 inconvenienti,
1473 3389 1654 3469 juxta
1687 3405 2089 3450 communem

525 3479 736 3558 legem
753 3477 1204 3558 interpretandi
1233 3481 1656 3560 Scripturam3
1693 3485 1754 3542 et
1777 3479 1922 3542 licet
1958 3497 2089 3540 am·

524 3571 756 3652 plietur
769 3571 1160 3652 adjustitiam
1187 3573 1522 3650 fidelitatis,
1553 3593 1692 3654 quoe
1707 3573 1985 3635 nascitur
2012 3591 2089 3634 ex

525 3661 788 3744 simplici
822 3665 1254 3743 promissione,
1297 3667 1488 3728 etiam
1525 3672 1620 3728 est
1662 3665 2083 3728 verissimum.

527 3756 707 3818 Nulla
725 3757 892 3818 enim
921 3763 1088 3820 extat
1111 3757 1394 3822 absoluta
1415 3758 1743 3838 promissio
1773 3759 2091 3822 remitten-

527 3849 590 3910 di
619 3857 879 3930 peccata
907 3851 1217 3924 mortalia,
1257 3851 1313 3914 ei
1342 3852 1448 3931 qui
1475 3851 1626 3914 facit
1649 3850 2091 3914 misericordias

526 3961 718 4022 opera
753 3943 818 4004 in
860 3948 1026 4004 statu
1068 3945 1308 4023 peccati
1349 3945 1650 4020 mortalis,
1689 3964 1808 4006 nec
1847 3941 2091 4008 dicetur

521 4037 692 4098 Deus
729 4036 999 4116 injustus
1037 4055 1113 4098 eo
1141 4037 1314 4117 quod
1341 4056 1470 4098 non
1511 4037 1619 4100 det
1655 4037 2091 4100 contritionem

522 4129 834 4210 peccatori
863 4129 1112 4192 facienti
1143 4147 1334 4210 opera
1365 4129 1834 4203 misericordiae,
1865 4149 1985 4192 nec
2010 4131 2089 4192 de

525 4221 648 4282 hoc
682 4227 775 4284 est
813 4228 985 4284 certa
1031 4221 1403 4302 promissio;
1450 4241 1601 4304 ergo
1645 4219 1839 4286 multo
1863 4223 2093 4290 ,minus

527 4320 775 4376 tenetur
804 4311 954 4378 dare
999 4315 1438 4378 contritionem
1485 4317 1794 4396 peccatori
1837 4324 2094 4396 propter

527 4427 720 4488 opera
743 4408 1181 4470 misericordiae
1213 4408 1276 4470 in
1305 4413 1468 4471 statu
1491 4410 1728 4489 peccati
1751 4409 1938 4471 facta.
1972 4409 2095 4472 Un-

528 4501 606 4562 de
643 4507 886 4563 constut
926 4501 1114 4562 etiam
1153 4501 1539 4580 experientia
1567 4522 1694 4564 non
1725 4503 1810 4565 ita
1841 4521 2094 4582 semper

531 4595 691 4669 fieri,
735 4597 796 4656 et
818 4597 1068 4668 merito,
1109 4613 1189 4655 nc
1219 4595 1534 4670 homineS,
1581 4597 1842 4658 nimium
1874 4595 2093 4658 confisi

525 4687 606 4748 de
637 4688 932 4767 operibus
957 4684 1424 4764 misericordiae,
1455 4689 1522 4752 in
1541 4689 1680 4750 aliis
1709 4689 1983 4770 peccatis
2006 4689 2095 4750 vi-

527 4781 734 4843 tandis
763 4787 871 4844 aut
903 4781 1285 4844 detestandis
1316 4801 1542 4864 segnes
1581 4785 1953 4846 efficiantur.
2007 4787 2095 4848 Ac

529 4881 862 4956 propterea
890 4874 1234 4938 locutiones
1261 4877 1612 4957 Scriptura,
1643 4895 1784 4956 quae
1810 4879 1926 4938 has
1949 4895 2096 4957 pro-

531 4969 863 5030 missiones
891 4966 1166 5030 indicare
1194 4969 1486 5031 videntur
1507 5015 1523 5045 ,
1557 4970 1989 5050 intelliguntur
2014 4969 2096 5032 ab

537 5063 850 5134 omnibuS,
907 5062 1008 5122 vel
1053 5061 1132 5122 de
1177 5063 1388 5124 valore
1425 5063 1646 5124 talium
1698 5083 1963 5143 operum
2016 5063 2099 5126 ad

537 5153 960 5235 extinguenda
1025 5161 1282 5234 peccata
1330 5153 1538 5236 quoad
1589 5159 1834 5218 reatum
1891 5173 2095 5235 poenoe

533 5248 896 5328 temporalis
925 5293 940 5322 ,
989 5248 1038 5308 si
1091 5255 1528 5328 supponantur
1577 5250 1836 5310 remissa
1889 5251 2099 5330 quoad

537 5343 822 5422 culpam;
865 5341 960 5402 vel
988 5342 1067 5403 de
1097 5341 1350 5422 speciali
1379 5341 1742 5404 efficacitate
1769 5362 1963 5423 quam
1988 5345 2103 5404 ha-

538 5436 688 5497 bent
727 5435 808 5497 ad
845 5434 1308 5515 impetrandum
1349 5453 1386 5496 a
1422 5433 1553 5497 Deo
1599 5437 1838 5516 majora
1869 5437 2099 5498 auxilia

537 5529 620 5594 ad
663 5547 878 5592 veram
911 5527 1347 5612 poenitentiam
1387 5527 1734 5612 agendam,
1775 5549 1906 5594 non
1946 5549 2097 5595 vero

1119 390 1330 443 OPUSG.
1367 391 1426 443 V.
1459 390 1765 443 RssLECTlO
1799 391 1880 443 DE
1911 389 2389 445 nssvlvlscmna
2420 392 2801 447 flammam.
2838 392 3073 447 nisPtJT.
3110 394 3150 445 l.

2168 488 2249 551 de
2298 496 2467 553 certa
2502 490 2915 570 promissione
2942 534 2959 563 ‚
3002 504 3144 569 quo
3180 488 3263 551 sit
3288 486 3577 549 sonti-itio
3597 486 3731 565 ipsa

2168 600 2279 645 seu
2312 584 2601 645 remissio
2635 584 2875 663 peccati
2902 583 3185 645 absolute
3210 580 3547 661 promissa.

2246 678 2307 739 6.
2356 676 2719 751 Θαρσῇ-ἐίση-
2760 677 2939 755 faloae
2976 673 3379 759 responsioni.
3426 704 3513 719 -
3560 672 3735 743 Quod

2166 772 2217 832 si
2244 772 2385 849 quis
2410 772 2676 833 fortasse
2704 770 3083 849 respondeat
3108 768 3377 831 Paulum
3404 784 3539 827 non
3568 766 3739 842 loqui

2166 864 2245 927 de
2272 864 2577 926 infallibili
2604 882 2719 925 seu
2746 862 3031 925 absoluta
3060 858 3481 941 promissione
3510 860 3739 918 contri-

2165 958 2351 1019 tionis
2372 1002 2391 1031 ,
2432 976 2545 1019 seu
2581 956 2795 1019 auxilii
2824 954 3229 1035 congruentis
3258 960 3321 1013 et
3352 950 3629 1013 efficacis
3658 952 3737 1011 ad

2167 1052 2509 1125 illam,·sed
2526 1052 2607 1113 de
2630 1051 2861 1113 auxilio
2882 1051 3251 1121 sufficiente,
3278 1065 3395 1107 seu
3422 1045 3733 1121 uberiore,

2165 1146 2337 1225 quod
2382 1146 2549 1207 Deus
2584 1144 2690 1207 dat
2730 1149 2987 1225 propter
3026 1160 3219 1221 opera
3264 1138 3735 1209 misericordie,

2166 1240 2357 1303 etiam
2401 1240 2465 1299 in
2506 1243 2673 1301 statu
2714 1239 2949 1318 peccati
2990 1237 3199 1309 facta3
3244 1253 3375 1315 quo
3416 1231 3653 1293 auxilio
3688 1234 3735 1291 si

2168 1335 2311 1414 quis
2363 1335 2527 1395 bene
2582 1338 2797 1394 utatur
2827 1376 2843 1405 ,
2902 1331 3245 1393 certissime
3298 1326 3737 1391 remissionem

2168 1434 2572 1507 peccatorum
2624 1430 3045 1505 consequetur
3076 1470 3093 1497 ,
3140 1420 3503 1501 respondeo
3556 1419 3738 1479 etiam

2168 1523 2289 1583 hoc
2325 1520 2515 1581 modo
2548 1538 2677 1580 non
2714 1517 2999 1580 satisfieri
3044 1514 3375 1577 intentioni
3436 1512 3641 1583 Pauli,
3694 1512 3741 1570 si

2172 1615 2293 1675 alia
2320 1630 2535 1693 opera,
2568 1620 2628 1674 et
2656 1614 2723 1673 in
2750 1611 3053 1673 charitate
3080 1611 3265 1679 facta,
3298 1607 3735 1670 excludantur.

2172 1706 2328 1781 Quia
2356 1706 2585 1768 auxilia
2622 1704 2989 1765 sufficientia
3025 1703 3309 1763 absolute
3345 1720 3477 1761 non
3516 1698 3741 1759 dantur

2170 1807 2427 1881 propter
2464 1798 2613 1861 talia
2658 1816 2886 1877 opera,
2932 1795 3045 1858 sed
3094 1814 3175 1857 ex
3220 1792 3509 1875 generali
3554 1791 3737 1869 lege;

2168 1894 2461 1955 uberiora
2489 1898 2699 1954 autem
2724 1889 2978 1963 auxilia,
3004 1889 3149 1949 licet
3168 1887 3489 1949 interdum
3516 1884 3745 1945 dentur

2170 2006 2251 2049 ex
2280 1987 2397 2047 illis
2422 1986 2719 2065 operibus
2739 2028 2755 2057 ,
2793 1989 2861 2045 ut
2891 2002 2969 2044 ex
2992 1981 3401 2061 dispositione
3430 1996 3743 2055 congrua,

2169 2098 2299 2141 non
2324 2086 2539 2141 tamen
2572 2077 2907 2157 exjustitia
2924 2119 2941 2148 ,
2980 2094 3187 2154 neque
3214 2092 3295 2135 ex
3320 2072 3745 2153 promissione

2168 2174 2253 2235 ita
2287 2173 2619 2245 infallibili,
2656 2179 2727 2235 ut
2754 2172 3013 2233 inducat
3040 2169 3399 2231 absolutum
3430 2166 3741 2227 debitum.

2248 2272 2309 2329 7.
2356 2266 2733 2329 Eoeduditnr
2762 2264 3058 2345 expositio
3076 2264 3311 2341 prim,
3348 2276 3427 2321 em
3458 2262 3747 2321 contest»

2167 2358 2381 2423 Pauli.
2413 2394 2495 2405 —-
2533 2360 2815 2435 Denique
2854 2358 2919 2417 in
2948 2362 3243 2416 contextu
3272 2352 3449 2415 Pauli
3478 2370 3611 2411 non
3640 2352 3747 2409 lia·

2168 2454 2277 2516 bet
2324 2452 2803 2515 fundamentum
2859 2450 3173 2511 sufficiens
3228 2447 3334 2509 illa
3388 2445 3699 2524 expositio
3724 2488 3739 2510 ,

2170 2564 2316 2607 cum
2362 2545 2593 2607 Paulus
2634 2544 2715 2605 de
2746 2544 3061 2625 proetcrito
3098 2543 3369 2620 loquens
3398 2538 3567 2599 dicat
3597 2557 3610 2596 :
3648 2538 3741 2599 Ee

2044 2676 2053 2683 ·
2170 2635 2505 2703 dilectionis
2528 2656 2711 2721 quam
2736 2634 3255 2713 ostendisti-squiri
3282 2632 3479 2693 verba
3508 2631 3735 2708 optime

2172 2732 2605 2813 intelliguntur
2630 2732 2709 2793 de
2739 2729 2931 2809 priori
2962 2734 3128 2789 statu
3156 2734 3503 2804 antequam
3534 2742 3575 2783 a
3600 2740 3739 2801 gm-

2174 2826 2255 2887 tia
2296 2826 2689 2887 cecidissent.
2747 2822 3085 2901 Sequentia
3118 2826 3331 2881 autem
3370 2818 3571 2877 verba
3590 2860 3607 2887 ,
3634 2816 3743 2875 mi-

2172 2917 2488 2983 nistrastis
2512 2922 2571 2981 et
2592 2915 2986 2988 ministratis,
3008 2917 3271 2994 possunt
3298 2912 3383 2973 ad
3404 2916 3741 2988 utrumque

2176 3018 2407 3075 statum
2436 3010 2691 3081 referri3
2724 3008 2895 3069 etita
2922 3006 3467 3085 comprehendunt
3486 3004 3745 3083 quidem
3815 3044 3816 3055 ,

2176 3125 2369 3187 opera
2420 3104 2609 3166 etiam
2664 3100 3103 3164 misericordiis
3156 3100 3220 3161 in
3274 3104 3447 3162 statu
3500 3098 3741 3176 peccati

2172 3200 2359 3272 facta,
2398 3215 2527 3258 non
2558 3203 2773 3258 tamen
2818 3195 3239 3256 excluduntur
3276 3193 3489 3272 priora
3524 3211 3543 3263 3
3593 3189 3741 3262 imo,

2174 3295 2223 3354 si
2248 3311 2391 3373 quae
2418 3289 2755 3352 intervenit
2776 3289 2841 3350 ln
2868 3290 2987 3350 hoc
3012 3289 3265 3367 negotio
3284 3287 3447 3348 ratio
3460 3285 3743 3366 justitias,

2170 3386 2237 3447 in
2284 3383 2595 3464 prioribus
2640 3381 2793 3442 vivis
2838 3381 3137 3460 operibus
3176 3380 3519 3452 fundatum
3574 3378 3749 3438 addit

2170 3485 2385 3540 tamen
2430 3475 2660 3538 Paulus
2702 3473 3073 3554 posteriora,
3118 3473 3269 3552 quia
3310 3473 3527 3552 aliquo
3558 3471 3745 3532 modo

2164 3571 2411 3651 juvant,
2444 3575 2507 3632 et
2536 3567 2810 3628 tollendo
2840 3585 3003 3630 nova
3032 3566 3511 3646 impedimenta,
3546 3572 3611 3626 et
3634 3565 3745 3624 ad·
3813 3643 3814 3646 Ἴ

2173 3663 2383 3726 dendo
2438 3659 2757 3742 propriam
2818 3660 3299 3740 congruitatem.
3368 3659 3745 3736 Quanquam
3813 3661 3814 3689 ¹

2172 3757 2311 3818 haec
2330 3756 2459 3818 duo
2488 3753 2677 3816 verba
2713 3760 2975 3833 possunt
3000 3753 3143 3814 aliis
3176 3753 3371 3814 etiam
3404 3752 3611 3814 modis
3638 3771 3738 3812 ex-

2170 3849 2345 3932 poni,
2374 3855 2445 3912 ut
2468 3848 2847 3912 videbimus.

2296 4091 2577 4156 Secunda
2610 4089 3029 4172 interpretatio
3058 4089 3371 4151 verborum
3402 4087 3612 4150 Pauli.

2256 4323 2317 4382 s.
2364 4319 2673 4382 Probum
2706 4318 2911 4400 pram
2948 4335 3022 4380 a
3054 4323 3338 4382 matu
3368 4319 3613 4400 capacis.
3658 4349 3737 4364 --

2176 4414 2285 4476 Est
2324 4431 2475 4494 erg-o
2504 4413 2769 4473 aliorum
2802 4411 3039 4490 opini0,
3068 4411 3445 4490 precedenti
3486 4412 3737 4472 omnino

2176 4505 2511 4572 contraria,
2564 4505 2825 4566 Paulum
2870 4504 3077 4566 solum
3114 4505 3197 4566 de
3248 4505 3546 4583 operibus
3586 4505 3737 4564 vivis

2176 4599 2455 4660 loentum
2480 4615 2643 4658 esse.
2694 4597 2923 4668 Primo,
2952 4597 3103 4676 quia
3132 4597 3195 4657 in
3230 4603 3359 4658 toto
3390 4597 3497 4658 illo
3536 4598 3735 4675 capite

2173 4691 2453 4770 loquitur
2476 4689 2583 4751 .ad
2608 4689 2903 4752 Hebraeos
2942 4689 3135 4750 fldem
3185 4689 3493 4751 habentes
3534 4691 3735 4750 vivam

2174 4803 2291 4864 per
2314 4783 2717 4854 charitatem;
2751 4801 2899 4844 nam
2940 4799 3073 4854 eos,
3104 4782 3171 4844 in
3208 4781 3515 4860 principio
3548 4782 3733 4851 illius,

2177 4880 2259 4940 ad
2298 4875 2749 4957 perfectionem
2802 4875 3167 4936 exhortatur
3186 4919 3205 4948 ,
3260 4883 3325 4936 et
3378 4881 3449 4936 ut
3500 4875 3735 4953 fugiant

2176 4989 2371 5052 opera
2394 4975 2665 5042 mortua,
2694 4968 2759 5029 id
2788 4973 2904 5040 est,
2926 4975 3207 5047 peccata,
3230 4985 3373 5047 qua».
3402 4985 3521 5046 per
3538 4969 3735 5047 poeni-

2176 5065 2439 5126 tentiam
2488 5062 2701 5124 delere
2741 5067 3027 5141 oportet;
3066 5062 3131 5123 in
3170 5061 3291 5122 boc
3328 5061 3503 5122 enim
3550 5079 3731 5122 sensu

2179 5157 2351 5217 illam
2378 5173 2597 5217 vocem
2622 5155 2813 5216 sumit
2840 5155 3197 5234 Apostolus,
3222 5161 3285 5216 et
3300 5173 3433 5216 non
3462 5161 3533 5216 ut
3554 5156 3731 5217 Scho-

3808 4831 3810 4911 l

2179 5250 2401 5324 lastici,
2426 5249 2585 5310 sicut
2613 5249 3292 5328 exponitAugustinuS,
3336 5249 3443 5310 lib.
3479 5249 3559 5310 de
3590 5249 3729 5310 Fide
3806 5315 3808 5322 ,

2182 5350 2241 5405 et
2278 5327 2595 5422 operibus,
2626 5361 2681 5402 c.
2720 5345 2819 5418 Η,
2850 5342 3100 5404 dicens:
3153 5341 3315 5416 Quia
3346 5349 3435 5407 est
3478 5348 3669 5408 autem
3694 5363 3729 5404 a
3806 5341 3808 5438 i

2177 5437 2439 5500 mortuis
2466 5436 2739 5518 operibus
2768 5435 3149 5518 pauitantia,
3194 5436 3323 5499 nisi
3358 5437 3429 5500 ab
3480 5438 3578 5499 his
3610 5455 3729 5517 qius
3806 5443 3808 5523 4

2178 5533 2407 5613 oportet
2432 5527 2815 5609 mortificari,
2834 5537 2905 5598 uc
2922 5530 3199 5595 vivamus
3212 5553 3241 5604 ,·
3268 5548 3404 5612 qua·
3422 5529 3485 5594 ei
3512 5531 3729 5596 adulte-
