3850 6225
813 432 984 487 SECT.
1022 432 1082 486 11.
1119 432 1262 495 QUAE
1293 432 1457 486 mul-:1
1491 430 1855 491 VERITATES.
1892 432 2019 483 Am·
2053 431 2477 499 THEOLOGICAE,
2512 432 2646 487 E‘rc.

3210 414 3330 490 403

83 546 258 591 non.
303 533 494 595 Hunc
534 551 685 613 ergo
731 550 1011 594 amorem
1066 550 1194 593 non
1249 532 1559 593 hahemus
1609 531 1692 592 ad
1775 533 1832 592 1.
1865 531 2331 595 Advertendum
2362 542 2457 598 est
2484 542 2695 597 autem
2750 534 2942 613 qnod,
2994 532 3137 595 licet
3183 554 3331 596 vera

79 622 216 684 has
251 644 370 687 res
402 644 561 707 quas
585 632 838 707 propter
865 646 980 687 nos
1009 644 1316 699 amamUS,
1345 632 1495 687 tunc
1521 625 1688 687 enim
1772 630 1834 687 et
1878 626 2128 706 propria
2165 628 2433 689 amicitia
2482 647 2613 689 non
2660 628 2957 689 fundetur
2995 628 3061 687 in
3108 628 3335 689 utilita-

79 714 564 781 benevolentia
594 720 674 780 ad
697 737 811 781 nos
837 720 1243 794 terminatur;
1267 736 1414 779 nam
1443 735 1689 797 respec-

77 816 156 871 tu
197 829 443 873 earum
476 832 689 875 rerum
717 833 876 894 quas
907 814 1088 875 nobis
1137 831 1446 885 amamuS‚
1481 812 1688 892 potius

79 910 194 964 est
249 907 806 985 concupiscentia3
841 906 1010 967 unde
1050 906 1140 980 fit,
1189 913 1280 983 ut,
1312 906 1458 967 licet
1496 906 1688 966 inter-

81 997 262 1059 dum
299 998 496 1061 rebus
550 1000 928 1074 inanimatis,
986 999 1086 1061 vel
1131 999 1374 1061 ratione
1421 999 1688 1061 carenti-

81 1090 254 1165 buS,
305 1092 548 1153 honum
599 1093 888 1166 velimuS‚
937 1100 1006 1153 ut
1061 1111 1226 1172 equo
1265 1093 1553 1165 salutem,
1587 1091 1686 1151 vel

83 1186 264 1264 quid
307 1188 536 1263 simile,
567 1187 970 1249 nihilominus
995 1187 1077 1249 ad
1111 1206 1218 1248 eas
1247 1206 1374 1247 non
1405 1186 1688 1247 dicamur

83 1280 356 1343 habere
394 1281 848 1344 benevolentiae
890 1299 1172 1343 amorem
1195 1327 1210 1356 ,
1261 1280 1408 1358 quia
1444 1280 1690 1342 etiamsi

83 1371 362 1435 bonum
399 1374 554 1435 illud
611 1376 702 1437 eis
748 1375 1034 1447 velimuS,
1076 1392 1202 1436 non
1248 1380 1458 1435 tamen
1490 1374 1554 1433 in
1597 1374 1688 1435 eis

89 1466 426 1543 sistimuS,
453 1469 565 1530 sed
593 1469 734 1530 ideo
774 1469 864 1529 eis
909 1468 1198 1529 volumus
1251 1468 1374 1528 tale
1423 1468 1683 1539 bonurn,

89 1566 164 1621 ut
199 1560 406 1623 nobis
449 1562 570 1623 sint
599 1561 878 1623 utiliores
900 1608 914 1635 ,
950 1562 1034 1623 ita
1078 1564 1146 1620 nt
1175 1578 1687 1639 unamquamque

87 1653 210 1713 tali
243 1654 537 1715 bonitate
559 1655 847 1715 affectam
876 1654 1058 1715 nobis
1083 1654 1428 1733 cupiamus,
1448 1653 1512 1715 Si
1538 1671 1688 1731 crgo

85 1748 282 1807 Deus
309 1748 619 1827 quidquid
646 1754 926 1809 creatum
957 1753 1051 1809 est
1079 1752 1248 1807 amat
1277 1753 1345 1807 ut
1383 1746 1684 1819 medium,

89 1846 156 1901 et
199 1841 258 1901 si
309 1842 564 1919 quoties
613 1842 670 1903 ei
717 1841 849 1901 vult
883 1840 1137 1919 aliquod
1179 1839 1441 1912 bonum,
1485 1845 1688 1902 totum

86 1932 256 1993 illud
292 1934 493 1995 refert
521 1935 602 1995 ad
631 1935 928 2015 seipsum,
959 1934 1116 1994 nihil
1154 1952 1303 1995 vere
1347 1937 1408 1995 et
1437 1932 1688 2012 proprie

85 2034 278 2088 amat
310 2046 394 2089 ex
424 2027 896 2101 benevolentia;
937 2046 1086 2107 ergo
1117 2045 1324 2107 neque
1369 2045 1445 2087 ex
1474 2026 1691 2087 amici-

87 2120 208 2191 tia,
247 2139 409 2181 cum
437 2120 710 2181 amicitia
739 2119 1242 2182 benevolentiam
1273 2124 1603 2198 supponat.

177 2214 293 2273 17.
337 2212 558 2275 Altera
616 2212 946 2274 difficultas
1014 2218 1110 2273 est
1138 2258 1154 2286 ,
1210 2212 1358 2291 quia
1408 2212 1690 2291 sequitur

84 2309 314 2367 Deum
363 2307 430 2367 in
481 2306 947 2385 operationibus
989 2306 1116 2365 suis
1155 2324 1284 2365 non
1327 2304 1566 2367 moveri
1607 2304 1689 2365 ad

91 2400 518 2480 operandum
540 2400 622 2460 ab
650 2399 986 2460 intrinseca
1014 2398 1290 2459 bonitate
1323 2416 1434 2459 seu
1464 2397 1688 2458 decen-

91 2495 186 2555 tia
236 2494 308 2553 in
351 2494 546 2554 rebus
575 2493 723 2573 ipsis
753 2493 1028 2565 inventa,
1068 2492 1180 2552 sed
1224 2491 1427 2553 solum
1461 2490 1540 2550 ab
1581 2509 1689 2550 ex-

91 2588 390 2649 trinseca
415 2587 692 2647 bonitate
719 2586 900 2659 finis;
941 2604 1334 2666 consequens
1364 2590 1574 2645 autem
1601 2584 1687 2643 vi-

92 2680 298 2741 detur
339 2685 562 2759 aperte
602 2680 854 2740 falsum.
891 2678 1161 2757 Sequela
1183 2679 1506 2757 probatur,
1539 2677 1686 2757 quia

91 2774 322 2834 media
370 2792 502 2833 non
542 2778 834 2833 amantur
861 2778 1116 2852 propter
1143 2772 1544 2833 intrinsecam
1575 2772 1685 2831 bo-

91 2868 398 2941 nitatem,
448 2866 560 2927 sed
601 2873 856 2946 propter
896 2866 1310 2927 extrinsecam
1339 2865 1685 2927 bonitatem

89 2960 275 3035 tinia,
327 2966 404 3022 ut
455 2978 531 3020 ex
575 2959 1004 3039 Metaphysica
1053 2977 1338 3039 suppono
1394 2978 1407 3018 :
1452 2958 1500 3019 si
1533 2976 1683 3039 ergo

90 3056 279 3115 Deus
305 3054 520 3114 omnia
557 3070 696 3133 quae
727 3062 1023 3134 operatur
1049 3054 1180 3116 vult
1207 3058 1274 3114 ut
1299 3052 1529 3126 media,
1557 3069 1684 3113 non

93 3147 245 3208 vult.
282 3147 396 3207 illa
428 3153 685 3226 propter
709 3147 1020 3208 internam
1050 3147 1415 3220 bonitatem,
1449 3146 1562 3207 sed
1590 3165 1685 3206 so-

91 3241 238 3301 lum
268 3246 533 3320 propter
567 3239 980 3301 extrinsecam
1003 3239 1351 3301 bonitatem
1376 3239 1538 3300 finis,
1570 3238 1684 3299 Mi-

89 3353 220 3393 nor
281 3339 502 3394 autem
553 3351 666 3394 seu
723 3332 962 3393 falsitas
1009 3333 1452 3412 consequentis
1501 3331 1682 3392 facile

90 3427 362 3488 ostendi
391 3431 623 3506 potest,
668 3432 803 3488 tum
847 3426 1172 3505 exemplis,
1211 3431 1347 3487 tum
1385 3425 1624 3487 ratione
1660 3443 1674 3484 :

93 3526 280 3580 amat
309 3519 483 3581 enim
505 3522 674 3580 Deus
697 3520 1016 3580 hominem
1039 3521 1282 3599 justum
1309 3524 1564 3598 propter
1592 3519 1683 3578 in·

89 3618 360 3674 ternam
391 3613 718 3692 justitiam,
749 3614 850 3673 vel
897 3612 1292 3673 sanctitatem
1324 3629 1518 3690 quam
1567 3611 1683 3670 ha-

89 3707 250 3780 bet,
285 3715 352 3767 et
385 3713 642 3786 propter
678 3708 848 3768 bona
887 3724 1080 3786 opera
1108 3724 1248 3784 quae
1294 3710 1584 3776 exercet3
1619 3707 1684 3764 et

91 3799 238 3860 vult
277 3799 433 3861 dare
475 3800 561 3860 illi
607 3800 867 3881 gloriam
911 3805 1169 3879 propter
1198 3799 1444 3871 merita,
1482 3803 1545 3858 et
1573 3815 1684 3857 vo-

94 3893 222 3954 luit
268 3912 594 3955 assumere
637 3895 846 3973 potius
874 3899 1164 3954 naturam
1188 3891 1460 3952 hominis
1491 3908 1682 3969 quam

95 3987 277 4066 equi,
313 3988 464 4066 quia
487 3977 807 4049 rationalis
835 3993 950 4059 est,
979 3992 1165 4065 atque
1197 3986 1281 4047 ita
1311 3989 1567 4064 propter
1591 3983 1680 4043 in-

94 4087 355 4142 ternam
390 4081 526 4159 ejus
569 4081 1062 4161 proportionem.
1119 4079 1296 4140 Ratio
1351 4095 1502 4138 vero
1559 4081 1674 4148 est,

93 4175 255 4254 quia
304 4175 476 4235 Deus
529 4193 673 4236 cum
730 4173 808 4235 sit
865 4173 1358 4252 perfectissimus
1379 4215 1396 4244 ,
1453 4187 1680 4230 unum-

93 4267 406 4346 quodque
440 4272 611 4328 amat
636 4273 823 4345 prout
851 4266 1122 4327 amabile
1163 4271 1288 4337 est;
1324 4263 1436 4324 sed
1464 4262 1676 4323 multae

95 4380 206 4422 res
234 4365 465 4422 creatae
494 4366 638 4422 sunt
665 4360 967 4420 amabiles
992 4362 1248 4440 propter
1275 4357 1676 4417 intrinsecam

98 4454 459 4516 honitatem
479 4499 494 4528 ,
550 4460 610 4514 et
657 4454 1004 4532 praesertim
1057 4471 1158 4513 res
1224 4448 1676 4511 intellectuales

99 4553 252 4607 sunt
281 4545 588 4606 amabiles
617 4551 872 4625 propter
896 4562 996 4616 se;
1024 4563 1196 4624 ergo.

185 4641 288 4701 18.
321 4639 777 4703 Intelleocuales
800 4643 1114 4702 meacm-as
1136 4639 1298 4700 Deus
1326 4641 1495 4700 amat
1518 4653 1676 4700 amo-

97 4751 168 4794 re
199 4731 515 4796 amicitioe.
545 4763 626 4778 -
645 4731 741 4792 Ad
764 4732 1038 4811 priorem
1073 4730 1528 4801 difficultatem,
1565 4729 1678 4788 ab·

101 4827 310 4886 solute
342 4823 680 4905 loquendo,
719 4823 1011 4904 neganda
1056 4829 1150 4885 est
1185 4823 1668 4902 consequentia;

97 4939 254 4979 nam
275 4920 416 4979 sine
444 4918 570 4980 ulla
584 4919 972 4980 dubitatione
1001 4916 1337 4977 dicendum
1364 4922 1458 4977 est
1477 4917 1673 4977 Deum

99 5031 324 5074 amare
365 5013 610 5092 aliquas
652 5017 974 5074 creaturas
1019 5028 1232 5071 amore
1281 5011 1566 5071 amicitiae
1614 5015 1676 5072 et

99 5106 588 5181 benevolentiae,
620 5104 874 5178 scilicet,
929 5105 1249 5165 creaturas
1285 5102 1676 5164 intellectua-

101 5199 223 5272 le8‚
261 5218 424 5279 quas
464 5218 544 5259 ex
567 5218 718 5261 vera
759 5197 1065 5259 charitate
1101 5196 1325 5276 diligit,
1351 5197 1532 5274 juxta
1559 5193 1624 5256 id
1657 5213 1670 5254 ε

103 5293 374 5374 Propter
428 5290 682 5354 nimiam
739 5291 1100 5355 charitatem
1145 5307 1266 5370 qua
1304 5288 1522 5351 dilectit
1567 5303 1676 5350 nos

102 5387 272 5448 Deus
316 5385 588 5464 (Ephes,
618 5385 692 5463 2)
711 5407 730 5459 ;
755 5390 820 5446 et
853 5384 1010 5445 illud
1038 5403 1053 5444 2
1082 5385 1246 5446 Deus
1279 5383 1556 5446 charitas
1588 5385 1679 5445 est

103 5481 164 5556 (1
203 5480 387 5540 Joan.
419 5479 518 5558 4);
553 5483 618 5538 at
647 5478 916 5540 charitas
941 5477 1210 5542 amicitia
1241 5482 1357 5551 est,
1409 5481 1476 5536 ut
1521 5475 1677 5554 opti-

104 5591 212 5638 me
244 5571 460 5634 docuit
491 5573 568 5647 D.
601 5573 875 5637 Thomas
902 5575 963 5636 2.
1001 5573 1061 5646 2,
1107 5576 1326 5652 quoest.
1363 5571 1466 5644 23,
1495 5567 1672 5636 artic.

1768 722 1830 779 te
1884 718 1987 778 vel
2036 720 2376 798 voluptate,
2423 728 2493 781 ut
2534 721 2799 781 sumitur
2840 738 2916 781 ex
2973 720 3326 795 Aristotele,

1769 811 1808 872 8
1835 812 2137 889 Ethicor„
2166 832 2303 894 cap.
2336 816 2396 887 3,
2429 833 2558 875 non
2590 822 2801 875 tamen
2832 813 3104 875 excludit
3132 815 3332 875 ullum

1766 911 2123 983 respectum
2146 908 2245 967 vel
2268 908 2700 969 habitudinem
2730 907 2812 967 ad
2827 906 3116 983 alterum,
3142 926 3331 986 quem

1766 998 2103 1060 intrinseca
2132 1002 2289 1061 ratio
2334 1001 2679 1075 honestatis
2705 999 3000 1080 postulat,
3038 1006 3099 1059 et
3128 1000 3333 1078 potius

1769 1098 1862 1153 est
1894 1092 1975 1154 de
2022 1094 2261 1155 ratione
2302 1096 2588 1157 amicitioe
2631 1094 2794 1155 utin
2822 1094 3149 1154 honestate
3189 1092 3334 1152 fun-

1768 1184 1977 1262 detur,
2010 1188 2169 1249 sicut
2196 1188 2432 1249 ibidem
2459 1188 2873 1266 Philosophus
2902 1186 3073 1246 dixit.
3112 1188 3186 1247 Et
3216 1187 3333 1247 hac

1765 1281 2032 1355 ratione,
2055 1281 2198 1341 licet
2222 1282 2511 1343 homines
2538 1282 2704 1343 inter
2729 1298 2797 1341 se
2824 1298 2891 1341 se
2918 1286 3130 1341 ament
3158 1298 3336 1340 amo-

1768 1390 1838 1433 re
1878 1373 2190 1448 amicitiae,
2220 1392 2347 1435 non
2383 1380 2596 1437 tamen
2622 1374 2853 1435 debent
2884 1373 2965 1432 ab
2997 1372 3099 1432 illa
3130 1372 3335 1433 exclu-

1771 1464 1924 1527 dere
1950 1470 2304 1545 respectum
2337 1467 2419 1528 ad
2450 1468 2556 1529 Dei
2590 1467 2851 1543 gloriam
2896 1472 2957 1527 et
2984 1466 3329 1537 honorem:

1771 1576 1924 1619 nam
1972 1559 2092 1620 hoc
2142 1560 2379 1639 ipsein
2430 1560 2649 1640 seipsis
2696 1560 3144 1621 constituerent
3195 1558 3334 1618 ulti-

1769 1671 1944 1713 mum
1976 1654 2168 1715 finem
2216 1673 2343 1715 suae
2385 1654 2704 1728 amicitiae,
2755 1653 2927 1733 quod
2973 1657 3067 1713 est
3116 1658 3333 1713 contra

1771 1746 2208 1807 rectitudinem
2243 1748 2502 1809 rationis
2553 1753 2612 1808 et
2656 1748 3021 1808 honestatis
3071 1746 3225 1820 Imo,
3282 1745 3333 1806 si

1773 1840 2045 1900 amicitia
2079 1840 2156 1901 sit
2182 1841 2458 1919 perfecta
2488 1847 2550 1902 et
2580 1838 3093 1920 supernaturaliS,
3132 1838 3334 1918 qualis

1771 1951 1888 2012 per
1916 1934 2283 1996 charitatem
2318 1934 2481 1997 inter
2520 1936 2725 2015 justos
2768 1933 3184 2005 constituitur,
3236 1933 3335 1992 in-

1770 2026 2039 2088 trinsece
2078 2030 2142 2087 in
2166 2028 2406 2089 ratione
2438 2046 2551 2089 sua
2580 2027 2842 2088 includit
2867 2030 3224 2105 respectum
3252 2026 3335 2086 ad

1770 2122 1995 2194 Deum,
2027 2122 2206 2201 cujus
2236 2122 2568 2201 singularis
2614 2121 3005 2201 participatio
3050 2125 3145 2181 est
3196 2120 3327 2199 ipsa

1771 2216 2060 2277 charitas.
2105 2216 2204 2277 Sic
2238 2217 2445 2297 igitur,
2481 2216 2765 2295 quamvis
2790 2218 2960 2277 Deus
3000 2217 3168 2275 amet
3196 2231 3331 2274 om-

1769 2326 1916 2369 nem
1956 2316 2308 2369 creaturam
2334 2355 2349 2382 ‚
2405 2311 2594 2371 etiam
2634 2308 3004 2371 rationalem
3035 2353 3050 2381 ,
3092 2313 3159 2368 ut
3206 2325 3336 2367 me-

1769 2400 1943 2463 dium
1980 2403 2063 2463 ad
2092 2420 2270 2463 suam
2302 2404 2589 2483 gloriam,
2636 2410 2697 2465 et
2743 2403 2822 2463 ad
2868 2420 3047 2463 suam
3084 2400 3335 2479 sapien-

1769 2495 1919 2556 tiam
1957 2501 2020 2556 et
2054 2496 2175 2557 alia
2209 2497 2507 2558 attributa
2549 2496 3039 2565 manifestanda,
3086 2494 3207 2555 hoc
3244 2494 3331 2553 ni-

1767 2587 1855 2649 hil
1898 2589 2103 2649 obstat
2140 2590 2475 2669 quominus
2517 2596 2838 2652 creaturas
2883 2588 3333 2650 intellectuales

1768 2687 1937 2744 amet
1990 2702 2201 2745 amore
2243 2683 2695 2745 benevolentiae·
2742 2690 2803 2745 et
2850 2683 3162 2755 amicitioe3
3196 2681 3334 2741 nul-

1765 2776 1894 2837 lam
1930 2777 2100 2837 enim
2146 2794 2223 2836 ex
2254 2777 2343 2837 eis
2384 2777 2719 2839 utilitatem
2757 2776 2872 2837 sibi
2906 2776 3146 2855 quierit,
3180 2794 3332 2836 nam

1765 2870 2075 2929 bonorum
2126 2874 2481 2930 nostrorum
2538 2888 2667 2930 non
2741 2868 3000 2947 indiget.
3074 2870 3332 2945 Propter

1766 2961 1937 3041 quod
1964 2962 2212 3023 dicebat
2250 2963 2524 3023 Christus
2564 2981 2577 3023 :
2632 2960 2782 3026 Cum
2822 2960 3082 3039 feceritis
3130 2962 3331 3023 omnia

1765 3074 1899 3138 quoe
1929 3060 2237 3139 ματερία
2290 3061 2435 3119 suut
2463 3056 2651 3130 voluis,
2704 3055 2885 3119 dicite
2911 3081 2933 3114 .·
2970 3054 3155 3119 Servi
3195 3056 3331 3117 imc-

1767 3151 1906 3213 tiles
1948 3168 2159 3213 sumus
2190 3149 2381 3226 (Luc.
2418 3149 2812 3230 17).1taque
2862 3149 3137 3210 sistendo
3170 3148 3331 3208 intra

1765 3242 2076 3303 rationem
2108 3242 2275 3302 utilis
2306 3260 2417 3302 seu
2447 3241 2782 3313 commodi,
2816 3241 2947 3302 vult
2963 3242 3131 3302 Deus
3162 3257 3331 3301 crea—

1764 3341 1920 3396 turae
1964 3334 2372 3396 intellectuali
2400 3335 2640 3395 bonum
2670 3340 2925 3414 propter
2978 3336 3177 3416 ipsam
3201 3379 3216 3406 ,
3265 3333 3331 3394 id

1765 3434 1881 3502 est,
1903 3434 2161 3508 propter
2191 3429 2329 3507 ejus
2361 3427 2650 3499 salutem,
2682 3427 3159 3502 beatitudinem,
3182 3431 3327 3500 etc.,

1763 3539 1904 3598 quae
1934 3521 2144 3581 omnia
2192 3520 2256 3580 in
2296 3521 2553 3581 alterius
2591 3520 2680 3580 rei
2714 3521 3043 3582 utilitatem
3075 3526 3134 3581 et
3165 3537 3330 3581 com-

1762 3614 2022 3674 modum
2051 3631 2178 3675 non
2207 3613 2438 3674 refert:
2473 3619 2537 3674 et
2563 3613 2705 3675 ideo
2736 3613 2839 3673 illa
2869 3619 2962 3674 est
2986 3599 3237 3693 propria
3269 3619 3331 3674 et

1765 3707 2041 3785 perfecta
2068 3705 2529 3766 benevolentia.
2554 3706 2733 3778 Quod
2761 3707 2813 3767 si
2844 3725 2917 3767 ex
2944 3714 3123 3785 parte
3152 3723 3331 3767 crea·

1763 3805 1918 3860 turae
1966 3799 2346 3878 respondeat
2384 3799 2631 3860 debitus
2694 3817 2769 3860 ac
2823 3799 3330 3878 proportionatus

1764 3909 1979 3963 amor,
2017 3893 2132 3953 erit
2188 3893 2375 3952 etiam
2429 3892 2738 3954 amicitiae.
2769 3893 2879 3953 Cui
2924 3891 3079 3952 nihil
3126 3892 3331 3954 obstat

1764 3984 1935 4063 quod
1977 3985 2141 4044 Deus
2177 3984 2256 4044 ad
2299 4003 2367 4046 se
2415 3983 2647 4046 referat
2686 3990 2883 4046 totum
2915 3984 3066 4044 illud
3094 3985 3330 4045 bonum

1759 4077 2199 4138 intellectualis
2246 4083 2567 4151 creaturae,
2612 4079 2799 4140 etiam
2844 4083 3140 4138 aeternam
3178 4077 3331 4138 bea-

1759 4169 2091 4232 titudinem
2122 4171 2279 4250 ejus,
2313 4171 2458 4251 quia
2494 4189 2623 4231 non
2651 4172 2845 4232 refert
2890 4172 2969 4232 ad
3019 4189 3109 4245 se,
3142 4171 3206 4232 id
3237 4179 3330 4234 est

1760 4265 1843 4325 ad
1898 4283 2083 4324 suum
2128 4264 2529 4324 commodum
2562 4269 2625 4324 et
2670 4264 3028 4337 utilitatem,
3078 4265 3190 4325 sed
3248 4265 3329 4326 ad

1761 4356 2026 4436 gloriam
2058 4361 2121 4417 et
2138 4357 2443 4418 honorem
2471 4356 2588 4416 sibi
2618 4357 2922 4432 debitum,
2939 4363 3009 4418 ut
3033 4375 3327 4435 supremo

1759 4450 2021 4524 auctori,
2053 4455 2113 4510 et
2137 4450 2245 4509 fini
2270 4450 2488 4510 ultimo
2521 4449 2663 4510 talis
2693 4456 3014 4522 creaturae,
3044 4468 3167 4528 quo
3199 4467 3326 4509 non

1757 4544 1961 4624 potuit
1992 4543 2268 4622 seipsum
2292 4543 2579 4623 privare,
2596 4563 2743 4605 cum
2768 4549 3088 4623 respectus
3114 4542 3214 4604 ille
3246 4542 3329 4603 ad

1759 4637 2212 4717 perfectionem
2274 4643 2337 4698 et
2389 4636 2786 4699 honestatem
2844 4636 2983 4698 talis
3040 4636 3327 4696 amicitiai

1757 4731 2153 4793 necessarius
2185 4731 2285 4792 sit.

1834 4823 2131 4889 Amicitia
2157 4825 2272 4888 Dei
2299 4827 2383 4889 ad
2404 4831 2739 4902 oreatwras,
2769 4831 2997 4904 quanta
3018 4833 3077 4888 et
3099 4824 3322 4906 qualis.

1753 4950 1835 4964 -—
1862 4917 2187 4991 Quocirca,
2222 4919 2363 4980 licet
2387 4919 2551 4979 Deus
2578 4937 2653 4979 ex
2674 4917 2914 4979 infinita
2938 4918 3324 4998 benignitate

1755 5011 2025 5072 voluerit
2057 5010 2420 5090 hujusmodi
2450 5011 2785 5070 amicitiam
2834 5028 2976 5070 cum
3022 5011 3325 5072 creaturis

1757 5101 2285 5164 intellectualibus
2334 5103 2902 5176 contrahere,'non
2930 5109 3141 5164 tamen
3186 5122 3323 5164 esse

1755 5196 1959 5276 potuit
2010 5215 2155 5258 cum
2184 5197 2564 5276 aequalitate,
2619 5203 2689 5258 ut
2731 5197 2921 5257 etiam
2960 5196 3324 5258 Aristoteles

1758 5290 2033 5369 agnovit,
2065 5293 2106 5352 9
2131 5291 2356 5365 Ethie„
2388 5308 2525 5369 cap.
2558 5293 2655 5362 10,
2690 5289 2837 5368 quia
2863 5289 2969 5350 illa
2999 5289 3337 5368 aequalitas,

1759 5383 2073 5462 majestati
2130 5383 2352 5444 divinae
2402 5388 2748 5462 repugnat3
2802 5381 2913 5442 sed
2967 5383 3320 5442 necessario

1760 5492 1898 5536 esse
1931 5475 2151 5538 debuit
2172 5474 2443 5558 amicitia
2477 5474 2877 5536 excellentior
2912 5492 2994 5535 ex
3014 5480 3191 5554 parte
3220 5493 3323 5534 ex-

1757 5568 1965 5644 tremi,
1993 5557 2145 5630 nam‘
2188 5565 2271 5630 ad
2316 5569 2535 5640 Deum,
2564 5573 2634 5629 ut
2670 5567 2753 5628 ad
2779 5567 2969 5630 finem
3002 5567 3313 5640 ultimum,
