3850 6225
501 375 620 438 562

499 484 675 560 patet
704 480 746 541 l.
781 482 806 542 1
851 485 1016 542 cont.
1051 481 1256 557 Gent„
1289 500 1430 563 cap.
1461 485 1562 558 93,
1591 488 1655 544 et
1683 482 1746 544 in
1773 485 1836 556 2,
1864 482 1926 543 d.
1961 483 2063 556 27,

499 573 739 636 articul.
781 575 839 634 3.
883 571 1080 646 Quam
1111 576 1486 638 sententiam
1535 575 1864 638 confirmat
1906 579 1933 636 1
1970 594 2063 655 p.,

499 673 718 748 quaest.
748 670 848 740 21,
881 675 998 730 art.
1033 674 1090 729 1.
1123 669 1306 732 Citari
1348 677 1560 732 antem
1605 670 1762 730 solet
1793 671 2065 750 Capreo-

497 761 620 834 lus,
641 761 810 842 quod
835 761 1054 824 dixerit
1079 763 1150 824 D.
1175 765 1480 838 Thomam
1507 769 1874 826 retractasse
1903 765 2064 824 banc

497 856 896 929 sententiam,
915 862 1220 935 quantum
1241 857 1321 918 ad
1343 857 1790 937 proprietatem
1805 857 2061 936 justitias

499 947 924 1009 distributivae.
955 947 1080 1010 Sed
1107 967 1224 1010 nec
1251 950 1321 1009 D.
1351 951 1624 1011 Thomas
1651 950 1718 1010 id
1747 949 1914 1022 fecit,
1942 967 2062 1016 nec

496 1043 834 1121 Capreolus
861 1043 1026 1104 dicit.
1055 1043 1234 1117 Nam,
1257 1044 1430 1123 quod
1459 1046 1520 1104 in
1553 1047 1610 1106 1.
1643 1047 1704 1118 2,
1727 1046 2057 1121 quoestion.

501 1138 639 1211 114,
671 1137 845 1198 artic.
881 1140 939 1210 1,
972 1137 1042 1197 D.
1073 1137 1345 1198 Thomas
1387 1137 1558 1214 dici-t,
1594 1139 1658 1199 in
1703 1137 2062 1202 hominibus

495 1247 626 1290 non
667 1249 806 1292 esse
838 1231 1146 1310 justitiam
1187 1229 1548 1310 simpliciter
1591 1237 1882 1312 respectu
1917 1233 2055 1308 Dei,

493 1341 622 1384 non
651 1330 746 1384 est
774 1324 962 1404 priori
997 1323 1293 1386 doctrinae
1333 1325 1749 1399 contrarium3
1777 1342 1929 1386 nam
1954 1323 2061 1386 illa

492 1417 820 1494 particula,
843 1417 1226 1497 simpliciter,
1255 1435 1384 1478 non
1413 1417 1686 1480 excludit
1712 1417 2062 1498 proprieta-

493 1515 624 1570 tem
661 1515 724 1570 et
761 1511 1084 1572 veritatem
1121 1511 1406 1590 justitiae,
1437 1511 1550 1573 sed
1600 1511 1873 1574 excludit
1913 1529 2061 1574 eum

477 1602 767 1682 rigorem
816 1603 1092 1682 justitiae,
1155 1605 1260 1684 qui
1327 1605 1594 1686 gratiam
1639 1605 1914 1684 aliquam
1959 1603 2061 1668 vel

493 1697 973 1775 promissionem
1027 1697 1166 1775 ejus
1213 1717 1342 1760 non
1382 1698 1830 1778 praesupponit,
1887 1698 2059 1778 quod

494 1797 666 1870 patet
707 1809 786 1852 ex
824 1791 942 1852 illis
977 1791 1183 1852 verbis
1215 1809 1228 1852 ε
1263 1793 1560 1856 Meritum
1597 1791 1853 1854 hominis
1895 1793 2067 1874 apud

495 1885 686 1950 ,Deum
711 1901 830 1946 non
867 1901 992 1948 esse
1015 1890 1240 1964 potest.
1269 1886 1394 1948 nisi
1429 1886 1752 1949 seeundum
1783 1903 2061 1967 pra-sup-

486 1977 846 2058 positionem
875 1978 1096 2040 divinoe
1123 1977 1542 2040 ordinationis.
1569 1979 1662 2040 Ex
1697 1979 1816 2040 hac
1841 1982 2058 2040 tamen

491 2069 1065 2150 praesuppositione,
1101 2089 1228 2132 non
1265 2078 1460 2151 negat
1488 2075 1562 2134 D.
1599 2072 1872 2134 Thomas
1907 2073 2059 2134 oriri

489 2181 676 2242 posse
705 2180 920 2226 veram
951 2170 1014 2226 et
1043 2163 1362 2244 propriam
1383 2165 1708 2245 justitiam.
1739 2166 1810 2228 In
1839 2168 1874 2228 3
1902 2183 2057 2228 vero

490 2263 692 2336 parte,
725 2275 786 2336 q.
821 2260 882 2330 1,
913 2263 1028 2318 art.
1063 2259 1124 2331 2,
1148 2258 1366 2337 juncta
1396 2259 1636 2320 ratione
1671 2258 1888 2322 ultima
1917 2277 2059 2322 cor-

489 2351 658 2431 poris
713 2351 954 2410 articuli
1003 2369 1148 2410 cum
1197 2352 1503 2414 solutione
1554 2352 1635 2413 ad
1681 2353 2052 2428 secundum,

489 2445 660 2506 clare
703 2445 890 2506 sentit
935 2444 1100 2506 inter
1149 2445 1458 2508 Christum
1499 2451 1563 2508 et
1611 2447 1814 2508 Deum
1863 2447 2055 2508 fuisse

484 2538 788 2618 justitiam
815 2537 1206 2618 simplic-item
1235 2539 1382 2617 quia
1407 2539 1492 2600 ibi
1523 2557 1598 2600 ex
1629 2545 1806 2620 parte
1831 2539 2057 2602 Christi

490 2631 662 2694 nulla
683 2631 798 2692 fuit
817 2631 1015 2711 gratia
1035 2633 1508 2713 praesupposita,
1527 2649 1668 2712 ques
1694 2633 1812 2714 ipsi
1833 2633 2057 2696 Christi

491 2724 894 2786 satisfacienti
933 2731 996 2788 et
1036 2728 1302 2788 merenti
1347 2727 1598 2806 proprie
1637 2733 1700 2789 et
1737 2727 1804 2788 in
1845 2728 2055 2808 rigore

485 2820 650 2882 facta
677 2821 886 2882 fuerit.
918 2822 1251 2899 Nunquam
1281 2839 1432 2902 ergo
1461 2823 1536 2882 D.
1560 2822 1833 2884 Thomas
1859 2840 2057 2903 nega·

485 2915 575 2976 vit
615 2914 822 2994 (quod
869 2914 1082 2976 multis
1125 2914 1280 2976 locis
1325 2931 1618 2994 expresse
1665 2915 1914 2994 docuit)
1948 2915 2057 2977 ali-

485 3027 677 3089 quam
723 3027 936 3072 veram
980 3014 1043 3070 et
1085 3008 1416 3070 formalem
1455 3009 1762 3088 justitiam
1807 3027 1947 3072 esse
1989 3009 2055 3072 in

485 3104 642 3177 Deo,
675 3107 739 3167 et
767 3103 1109 3184 prasertim
1138 3102 1616 3166 distributivam.

570 3200 670 3261 34.
706 3197 895 3260 Addit
918 3216 1068 3259 vero
1099 3198 1438 3277 Capreolus
1465 3198 1532 3259 in
1557 3199 1622 3273 2,
1647 3198 1790 3261 dist.
1821 3201 1925 3273 27,
1952 3216 2055 3260 ar-

487 3294 592 3354 tic.
623 3294 683 3366 3,
713 3292 796 3353 ad
827 3297 888 3369 1,
925 3292 1096 3371 quod
1125 3294 1196 3353 D.
1225 3292 1522 3367 Thomas,
1553 3292 1864 3374 prioribus
1897 3294 2053 3356 locis

487 3386 568 3449 de
597 3388 1040 3447 commutativa
1065 3404 1300 3465 negare
1327 3386 1496 3447 visus
1527 3392 1642 3459 est,
1665 3387 1733 3447 iu
1755 3388 2057 3467 posterio—

487 3481 662 3541 ribus
695 3479 1066 3541 emendasse
1095 3480 1194 3541 vel
1221 3480 1591 3541 declarasse.
1613 3480 1772 3541 Nam
1802 3479 2057 3560 quando

493 3580 680 3655 negat
699 3572 966 3653 (inquit)
997 3574 1160 3634 inter
1187 3574 1384 3634 Deum
1413 3578 1478 3633 et
1499 3578 1852 3635 creaturam
1869 3591 2057 3654 posse

491 3686 630 3729 esse
644 3666 946 3747 justitiam
969 3666 1497 3742 commutativam,
1515 3666 1872 3727 considerat
1885 3684 2059 3727 crea·-

493 3768 693 3823 turam
737 3780 850 3821 seu
885 3760 1205 3822 hominem
1243 3766 1306 3822 et
1347 3760 1624 3823 actiones
1665 3761 1803 3840 ejus
1829 3776 2057 3822 secun-

489 3858 642 3919 dum
683 3854 968 3935 proprias
993 3853 1178 3927 vires,
1211 3859 1274 3915 et
1301 3853 1652 3915 secundum
1675 3852 1956 3915 valorem
1994 3858 2059 3917 et

491 3950 832 4013 efficaciam
862 3966 1052 4028 quam
1081 3966 1158 4009 ex
1199 3964 1266 4008 se
1301 3947 1536 4009 habere
1565 3953 1770 4027 potest
1797 3946 1880 4009 ad
1903 3946 2057 4008 obli-

489 4044 768 4123 gaudum
807 4044 1008 4103 Deum
1051 4058 1128 4102 ex
1161 4039 1432 4119 justitia;
1469 4047 1534 4103 at
1573 4058 1724 4103 vero
1767 4040 2059 4103 conside-

491 4138 692 4200 rando
719 4142 930 4199 actum
969 4134 1262 4207 hominis,
1305 4141 1493 4214 prout
1531 4139 1628 4195 est
1673 4154 1750 4196 ex
1776 4136 2057 4197 motione

495 4232 758 4312 Spiritus
799 4230 1033 4300 Sancti,
1065 4236 1128 4289 et
1155 4246 1232 4289 ex
1260 4228 1481 4308 gratia,
1513 4228 1704 4289 habet
1739 4227 2059 4306 aeqnalita-

493 4334 620 4389 tem
665 4342 810 4387 cum
839 4324 1116 4403 proemio.
1164 4324 1238 4384 Et
1283 4324 1450 4395 ideo,
1487 4342 1564 4385 ex
1605 4322 1914 4383 sententia
1945 4323 2060 4383 Ca-

493 4418 690 4500 preoli
721 4420 810 4478 sic
844 4416 1310 4496 interpretantis
1347 4417 1420 4477 D.
1451 4416 1781 4489 Thomam,
1806 4416 1874 4477 in
1897 4434 2062 4499 pra·-

493 4511 778 4575 natatione
799 4516 972 4574 actus
999 4511 1300 4573 medion-ii
1329 4514 1611 4573 servatur
1619 4508 1880 4589 justitia
1903 4526 2061 4572 com-

492 4606 817 4677 minativa,
845 4622 964 4665 own
999 4604 1194 4665 solum
1229 4604 1552 4665 seeundum
1579 4600 1746 4684 quid,
1773 4604 1882 4667 sed
1909 4604 2055 4665 εὑη-

489 4700 738 4781 pliciter
748 4724 774 4772 ;
799 4715 926 4758 non
953 4702 1161 4757 tamen
1188 4702 1525 4777 propterea
1553 4694 1942 4757 excludenda
1966 4702 2061 4759 est

495 4792 908 4868 distributiva,
945 4798 1011 4851 ut
1031 4792 1166 4871 jam
1199 4789 1531 4852 declaravi.
1563 4790 1694 4871 Ego
1723 4794 1958 4863 autem,
1990 4796 2061 4852 ut

493 4904 712 4947 verum
733 4884 954 4957 fatear,
977 4902 1108 4944 non
1125 4883 1376 4945 invenio
1396 4884 1482 4944 ita
1504 4900 1798 4963 expresse
1821 4882 2055 4945 dictum

495 4998 532 5040 a
555 4980 628 5041 D.
655 4980 922 5051 Thoma,
941 4978 1104 5039 inter
1121 4995 1238 5037 nos
1257 4980 1320 5039 et
1343 4974 1544 5039 Deum
1571 4994 1710 5038 esse
1737 4976 2055 5056 propriam

495 5072 1006 5135 commutativam
1030 5070 1356 5151 justitiam,
1389 5070 1528 5132 licet
1549 5070 1614 5131 in
1643 5072 1706 5131 Ξ.
1737 5071 1799 5141 2,
1827 5074 2049 5149 quaest.

490 5168 593 5243 61,
628 5174 744 5229 art.
777 5168 838 5238 4,
871 5164 953 5226 ad
983 5168 1042 5237 1,
1071 5163 1258 5235 dicat,
1288 5164 1358 5226 ia
1383 5163 1584 5225 divino
1597 5164 1837 5243 judicio
1861 5168 2057 5227 atten-

493 5262 556 5323 di
581 5263 880 5324 rationem
913 5257 1354 5321 commutatam·
1361 5256 1660 5333 ,πιπτέτω
1673 5264 1860 5337 prout
1881 5256 2054 5319 mli·

489 5360 579 5417 cet
619 5356 1030 5435 recompensat
1062 5348 1324 5432 praemia
1363 5348 1622 5421 meritis,
1655 5352 1713 5412 et
1748 5348 2055 5429 supplicia

480 5448 770 5531 peccatis.
803 5444 948 5519 Quae
980 5444 1172 5504 verba
1206 5441 1418 5503 favent
1449 5440 1761 5523 praedictae
1800 5446 2053 5503 senten

485 5542 616 5616 tzoe,
645 5541 879 5605 habere
907 5546 1122 5603 tamen
1157 5542 1422 5619 possunt
1447 5534 2049 5619 interpretationem,

1457 383 1667 436 OPUSC.
1703 383 1786 437 Vl.
1823 381 2191 436 DISPUTATIO
2224 383 2305 438 DE
2334 383 2607 438 susum
2642 383 2765 436 nst.

2148 490 2217 546 ut
2244 481 2407 546 infra
2432 484 2735 560 dicemus,
2764 483 3011 562 agendo
3040 483 3119 544 de
3137 481 3384 563 justitia
3410 478 3711 560 punitiva.

2146 578 2217 638 In
2246 580 2285 639 3
2314 597 2461 641 vero
2490 585 2691 657 parte,
2714 595 2776 657 q.
2808 578 2911 650 85,
2934 594 3049 654 per
3076 579 3301 648 totam,
3332 573 3497 636 satis
3518 572 3718 632 decla-
3835 567 3836 596 ³

2144 676 2247 733 rat
2278 671 2347 732 in
2382 671 2801 734 satisfactione
2840 675 3051 732 nostra
3081 687 3233 746 erga
3283 671 3495 730 Deum
3538 666 3717 726 inter-

2142 765 2359 826 venire
2398 765 2705 844 justitiam
2752 763 3305 834 commutativam;
3353 762 3529 821 hane
3576 777 3715 820 vero

2144 877 2285 922 esse
2316 858 2745 938 imperfectam
2784 877 2865 920 ex
2892 863 3069 937 parte
3094 860 3335 929 nostra,
3366 855 3523 935 quia
3550 853 3717 914 deest
3835 867 3836 914 i

2142 951 2491 1032 aequalitas.
2526 953 2679 1014 Cum
2704 971 2856 1032 ergo
2886 953 2951 1013 in
2980 951 3169 1030 priori
3196 949 3341 1012 loco
3364 949 3507 1028 jam
3536 947 3715 1008 citato
3835 957 3836 1014 ξ

2140 1047 2307 1108 hanc
2326 1047 2749 1125 aequalitatem
2766 1051 2965 1125 ponat
2980 1044 3045 1105 in
3066 1043 3505 1105 satisfactione
3526 1039 3716 1100 Chris-
3835 1047 3836 1122 ζ

2142 1141 2212 1211 ti,
2244 1145 2307 1202 et
2334 1140 2483 1203 inde
2520 1139 2855 1204 concludat
2894 1157 3034 1201 esse
3082 1137 3454 1218 simpliciter
3492 1139 3560 1196 et
3586 1151 3713 1213 per-
3835 1129 3836 1216 Τ

2138 1233 2301 1296 fecte
2325 1234 2584 1313 justam,
2616 1233 2803 1314 plane
2845 1233 3033 1296 sentit
3060 1249 3247 1312 posse
3272 1230 3567 1307 aliquam
3586 1229 3712 1306 jus-
3835 1223 3836 1226 ’

2138 1327 2339 1390 titiam
2360 1327 2869 1388 commutativam
2888 1343 3105 1388 veram
3124 1331 3186 1386 et
3206 1323 3563 1404 perfectam
3578 1337 3711 1382 esse

2142 1419 2315 1500 apud
2340 1421 2565 1492 Deum,
2594 1419 2857 1482 seclusis
2892 1415 3505 1499 imperfectionibus.
3542 1413 3709 1475 Unde
3835 1405 3836 1484 ᾗ

2142 1513 2351 1592 potius
2380 1512 2687 1588 existimo,
2713 1511 2969 1593 quando
2994 1511 3133 1573 aliis
3156 1510 3313 1572 locis
3338 1510 3419 1570 D.
3446 1508 3711 1570 Thomas
3835 1515 3836 1590 j

2141 1607 2229 1668 ita
2254 1606 2550 1686 loquitur,
2578 1612 2653 1668 ut
2686 1606 2973 1668 absolute
3003 1610 3197 1685 neget
3232 1605 3373 1666 Deo
3410 1601 3711 1682 justitiam

2142 1703 2650 1765 commutativam
2668 1747 2687 1774 ,
2750 1701 3033 1762 humano
3092 1717 3209 1761 seu
3277 1697 3710 1777 philosophico

2138 1795 2331 1858 modo
2356 1795 2438 1858 de
2456 1795 2697 1876 justitia
2720 1794 3164 1856 commutativa
3186 1792 3389 1854 fuisse
3410 1791 3707 1861 locutum.

2138 1898 2210 1954 ut
2235 1892 2400 1954 inter
2426 1891 2715 1954 homines
2744 1890 3080 1962 invenitur,
3102 1905 3247 1950 cum
3272 1905 3355 1948 eo
3372 1886 3593 1966 rigore
3614 1887 3711 1961 qui
3835 1897 3836 1950 l

2136 1984 2677 2066 imperfectionem
2714 1983 2991 2055 involv-it,
3026 1989 3093 2043 ut
3130 1999 3323 2060 supra
3372 1979 3714 2042 declarari·
3835 2029 3836 2074 ἒ

2138 2097 2311 2152 mus;
2340 2095 2467 2139 non
2496 2083 2710 2140 tamen
2739 2075 3091 2140 seeundum
3126 2074 3305 2136 illum
3334 2079 3713 2152 conceptum
3835 2103 3836 2134 3

2134 2187 2539 2234 communem
2558 2168 3064 2232 commutationis
3082 2185 3195 2230 seu
3216 2167 3563 2228 solutionis
3580 2183 3713 2243 pro-
3835 2151 3836 2230 ζ

2136 2266 2255 2346 prii
2270 2267 2433 2346 juris
2458 2271 2519 2328 et
2540 2265 2759 2338 debiti,
2796 2281 2943 2326 cum
2976 2263 3333 2342 aequalitate
3354 2262 3453 2324 rei
3476 2261 3561 2322 ad
3586 2279 3709 2322 rem

2138 2377 2251 2421 seu
2283 2359 2543 2421 actionis
2572 2358 2655 2419 ad
2690 2355 3073 2428 mercedem,
3112 2357 3179 2416 in
3208 2374 3338 2435 quo
3388 2355 3571 2416 nulla
3606 2355 3710 2414 im-

2134 2450 2437 2530 perfectio
2461 2449 2817 2513 involvitnr.
2844 2451 2920 2512 Et
2944 2451 3011 2510 in
3036 2451 3159 2512 hoc
3186 2448 3527 2512 constituit
3550 2447 3709 2508 diffe-

2136 2545 2405 2606 rentiam
2420 2543 2585 2606 inter
2600 2544 3111 2606 commutativam
3130 2548 3195 2604 et
3208 2541 3703 2612 distributivam3

2135 2654 2287 2698 nam
2323 2636 2735 2712 distributiva,
2768 2636 2956 2698 etiam
3002 2642 3193 2716 prout
3230 2636 3299 2697 in
3350 2633 3705 2696 hominibus

2136 2737 2253 2807 est,
2290 2729 2635 2792 formaliter
2682 2749 2811 2792 non
2854 2729 3117 2792 includit
3164 2728 3705 2808 imperfectionem

2136 2831 2209 2886 ut
2234 2823 2383 2888 satis
2410 2823 2887 2888 declaravimus.
2912 2825 3063 2886 Dico
3083 2829 3303 2886 antem
3328 2822 3703 2900 formaliter,

2138 2917 2285 2998 quia
2312 2917 2715 2980 materialiter
2742 2917 3003 2979 includit
3030 2915 3587 2996 imperfectionem
3610 2915 3709 2973 ha·
3772 2950 3780 2956 -

2136 3011 2327 3084 bitus,
2356 3011 2455 3072 vel
2484 3017 2661 3074 actus
2690 3010 2882 3072 creati
2929 3016 2993 3072 et
3018 3009 3299 3082 limitati;
3330 3008 3515 3088 quod
3554 3025 3707 3068 com-
3835 3055 3836 3094 3

2134 3121 2327 3167 mune
2350 3107 2447 3167 est
2464 3105 2755 3167 omnibus
2774 3103 3267 3185 perfectionibus
3290 3100 3703 3183 simplicibus,

2132 3204 2321 3279 prout
2347 3198 2411 3260 in
2436 3197 2742 3261 creaturis
2758 3198 3185 3277 reperiuntur.
3276 3226 3287 3238 ·

2214 3293 2315 3355 35.
2358 3290 2595 3353 Eodem
2620 3290 2754 3352 fere
2782 3291 2971 3352 modo
2992 3291 3343 3370 loquuntur
3366 3294 3707 3351 sectatores
3835 3312 3836 3355 ξ

2134 3386 2209 3447 D.
2244 3385 2527 3459 Thomas,
2558 3388 2629 3446 ut
2656 3382 2737 3445 de
2764 3382 3067 3464 Capreolo
3101 3383 3237 3463 jam
3268 3382 3577 3453 vidimus,
3606 3381 3709 3460 qni
3835 3390 3836 3451 ς

2134 3479 2305 3541 idem
2332 3477 2523 3539 habet
2549 3478 2613 3539 in
2660 3481 2719 3551 1,
2752 3476 2897 3540 dist.
2926 3478 3028 3553 45,
3084 3482 3308 3557 quast.
3355 3480 3419 3549 1,
3468 3483 3594 3537 art.
3650 3479 3703 3547 1,

2136 3572 2337 3634 conci.
2372 3574 2470 3645 14,
2500 3588 2695 3651 quem
2718 3569 2927 3633 locum
2966 3572 3099 3650 ipse
3139 3577 3365 3650 postea
3394 3570 3465 3634 in
3494 3587 3705 3631 secun·

2136 3664 2218 3727 do
2246 3663 2605 3727 declaravit.
2632 3663 2807 3725 idem
2832 3669 3006 3725 tenet
3026 3663 3395 3742 Cajetanus,
3438 3666 3467 3724 1
3520 3669 3701 3741 part..
3835 3704 3836 3727 2

2137 3776 2201 3839 q.
2232 3761 2335 3831 21,
2364 3764 2482 3819 art.
2512 3760 2572 3831 1,
2606 3762 2669 3819 et
2708 3759 2769 3819 2.
2802 3759 2863 3829 2,
2892 3764 3118 3837 quaest.
3148 3759 3253 3831 61,
3283 3764 3409 3819 art.
3438 3760 3507 3830 4,
3548 3756 3705 3817 cirea
3835 3772 3836 3777 ¹

2138 3852 2221 3915 ad
2255 3856 2281 3913 1
2312 3870 2328 3925 ;
2356 3850 2737 3913 Feri-ariana.
2772 3855 2801 3911 1
2838 3856 3005 3912 cont.
3034 3850 3245 3925 Gent„
3278 3869 3334 3911 c.
3368 3851 3487 3923 93;
3534 3850 3700 3920 Sota,

2134 3946 2243 4007 lib.
2280 3948 2318 4007 3
2358 3944 2439 4007 de
2482 3946 2671 4022 Just„
2706 3949 2925 4025 quaest.
2960 3948 3021 4017 5.
3068 3951 3187 4007 art.
3222 3944 3379 4016 ult..
3418 3950 3487 4006 et
3527 3944 3636 4005 lib.
3668 3946 3705 4005 3

2136 4040 2217 4101 de
2250 4040 2467 4101 Natur.
2500 4045 2563 4100 et
2594 4044 2783 4117 grat„
2812 4056 2954 4119 cap.
2988 4041 3063 4111 ·1;
3108 4044 3173 4100 et
3204 4038 3381 4105 idem
3406 4044 3590 4099 tenet
3612 4038 3705 4098 lti-

2136 4132 2428 4207 chardus,
2462 4132 2525 4193 in
2552 4134 2615 4205 4,
2646 4132 2790 4195 dist.
2832 4133 2935 4205 46,
2976 4136 3095 4193 art.
3138 4134 3197 4205 1,
3226 4136 3460 4210 quaest.
3496 4133 3561 4191 1.
3592 4129 3703 4189 Alii

2136 4242 2287 4287 vero
2316 4224 2707 4298 Scholastici,
2738 4224 2841 4286 vel
2884 4242 3019 4288 non
3046 4225 3197 4285 satis
3222 4223 3705 4286 conseerarunt

2136 4320 2413 4381 rationes
2438 4319 2999 4381 formalesharum
3024 4320 3326 4379 virtutum
3354 4318 3703 4381 secundum

2140 4430 2229 4487 se,
2264 4412 2378 4474 sed
2406 4412 2591 4474 nimis
2604 4412 3011 4475 materialiter
3026 4417 3213 4491 prout
3232 4418 3389 4472 sunt
3416 4412 3485 4473 in
3514 4412 3703 4473 homi·

2138 4506 2361 4578 nibus;
2398 4504 2495 4567 vel
2522 4512 2691 4567 eerte
2716 4505 3193 4567 considerarunt
3214 4510 3583 4567 ereaturam
3614 4522 3705 4565 se·

2140 4600 2421 4663 cundum
2448 4614 2517 4661 se
2540 4600 2811 4671 tamum,
2845 4604 2911 4658 et
2936 4614 3067 4661 non
3102 4604 3295 4677 prout
3330 4604 3701 4677 operantem

2141 4710 2217 4755 ex
2244 4693 2467 4774 gratia,
2500 4698 2565 4755 et
2602 4690 2723 4753 sub
2763 4692 3177 4771 promissione
3212 4698 3287 4753 et
3326 4698 3526 4771 paeto
3564 4710 3701 4753 cnm

2136 4786 2265 4848 Deo
2288 4786 2465 4849 inito.

2160 5040 2491 5107 Jutitiam
2552 5038 3007 5109 distributivam
3056 5038 3177 5105 Dei
3218 5038 3681 5122 missionem

2730 5150 3083 5217 supponere.

2214 5348 2514 5413 Rationes
2556 5347 2871 5411 dubitandi
2897 5362 3015 5429 pro
3054 5350 3318 5427 utraqu
3330 5350 3531 5425 pose
3548 5362 3683 5425 pro-

2128 5446 2460 5525 ponuntur.
2474 5426 2845 5505 ——Dubitari
2890 5454 3039 5501 vero
3076 5444 3289 5519 potest
3326 5455 3419 5497 an
3454 5436 3684 5515 justitia

2134 5534 2525 5599 distributiva
2568 5534 2683 5598 Dei
2719 5532 2803 5595 ad
2840 5538 3051 5595 actum
3092 5549 3288 5593 snum
3334 5529 3681 5593 necessario
