3850 6225
799 392 935 445 (tar.
965 393 1095 447 xxi.
1132 392 1521 449 occultm‘run
1554 394 1714 449 ALns
1746 393 2215 448 omncnommjs
2248 392 2512 459 commi,
2548 392 2682 447 mc,

160 492 519 555 hensionem
543 539 561 568 ,
595 493 691 556 vel
725 495 1033 575 judicium
1076 495 1427 557 intellectus
1456 542 1475 570 ,
1534 496 1705 575 quod

158 588 444 665 praevenit
490 588 895 661 voluntatem,
928 588 1351 651 determinare
1380 591 1549 651 illam
1591 609 1706 651 ne-

160 679 413 741 cessario
472 682 555 741 ad
584 701 829 754 unum;
880 684 1027 761 quia
1068 683 1223 742 alias
1262 683 1585 745 tolleretur
1633 684 1704 744 li-

158 770 373 843 bertaS,
402 778 473 833 ut
505 774 763 853 probavi
792 775 951 855 disp.
989 778 1065 838 19
1108 776 1411 855 Metaph.,
1446 783 1597 839 sect.
1636 779 1697 839 9.

160 865 455 925 Ponamus
520 886 669 946 ergo
726 868 999 947 aliquem
1058 874 1347 931 vocatum
1404 889 1547 931 cum
1598 871 1702 932 illo

156 957 325 1017 modo
356 958 827 1023 illuminationis
880 980 995 1023 seu
1048 963 1441 1043 cognitionis,
1474 964 1537 1023 in
1577 982 1703 1043 quo

156 1050 359 1111 dicitur
410 1053 655 1115 vocatio
706 1057 927 1117 efficax
964 1076 1263 1136 superare
1318 1058 1703 1119 inefficacem

155 1142 211 1202 in
256 1144 613 1207 hominibus
679 1147 833 1209 alias
887 1166 1067 1229 aeque
1106 1148 1454 1229 dispositis;
1504 1157 1567 1211 et
1602 1170 1705 1210 ar-

156 1242 473 1315 gumentor
512 1237 581 1299 in
606 1240 776 1302 hunc
802 1242 1099 1303 modum:
1134 1243 1341 1304 adhuc
1374 1243 1575 1321 posita
1594 1262 1703 1304 vo-

157 1330 377 1391 catione
426 1350 573 1393 cum
614 1332 723 1395 illo
768 1334 980 1409 modo,
1024 1335 1129 1397 ille
1166 1338 1258 1397 sic
1295 1336 1555 1397 affectus
1587 1354 1702 1415 po-

154 1428 261 1483 test
318 1425 659 1499 resistere3
710 1445 1021 1506 ponamus
1077 1446 1229 1505 ergo
1272 1429 1449 1491 illum
1506 1429 1698 1491 fuisse

154 1516 527 1590 restiturum,
550 1526 615 1580 et
634 1521 755 1582 hoc
774 1520 974 1583 Deum
998 1523 1379 1602 praescivisse
1406 1524 1470 1583 in
1502 1524 1700 1585 scien-

156 1609 227 1669 tia
258 1609 711 1687 conditionata;
740 1632 893 1675 nam
926 1616 1205 1693 possibili
1254 1617 1456 1695 posito
1502 1617 1567 1679 in
1606 1636 1701 1679 es-

155 1720 233 1769 se,
275 1703 517 1763 nullum
566 1706 853 1785 sequitur
910 1709 1338 1787 impossibi1e;
1374 1728 1525 1790 ergo
1580 1716 1701 1771 stat

154 1794 303 1855 illam
337 1796 736 1861 vocationem
774 1818 915 1861 cum
948 1801 1053 1863 illo
1093 1802 1283 1864 modo
1330 1821 1469 1864 esse
1500 1804 1703 1864 ineffi-

152 1907 381 1961 cacem;
440 1910 597 1970 ergo
640 1912 847 1974 neque
877 1896 981 1957 ille
1020 1897 1245 1958 modus
1294 1900 1444 1959 satis
1482 1902 1575 1959 est
1620 1897 1700 1957 ad

150 1982 447 2045 efficacem
473 1988 898 2062 vocationem,
928 2007 1047 2051 nec
1086 1990 1195 2053 ille
1224 1990 1429 2053 obstat
1460 1992 1700 2068 quomi-

152 2095 255 2135 nus
278 2076 377 2137 illa
424 2080 529 2139 vel
575 2080 696 2141 alia
748 2082 967 2143 similis
1018 2084 1097 2144 sit
1147 2083 1457 2145 inefficax.
1500 2087 1697 2165 Argu-

147 2177 405 2231 mentum
456 2190 643 2251 aeque
691 2176 909 2237 efficax
958 2176 1119 2237 sumi
1189 2184 1395 2257 potest
1446 2196 1523 2239 ex
1573 2178 1695 2241 alio

65 2296 67 2299 >
148 2270 446 2336 extremm
500 2285 655 2327 nam
680 2268 783 2329 ille
819 2268 1001 2343 alius,
1045 2270 1149 2349 qni
1192 2278 1449 2333 vocatus
1478 2271 1597 2333 fuit
1635 2278 1697 2333 et

150 2356 510 2419 illuminatus
558 2361 695 2422 sine
724 2361 829 2422 illo
872 2363 1083 2436 modu,
1113 2371 1346 2443 posset,
1388 2366 1441 2425 si
1484 2364 1691 2437 vellet,

148 2468 273 2509 cum
314 2450 417 2511 illa
446 2453 783 2515 vocatione
832 2456 1081 2535 operati
1132 2476 1277 2519 cum
1323 2458 1575 2535 effectu,
1612 2460 1699 2521 ita

149 2546 205 2599 ut
234 2542 394 2603 Deus
424 2544 489 2603 id
511 2548 878 2624 praescirem
915 2566 1065 2627 ergo
1094 2554 1305 2629 posset
1329 2551 1391 2612 in
1412 2552 1518 2613 illo
1558 2552 1699 2613 talis

150 2636 367 2696 vocatio
392 2656 531 2699 esse
564 2640 933 2720 efficaxjsine
959 2642 1063 2704 illo
1080 2644 1288 2704 modo.
1305 2643 1699 2705 Antecedens

147 2732 316 2804 patet,
347 2732 519 2809 quia,
564 2734 615 2793 si
652 2732 757 2795 ille
786 2734 1013 2797 modus
1042 2741 1136 2798 est
1184 2738 1575 2798 necessarius
1616 2737 1699 2798 ad

148 2823 632 2899 conversionem,
664 2846 809 2887 cum
846 2829 947 2891 ille
978 2848 1106 2890 non
1138 2828 1343 2903 detur,
1371 2849 1489 2891 nec
1518 2832 1595 2892 sit
1632 2832 1697 2891 in

150 2918 427 2991 potestate
440 2918 745 2995 hominis,
758 2940 947 3000 quem
964 2924 1309 3001 praevenire
1328 2924 1536 2998 debet,
1554 2924 1695 2985 talis

147 3010 363 3070 vocatio
385 3012 707 3076 sufficiens
736 3033 863 3076 non
892 3023 1023 3089 est3
1058 3022 1121 3077 et
1141 3017 1285 3078 ideo
1312 3018 1539 3079 mirum
1564 3036 1694 3079 non

149 3104 413 3182 estquod
441 3125 581 3168 non
622 3108 817 3186 possit
856 3128 995 3172 esse
1036 3111 1275 3172 efficax.
1306 3111 1482 3174 Dices
1521 3110 1693 3174 illam

150 3197 575 3274 cogitationem
606 3217 745 3262 esse
780 3201 1217 3279 sufficientem,
1241 3211 1311 3266 ut
1329 3205 1519 3266 homo
1548 3224 1693 3266 cum

150 3287 235 3348 illa
270 3297 404 3352 actu
451 3300 881 3369 convertatur,
924 3296 976 3357 si
1022 3297 1211 3358 homo
1256 3304 1498 3360 avertat
1539 3318 1575 3359 a
1622 3317 1691 3360 se

148 3399 374 3444 omnem
424 3385 623 3448 aliam
672 3387 993 3450 fortiorem
1044 3390 1519 3470 cogitationem,
1548 3410 1689 3470 quae

150 3475 561 3542 efficacitatem
592 3479 757 3542 illius
776 3481 957 3544 bona».
984 3482 1406 3562 inspirationis
1434 3483 1691 3564 impedi-

149 3585 205 3626 re
244 3578 465 3648 posset,
498 3573 679 3652 quod
708 3580 801 3636 est
828 3575 895 3634 in
918 3581 1223 3654 potestate
1252 3575 1447 3638 libera
1475 3576 1690 3638 volun-

152 3663 290 3724 tatis.
324 3665 774 3728 Verumtamen
803 3686 933 3728 non
962 3668 1353 3748 disputamus
1380 3669 1569 3730 modo
1605 3689 1689 3730 an

152 3751 251 3814 hoc
278 3756 351 3816 sit
391 3760 847 3832 necessarium,
876 3760 1047 3840 quod
1081 3761 1343 3824 fortasse
1382 3780 1509 3824 non
1541 3766 1637 3823 est
1669 3779 1685 3835 ;

152 3847 276 3923 quia
309 3849 597 3912 voluntas
622 3871 737 3932 pro
780 3871 895 3916 sua
938 3853 1223 3916 libertate
1254 3861 1459 3934 potest
1504 3853 1689 3916 resis-

154 3944 263 4002 tere
310 3942 547 4006 fortiori
586 3945 969 4025 cogitationi,
1002 3947 1243 4010 etiamsi
1285 3955 1431 4009 actu
1464 3949 1690 4028 persis-

152 4037 244 4104 tat,
270 4036 433 4113 quod
460 4038 523 4098 in
548 4037 901 4120 Memppys.
944 4040 1139 4121 tetigi,
1182 4046 1244 4102 et
1291 4041 1478 4102 latius
1522 4040 1687 4102 diee-

154 4131 237 4185 tur
274 4129 336 4189 in
381 4133 437 4192 1.
470 4133 541 4205 23
595 4135 810 4194 tamen
854 4133 936 4194 ad
978 4151 1260 4214 praesens
1294 4154 1423 4196 non
1468 4135 1682 4204 refert,

152 4219 277 4295 quia
308 4223 383 4282 ad
422 4225 769 4286 efficaciam
804 4227 1155 4305 argumenti
1184 4227 1286 4288 ille
1310 4227 1535 4290 modus
1562 4227 1688 4289 suf·

151 4310 277 4387 ficit,
304 4317 443 4395 quia
478 4319 616 4398 jam
646 4325 797 4382 tunc
822 4321 925 4381 illa
954 4321 1195 4384 vocatio
1227 4327 1323 4384 est
1350 4322 1591 4396 efficax,
1621 4326 1686 4384 et

152 4404 205 4464 in
238 4427 299 4469 se
330 4430 455 4474 non
480 4421 579 4476 est
606 4416 809 4495 major
840 4416 905 4476 in
934 4417 1179 4477 ratione
1214 4417 1426 4478 auxilii
1449 4435 1685 4496 praeve-

153 4500 376 4578 aientis,
418 4507 563 4585 quia
597 4507 827 4570 ablatio
859 4508 1116 4570 alterius
1156 4509 1547 4590 cogitationis
1565 4509 1685 4570 im-

154 4593 429 4666 pedientis
454 4600 523 4660 in
560 4600 667 4662 illo
704 4601 957 4662 homine
998 4621 1127 4663 non
1169 4609 1262 4665 est
1288 4621 1327 4662 a
1366 4602 1499 4664 sola
1541 4621 1685 4682 gra-

155 4684 227 4744 tia
258 4699 568 4768 operante,
600 4711 747 4756 cum
768 4695 901 4773 jam
928 4695 1125 4757 libere
1162 4696 1287 4756 ab
1272 4713 1407 4775 ipso
1426 4695 1681 4757 homine

156 4775 285 4854 fiat;
331 4801 477 4864 ergo
519 4787 585 4848 in
616 4788 719 4848 illa
764 4797 1071 4867 operante
1118 4789 1317 4870 gratia
1350 4807 1465 4850 seu
1502 4807 1682 4850 voca-

160 4869 303 4933 tione
326 4895 447 4940 non
499 4887 595 4942 est
636 4883 995 4942 necessaria
1023 4881 1128 4942 illa
1176 4882 1407 4944 additio
1437 4900 1550 4944 seu
1580 4900 1681 4944 ex-

162 4977 344 5028 cessus
388 4976 457 5032 ut
488 4971 567 5036 sit
594 4974 835 5036 efficax.
868 4976 944 5036 Et
965 4976 1143 5054 juxta
1172 4976 1295 5036 vim
1338 4975 1527 5054 hujus
1580 4994 1683 5036 ar-

162 5061 409 5130 gumenti
438 5108 457 5136 ,
498 5065 635 5128 haec
677 5069 907 5130 veritas
961 5087 1089 5130 non
1144 5069 1379 5149 pendet
1423 5087 1503 5130 ex
1558 5067 1682 5129 alia

162 5155 471 5222 quoestione
518 5160 763 5234 morali,
810 5179 893 5222 an
936 5163 1133 5242 possit
1161 5163 1449 5224 voluntas
1490 5179 1681 5242 agere

164 5245 351 5304 contra
382 5251 615 5312 actuale
656 5253 969 5316 dictamen
1012 5262 1075 5316 et
1118 5255 1682 5318 considerationem

164 5330 499 5418 intellectuS,
531 5346 629 5408 vel
676 5365 939 5426 peccare
978 5349 1113 5410 sine
1152 5350 1385 5428 praevio
1433 5347 1683 5410 defectu

166 5421 515 5496 intellectus:
544 5441 691 5502 satis
720 5447 816 5502 est
840 5442 1011 5504 enim
1046 5442 1215 5521 quod
1252 5443 1353 5504 vel
1380 5443 1502 5504 hoc
1536 5459 1681 5521 pos—

166 5515 253 5590 sit,
279 5525 366 5586 vel
404 5529 617 5596 saltem
644 5534 843 5613 possit
884 5553 1001 5615 pro
1030 5553 1145 5596 sua
1172 5534 1461 5598 libertate
1500 5553 1683 5596 aver-

3231 388 3348 452 28¹1

1784 500 1917 557 tere
1983 494 2426 575 cogitationem
2503 493 2950 575 impedientem
3007 494 3351 557 efficaciam
3425 516 3434 525 ·

1786 589 2000 669 gratiae
2051 588 2531 668 praevcnientis3
2583 587 2681 649 vel
2711 587 2882 667 quod
2927 589 3122 667 possit
3151 590 3352 668 appli-

1784 701 1925 743 care
1957 681 2342 743 intellectum
2381 682 2462 743 ad
2492 682 2678 743 aliam
2707 681 3170 761 cogitationem,
3207 700 3349 759 quae

1785 775 1956 836 illam
1991 774 2312 855 impediat.
2357 777 2560 853 Atque
2612 775 2715 835 hic
2766 774 3085 835 discursus
3128 776 3352 837 eadem

1783 870 2184 949 proportione
2209 868 2342 929 fieri
2371 874 2576 949 potest
2595 869 2672 929 de
2701 869 3144 942 delectatione;
3176 869 3350 929 nulla

1788 962 1954 1021 enim
2010 961 2363 1036 delectati0‚
2419 980 2557 1041 quae
2600 962 2932 1023 antecedat
2973 980 3348 1023 consensum

1786 1054 2078 1129 liberum,
2114 1059 2176 1115 et
2206 1073 2392 1115 usum
2437 1055 2698 1117 rationis
2740 1074 2868 1117 non
2912 1056 3110 1128 tollat,
3141 1055 3352 1117 deter-

1784 1147 1980 1207 minat
2002 1147 2258 1207 omnino
2277 1147 2662 1209 voluntatem
2683 1148 2764 1209 ad
2793 1166 3168 1210 consensum
3193 1167 3352 1228 prae-

1784 1240 2113 1315 standum,
2156 1242 2310 1303 alias
2350 1242 2597 1305 tolleret
2637 1242 2992 1303 libertatem
3021 1290 3039 1317 ,
3095 1249 3157 1303 et
3203 1242 3347 1305 ideo

1782 1332 2034 1413 semper
2067 1340 2272 1413 potest
2321 1336 2610 1397 voluntas
2664 1335 2764 1397 vel
2811 1336 2984 1397 illam
3035 1341 3344 1409 avertere,

1780 1426 1881 1489 vel
1933 1427 2032 1488 isti
2063 1428 2356 1491 resistere
2395 1448 2537 1491 cum
2579 1429 2782 1509 gratia
2821 1432 3222 1508 cooperante.
3271 1429 3348 1491 Et

1782 1539 1815 1579 e
1848 1538 2180 1595 converso,
2209 1520 2262 1582 si
2312 1521 2452 1585 talis
2489 1522 2818 1583 delectatio
2847 1541 2975 1583 non
3005 1522 3188 1583 datur
3233 1540 3348 1601 per

1779 1613 2194 1688 vocationem,
2240 1614 2340 1677 vel
2381 1616 2735 1677 necessaria
2779 1634 2908 1675 non
2949 1620 3044 1675 est
3087 1614 3170 1675 ad
3199 1633 3349 1679 con-

1784 1726 2063 1781 sensum,
2098 1708 2200 1769 vel
2226 1709 2467 1771 vocatio
2497 1728 2622 1770 non
2665 1728 2760 1771 est
2803 1710 3140 1771 sufficiens·

1861 1800 2280 1881 Respondetur
2333 1803 2416 1865 ad
2437 1801 2879 1883 Auqustinum.
2928 1833 3010 1847 —
3056 1800 3348 1880 Augusti-

1780 1912 1900 1955 nus
1942 1912 2116 1974 ergo,
2149 1914 2294 1955 cum
2339 1914 2418 1957 ex
2447 1896 2540 1955 his
2589 1894 2895 1975 capitibus
2931 1894 3136 1955 reddit
3161 1894 3346 1955 ratio-

1780 2006 1927 2049 nem
1967 1988 2260 2067 lapsuum
2309 1989 2754 2063 humanorum,
2811 1988 2910 2049 vel
2943 1988 3150 2048 reddit
3200 2006 3342 2047 cau-

1780 2078 1915 2141 sam‘
1969 2082 2272 2143 moralem
2300 2100 2373 2145 ex
2409 2082 2508 2145 his
2559 2100 2698 2161 quae
2739 2080 3129 2160 frequentius
3180 2080 3346 2141 acci-

1777 2173 1970 2247 dunt;
2015 2176 2186 2254 prius
2216 2174 2382 2236 enim
2411 2177 2476 2237 in
2505 2175 2725 2263 &dem
2758 2174 2894 2237 loco
2931 2174 3126 2234 solam
3157 2172 3346 2233 liber-

1778 2272 1972 2329 tatem
1999 2275 2064 2328 ut
2093 2267 2500 2329 sufficientem
2533 2286 2788 2329 causam
2819 2266 3212 2339 reddiderat;
3242 2264 3343 2327 vel

1780 2366 1948 2421 certe
1983 2379 2112 2422 non
2152 2359 2300 2421 dicit
2339 2360 2445 2421 illa
2493 2360 2644 2433 duo,
2693 2360 3040 2425 secundum
3089 2376 3344 2421 omnem

1779 2455 2230 2533 perfectionem
2282 2454 2704 2517 necessariam
2755 2455 2838 2515 ad
2899 2474 3028 2517 non
3079 2471 3342 2533 peccan-

1780 2548 1956 2622 dum,
1979 2549 2306 2628 provenire
2339 2566 2610 2628 semper,
2643 2548 2776 2609 sine
2815 2547 3170 2609 interventu
3199 2564 3344 2627 gra-

1778 2642 1879 2703 tiae
1926 2643 2343 2721 cooperanti8‚
2381 2647 2446 2703 et
2489 2640 2704 2720 aliquo
2754 2659 2872 2701 usu
2915 2640 3240 2712 libertatis,
3301 2658 3341 2699 a

1782 2734 1913 2795 sola
1971 2734 2172 2814 gratia
2217 2740 2552 2814 operante,
2607 2733 2688 2794 de
2741 2750 2866 2811 qua
2915 2738 3010 2794 est
3058 2749 3340 2812 proesens

1780 2828 2067 2906 quaesti0,
2125 2834 2194 2889 ut
2229 2847 2420 2907 supra
2445 2827 2593 2889 satis
2625 2827 3000 2907 explicatum
3037 2832 3152 2888 est.
3179 2825 3340 2887 Illud

1778 2927 1990 2983 autem
2019 2922 2334 3001 peculiare
2369 2922 2764 3000 mysterium,
2815 2923 2877 2981 et
2897 2918 3202 3000 judicium
3243 2919 3340 2977 in-

1776 3014 2110 3077 scrutabile
2139 3059 2156 3088 ,
2221 3013 2392 3093 quod
2431 3016 2494 3075 in
2537 3013 2887 3075 differentia
2939 3012 3338 3073 vocationum

1776 3127 1913 3170 esse
1944 3108 2112 3184 dicit,
2153 3127 2284 3172 non
2344 3107 2622 3170 consistit
2667 3106 2732 3167 in
2777 3106 2882 3166 illa
2919 3103 3338 3184 inaequalitate

1774 3202 2148 3282 cognitionis
2167 3201 2267 3262 vel
2283 3200 2735 3273 delectationiS,
2765 3199 2877 3262 sed
2895 3199 2963 3260 in
2987 3199 3108 3259 hoc
3135 3198 3338 3258 solum

1773 3295 1966 3374 quod,
2011 3295 2248 3374 absque
2281 3292 2632 3354 differentia
2661 3311 2738 3354 ex
2767 3298 2946 3371 parte
2983 3289 3332 3365 hominum,

1770 3388 1879 3450 uni
1906 3387 2096 3450 detur
2112 3387 2354 3448 vocatio
2393 3404 2696 3466 congrua,
2743 3385 2922 3446 alteri
2965 3401 3092 3444 non
3127 3382 3333 3458 detur,

1770 3481 1934 3541 utin
1957 3479 2385 3560 superioribus
2417 3478 2540 3539 late
2574 3477 2962 3540 declaratum
3002 3482 3118 3550 est,
3157 3483 3218 3537 et
3240 3482 3336 3538 at-

1770 3572 1905 3651 tigit
1929 3573 2120 3635 etiam
2147 3573 2413 3652 Prosper
2431 3570 2514 3633 ad
2547 3572 2854 3651 Excerpta
2876 3567 3330 3644 Genuensium,

1772 3666 1920 3728 dub.
1957 3669 2016 3729 3.

1854 3765 1883 3822 1
1900 3767 1921 3822 t
1940 3808 1954 3822 .
2001 3760 2276 3825 Assertio
2299 3762 2508 3834 tertia,
2535 3762 2604 3824 de
2631 3762 2795 3824 modo
2819 3755 3097 3840 loquendi
3132 3761 3202 3820 ut
3229 3774 3334 3820 sa-

1770 3856 1966 3936 tisfiat
2005 3858 2206 3918 tertioe
2229 3855 2560 3933 objwtioni.
2592 3886 2672 3900 —
2693 3854 2836 3916 Jam
2851 3869 3000 3914 vero
3027 3849 3334 3928 explicata

1768 3966 1861 4022 re,
1888 3947 1968 4008 de
1992 3947 2181 4008 modo
2202 3946 2500 4025 loquendi
2544 3965 2744 4026 pauca
2791 3945 3002 4008 dicere
3043 3943 3326 4006 sufficiet.

1768 4040 2064 4102 Existimo
2120 4046 2332 4101 tamen
2391 4039 2784 4102 vocationem
2815 4055 2941 4098 non
2988 4039 3156 4097 recte
3209 4034 3331 4096 dici

1766 4135 2074 4213 majorem
2109 4133 2172 4194 in
2200 4133 2441 4193 ratione
2470 4131 2834 4202 vocationis,
2857 4129 2959 4190 vel
2987 4126 3198 4190 auxilii
3223 4146 3333 4188 ex·-

1766 4227 2035 4300 citantis,
2079 4233 2412 4306 propterea
2468 4224 2639 4304 quod
2675 4225 2756 4286 sit
2808 4223 3027 4284 efficax
3070 4240 3144 4282 ex
3197 4221 3330 4284 sola

1764 4321 1880 4382 Dei
1903 4320 2291 4400 praescientia
2317 4325 2380 4380 et
2399 4319 2777 4410 intentione;
2812 4316 2958 4396 quia
2988 4316 3086 4376 hae
3114 4314 3332 4376 condi-

1764 4415 1968 4476 tiones
1995 4413 2308 4492 pertinent
2329 4411 2412 4473 ad
2431 4412 2734 4490 majorem
2767 4410 3032 4490 gratiam
3057 4414 3121 4470 et
3140 4407 3329 4470 bene-

1763 4507 2102 4568 volentiam
2123 4505 2260 4580 Dei,
2289 4523 2420 4566 non
2449 4511 2661 4566 tamen
2693 4503 3080 4564 constituunt
3121 4502 3328 4607 ipsum

1764 4599 2066 4660 auxilium
2108 4599 2176 4660 in
2205 4615 2272 4660 se
2315 4597 2542 4676 majus.
2587 4597 2767 4669 Item,
2801 4595 2948 4656 licet
2976 4593 3129 4654 illud
3153 4593 3330 4654 auxi-

1760 4693 1915 4755 lium
1945 4693 2183 4754 homini
2213 4690 2292 4752 sit
2319 4691 2551 4764 utiliuS,
2586 4696 2800 4751 tamen
2835 4693 2966 4748 tota
2988 4687 3092 4748 illa
3127 4687 3330 4766 major

1764 4786 1994 4847 utilitas
2033 4785 2236 4864 magis
2287 4782 2568 4844 consistit
2597 4781 2662 4842 in
2695 4781 2924 4843 actuali
2973 4780 3323 4854 effectione,

1761 4897 1902 4958 quae
1932 4879 2204 4958 pertinet
2229 4876 2314 4937 ad
2337 4874 2604 4956 gratiam
2635 4879 3103 4954 cooperantem,
3135 4889 3327 4952 quam

1763 4973 1825 5034 in
1852 4971 2104 5052 propria
2127 4970 2368 5032 ratione
2397 4969 2609 5050 gratiae
2641 4967 3002 5039 excitantis3
3027 4983 3180 5046 ergo
3209 4963 3327 5026 sub

1764 5085 1839 5128 ea
1866 5067 2106 5128 ratione
2127 5081 2254 5126 non
2275 5069 2484 5142 potest
2509 5062 2630 5126 dici
2653 5061 2858 5141 majus
2885 5059 3206 5122 auxilium.
3237 5060 3324 5121 Eo
3423 5139 3428 5144 g

1761 5159 1864 5220 vel
1909 5159 2180 5220 maxime
2225 5155 2395 5236 quod
2435 5155 2752 5235 quantitas
2809 5151 3024 5216 auxilii
3091 5169 3325 5232 praeve-

1762 5250 1992 5314 nientis
2019 5269 2150 5314 non
2177 5249 2456 5312 consistit
2485 5249 2552 5310 in
2583 5247 2868 5320 utilitate,
2903 5262 3094 5324 quam
3120 5262 3197 5304 ex
3219 5242 3324 5303 illo

1763 5344 2026 5424 accipiet
2067 5344 2121 5406 is
2163 5343 2263 5406 eui
2299 5343 2503 5415 datur,
2547 5340 2662 5404 sed
2706 5341 2768 5402 in
2805 5339 3030 5400 virtute
3069 5334 3322 5416 agendi,

1762 5457 1954 5519 quam
1982 5437 2186 5518 ipsum
2217 5437 2280 5496 in
2317 5453 2384 5496 se
2415 5435 2629 5507 habet,
2659 5449 2800 5512 qnae
2831 5431 3026 5492 virtus
3055 5447 3184 5490 non
3212 5429 3324 5488 mi-

1761 5549 1881 5594 nor
1920 5537 2017 5594 est
2047 5533 2112 5594 in
2135 5529 2258 5592 alia
2287 5529 2472 5592 simili
2495 5528 2840 5600 vocatione,
2873 5524 3016 5586 licet
3059 5540 3190 5584 non
3243 5521 3324 5588 sit
