3850 6225
715 344 849 396 GAP.
885 343 947 396 11.
984 343 1108 396 NON
1140 341 1719 398 PRAEnETERfflNAnE
1751 343 1921 396 mmm
1957 345 2162 409 NEQUE
2195 345 2604 408 PRAEMOVERE,
2639 348 2774 400 ETC.

119 445 183 500 et
214 444 731 520 praeordinative,
764 451 836 506 ut
857 445 945 508 sic
970 446 1195 508 dicam.
1217 447 1348 520 Quo
1376 465 1523 526 ergo
1544 445 1704 507 veri-

117 536 277 595 tatis
336 538 543 600 colore
583 539 877 618 potuisset
918 539 1121 602 dicere
1148 539 1515 607 Concilium,
1549 558 1705 620 opus

118 627 383 690 malum
407 631 771 710 simpliciter
801 638 864 694 et
896 632 1172 694 absolute
1200 652 1332 697 esse
1358 652 1395 694 a
1426 634 1573 708 De0,
1607 651 1703 694 so-

116 717 259 780 lum
282 725 675 800 permissive,
692 726 745 786 si
763 726 841 786 ad
860 727 1193 806 ipsummet
1210 745 1367 808 opus
1388 726 1553 806 quod
1568 745 1701 788 ma-

114 811 256 874 lum
298 822 399 876 oet
435 817 567 896 ipse
595 836 705 878 suo
748 818 1002 880 arbitrio
1031 825 1093 881 et
1139 820 1455 882 voluntate
1482 819 1701 880 huma-

114 923 279 966 num
310 907 647 970 arbitrium
696 911 1025 972 efficaciter
1067 911 1526 986 determinaret,
1560 930 1701 974 cum

114 999 197 1060 ab
222 1018 305 1060 ea
326 1002 850 1066 determinatione
874 1005 1299 1086 inseparabilis
1321 1006 1401 1068 sit
1424 1005 1700 1068 malitia?

108 1091 239 1152 Aut
260 1095 589 1172 quomodo
609 1096 733 1158 tale
756 1115 911 1177 opus
938 1117 1065 1160 non
1093 1103 1185 1159 est
1212 1100 1457 1180 proprie
1491 1118 1564 1161 ac
1589 1117 1701 1178 per

108 1204 175 1248 se
200 1205 241 1246 a
274 1187 433 1262 De0,
464 1189 515 1249 si
544 1207 621 1250 ex
649 1209 761 1252 sua
778 1190 1099 1252 voluntate
1120 1191 1275 1253 illud
1302 1192 1499 1270 eligit.
1523 1199 1586 1254 et
1611 1193 1703 1254 fa-

112 1279 197 1338 cit
225 1292 305 1340 ut
330 1279 529 1342 homo
557 1281 723 1344 idem
743 1281 931 1362 eligat
972 1302 1082 1346 seu
1100 1284 1351 1346 eliciat?
1380 1285 1551 1347 Dices
1584 1304 1601 1348 ε
1635 1287 1700 1348 Si

114 1371 235 1432 hoc
262 1381 725 1452 argumentum
750 1383 843 1438 est
878 1377 1117 1452 efficax,
1154 1379 1345 1440 etiam
1380 1385 1471 1440 est
1494 1378 1702 1441 exclu-

118 1465 373 1527 dendus
406 1486 743 1530 concursus
772 1469 1097 1547 generalis,
1123 1490 1198 1533 ex
1224 1472 1287 1532 vi
1326 1471 1703 1533 definitionis

122 1559 385 1620 Concilii
402 1560 759 1623 Tridentini
784 1585 801 1637 ;
826 1581 975 1624 nam
999 1583 1107 1643 per
1131 1583 1495 1626 concursum
1518 1584 1703 1645 genc-

121 1652 321 1712 ralem
350 1671 500 1714 vere
532 1655 693 1715 Deus
726 1661 817 1716 est
849 1673 1035 1716 causa
1072 1674 1182 1736 per
1226 1675 1291 1718 se
1331 1657 1606 1732 effectus,
1634 1659 1700 1720 iu

126 1763 311 1824 quem
342 1745 591 1822 influit;
619 1747 673 1808 si
690 1765 839 1826 ergo
858 1747 1199 1810 Concilium
1219 1749 1497 1830 loquitur
1514 1751 1589 1812 de
1610 1759 1701 1812 to·

126 1844 185 1898 to
202 1844 385 1913 actu,
396 1839 589 1900 etiam
606 1859 716 1920 pro
732 1843 1061 1918 materiali,
1076 1849 1138 1904 et
1151 1850 1337 1922 negat
1353 1845 1549 1906 Deum
1560 1863 1703 1926 ope-

124 1931 246 1992 rari
280 1931 473 1992 illum
498 1934 747 2014 proprie
780 1941 841 1996 et
874 1953 985 2014 per
1010 1954 1099 2012 se,
1130 1943 1316 2016 negat
1342 1956 1489 2000 sane
1517 1956 1702 2016 gene-

124 2024 317 2084 ralem
356 2043 753 2103 concursum,
782 2031 1122 2108 praesertim
1142 2049 1281 2092 cum
1303 2031 1489 2092 addat
1514 2033 1704 2110 parti-

127 2118 327 2178 culam
356 2119 761 2196 exclusivum,
778 2125 1132 2202 permissive
1146 2130 1404 2186 tantum.
1432 2125 1703 2206 Respon-

127 2211 303 2270 detur
350 2211 503 2275 hinc
544 2215 779 2294 optime
820 2216 1051 2296 percipi
1094 2217 1349 2278 Concilii
1384 2224 1699 2294 mentem3

127 2322 262 2363 cum
292 2307 477 2366 enim
530 2308 639 2383 ait,
686 2309 1042 2387 permissive
1078 2315 1340 2384 tantum,
1394 2310 1703 2388 significat

126 2397 467 2475 imprimis,
514 2401 581 2462 in
620 2403 1021 2480 permissione
1068 2402 1301 2464 includi
1331 2421 1701 2464 concursum

126 2490 511 2567 generalem,
542 2511 652 2554 seu
676 2513 802 2555 non
839 2496 1112 2571 excludi,
1150 2497 1298 2574 quia
1327 2497 1699 2558 concomita-

126 2591 222 2643 tur
248 2587 770 2662 permissionem3
813 2588 1119 2668 significat
1146 2589 1408 2651 subinde
1436 2591 1661 2669 permis
1677 2625 1697 2634 -

126 2679 367 2739 sionem
404 2685 635 2742 natura
664 2699 777 2742 sua
804 2683 1117 2761 requirere
1147 2682 1523 2745 oblationem
1552 2702 1691 2744 con·

127 2789 341 2831 cursus
368 2771 447 2833 de
472 2791 537 2834 se
556 2772 989 2850 indifferentiS,
1006 2794 1114 2838 seu
1130 2793 1256 2836 non
1282 2775 1696 2838 determinan-

127 2865 197 2923 tis
226 2866 303 2926 ad
344 2886 580 2943 unum,
618 2887 733 2930 nec
762 2871 1357 2948 praedeterminantis
1389 2871 1466 2932 ad
1498 2888 1697 2936 unum

128 2978 259 3019 eum
284 2960 395 3020 cui
424 2961 651 3022 datur:
676 2965 823 3042 quia
850 2963 979 3024 haec
996 2965 1129 3041 jam
1167 2982 1291 3024 non
1322 2972 1413 3024 est
1444 2963 1695 3044 permis·

126 3054 234 3127 sio,
258 3055 371 3115 sed
414 3056 775 3118 omnimoda
818 3057 1271 3119 determinatio,
1312 3057 1587 3119 Tandem
1616 3057 1694 3117 si-

132 3146 383 3223 gnificat
411 3148 555 3209 ideo
582 3168 711 3211 non
736 3168 911 3229 posse
930 3151 1048 3211 dici
1073 3152 1267 3212 Deum
1295 3152 1607 3232 propriam
1634 3157 1695 3212 et

130 3258 231 3317 per
254 3259 325 3301 se
354 3259 607 3302 causam
656 3244 805 3303 mali
844 3244 1069 3322 operiS,
1108 3245 1256 3323 quia
1294 3264 1421 3306 non
1461 3244 1695 3325 praede-

136 3334 423 3395 terminat
446 3335 525 3395 ad
554 3335 745 3411 illud,
782 3342 853 3397 ut
896 3335 1172 3398 haeretici
1210 3337 1445 3411 dicunt,
1493 3354 1696 3415 neque

136 3426 303 3487 offert
338 3428 829 3489 determinatum
872 3448 1237 3491 concursum
1285 3429 1365 3491 ad
1407 3428 1565 3491 illud
1601 3446 1697 3491 so-

136 3517 277 3579 lum.
320 3522 611 3583 Concedo
652 3539 801 3599 ergo
843 3522 1011 3600 loqui
1058 3521 1400 3584 Concilium
1447 3522 1525 3583 de
1554 3529 1697 3583 actu

136 3614 289 3675 malo
320 3615 671 3677 secundum
710 3635 796 3690 se,
846 3617 1036 3679 etiam
1078 3622 1151 3677 ut
1176 3624 1349 3679 actus
1392 3622 1485 3678 est
1520 3636 1559 3678 a
1584 3616 1697 3677 tali

136 3714 329 3769 creata
392 3709 715 3771 voluntate
774 3710 967 3771 libere
1030 3709 1415 3791 positiveque
1459 3709 1693 3783 factus;

136 3798 293 3861 hunc
324 3820 475 3863 vero
502 3809 692 3881 negat
717 3822 895 3882 posse
920 3802 1171 3865 refundi
1196 3803 1259 3863 in
1290 3802 1511 3877 Deum,
1539 3808 1611 3863 ut
1629 3801 1697 3863 in

134 3898 399 3977 primum
428 3903 743 3958 auctorem
768 3903 832 3958 et
860 3914 1107 3959 causam
1130 3895 1470 3977 propriam,
1490 3894 1555 3956 id
1578 3901 1693 3970 est,

139 4008 207 4049 ex
244 4008 307 4049 se
356 3989 879 4051 determinantem
927 3990 1209 4051 absolute
1256 3995 1321 4051 et
1370 3988 1697 4050 efficaciter

140 4101 305 4143 suum
334 4083 649 4144 influxum
672 4082 753 4145 ad
774 4082 953 4145 illum
972 4100 993 4159 3
1021 4089 1084 4145 et
1102 4082 1242 4143 ideo
1270 4100 1397 4143 non
1417 4082 1697 4161 sequitur

140 4174 369 4235 excludi
398 4176 753 4255 generalem
777 4182 1165 4250 concursum,
1195 4175 1305 4255 qui
1324 4175 1400 4235 de
1423 4193 1487 4237 se
1514 4174 1697 4235 indif-

141 4270 329 4330 ferens
368 4278 487 4346 est,
540 4278 611 4331 ut
646 4268 847 4351 capite
882 4276 1176 4351 sequente
1217 4270 1403 4331 latius
1431 4287 1699 4349 expone-

144 4382 271 4424 mus
280 4382 301 4441 3
326 4364 435 4424 ubi
464 4363 655 4425 etiam
692 4364 1088 4426 ostendemus
1130 4362 1291 4424 hanc
1314 4362 1502 4425 fuisse
1534 4381 1699 4423 com-

145 4474 385 4519 munem
416 4456 931 4520 Scholastieorum
961 4459 1247 4520 omnium
1294 4458 1691 4531 sententiam,

145 4552 243 4627 qui
280 4557 575 4630 punctum
617 4550 786 4612 hunc
812 4552 1097 4613 distincte
1140 4552 1502 4629 attigerunt.
1534 4552 1696 4628 Lege

144 4644 209 4705 D.
250 4647 459 4707 Thom.
487 4647 555 4707 in
586 4649 647 4719 l,
676 4646 740 4707 d.
776 4648 879 4722 47,
900 4666 961 4725 q.
993 4649 1051 4720 l,
1084 4652 1203 4706 art.
1236 4648 1295 4720 1,
1332 4645 1411 4705 ad
1444 4646 1520 4721 23
1555 4646 1697 4706 Sco-

148 4742 293 4808 tum,
314 4738 421 4813 ibi,
442 4738 481 4819 ξ
499 4740 606 4801 Ad
636 4742 657 4799 ί
684 4756 955 4818 aryum„
978 4744 1041 4799 et
1063 4738 1127 4799 d.
1150 4740 1255 4812 41,
1278 4736 1317 4817 ξ
1334 4736 1463 4801 Sed
1476 4738 1691 4813 adhuc,

151 4830 261 4910 εἰς
294 4832 567 4893 Primum
594 4833 855 4895 istorum
882 4832 1161 4894 solcitwr.

222 5015 590 5081 Auctor-itate
616 5018 883 5080 Patriam
908 5018 1307 5096 confirmatur
1328 5021 1604 5083 assertio.

224 5190 321 5249 23.
344 5190 431 5250 Ex
457 5188 742 5251 Patribus
768 5196 981 5251 autem
1023 5208 1152 5252 non
1186 5190 1397 5251 omnia
1425 5192 1691 5255 referam

156 5296 279 5357 quae
324 5282 533 5345 adduci
572 5289 853 5363 possunt,
902 5283 1051 5362 quia
1090 5282 1319 5363 passim
1348 5282 1690 5363 loquuntur

156 5374 353 5433 eodem
379 5376 555 5437 modo
578 5393 705 5455 quo
744 5375 957 5437 divina
997 5376 1340 5456 Scriptura,
1368 5388 1430 5437 et
1472 5376 1690 5438 Conci-

159 5463 303 5527 lium
340 5467 793 5545 Tridentinum,
830 5467 995 5549 quod
1042 5468 1387 5530 doctrinam
1414 5486 1591 5529 suam
1628 5475 1690 5532 et

3231 347 3350 406 ¹03

1785 445 2078 523 loquendi
2095 448 2350 508 modum
2365 447 2444 508 ab
2469 448 2554 510 eis
2575 449 2899 510 mutuavit.
2927 451 3048 512 Nec
3067 451 3182 530 ipsi
3207 451 3352 510 sub—

1784 536 1976 600 tiliter
2003 540 2395 618 distinguunt
2422 541 2586 602 inter
2620 542 2938 602 materiale
2973 550 3036 604 et
3063 545 3344 606 formale.

1782 633 1958 694 Unde
1981 634 2264 695 eamdem
2297 635 2648 694 evasionem
2682 636 3042 714 patiuntur3
3086 637 3352 716 loquun-

1780 731 1885 787 tur
1912 733 2122 788 tamen
2147 727 2510 806 simpliciter
2541 727 2617 789 de
2647 729 2794 807 ipsis
2827 729 3084 804 actibuS,
3131 730 3230 792 vel
3274 733 3351 792 de

1782 817 2004 880 effectu
2049 836 2292 896 eorum,
2342 820 2452 899 qui
2501 825 2594 881 est
2637 820 2907 882 hominis
2947 821 3234 901 perditio,
3288 830 3352 884 et

1780 929 1909 972 non
1935 929 2177 992 semper
2213 911 2328 974 sub
2356 913 2610 975 nomine
2639 913 2790 974 mali
2824 921 2932 974 aut
2955 915 3211 994 peccati,
3243 916 3349 976 sed

1784 1005 1899 1066 sub
1916 1005 2170 1067 nomine
2185 1006 2372 1084 hujus
2386 1006 2718 1066 voluntatis
2733 1006 2832 1068 vel
2847 1006 3013 1067 illius
3024 1008 3274 1086 objecti3
3290 1015 3354 1069 et

1782 1098 1999 1161 eodem
2025 1099 2208 1160 modo
2229 1106 2464 1178 negant
2481 1101 2676 1160 Deum
2697 1118 2826 1162 esse
2851 1107 3166 1162 auctorem
3187 1101 3346 1181 ejus,

1781 1191 1881 1254 vel
1908 1191 2082 1253 illam
2106 1192 2264 1254 velle
2293 1198 2400 1254 aut
2423 1193 2989 1270 praedeterminam.
3017 1195 3109 1254 Ex
3133 1193 3230 1254 his
3255 1211 3350 1254 er-

1782 1301 1862 1362 go
1908 1285 2278 1346 testimoniis
2307 1285 2606 1346 nonnulla
2637 1285 2906 1348 breviter
2934 1285 3245 1364 indicabo,
3281 1293 3353 1347 ut

1781 1394 1879 1438 res
1906 1377 1988 1437 sit
2010 1377 2373 1439 evidentior.
2416 1379 2492 1438 Et
2519 1395 2666 1439 sane
2707 1379 3028 1456 egregium
3053 1387 3146 1440 est
3175 1380 3351 1440 testi·

1782 1471 2068 1532 monium
2096 1471 2367 1546 Eusebii,
2409 1470 2518 1533 lib.
2557 1471 2596 1532 6
2617 1471 2692 1532 de
2719 1472 3053 1550 Przeparat.
3083 1473 3346 1550 Evang.‚

1782 1581 1916 1643 cap.
1946 1567 1984 1626 5
2017 1579 2033 1624 ι
2062 1564 2306 1644 Impius
2341 1567 2608 1643 profecto
2619 1565 3030 1641 judicabitur,
3062 1566 3180 1626 imo
3213 1583 3349 1626 vero

1775 1657 2078 1736 pessimus
2103 1657 2387 1732 omnium,
2407 1657 2512 1736 qui
2539 1675 2576 1718 a
2603 1657 2884 1720 Creatore
2906 1658 3174 1720 universi
3199 1659 3356 1721 alios

1783 1751 1865 1812 ad
1900 1751 2222 1820 adulteria,
2258 1751 2412 1812 aiios
2451 1751 2535 1812 ad
2575 1751 2849 1828 rapinas,
2901 1751 3056 1814 alios
3107 1753 3188 1813 ad
3223 1751 3354 1812 alia

1782 1844 1941 1906 vitia
1967 1844 2196 1922 impelli
2215 1843 2584 1918 arbitratur,
2609 1845 2760 1906 unde
2776 1845 3049 1924 sequitur
3067 1850 3174 1908 aut
3198 1845 3346 1919 hoec,

1778 1942 2026 2014 peccata
2047 1955 2168 1999 aon
2197 1954 2340 2010 esse,
2375 1940 2482 1997 aut
2495 1937 2778 2015 peccandi
2809 1953 2992 2000 causa
3003 1956 3054 1998 m
3082 1939 3148 1999 ia
3171 1937 3351 2000 Crea-

1786 2034 1970 2091 torem
2005 2028 2255 2106 relirri.

1862 2121 2193 2200 Gregorius
2215 2123 2449 2184 Nissen.
2456 2169 2478 2199 ,
2505 2120 2615 2184 lib.
2639 2127 2673 2184 7
2697 2121 3078 2202 philosoph„
3105 2141 3241 2203 cap.
3275 2127 3298 2184 1
3329 2147 3344 2184 :

1783 2215 1930 2279 Non
1993 2221 2078 2278 est
2133 2219 2241 2292 fas
2288 2217 2411 2278 Deo
2463 2217 2759 2280 ascribere
2807 2223 3012 2295 turpes
3063 2218 3344 2280 actiones,

1784 2308 1968 2368 Plura
1995 2309 2159 2388 apud
2203 2309 2672 2382 Damascenum,
2717 2307 2874 2368 libro
2917 2309 3204 2377 secundo,
3253 2327 3351 2370 ca-

1780 2399 1906 2476 pite
1935 2401 2236 2478 vigesimo
2265 2419 2432 2462 nono
2461 2407 2522 2462 et
2544 2401 2886 2478 trigesime,
2915 2400 3076 2460 libro
3097 2408 3341 2481 quart0,

1781 2493 1982 2572 capite
2025 2493 2346 2572 vigesimo,
2398 2501 2460 2554 et
2501 2494 2735 2572 Dialog.
2783 2501 2996 2556 contra
3045 2495 3342 2570 Manich„

1776 2585 1883 2646 fol.
1913 2588 2056 2660 480,
2093 2605 2235 2667 pag.
2267 2591 2339 2663 23
2370 2588 2703 2664 Theodor.,
2739 2605 2925 2648 serm.
2953 2589 2991 2648 ὃ
3019 2587 3098 2648 ad
3121 2589 3344 2660 Graec„

1778 2681 1934 2741 etin
1967 2683 2233 2761 Epitom.
2267 2683 2534 2742 divinor.
2583 2683 2839 2756 decret„
2881 2701 3016 2762 cap.
3067 2682 3142 2743 dc
3177 2683 3352 2744 Anti-

1777 2773 2027 2850 christo,
2056 2774 2161 2834 ubi
2182 2781 2432 2837 notetur
2456 2775 2714 2836 verbum
2738 2774 2890 2834 illud
2915 2797 2928 2834 ε
2955 2775 3168 2854 Neque
3190 2777 3350 2837 enim

1779 2868 1907 2946 ipse
1936 2867 2186 2944 (scilicet
2213 2865 2385 2947 Deus)
2413 2867 2567 2932 Cain
2595 2868 2796 2948 effecit
2822 2868 3202 2930 homicidam.

1858 2961 2145 3034 Irenaeus,
2173 2959 2280 3020 lib.
2313 2961 2354 3020 4
2380 2965 2596 3020 contra
2636 2961 2880 3032 haereS„
2918 2977 3051 3038 cap.
3101 2963 3203 3036 77,
3235 2961 3346 3021 ubi

1776 3052 2097 3115 Feuarden
2125 3052 2279 3115 alios
2310 3055 2515 3115 Patres
2543 3052 2732 3114 refert
2749 3075 2768 3129 ς
2798 3051 3192 3127 Tertullian.‚
3233 3053 3275 3116 l.
3310 3056 3348 3115 2

1776 3154 1942 3209 cont.
1967 3148 2410 3228 Marcion.,‹·.ap
2441 3150 2541 3224 Μ,
2567 3148 2676 3208 ubi
2707 3148 2894 3210 etiam
2916 3148 3224 3209 pamelius
3253 3168 3347 3210 re-

1773 3241 1895 3302 fert
1936 3240 2114 3315 alios;
2174 3242 2524 3321 Dionysius,
2577 3242 2811 3321 optime
2859 3240 2938 3302 de
2996 3242 3340 3303 Ecclesiast.

1776 3333 2124 3412 Hierarch.,
2142 3353 2278 3415 cap.
2301 3336 2364 3411 9,
2382 3342 2445 3395 et
2471 3336 2548 3397 de
2570 3335 2773 3395 Divin.
2805 3334 3044 3397 nomin.
3053 3380 3074 3412 ,
3105 3352 3241 3415 cap.
3277 3336 3340 3410 4,

1776 3428 1841 3487 in
1868 3426 2016 3487 fine.

1857 3518 2119 3598 Cyrillus
2143 3518 2474 3595 Alexand„
2497 3518 2608 3581 lib.
2638 3522 2707 3580 11
2741 3520 2806 3579 in
2831 3519 3041 3595 Joan„
3073 3526 3342 3582 tractans

1778 3611 1887 3673 illa
1913 3611 2100 3673 verba
2126 3612 2305 3675 Joan.
2334 3614 2442 3674 16:
2463 3614 2653 3677 Nemo
2682 3630 2754 3674 eat
2779 3612 2866 3675 eis
2885 3614 3098 3691 periit,
3122 3614 3248 3676 nisi
3263 3617 3340 3693 fi-

1779 3706 1901 3767 lius
1918 3704 2308 3785 perditionis,
2329 3711 2398 3767 ut
2431 3704 2766 3784 Scriptura
2786 3706 3174 3783 impleretur:
3193 3707 3348 3771 Per-

1778 3799 2030 3861 ditionis
2057 3800 2303 3879 (inquit)
2327 3801 2526 3879 filium
2554 3799 2842 3877 appellat,
2869 3801 3014 3879 quia
3037 3801 3348 3879 pravitate

1771 3893 1966 3970 periit
1991 3910 2144 3962 sum·
2189 3910 2306 3953 non
2343 3893 2496 3953 enim
2531 3893 2734 3953 divino
2776 3891 3346 3973 inexpuqnacilique

1760 3984 2004 4063 judicio
2031 3986 2096 4046 in
2119 3986 2344 4049 diaboti
2367 3986 2643 4065 laqueum
2661 3985 3036 4063 proditorem
3061 3986 3350 4049 incidisse

1776 4079 2145 4139 credendum.
2191 4080 2384 4151 Nam,
2412 4078 2471 4139 si
2507 4078 2596 4141 sic
2618 4084 2788 4151 esset,
2833 4076 2998 4138 aallo
3022 4079 3189 4139 modo
3225 4080 3351 4141 cul-

1770 4176 2049 4248 paretur,
2079 4190 2213 4235 cum
2226 4171 2469 4249 judicio
2499 4172 2616 4232 Dei
2652 4188 2818 4232 nemo
2841 4170 3122 4233 resistere
3141 4178 3341 4251 queat.

1780 4262 2205 4324 Ponderentur
2226 4263 2414 4325 verba
2453 4262 2606 4336 haec,
2637 4267 2697 4322 et
2721 4261 2880 4323 ratio
2908 4260 3124 4341 cyrilli
3153 4284 3171 4339 ;
3197 4264 3348 4342 quid

1778 4357 1948 4417 enim
2004 4376 2114 4437 per
2163 4358 2436 4419 divinum
2472 4357 2782 4436 judicium
2841 4356 3305 4435 inexpuynabilc
3325 4404 3342 4431 ‚

1776 4450 2124 4529 intelligere
2178 4451 2382 4531 potuit
2431 4450 2731 4529 Cyrinus»,
2777 4450 2900 4511 nisi
2958 4450 3340 4513 voluntatem

1778 4544 1910 4618 Dei,
1943 4543 2357 4605 efficacissime
2386 4546 2786 4604 moventem?
2831 4541 2943 4605 Vel
2972 4549 3135 4604 certe
3163 4544 3344 4623 quid-

1777 4638 1929 4718 quid
1985 4638 2237 4698 nomine
2279 4636 2497 4715 judicii
2546 4636 2958 4711 intellexerit,
3007 4636 3166 4697 ratio
3210 4638 3346 4713 ejus

1776 4749 1952 4811 oeque
1983 4729 2058 4791 de
2087 4730 2300 4791 divina
2335 4728 2977 4809 praedeterminatione
3020 4728 3338 4809 procedit3

1776 4840 1961 4885 nemo
1991 4822 2160 4885 enim
2188 4824 2246 4883 ei
2274 4822 2555 4884 resistere
2586 4828 2806 4901 potest.
2841 4822 2959 4883 Sed
2997 4822 3200 4903 pergit
3227 4822 3347 4901 Cy-

1771 4915 1950 4976 rillus
1991 4915 2202 4977 dicens
2230 4936 2244 4975 :
2275 4914 2478 4979 Nulla
2525 4916 2900 4991 necessitate,
2945 4916 3054 4977 sed
3085 4915 3346 4995 proprio

1756 5009 1998 5088 jndicio
2037 5010 2189 5086 fecit
2241 5009 2398 5090 quod
2459 5008 2632 5085 fecit,
2673 5024 2858 5088 quare
2899 5008 3116 5071 merito
3168 5007 3344 5082 filius

1760 5100 2129 5183 perditionis
2182 5105 2592 5181 nuncupatur,
2648 5099 2752 5179 qai
2794 5098 3194 5181 perditionem
3233 5100 3344 5162 ele-

1769 5194 1883 5277 qic.
1916 5195 2065 5257 Non
2092 5194 2249 5256 enim
2275 5192 2417 5274 quia
2438 5190 2735 5272 scriptam
2779 5194 2848 5255 de
2873 5193 2981 5254 illo
3028 5198 3140 5265 est,
3188 5194 3348 5272 quod

1759 5288 2081 5367 periturus
2118 5275 2269 5349 esset
2291 5330 2308 5359 ,
2337 5290 2658 5369 propterea
2691 5303 2754 5347 eo
2787 5286 3070 5365 nequitioe
3096 5301 3304 5366 proces
3324 5318 3342 5328 -

1770 5378 1871 5453 sit,
1892 5380 2014 5451 sed,
2045 5380 2188 5459 quia
2209 5378 2592 5459 maliqaitate
2617 5396 2732 5441 sua
2757 5379 3070 5456 periturus
3101 5377 3342 5439 omnino

1772 5476 1942 5541 erat,
1985 5472 2206 5534 idcirco
2235 5472 2303 5533 id
2323 5474 2613 5549 futurum
2641 5468 2696 5533 S
2700 5470 2981 5548 criptwra
3017 5469 3304 5547 proedictit
3321 5492 3346 5539 ,-
