3850 6225
559 386 639 450 98

641 495 741 554 Μ..
786 493 987 572 Atque
1043 509 1120 552 ex
1167 490 1263 551 his
1302 491 1432 553 fere
1476 491 1821 553 rationibus
1865 489 2126 571 probata

560 594 653 648 est
672 586 842 666 prior
863 584 1061 646 illatio
1088 584 1197 664 huj
1208 604 1277 646 us
1306 585 1683 663 argumenti,
1706 603 1843 664 quoe
1866 585 1933 645 in
1955 583 2124 644 hunc

564 680 821 742 modum
850 678 1119 758 practice
1158 680 1251 756 (ut
1278 678 1366 739 ita
1388 678 1614 754 dicam)
1656 676 2024 751 declaratur,
2053 681 2125 735 ut

557 774 779 834 fortius
855 771 1198 832 convincat.
1266 771 1727 833 Constituamus
1802 768 2124 830 hominem

560 868 737 948 gravi
777 865 1046 946 quadam
1090 864 1429 925 tentatione
1480 863 1756 925 libidinis
1801 869 2120 936 vexatum,

559 959 693 1039 qui,
748 966 1083 1036 antequam
1130 958 1494 1032 consentiat,
1546 975 1657 1036 per
1692 948 1998 1036 judicium
2029 973 2126 1015 ra-

562 1052 751 1114 tionis
786 1050 1135 1112 considerat
1169 1049 1319 1128 quid
1364 1055 1545 1128 turpe
1591 1049 1819 1129 quidve
1860 1047 2123 1108 delecta-

562 1145 687 1206 bile
747 1144 825 1204 sit
841 1160 862 1222 3
912 1162 988 1204 ex
1038 1141 1101 1203 vi
1141 1143 1237 1222 cuj
1248 1161 1319 1202 us
1364 1141 1870 1204 considerationis
1921 1145 2124 1220 potest

558 1255 673 1316 pro
704 1236 989 1298 libertate
1032 1253 1145 1296 sua
1185 1235 1556 1310 consentire,
1590 1233 1685 1296 vel
1729 1251 1871 1294 cum
1907 1232 2126 1293 divina

562 1330 764 1408 gratia
818 1327 1181 1405 dissentire3
1234 1333 1385 1388 tunc
1456 1345 1605 1406 ergo
1672 1326 2126 1388 consideremus

562 1425 755 1485 Deum
802 1421 1249 1500 adjungentem
1291 1421 1625 1483 efficaciam
1675 1438 1889 1496 suam,
1943 1425 2006 1480 et
2053 1435 2127 1480 ea

560 1515 1043 1596 praevenientem
1088 1533 1454 1576 consensum
1493 1515 1600 1592 huj
1612 1533 1681 1574 us
1720 1512 2015 1588 hominiS,
2065 1516 2128 1572 et

560 1608 1499 1670 determinantemvoluntatem
1544 1607 1679 1686 ejus
1690 1652 1711 1683 ,
1761 1612 1831 1666 ut
1872 1622 2128 1666 consen-

560 1703 698 1777 tiat,
737 1708 799 1762 et
836 1701 985 1762 velit
1013 1707 1225 1762 actum
1255 1701 1431 1761 illum
1462 1699 1883 1774 libidinosum,
1910 1704 1982 1758 ut
2008 1695 2126 1756 sibi

562 1794 989 1863 delectabilem
1028 1817 1045 1870 3
1101 1796 1191 1855 ita
1245 1795 1413 1856 enim
1470 1793 1784 1856 affirmant
1851 1789 2128 1871 praedicti

562 1894 842 1950 auctores
888 1907 951 1949 se
1001 1886 1228 1949 habere
1280 1889 1474 1949 Deum
1521 1887 1683 1948 circa
1740 1883 2127 1945 voluntatem

562 1981 859 2056 hominia,
896 1981 1044 2060 quia
1098 1988 1299 2042 totum
1332 1981 1450 2042 hoc
1466 2025 1486 2056 ,
1534 1979 1699 2060 quod
1742 1977 2127 2058 propositum

563 2080 679 2149 est,
707 2074 1027 2144 materiale
1070 2079 1163 2134 est
1195 2073 1427 2154 peccati
1450 2071 1781 2133 interioris,
1806 2069 2125 2144 Quomodo

564 2184 713 2244 ergo
736 2165 875 2226 talis
906 2165 1095 2226 homo
1134 2184 1260 2226 non
1300 2170 1499 2245 potest
1538 2165 1705 2244 juste
1743 2161 2020 2226 excusari
2066 2172 2128 2224 et

564 2259 885 2338 conqueri,
906 2257 1115 2320 dicens
1142 2275 1158 2318 ε
1186 2259 1299 2319 Per
1318 2257 1513 2318 Deum
1542 2256 1773 2332 abfuit3
1804 2256 1933 2335 ipse
1959 2255 2127 2315 enim

562 2353 862 2431 potuisset
892 2369 1095 2414 meam
1123 2350 1507 2411 voluntatem
1536 2349 1614 2410 ad
1639 2347 2127 2410 dissentiendum

564 2444 1003 2520 determinare,
1044 2449 1107 2505 et
1136 2442 1369 2520 noluit;
1408 2461 1534 2503 non
1576 2461 1717 2503 mea
1764 2441 1968 2520 culpa,
2026 2441 2131 2500 sed

565 2557 677 2598 sua
704 2539 1057 2616 voluntatej,
1084 2555 1257 2612 nam,
1289 2542 1623 2616 autequam
1653 2554 1768 2615 ego
1792 2535 2132 2615 quidquam

566 2650 883 2712 peccarem
907 2678 927 2708 ,
978 2633 1110 2711 ipse
1159 2631 1247 2691 ita
1305 2630 1574 2691 decrevit
1629 2635 1691 2690 et
1760 2627 1925 2690 feeit.
1975 2629 2133 2689 Vere

568 2727 758 2786 etiam
804 2725 1004 2786 dicere
1062 2729 1263 2804 posset
1317 2742 1333 2784 :
1393 2724 1525 2803 Ipse
1574 2741 1675 2783 me
1728 2721 2124 2800 implanavit,

568 2837 715 2884 nam
744 2819 875 2898 ipse
910 2817 1293 2878 voluntatem
1338 2834 1543 2900 meam
1582 2813 2038 2888 determinavit,
2073 2819 2136 2874 et

566 2911 712 2972 fecit
737 2930 837 2972 me
867 2911 1069 2972 facere
1085 2934 1101 2986 ;
1125 2917 1187 2972 et
1228 2911 1347 2970 nisi
1374 2909 1503 2989 ipse
1530 2907 1715 2968 talem
1752 2907 2134 2967 voluntatem

569 3006 638 3066 in
680 3023 780 3066 me
826 3005 1208 3079 inchoasset,
1250 3021 1398 3081 ergo
1438 3021 1567 3062 non
1606 3001 1942 3081 potuissem
1980 2999 2135 3059 inci-

569 3116 761 3179 pere3
790 3118 905 3160 nec
952 3105 1281 3179 postquam
1326 3097 1455 3177 ipse
1501 3115 1603 3157 me
1649 3092 2131 3167 determinavit,

568 3194 765 3255 vitare
814 3212 929 3271 ego
968 3194 1142 3273 potui
1192 3190 1493 3253 malitiam
1517 3236 1538 3266 ,
1582 3206 1771 3269 quam
1822 3207 1967 3250 cum
2025 3186 2137 3249 tali

568 3293 709 3347 actu
739 3287 1132 3365 conjunctam
1156 3284 1370 3345 habui.
1412 3284 1649 3344 Revera
1676 3282 1836 3341 nihil
1872 3282 2140 3343 occurrit

572 3378 739 3459 quod
792 3379 902 3439 tali
942 3378 1186 3439 homini
1244 3376 1600 3457 responderi
1649 3382 1870 3456 posset.
1924 3376 2134 3454 Neque

574 3474 741 3533 enim
776 3480 1031 3551 apparet
1085 3471 1394 3551 quomodo
1436 3488 1653 3531 verum
1711 3470 1813 3545 sit,
1859 3468 2024 3548 quod
2069 3468 2136 3528 in

576 3566 793 3627 eodem
825 3570 901 3625 15
932 3584 1064 3644 cap.
1096 3564 1437 3625 Ecclesiast.
1469 3565 1678 3624 statim
1711 3562 2136 3641 subjungitur,

578 3661 772 3722 Deum
828 3660 1166 3739 relinquere
1216 3658 1509 3721 hominem
1561 3657 1628 3717 in
1672 3674 1856 3717 manu
1898 3654 2140 3718 consilii

577 3754 722 3822 rui,·
753 3770 901 3813 nam
938 3770 1152 3812 revera
1186 3769 1311 3811 non
1340 3754 1432 3811 est
1468 3748 1589 3809 nisi
1620 3747 1689 3809 in
1719 3766 1912 3808 manu
1941 3748 2140 3809 deter-

580 3844 939 3905 minationis
971 3844 1219 3919 divinae,
1260 3850 1332 3903 ut
1366 3860 1481 3903 nec
1512 3840 1591 3902 ad
1620 3842 1881 3915 malum,
1914 3858 2029 3901 nec
2059 3840 2139 3901 ad

584 3945 846 3999 mortem
888 3938 1079 4017 possit
1120 3936 1308 3997 homo
1348 3935 1665 4016 porrigere
1693 3952 1976 4010 manum,
2019 3932 2141 3993 nisi

580 4030 741 4091 Deus
768 4031 946 4091 illum
976 4028 1366 4091 determinet.

664 4124 936 4203 Denique
971 4122 1089 4184 hoc
1135 4121 1379 4183 declaro
1406 4119 1587 4183 aliter
1623 4126 1685 4181 et
1723 4118 2028 4200 expend0,
2073 4124 2146 4179 ut

584 4216 931 4279 evidentius
979 4221 1261 4290 constet3
1302 4232 1451 4275 nam
1503 4215 1570 4274 in
1610 4212 1902 4293 praedicto
1941 4230 2148 4274 exem-

585 4310 689 4391 plo
728 4310 1039 4387 interrogo
1076 4328 1158 4368 311
1188 4309 1370 4384 Deus„
1401 4312 1471 4366 ut
1506 4305 1708 4387 prima
1735 4322 1941 4382 causa,
1971 4323 2146 4385 oeque

586 4401 777 4483 possit
839 4402 1223 4463 voluntatem
1276 4399 1548 4459 hominis
1603 4398 2016 4460 determinare
2068 4398 2148 4459 ad

589 4504 802 4558 actum
834 4494 1093 4572 honum,
1125 4494 1232 4575 qui
1276 4499 1368 4554 est
1404 4492 1569 4555 nolle
1608 4511 1775 4553 nunc
1810 4492 1919 4553 tali
1950 4491 2148 4554 deleo-

586 4589 819 4650 tationc
849 4588 1004 4664 frui3
1036 4596 1096 4649 et
1139 4586 1217 4647 ad
1244 4593 1477 4664 actum,
1505 4587 1613 4666 qui
1648 4591 1741 4646 est
1784 4584 2004 4661 11131113,
2035 4586 2151 4646 sci-

593 4683 736 4744 licet
777 4683 933 4743 velle
978 4682 1079 4743 bic
1118 4690 1183 4742 et
1216 4698 1384 4741 nunc
1432 4681 1499 4741 in
1542 4680 1661 4742 hoc
1717 4678 1993 4741 sensibili
2039 4679 2152 4740 ob-

592 4780 758 4859 jecto
814 4776 1127 4837 delectari.
1160 4776 1353 4835 Nemo
1406 4774 1676 4854 prudens
1730 4782 1793 4833 et
1839 4772 2148 4849 cordatus,

589 4870 697 4950 qui
724 4870 1039 4931 admiserit
1082 4886 1257 4947 posse
1304 4868 1495 4929 Deum
1551 4866 1667 4927 hoc
1714 4867 2018 4945 posterius
2061 4865 2152 4926 fa·

590 4980 729 5023 cere
750 5007 773 5038 ,
804 4961 1058 5039 negabit
1090 4960 1312 5038 (credo)
1349 4978 1526 5040 posse
1556 4960 1745 5020 etiam
1772 4959 1972 5019 facere
1997 4958 2150 5019 illud

589 5056 793 5133 prius3
818 5073 965 5114 nam
1000 5054 1286 5115 voluntas
1314 5054 1450 5131 ipsa
1493 5058 1694 5132 potest
1730 5052 1910 5113 illum
1943 5059 2150 5113 actum

591 5148 808 5209 elicere
840 5164 861 5225 3
907 5165 1055 5225 ergo
1102 5152 1165 5207 et
1214 5147 1373 5207 Deus
1406 5163 1580 5224 aeque
1622 5145 1845 5225 poterit
1892 5163 2032 5206 eam
2070 5143 2151 5205 ad

588 5241 767 5302 illum
814 5240 1205 5301 efficiendum
1233 5239 1667 5301 determinare.
1720 5238 1952 5299 Rursus
2001 5255 2150 5317 ergo

592 5336 909 5413 interrogo
937 5353 1042 5407 an,
1092 5351 1168 5394 ex
1212 5333 1274 5393 vi
1307 5350 1641 5393 concursus
1676 5330 1982 5413 generalis
2029 5333 2153 5411 pri-

588 5446 708 5489 mae
738 5446 959 5503 rausae,
992 5426 1287 5487 debeatur
1313 5427 1519 5505 potius
1543 5424 1691 5485 huic
1719 5425 2028 5486 voluntati
2049 5426 2152 5486 de-

588 5521 951 5583 terminatio
984 5519 1062 5581 ad
1096 5524 1303 5581 actum
1334 5516 1593 5595 malum,
1618 5535 1807 5597 quam
1838 5518 1914 5579 ad
1946 5522 2153 5579 actum

1115 389 1325 443 OPUSC.
1362 392 1401 450 Ι,
1437 391 1554 444 Lm.
1590 391 1651 444 11.
1688 389 1769 443 DE
1802 387 2120 441 commisti
2153 387 2256 441 DEI
2288 387 2372 440 An
2406 387 2606 440 Adrus
2636 385 2882 440 onnmls
2914 385 3202 439 NATURAE.

2202 486 2461 564 bonum,
2493 505 2709 549 necne.
2745 485 2928 548 Nulla
2967 491 3130 548 certe
3176 483 3482 565 probabili
3521 489 3720 552 ratione

2201 581 2356 641 illud
2393 583 2566 661 prius
2605 580 2905 641 affirmari
2953 584 3173 660 potest.
3221 578 3376 641 Cum
3431 581 3592 642 enim
3629 583 3719 646 ista

2203 673 2487 734 voluutas
2526 692 2699 754 aeque
2723 675 2802 734 sit
2829 680 3046 752 potens
3082 671 3162 733 ad
3190 678 3526 750 utrumque
3551 683 3720 737 actum

2205 769 2597 830 efficiendum
2643 786 2786 830 cum
2831 766 3108 847 generali
3135 785 3458 842 concursu,
3501 785 3604 828 cur
3643 789 3722 848 po·

2205 861 2327 920 tius
2373 860 2630 922 debetur
2676 860 2768 921 illi
2817 877 3149 920 concursus
3186 858 3284 920 vel
3327 859 3722 923 determinatio

2205 953 2283 1013 ad
2313 953 2546 1014 malum
2576 971 2764 1034 quam
2792 952 2871 1014 ad
2898 952 3178 1014 honum?

2615 1146 2972 1210 Occurritur
3011 1146 3350 1226 objectioni.

2289 1333 2387 1392 15.
2432 1331 2603 1391 Dicet
2652 1329 2907 1390 fortasse
2957 1329 3096 1408 quis
3143 1344 3272 1388 non
3325 1345 3502 1406 aeque
3555 1328 3726 1391 deberi

2207 1424 2370 1486 hanc
2397 1422 3003 1496 determinationem,
3033 1421 3184 1500 quia
3217 1419 3504 1480 voluntas
3521 1438 3636 1480 non
3659 1435 3726 1481 est

2207 1535 2380 1598 aeque
2409 1516 2702 1596 disposita
2730 1515 2831 1576 vel
2869 1531 3176 1595 propensa
3224 1514 3302 1573 ad
3345 1513 3578 1573 bonum
3603 1515 3726 1575 sicut

2207 1611 2284 1672 ad
2310 1609 2566 1671 malum.
2591 1609 2848 1670 Contra:
2879 1626 3046 1683 nam,
3077 1604 3179 1668 vel
3199 1605 3308 1667 illa
3334 1606 3640 1686 dispositio
3663 1617 3728 1669 est

2206 1701 2530 1784 culpabilis
2582 1708 2646 1763 ct
2699 1701 3071 1777 voluntaria,
3121 1700 3222 1762 vel
3261 1700 3581 1761 naturalis,
3625 1703 3728 1762 Pri-

2209 1814 2384 1858 mum
2419 1796 2538 1856 dici
2597 1814 2724 1857 non
2769 1801 2966 1875 potest
2987 1817 3005 1870 ;
3053 1799 3186 1854 tum
3233 1793 3383 1872 quia
3433 1791 3636 1871 loquar
3673 1795 3728 1855 de

2207 1890 2410 1970 primo
2439 1895 2710 1969 peccato,
2736 1887 2911 1949 verbi
2934 1887 3156 1964 gratia,
3187 1887 3361 1962 Adae,
3388 1884 3488 1946 vel
3507 1887 3724 1964 Angeli;

2209 1991 2345 2044 tum
2373 1982 2565 2044 etiam
2597 1981 2747 2062 quia
2795 1981 2872 2042 de
2913 1979 3021 2040 illa
3049 1978 3343 2059 culpabili
3375 1978 3726 2058 dispositione

2207 2075 2520 2155 inquiram
2561 2093 2639 2136 ex
2683 2093 2808 2154 qua
2853 2073 3369 2134 determinatione
3403 2077 3538 2132 orta
3579 2072 3727 2132 tuerit

2208 2176 2270 2229 et
2319 2168 2546 2230 redibit
2594 2167 2812 2230 eadem
2845 2167 3125 2247 quaestio.
3179 2165 3535 2228 Secundum
3581 2167 3729 2225 etiam

2208 2262 2518 2343 imprimis
2563 2267 2654 2322 est
2683 2260 2934 2336 falsum,
2965 2265 3036 2319 ut
3080 2259 3147 2320 in
3193 2259 3429 2320 eisdem
3477 2258 3731 2335 exemplis

2210 2356 2381 2417 cerni
2411 2361 2610 2434 potest
2637 2354 2712 2415 de
2734 2353 2973 2415 Adamo
2999 2350 3098 2414 vel
3129 2350 3355 2430 angelo
3383 2357 3528 2410 ante
3563 2367 3729 2428 peoea-

2212 2454 2370 2509 tum.
2415 2448 2670 2524 Deinde,
2701 2452 2829 2508 esto
2857 2445 2944 2506 ita
2993 2451 3172 2520 esset,
3221 2443 3330 2504 illa
3375 2442 3534 2504 ratio
3573 2443 3730 2522 potius

2213 2541 2461 2602 deberet
2484 2543 2677 2602 Deum
2702 2539 3016 2612 inducere,
3043 2542 3116 2597 ut
3141 2535 3327 2598 talem
3359 2535 3632 2614 fragilem
3655 2553 3732 2594 vo·

2213 2632 2522 2696 lunt-atem
2569 2632 2647 2694 ad
2677 2633 2912 2694 bonum
2945 2632 3150 2712 potius
3177 2635 3410 2705 actum,
3457 2645 3632 2708 quam
3677 2627 3734 2686 ad

2213 2726 2454 2787 malum
2482 2772 2502 2801 ,
2554 2724 3016 2788 determinaret.
3081 2723 3230 2798 Quae
3286 2740 3562 2802 namque
3613 2723 3733 2780 ratio

2212 2819 2538 2900 permittit,
2592 2818 2824 2880 nedum
2879 2815 3171 2897 postulat,
3224 2821 3298 2902 ut
3347 2816 3641 2895 quispiam
3677 2817 3734 2874 ad

2214 2912 2560 2974 cadendum
2607 2911 3078 2986 determinetur,
3109 2915 3434 2990 propterea
3469 2908 3620 2988 quod
3643 2909 3736 2968 fra-

2216 3004 2358 3084 gilis
2385 3004 2486 3065 vel
2524 3003 2850 3065 imbecillis
2889 3003 2990 3063 sit.
3016 3002 3191 3064 Adde
3219 3001 3412 3080 quod,
3451 3002 3503 3062 si
3531 3000 3589 3060 id
3615 3007 3735 3061 esset

2215 3117 2457 3174 verum,
2483 3097 2722 3178 quoties
2747 3098 2908 3159 Deus
2943 3116 3072 3159 non
3113 3094 3491 3157 determinat
3526 3094 3597 3155 ad
3634 3111 3737 3173 pec-

2217 3192 2485 3252 candum
2523 3192 2846 3253 hominem
2876 3195 3188 3252 tentatum
3215 3194 3278 3249 et
3305 3187 3610 3267 fragilem,
3639 3204 3735 3245 ma-

2219 3285 2439 3363 gisque
2473 3300 2851 3365 propensum
2896 3282 2978 3343 ad
3027 3282 3270 3362 lapsum
3298 3329 3311 3355 ,
3357 3281 3542 3341 toties
3571 3284 3736 3357 ageret

2214 3376 2450 3458 aliquid
2493 3376 2669 3457 quasi
2725 3375 3188 3452 miraculosum,
3234 3381 3296 3438 et
3341 3380 3567 3454 praeter
3611 3390 3737 3433 com-

2217 3488 2474 3533 munem
2523 3488 2771 3531 cursum
2815 3476 3054 3531 naturae
3072 3514 3094 3545 ,
3146 3468 3464 3546 negando,
3523 3465 3734 3538 seilicet,

2217 3563 2328 3624 tali
2360 3563 2689 3639 voluntati,
2720 3569 2782 3623 et
2809 3564 2877 3622 in
2903 3561 3012 3622 tali
3033 3568 3195 3622 statu
3219 3579 3326 3622 seu
3353 3559 3606 3621 articulo
3627 3576 3737 3618 con-

2219 3657 2472 3731 stitntae,
2503 3673 2872 3717 concursum
2904 3654 3256 3734 generalem
3297 3651 3578 3713 debitum
3607 3670 3672 3712 ex
3696 3650 3739 3708 vi

2221 3750 2498 3810 muneris
2527 3750 2745 3829 primas
2769 3766 2990 3809 causae.
3019 3747 3414 3827 Consequens
3443 3750 3534 3807 est
3570 3762 3666 3825 per
3691 3760 3738 3801 se

2222 3841 2377 3903 adeo
2412 3842 2772 3919 absurdum,
2817 3847 2889 3902 ut
2917 3858 3034 3902 nec
3065 3838 3421 3921 improbare
3459 3838 3626 3913 illud,
3652 3852 3739 3897 nec

2225 3953 2599 4015 exaggerare
2629 3954 2872 3997 necesse
2899 3936 2999 3995 sit.

2303 4030 2651 4091 Aba-ardum
2679 4046 2750 4092 σω
2776 4029 3042 4111 opposito
3061 4026 3516 4090 consectarium.
3529 4020 3742 4083 —Addo

2223 4122 2517 4204 denique,
2543 4122 2688 4184 inde
2713 4122 2851 4182 fieri
2873 4120 3182 4201 pertinere
3215 4120 3294 4180 ad
3323 4136 3552 4179 munus
3569 4116 3743 4195 primae

2225 4234 2447 4293 causas,
2485 4216 2722 4296 quoties
2751 4212 2994 4275 daemon
3037 4214 3438 4275 vehementer
3463 4210 3740 4271 homiuem

2226 4316 2447 4379 tentat,
2475 4310 2544 4370 in
2593 4326 2788 4389 eoque
2813 4308 3168 4369 discrimine
3213 4306 3563 4377 constituit,
3611 4300 3742 4361 utin

2227 4401 2500 4485 periculo
2545 4403 2624 4463 sit
2660 4400 3111 4478 consentiendi,
3143 4406 3205 4462 et
3249 4400 3328 4461 ad
3353 4397 3535 4459 illum
3573 4403 3744 4456 actum

2230 4499 2431 4575 magis
2459 4514 2797 4579 propensus
2821 4502 2885 4559 et
2909 4495 3260 4576 disposituS,
3292 4501 3444 4555 tune
3481 4488 3744 4570 (inquam)

2223 4592 2539 4676 pertinere
2578 4590 2658 4652 ad
2685 4606 2916 4651 munus
2955 4591 3173 4671 primae
3213 4604 3435 4663 causas,
3466 4598 3747 4665 promove-

2229 4704 2322 4762 re,
2351 4684 2478 4745 imo
2522 4701 2953 4746 consummare
2994 4681 3426 4755 tentationem,
3475 4684 3538 4739 et
3583 4671 3746 4735 homi-

2231 4795 2378 4838 nem
2418 4776 2498 4837 ad
2556 4777 2735 4838 illum
2789 4793 3155 4837 consensum
3203 4771 3745 4853 proedeterminare3

2231 4869 2395 4949 quod
2420 4868 2522 4931 vel
2547 4870 2820 4947 cogitare
2854 4869 3066 4929 horret
3091 4868 3196 4948 pia
3219 4884 3416 4927 mens.
3443 4866 3548 4925 Est
3573 4866 3745 4921 autem

2229 4980 2461 5022 vanum
2489 4961 2592 5023 hic
2611 4962 2990 5039 distinguere
3012 4961 3087 5021 de
3112 4958 3414 5021 materiali
3435 4956 3535 5019 vel
3559 4955 3629 5014 de
3653 4952 3747 5011 sor-

2231 5054 2380 5115 mali
2408 5056 2642 5134 peccati
2658 5070 2680 5133 3
2711 5073 2858 5115 nam
2891 5054 3148 5115 tentatio
3177 5071 3306 5113 non
3325 5057 3600 5113 versatur
3619 5046 3749 5105 circa

2229 5147 2519 5223 formale,
2577 5148 2684 5209 sed
2749 5148 2912 5209 circa
2961 5143 3320 5220 materiale3
3377 5162 3492 5205 nec
3539 5141 3747 5200 daemon

2233 5239 2400 5302 aliud
2459 5240 2539 5301 ab
2589 5240 2842 5301 homine
2885 5247 3251 5319 extorquere
3301 5238 3493 5317 eupit,
3539 5232 3650 5295 nisi
3696 5234 3748 5287 ut

2229 5331 2380 5393 velit
2411 5332 2571 5395 hanc
2601 5352 2734 5393 rem
2765 5334 3065 5413 accipere,
3113 5332 3213 5393 vel
3262 5332 3343 5392 ad
3391 5329 3549 5389 hanc
3581 5323 3748 5385 foemi·

2231 5443 2380 5485 nam
2430 5426 2736 5487 accedere.
2789 5427 2866 5487 Et
2913 5431 3147 5502 tamen,
3181 5442 3324 5485 cum
3368 5422 3604 5482 daemon
3649 5432 3749 5477 non

2232 5522 2420 5597 possit
2445 5519 2783 5580 immittere
2825 5518 2942 5579 hoe
2968 5516 3128 5581 velle
3157 5517 3226 5579 in
3270 5514 3546 5591 homine,
3571 5510 3666 5573 sed
3691 5504 3749 5567 ad
