3850 6225
478 346 598 406 186

475 449 684 512 statim
707 449 816 510 det
843 449 964 512 tale
994 449 1318 526 auxilium,
1353 457 1418 512 et
1444 452 1578 512 sine
1605 452 1710 512 illa
1737 471 1866 514 non
1889 452 2038 525 det;

473 557 681 622 neque
731 543 898 603 enim
927 543 1080 622 fingi
1108 549 1316 622 potest
1348 544 1505 606 alius
1542 545 1766 606 modus
1811 544 2045 625 depen-

477 635 728 709 dentiae,
753 636 994 698 ratione
1025 637 1206 716 cujus
1233 637 1356 698 tale
1386 638 1688 699 auxilium
1711 638 1786 698 sit
1815 638 1877 698 in
1902 656 2045 698 nos-

479 737 576 791 tra
621 733 956 808 potestate.
987 730 1160 793 Sicut
1187 731 1416 792 infusio
1447 733 1660 812 gratiae
1681 731 2039 804 habitualis,

477 823 623 904 quia
666 841 796 884 non
821 823 892 884 fit
919 843 956 884 a
983 823 1186 899 nobiS,
1217 825 1326 886 sed
1365 843 1402 885 a
1431 825 1564 886 solo
1588 827 1742 897 Deo,
1775 843 1904 884 non
1946 829 2041 886 est

477 917 542 978 in
569 923 782 978 nostra
817 921 1147 996 potestate,
1189 919 1309 980 nisi
1337 926 1649 999 quatenus
1676 919 1886 998 aliqua
1915 918 2043 980 dis·-

475 1011 702 1093 positio
715 1011 796 1072 ad
815 1010 988 1072 illam
1005 1018 1100 1073 est
1127 1012 1192 1072 in
1221 1017 1526 1092 potestate
1547 1019 1782 1074 nostra.
1815 1012 2039 1085 Quaero

477 1122 626 1184 ergo
660 1121 948 1183 quaenam
973 1104 1051 1167 sit
1071 1106 1208 1166 haec
1235 1105 1558 1184 dispositio
1594 1124 1672 1167 ex
1696 1112 1874 1184 parte
1899 1123 2044 1166 nos-

475 1204 570 1260 tra
595 1199 977 1273 necessaria,
1008 1198 1108 1259 vel
1133 1199 1446 1278 possibilis
1473 1199 1552 1260 ad
1566 1200 1758 1260 talem
1777 1201 2039 1279 gratiam

475 1291 836 1352 efficacem?
857 1298 968 1351 aut
987 1291 1156 1352 enim
1177 1298 1271 1354 est
1300 1293 1584 1372 positiva,
1613 1297 1722 1354 aut
1743 1295 2038 1374 negativa

471 1389 738 1448 tantum.
771 1385 1072 1446 Neutrum
1089 1390 1300 1446 autem
1331 1387 1452 1448 dici
1471 1391 1696 1467 potest.

555 1485 612 1540 7.
657 1478 860 1544 Nulla
881 1485 1082 1562 potest
1107 1498 1232 1544 esse
1259 1481 1576 1563 dispositio
1605 1499 1679 1544 σω
1701 1486 1880 1561 parte
1901 1497 2039 1542 nos-

474 1575 560 1636 tri
585 1574 666 1636 ad
683 1573 952 1656 qratiam
979 1575 1293 1654 efficacem.
1325 1603 1408 1619 -
1433 1575 1508 1634 Et
1539 1573 1844 1652 imprimis
1871 1573 2039 1652 posi-

472 1666 596 1728 tiva
629 1665 951 1746 dispositio
993 1684 1132 1728 esse
1176 1672 1418 1728 tantum
1449 1673 1654 1747 potest
1687 1685 1801 1747 per
1829 1672 2039 1728 actum

473 1760 744 1840 aliquem
763 1759 1034 1822 liberum
1049 1760 1408 1832 voluntatis,
1434 1761 1540 1840 qui
1563 1761 1751 1822 debet
1771 1777 1910 1820 esse
1932 1758 2039 1819 bo-

471 1873 594 1915 nus
633 1872 650 1928 ;
698 1871 850 1916 nam
890 1859 1066 1916 actus
1093 1853 1298 1914 malus
1323 1871 1452 1914 non
1484 1858 1578 1915 cst
1607 1852 1929 1932 dispositio
1958 1852 2039 1913 ad

471 1949 665 2010 ullam
697 1947 1002 2029 gratiam;
1049 1954 1225 2010 actus
1261 1954 1475 2009 autem
1519 1949 1724 2009 bonus
1751 1965 1891 2009 esse
1930 1965 2042 2026 po-

471 2049 632 2118 test,
673 2044 774 2104 vel
801 2042 1055 2104 moralis
1084 2049 1330 2105 tantum
1355 2048 1414 2104 et
1445 2042 1682 2102 ordinis
1708 2041 2035 2116 naturalis,

473 2144 536 2199 et
578 2135 679 2199 hic
719 2156 849 2198 non
890 2142 1098 2216 potest
1143 2155 1282 2198 esse
1331 2135 1645 2197 sufficiens
1686 2135 2031 2215 dispositi0,

471 2231 818 2310 praesertim
851 2231 1068 2292 ultima
1098 2237 1162 2292 et
1197 2231 1580 2292 necessitans
1601 2276 1616 2303 ,
1669 2246 1782 2290 seu
1810 2227 2035 2290 infalli-

471 2323 678 2384 biliter
717 2342 930 2386 secum
983 2325 1254 2386 afferens
1305 2322 1846 2403 supernaturalem
1893 2341 2035 2402 gra-

471 2416 623 2478 tiam
649 2418 858 2478 auxilii
882 2419 1176 2491 efficacis,
1206 2435 1352 2480 cum
1385 2435 1510 2497 quo
1541 2418 1893 2478 necessario
1920 2435 2035 2478 seu

471 2510 874 2586 infallibiliter
903 2513 1236 2591 conjuncta
1267 2517 1362 2572 est
1401 2511 1670 2574 hominis
1711 2510 2035 2571 conversio

471 2609 536 2665 et
559 2603 1004 2677 sanctificatio;
1053 2604 1219 2666 unde
1248 2604 1312 2664 id
1347 2622 1630 2666 asserere
1654 2603 1841 2683 plane
1871 2609 2038 2664 esset

472 2697 876 2777 Pelagianurn
908 2717 924 2770 ;
967 2715 1117 2759 nam
1147 2697 1267 2758 hoc
1297 2695 1486 2758 modo
1517 2697 1707 2759 homo
1737 2715 1852 2776 per
1879 2697 2035 2758 libe-

469 2809 610 2852 rum
639 2791 966 2852 arbitrium
991 2791 1358 2853 naturaliter
1383 2809 1674 2871 operans,
1711 2809 1776 2851 se
1807 2789 2036 2852 discer-

471 2891 672 2960 neret,
699 2892 761 2948 et
783 2885 1010 2946 falsum
1039 2891 1206 2948 esset
1235 2884 1390 2947 illud
1421 2905 1434 2946 ε
1471 2885 1620 2950 Non
1639 2891 1732 2948 est
1754 2883 2030 2957 volentis,

471 2983 615 3048 etc..
664 2985 734 3040 ut
775 2981 1077 3052 omittam,
1124 2981 1294 3042 hunc
1327 2981 1534 3060 ipsum
1563 2984 1770 3039 actum
1797 2979 2036 3038 bonum

467 3071 788 3135 moraliter
812 3090 890 3134 ex
917 3072 1125 3135 divina
1158 3073 1348 3135 etiam
1378 3071 2033 3153 praedeterminatione

465 3166 767 3245 pendere,
798 3168 976 3245 juxta
1009 3168 1168 3228 hanc
1199 3167 1600 3229 sententiam.
1637 3166 1815 3237 Quod
1847 3166 1899 3225 si
1927 3164 2033 3225 illa

467 3258 788 3339 dispositio
813 3261 892 3322 sit
913 3259 1137 3340 aliquis
1163 3267 1341 3321 actus
1363 3260 1878 3339 supernaturalis,
1910 3260 2031 3339 pri-

463 3370 640 3413 mum
680 3354 801 3415 hoc
851 3360 946 3415 est
995 3353 1367 3427 inauditum,
1425 3353 1678 3427 scilicet,
1731 3354 1900 3433 quod
1950 3352 2029 3413 ad

467 3447 926 3519 contritionem,
957 3448 1129 3509 verbi
1160 3447 1382 3529 gratia,
1415 3448 1494 3508 sit
1522 3446 1878 3508 necessaria
1906 3446 2029 3507 alia

466 3540 684 3601 ultima
715 3539 1035 3621 dispositio
1065 3562 1082 3615 ς
1135 3547 1199 3603 et
1223 3541 1421 3602 multo
1450 3540 1660 3601 minus
1695 3538 2029 3601 verisimile

467 3632 584 3693 erit
610 3631 675 3693 id
703 3632 912 3695 dicere
941 3634 1020 3695 de
1050 3635 1366 3697 attritione
1397 3680 1413 3707 ,
1456 3635 1556 3695 vel
1584 3634 1663 3695 de
1691 3633 1896 3711 prima
1921 3650 2031 3694 vo·

462 3724 700 3787 luntate
729 3726 1062 3803 credendi3
1088 3727 1317 3806 alioqui
1345 3744 1670 3807 nunquam
1699 3744 2033 3806 possumus

469 3821 686 3881 sistere
727 3820 796 3880 in
843 3821 1040 3900 prima
1093 3822 1551 3901 supernaturali
1601 3820 2026 3900 dispositione.

464 3912 682 3975 Dices:
709 3931 920 3975 nonne
947 3915 1290 3977 Concilium
1307 3914 1760 3988 Tridentinum,
1787 3932 1943 3975 sess.
1967 3916 2027 3988 6,

466 4026 603 4087 cap.
625 4010 685 4080 7,
711 4008 1020 4088 significat
1041 4028 1154 4089 per
1177 4008 1572 4089 imperfectas
1596 4008 2033 4087 dispositiones

463 4101 718 4175 liberaS,
763 4104 1105 4181 praeparari
1147 4102 1468 4164 hominem
1502 4120 1540 4162 a
1581 4102 1736 4173 Deo,
1779 4107 1868 4176 ut,
1903 4120 2035 4162 ma-

455 4196 596 4275 jora
623 4194 854 4255 auxilia
881 4196 1266 4277 recipiendO,
1299 4196 1556 4257 tandem
1587 4194 1668 4256 ad
1689 4194 2033 4275 perfectam

463 4288 935 4366 dispositionem
963 4289 1326 4369 perveniat?
1355 4290 1793 4367 Respondetur
1817 4288 2031 4368 impri-

462 4383 582 4443 mis
605 4383 950 4444 Concilium
975 4402 1102 4445 non
1128 4384 1336 4445 dicere
1365 4384 1543 4443 illum
1571 4384 1860 4445 ordinem
1890 4402 2029 4444 esse

463 4477 888 4537 necessarium
915 4524 931 4549 ‚
975 4478 1088 4539 sed
1132 4477 1486 4539 describere
1528 4476 1786 4537 modum
1828 4477 2031 4556 mag-is

463 4587 904 4648 communem3
934 4590 1048 4651 per
1075 4590 1143 4633 se
1169 4578 1382 4634 autem
1412 4571 1696 4632 contritio
1727 4590 1853 4632 non
1881 4589 2031 4650 pen-

463 4664 570 4725 det
611 4682 689 4725 ex
734 4664 1115 4744 imperfectis
1163 4664 1694 4744 dispositionibus,
1735 4671 1804 4726 ut
1843 4664 2035 4725 etiam

463 4757 678 4819 docuit
715 4758 789 4817 D.
839 4757 1112 4820 Thomas
1149 4762 1206 4820 1.
1257 4760 1318 4831 2,
1363 4764 1585 4836 quaest.
1629 4760 1767 4829 113,
1815 4763 1933 4819 art.
1970 4760 2029 4819 7.

459 4849 694 4911 Deinde
725 4850 1070 4911 Concilium
1098 4870 1230 4913 non
1258 4855 1582 4929 comparat
1609 4850 1912 4912 auxilium
1944 4850 2023 4911 ef-

461 4943 622 5005 ficax
647 4943 730 5005 ad
758 4944 1096 5018 sufficiens,
1128 4946 1276 5025 quia
1316 4946 1479 5007 inter
1499 4946 1634 5006 hoec
1661 4964 1790 5007 non
1817 4950 1912 5007 est
1936 4963 2033 5005 or-

460 5037 542 5098 do
569 5041 860 5116 respectu
889 5037 1174 5117 ejusdem
1201 5044 1401 5109 actus,
1444 5056 1562 5099 nec
1589 5044 1794 5118 potest
1821 5038 2031 5099 effica-

465 5130 558 5191 cia
589 5130 799 5192 auxilii
829 5131 1192 5193 sufficientis
1221 5130 1498 5213 pendere
1523 5148 1598 5193 ex
1625 5131 1746 5192 alia
1773 5130 2031 5211 disposi-

461 5224 630 5285 tione
659 5225 896 5303 libera;
927 5224 1040 5286 sed
1067 5224 1343 5305 loquitur
1365 5224 1710 5287 Concilium
1732 5224 1810 5285 de
1833 5223 2033 5285 diver-

462 5318 546 5379 sis
575 5318 848 5391 actibus,
889 5319 969 5381 ad
1000 5336 1160 5399 quos
1189 5318 1434 5380 diversa
1465 5317 1694 5379 auxilia
1725 5316 2034 5379 sufficien-

461 5410 545 5471 tia
595 5414 658 5473 et
697 5412 975 5475 efficacia
1007 5413 1366 5474 necessaria
1405 5417 1571 5475 sunt.
1619 5410 1793 5498 Ajdde
1833 5410 2027 5490 quod,

461 5502 608 5567 licet
643 5506 834 5567 homo
876 5524 942 5568 se
987 5506 1277 5587 disponat
1305 5506 1501 5569 libere
1540 5524 1654 5587 per
1677 5511 1887 5585 actum
1919 5504 2031 5565 im·

1319 351 1528 404 owse.
1567 353 1605 414 l,
1642 353 1740 406 Lm
1795 353 1876 406 ΙΙΙ.
1913 353 1995 406 DE
2028 353 2303 406 Auxluts
2334 352 2565 406 mvmAE
2597 351 2861 406 onum.

2124 451 2495 532 perfectum,
2524 468 2652 512 non
2670 457 3000 531 propterea
3024 451 3537 516 determinabitur
3554 463 3661 516 sta-

2123 543 2233 605 tim
2273 545 2356 604 ad
2388 545 2579 604 alium
2618 548 2829 605 actum
2870 544 3217 624 perfectum
3246 561 3267 623 ;
3312 564 3429 608 nec
3460 547 3537 608 de
3560 549 3659 610 hoc

2126 644 2222 700 est
2256 637 2359 700 lex
2396 645 2505 699 aut
2530 638 2881 718 promissi0‚
2923 657 3041 700 nec
3072 639 3317 700 ostendi
3352 647 3571 720 potest.
3602 644 3661 704 Et

2122 737 2458 812 propterea
2502 733 2553 792 si
2600 731 2686 792 ita
2733 731 2935 805 fieret,
2972 733 3108 812 jam
3151 733 3463 812 posterior
3510 742 3662 795 actus

2122 843 2250 884 non
2296 831 2463 886 esset
2504 825 2568 885 in
2608 843 2675 886 se
2718 825 2898 898 liber,
2942 826 3054 887 sed
3098 825 3159 886 in
3204 825 3351 900 alic,
3402 827 3567 906 quod
3598 829 3661 890 de

2122 919 2493 980 contritione
2546 919 2666 980 dici
2707 937 2837 980 non
2878 922 3103 999 potest.
3158 919 3339 981 Addo
3386 920 3657 1000 denique,

2122 1011 2309 1073 etiam
2337 1012 2417 1073 ad
2450 1011 2726 1092 priorem
2760 1019 2995 1086 actum,
3042 1013 3429 1093 quicumque
3454 1013 3554 1074 ille
3580 1015 3661 1088 sit,

2122 1107 2545 1168 necessariam
2589 1124 2726 1167 esse
2769 1107 3045 1168 divinam
3092 1106 3667 1186 praedeteminatio·

2122 1217 2308 1275 nem3
2340 1217 2489 1260 nam
2513 1218 2651 1261 esse
2676 1200 2899 1262 dicitur
2922 1201 3242 1261 moraliter
3268 1201 3474 1260 bonus
3504 1205 3563 1260 et
3584 1219 3667 1262 su-

2122 1293 2575 1373 pernaturalis3
2612 1293 2846 1372 alioqui
2874 1293 2923 1353 si
2963 1293 3046 1354 ad
3078 1293 3255 1354 illum
3282 1299 3553 1371 negetur
3572 1312 3667 1354 ne-

2121 1385 2413 1460 cessaria,
2448 1386 2670 1447 eadem
2698 1387 2939 1446 ratione
2956 1387 3190 1466 ,negari
3221 1387 3455 1466 poterit
3480 1386 3557 1447 de
3584 1406 3669 1448 re·

2116 1479 2324 1558 liquiS.
2368 1481 2680 1541 Ponamus
2720 1499 2870 1560 ergo
2910 1480 3086 1540 illum
3124 1489 3337 1541 actum
3378 1498 3518 1540 esse
3550 1499 3669 1540 ora·

2117 1572 2355 1634 tionem
2378 1573 2481 1633 vel
2508 1572 2869 1652 petitionem
2897 1572 3039 1634 talis
3059 1573 3270 1634 auxilii
3294 1590 3315 1652 3
3347 1574 3518 1634 hanc
3538 1591 3669 1652 ergo

2120 1665 2323 1746 ipsam
2360 1667 2711 1727 orationem
2746 1667 2936 1728 homo
2974 1666 3243 1728 fundere
3278 1683 3410 1727 non
3450 1671 3667 1746 potest,

2120 1759 2241 1820 nisi
2264 1758 2435 1834 velit3
2466 1778 2593 1820 non
2622 1763 2835 1821 autem
2862 1765 3071 1839 potest
3096 1760 3279 1832 velle,
3306 1759 3423 1820 nisi
3452 1777 3536 1820 ex
3554 1779 3671 1839 gra-

2122 1854 2207 1913 tia
2244 1853 2507 1934 Spiritus
2548 1854 2778 1926 Sancti,
2828 1854 2998 1933 quia,
3044 1855 3197 1935 quid
3228 1871 3489 1924 oremus,
3534 1855 3673 1917 deut

2121 1949 2375 2028 oportet,
2420 1947 2745 2020 nescimus,
2790 1947 2899 2010 sed
2938 1945 3227 2028 Spiritus
3266 1947 3553 2029 postulat
3577 1966 3671 2029 pro

2119 2041 2288 2103 nobis
2327 2043 2615 2118 (Roman.
2649 2043 2753 2121 8);
2793 2041 2843 2102 si
2891 2059 3042 2120 ergo
3077 2041 3267 2101 homo
3306 2041 3441 2101 vult
3472 2047 3671 2120 petere

2119 2134 2421 2194 auxilium
2458 2133 2677 2195 efficax
2724 2134 2805 2196 ad
2842 2134 3310 2205 contritionem,
3358 2133 3497 2214 jam
3541 2151 3671 2210 ergo

2116 2227 2307 2289 habet
2336 2228 2638 2288 auxilium
2680 2229 2899 2290 efficax
2940 2233 3009 2289 ut
3046 2227 3197 2288 velit
3234 2245 3417 2290 orare
3450 2246 3466 2300 ;
3534 2242 3666 2306 ergo

2115 2321 2354 2400 indiget
2390 2322 2577 2383 etiam
2610 2321 3263 2402 praedetermimtione
3309 2320 3571 2401 physica
3602 2319 3670 2379 ad

2116 2415 2286 2476 illam
2354 2415 2743 2476 voluntatem
2802 2414 3045 2474 orandi.
3111 2413 3669 2475 Praedeterminatio

2118 2526 2269 2588 ergo
2292 2508 2374 2569 ad
2394 2507 2571 2568 illum
2596 2513 2805 2568 actum
2834 2525 2963 2568 non
2994 2507 3111 2568 erit
3139 2507 3203 2567 in
3238 2512 3549 2586 potestate
3576 2507 3671 2567 ho-

2116 2601 2337 2674 minis;
2386 2601 2619 2680 alioqui
2656 2601 2991 2678 quaerenda
3020 2601 3138 2661 erit
3172 2600 3291 2660 alia
3337 2600 3667 2679 dispositio.

2116 2700 2179 2758 et
2225 2694 2463 2756 infinite
2516 2695 2927 2774 procedetur;
2978 2711 3128 2774 ergo
3177 2695 3419 2755 illemet
3458 2699 3664 2764 actuS.

2116 2789 2223 2868 qui
2250 2788 2575 2850 dicebatur
2605 2806 2743 2849 esse
2782 2787 3105 2867 dispositio
3138 2785 3221 2848 ad
3256 2787 3525 2846 alteram
3552 2805 3671 2846 mo-

2116 2883 2351 2943 tionem
2380 2929 2397 2956 ‚
2450 2901 2579 2943 non
2612 2887 2707 2944 est
2737 2881 2800 2941 in
2828 2886 3137 2961 potestate
3176 2881 3485 2952 hominis;
3536 2899 3670 2959 ergo

2117 2975 2476 3054 simpliciter
2505 2976 2779 3036 humana
2812 2975 3159 3046 conversi0,
3194 2993 3307 3035 seu
3339 2992 3671 3036 consensus

2113 3069 2275 3131 liber
2302 3088 2427 3131 non
2458 3075 2553 3132 est
2580 3070 2645 3131 in
2674 3069 2945 3130 hominis
2974 3074 3307 3149 potestate.

2194 3165 2255 3224 8.
2302 3163 2481 3234 Quod
2510 3182 2659 3225 vero
2700 3163 2871 3223 nulla
2900 3164 3193 3241 negativa
3226 3164 3553 3243 dispositio
3580 3182 3673 3223 ex-

2113 3257 2372 3335 cogitari
2399 3258 2615 3336 possit,
2646 3274 2785 3335 quae
2808 3254 3063 3317 moralis
3083 3257 3160 3318 sit
3184 3262 3248 3318 et
3270 3256 3491 3326 libera,
3524 3255 3673 3316 etad

2111 3350 2231 3412 hoc
2258 3351 2555 3411 auxilium
2586 3352 2804 3411 efficax
2830 3351 3183 3411 necessaria
3211 3357 3320 3411 aut
3342 3350 3669 3419 sufficiens,

2111 3445 2527 3506 certissimum
2570 3450 2697 3515 est,
2732 3451 2795 3506 et
2824 3444 2955 3505 fere
2988 3450 3163 3505 extra
3192 3446 3673 3506 controversiam

2111 3539 2273 3600 inter
2302 3558 2411 3599 eos
2438 3539 2812 3617 TheologoS,
2846 3537 2953 3617 qui
2986 3539 3287 3598 auxilium
3328 3539 3553 3599 efficax
3578 3556 3673 3617 po-

2114 3638 2273 3693 nunt
2299 3632 2363 3692 in
2386 3632 2506 3693 hac
2529 3633 2787 3713 physica
2808 3630 3462 3713 praedeteminatione
3491 3632 3672 3693 inhae-

2114 3732 2291 3786 rente
2339 3732 2570 3787 nostrae
2628 3726 2953 3788 voluntati.
3024 3726 3149 3787 Sed
3189 3724 3337 3805 quia
3388 3724 3671 3789 inferiuS.

2114 3836 2251 3897 cap.
2289 3822 2363 3879 ⁴2
2387 3820 2569 3892 et13,
2599 3838 2675 3880 ex
2697 3818 2976 3899 professo
2996 3818 3391 3897 probandum
3418 3818 3541 3878 hoc
3564 3823 3670 3885 est,

2114 3921 2401 3994 respectu
2428 3914 2639 3975 auxilii
2670 3932 2783 3993 per
2810 3913 3065 3973 modum
3096 3930 3466 3991 concurs-us,
3498 3916 3561 3973 et
3582 3930 3675 3971 ra-

2114 4008 2316 4067 tiones
2354 4013 2498 4067 sunt
2526 4006 2785 4079 eaedem‚
2831 4012 2895 4066 et
2924 4006 3039 4066 sub
3077 4005 3303 4066 eadem
3342 4004 3543 4067 forma
3574 4024 3675 4085 ap-

2114 4100 2328 4179 plicari
2357 4106 2643 4180 possunt,
2672 4100 2812 4162 ideo
2844 4118 3103 4161 necesse
3134 4118 3263 4161 non
3288 4094 3405 4161 erit
3432 4118 3541 4161 eas
3564 4102 3673 4161 hoc

2112 4192 2251 4254 loco
2292 4212 2669 4273 proponere.

2194 4290 2255 4351 9.
2308 4288 2569 4353 Summa
2596 4294 2655 4352 et
2682 4290 2978 4354 conclusio
3008 4290 3197 4355 totius
3231 4292 3569 4354 discursus.
3604 4325 3671 4335 —-

2110 4384 2503 4463 Relinquitur
2549 4402 2699 4465 ergo
2748 4386 2897 4447 satis
2942 4386 3033 4463 (ut
3065 4386 3373 4458 existimo)
3418 4384 3673 4463 probata

2110 4478 2215 4539 illa
2250 4476 2718 4556 consequentia,
2766 4479 2819 4539 si
2855 4480 3143 4539 voluntas
3177 4477 3475 4550 hominis,
3520 4478 3669 4539 exci-

2115 4577 2243 4633 tata
2290 4577 2351 4632 et
2400 4576 2749 4650 praeparata
2798 4589 2912 4652 per
2960 4572 3229 4652 gratiam
3278 4571 3669 4645 excitantem,

2115 4682 2244 4727 non
2276 4670 2485 4743 potest
2512 4665 2889 4741 consentire,
2921 4666 3037 4726 nisi
3068 4666 3239 4745 prius
3268 4670 3495 4726 natura
3520 4666 3581 4725 in
3610 4683 3673 4724 se

2114 4758 2373 4837 recipiat
2422 4756 2697 4836 aliquam
2743 4760 3107 4836 qualitatem
3134 4804 3149 4829 ,
3199 4758 3299 4819 vel
3356 4758 3671 4820 entitatem

2116 4870 2306 4931 quam
2336 4870 2373 4913 a
2408 4850 2541 4911 solo
2568 4851 2699 4912 Deo
2724 4871 2837 4931 pro
2864 4852 3027 4913 illius
3054 4854 3373 4914 voluntate
3400 4853 3671 4931 recipere

2112 4952 2357 5025 potest,
2400 4943 2699 5024 solusque
2734 4944 2907 5005 illam
2944 4945 3163 5025 recipit
3202 4946 3309 5025 qui
3348 4952 3495 5007 actu
3532 4963 3673 5005 con-

2114 5039 2398 5114 vertitur,
2440 5040 2726 5118 sequitur
2766 5038 3071 5119 (inquam)
3108 5040 3311 5120 primo
3354 5058 3526 5111 eum,
3570 5036 3669 5117 qui

2114 5150 2243 5193 non
2284 5133 2663 5194 convertitur
2685 5178 2701 5205 ,
2744 5132 3104 5212 simpliciter
3138 5150 3267 5193 non
3308 5150 3497 5212 posse
3536 5149 3671 5192 con-

2112 5226 2293 5297 verti,
2328 5226 2477 5305 quia
2503 5242 2709 5305 neque
2740 5226 2968 5299 habet,
3000 5244 3209 5307 neque
3244 5244 3361 5286 sua
3388 5226 3669 5288 libertate

2114 5318 2347 5381 habere
2402 5324 2609 5400 potest
2646 5319 2942 5381 virtutem
2986 5319 3365 5397 completam
3411 5326 3475 5381 et
3516 5316 3671 5379 suffi-

2114 5410 2385 5472 cientem
2426 5410 2509 5472 ad
2554 5429 2623 5471 se
2666 5411 3179 5475 convertendum.
3236 5414 3535 5493 Sequitur
3578 5428 3672 5471 se-

2112 5504 2319 5565 cundo
2347 5504 2706 5585 hujusmodi
2736 5506 3057 5567 hominem
3085 5525 3212 5567 non
3245 5506 3481 5568 habere
3508 5504 3671 5566 anxi-
