3850 6225
659 355 831 409 ster.
867 357 951 410 m.
987 355 1168 408 sirm-2
1200 356 1265 410 ΙΝ
1296 354 1419 408 DEG
1450 355 1617 407 VERA
1650 355 1733 408 Ac
1762 353 2029 406 mortua
2062 349 2496 406 nls‘rntsstrrlva
2526 349 2818 402 JUSTmA.

86 457 241 518 Rex
278 457 751 537 potentissimus
782 455 999 529 duces,
1042 456 1391 535 signiferos,
1428 463 1491 518 et
1530 456 1685 519 alios

88 565 489 612 communes
548 549 775 611 milites
826 549 1153 630 condignis
1220 550 1489 629 praemiis
1537 550 1689 610 velit

86 643 395 715 afficere,
446 641 689 704 etiamsi
716 649 807 704 tot
844 642 1071 704 habeat
1093 643 1261 704 bona
1287 643 1389 706 vel
1416 643 1681 717 divitias,

85 744 171 798 ut
202 737 559 816 unicuique
586 737 783 818 possit
810 736 963 798 dare
986 744 1313 816 quantum,
1338 737 1687 800 secundum

86 835 357 892 rectam
414 831 745 903 rationem,
806 831 1199 892 considerata
1261 831 1561 911 dignitate
1622 838 1687 893 et

88 925 339 986 labore
380 925 541 1004 ejus,
580 931 879 1000 meretur,
935 924 1339 986 nihilominus
1377 925 1687 1004 justitiam

88 1019 575 1080 distributivam
606 1019 771 1080 inter
798 1037 907 1080 eos
938 1019 1241 1093 servabit3
1276 1038 1388 1080 cur
1414 1020 1581 1080 enim
1632 1019 1687 1080 si

90 1116 290 1173 esset
320 1113 633 1192 impdtens
660 1129 737 1174 ea
764 1131 993 1174 usurus
1020 1112 1261 1185 fuisset,
1294 1130 1423 1174 non
1454 1130 1603 1175 vero
1634 1112 1684 1174 si

92 1209 345 1286 potens
369 1206 475 1268 sit?
502 1206 663 1278 Quin
691 1207 917 1286 potius,
946 1207 1092 1270 licet
1120 1205 1255 1266 aliis
1282 1206 1465 1268 daret
1488 1224 1686 1286 quan-

90 1303 249 1360 tum
306 1317 525 1360 eorum
590 1299 863 1380 dignitas
904 1307 969 1362 et
1015 1299 1196 1362 labor
1252 1305 1528 1362 meretur
1558 1345 1575 1374 ,
1634 1301 1685 1362 si

94 1393 473 1472 aliquorum
516 1411 823 1472 personas
850 1393 1185 1472 acciperet,
1218 1400 1279 1454 et
1324 1393 1487 1454 ultra
1514 1392 1685 1455 debi-

92 1492 240 1548 tam
274 1487 745 1566 proportionem
770 1486 971 1560 daret,
994 1487 1129 1567 ⁴jam
1148 1487 1215 1548 in
1234 1487 1353 1548 hoc
1373 1487 1683 1566 justitiam

94 1579 575 1640 distributivam
613 1579 895 1652 violaret,
945 1579 1065 1640 nisi
1106 1579 1343 1658 alioqui
1382 1587 1549 1642 esset
1586 1597 1687 1641 su·

92 1692 377 1752 premus
418 1672 730 1747 dominus,
766 1674 875 1754 qui
906 1673 1117 1754 quoad
1152 1674 1329 1736 illum
1360 1693 1687 1736 excessum

93 1785 237 1827 non
272 1767 675 1828 distribueret
720 1767 1077 1828 communia
1126 1767 1315 1840 bona,
1366 1785 1481 1830 seu
1536 1786 1689 1847 prse-

94 1860 235 1922 mia
256 1905 275 1928 ,
320 1861 433 1923 sed
456 1859 723 1924 donaret
748 1861 917 1922 bona
944 1879 1091 1934 sua,
1118 1861 1182 1921 in
1216 1878 1341 1940 quo
1372 1880 1499 1922 non
1538 1879 1689 1940 age-

92 1960 201 2016 ret
230 1961 459 2018 contra
480 1955 811 2036 justitiam,
843 1954 981 2028 sed,
1000 1955 1202 2016 solum
1220 1954 1533 2034 negative,
1558 1974 1687 2015 uon

94 2053 489 2129 operaretur
512 2067 589 2110 ex
608 2047 885 2127 Justitia3
922 2066 1075 2128 ergo
1100 2053 1301 2110 stante
1330 2047 1685 2126 aequalitate

96 2142 511 2223 singularum
538 2159 951 2222 personarum
972 2141 1053 2202 ad
1078 2159 1181 2203 res
1210 2160 1380 2215 suas,
1402 2147 1465 2202 et
1484 2147 1687 2220 potes-

92 2241 235 2298 tate
298 2237 367 2296 in
430 2235 841 2296 distribuente
894 2234 977 2295 ad
1042 2235 1215 2296 illam
1266 2233 1687 2312 aequalitatem

96 2329 492 2406 faciendam,
543 2329 749 2391 adhuc
784 2333 991 2408 potest
1026 2329 1265 2408 Justitia
1296 2329 1686 2390 distributiva

101 2425 541 2506 aequalitatem
584 2425 1032 2504 geometricam
1076 2441 1357 2495 servare;
1417 2442 1543 2485 non
1594 2429 1691 2484 est

102 2539 264 2600 ergo
288 2519 397 2579 illa
420 2518 805 2597 imperfectio
830 2517 911 2577 de
937 2517 1272 2579 intrinseca
1298 2518 1541 2579 ratione
1576 2518 1688 2577 hu-

92 2615 209 2694 jus
232 2612 517 2694 justitiae.
558 2611 739 2673 Addo
767 2611 1025 2690 insuper
1051 2610 1365 2672 interdum
1388 2610 1525 2670 fieri
1546 2629 1687 2689 pos-

102 2727 199 2782 se,
232 2713 309 2768 ut
334 2711 625 2785 respectu
648 2705 1037 2784 singulorum
1068 2704 1231 2765 ultra
1262 2705 1683 2783 aequalitatem

100 2800 337 2861 saltem
367 2799 483 2860 suh
506 2798 717 2878 aliqua
744 2798 1243 2860 consideratione
1280 2798 1391 2858 fiat
1416 2798 1685 2859 retribu-

98 2893 213 2962 tio,
250 2898 317 2954 et
366 2891 771 2952 nihilominus
810 2891 980 2970 quod
1024 2891 1088 2952 in
1138 2892 1373 2953 illomet
1423 2909 1685 2953 excessu

96 2986 349 3066 justitia
376 2983 767 3046 distributiva
798 2989 1005 3046 servet
1031 2984 1447 3063 aequalitatem
1478 3003 1679 3056 suam;

100 3087 175 3142 ut
204 3081 285 3159 si,
312 3079 489 3141 verbi
519 3079 741 3159 gratia,
774 3085 1029 3142 centum
1060 3079 1231 3141 mille
1258 3080 1431 3141 aurei
1457 3099 1534 3143 ex
1556 3079 1686 3141 ins-

102 3175 291 3235 tituto
336 3173 711 3252 Reipublicoe
760 3172 1017 3235 omnino
1064 3174 1189 3235 sint
1234 3174 1339 3233 tali
1368 3173 1471 3234 die
1518 3174 1684 3235 inter

100 3268 341 3329 milites
368 3267 778 3329 distribuendi
817 3284 961 3329 cnm
997 3268 1399 3347 proportione
1442 3266 1675 3340 debita,

104 3367 167 3422 et
206 3362 537 3441 contingat
564 3362 789 3422 milites
814 3378 953 3425 esse
984 3380 1220 3439 paucos
1246 3378 1537 3433 numero,
1570 3380 1679 3440 pa-

101 3473 377 3533 rumque
402 3455 745 3528 laborasse,
777 3463 923 3527 etc.,
950 3462 1123 3529 tunc,
1150 3454 1541 3515 considerata
1566 3472 1681 3533 per

106 3563 175 3607 se
232 3547 733 3628 uniuscujusque
784 3547 1119 3637 dignitate,
1170 3546 1368 3608 videri
1416 3554 1679 3627 possunt

105 3641 339 3721 singuli
368 3640 509 3721 plus
532 3643 813 3721 recipere
841 3658 1033 3720 quam
1054 3658 1171 3720 per
1202 3658 1269 3701 se
1292 3646 1674 3713 mercantum

106 3741 167 3795 et
196 3735 627 3806 nihilominus,
660 3740 913 3814 propter
938 3750 1343 3795 communem
1390 3732 1683 3794 distribu-

105 3830 347 3890 tionem
374 3876 391 3902 ,
452 3828 689 3890 servari
731 3828 919 3890 debet
971 3828 1136 3888 inter
1196 3844 1305 3888 eos
1360 3828 1679 3906 proportio

109 3922 519 4000 geometrica;
552 3940 703 4001 ergo
732 3922 851 3982 hoc
894 3938 1127 3983 munus
1152 3936 1281 3981 non
1322 3920 1677 3981 necessario

110 4014 411 4093 supponit
438 4014 973 4091 imperfectionem
1002 4011 1327 4092 potestatis
1366 4012 1431 4073 in
1460 4012 1674 4082 dante,

112 4126 321 4186 neque
396 4108 726 4189 penuriam
776 4108 1159 4169 divitiarum
1196 4150 1211 4179 ,
1280 4113 1387 4167 aut
1444 4106 1679 4186 aliquid

111 4202 341 4261 simile.

190 4298 253 4357 6.
313 4294 637 4377 Propertio
684 4296 1041 4374 yeometrioa
1089 4294 1329 4358 servari
1364 4299 1573 4374 potest
1609 4310 1683 4355 σω

100 4384 367 4466 pertitio
416 4389 867 4451 communicativa.
912 4420 997 4434 —
1038 4387 1411 4465 Exemplum
1470 4390 1683 4447 autem

114 4482 290 4551 illud,
338 4482 505 4562 quod
528 4481 607 4543 de
636 4482 915 4547 humano
966 4480 1247 4541 debitore
1279 4480 1681 4553 afferebatur,

115 4592 245 4636 non
278 4582 371 4635 est
396 4575 567 4637 omni
608 4592 687 4636 ex
734 4581 911 4653 parte
938 4592 1184 4646 verum,
1217 4590 1425 4652 neque
1456 4572 1683 4632 utrius-

116 4686 239 4746 que
266 4669 531 4748 justitiae'
553 4669 873 4748 propriam
910 4668 1221 4730 rationem
1260 4666 1525 4747 attingit.
1564 4666 1685 4725 Ve-

114 4779 257 4822 rum
284 4768 377 4823 est
412 4762 669 4841 quidem
698 4761 1069 4833 debitorem,
1092 4760 1199 4840 qui
1226 4760 1469 4840 integre
1502 4757 1685 4819 solvit

118 4855 298 4931 plura
326 4854 553 4930 debita,
586 4853 853 4933 aequalia
880 4853 982 4915 vel
1027 4852 1385 4932 inaequalia,
1432 4870 1561 4912 non
1590 4848 1683 4911 uti

112 4945 348 5023 justitia
380 4946 789 5010 distributiva.
834 4946 979 5008 licet
1007 4945 1389 5026 geometrica
1418 4962 1681 5024 propor-

120 5040 203 5100 tio
244 5060 317 5101 ex
348 5042 485 5120 ejus
508 5040 857 5101 actionibus
896 5041 1189 5113 resultet;
1234 5040 1381 5119 quia
1408 5038 1515 5099 illa
1552 5056 1683 5099 non

123 5140 213 5195 est
238 5152 349 5213 per
365 5152 435 5195 se
461 5134 721 5207 intenta,
746 5139 807 5195 et
830 5133 977 5212 quia
1002 5134 1067 5193 in
1096 5132 1339 5195 actione
1370 5132 1535 5194 circa
1556 5132 1685 5192 sin-

122 5228 301 5304 gulos
340 5227 513 5288 nullo
550 5228 741 5288 modo
784 5226 1217 5287 consideratur
1238 5232 1561 5305 respectus
1582 5224 1685 5286 vel

124 5320 433 5400 proportio
462 5319 544 5380 ad
588 5319 764 5392 alios,
812 5318 925 5380 sed
968 5320 1225 5379 omnino
1260 5336 1339 5379 ex
1380 5318 1683 5379 accidenti

128 5412 539 5497 conjungitur.
572 5412 749 5485 Quod
778 5418 987 5474 autem
1014 5411 1092 5473 de
1122 5412 1245 5473 alio
1274 5412 1561 5473 membro
1588 5410 1684 5470 di-

128 5508 299 5585 citur,
327 5507 480 5570 mihi
518 5524 649 5569 non
672 5506 907 5588 placet;
943 5524 1117 5584 nam,
1148 5506 1293 5570 licet
1320 5504 1683 5586 hujusmodi

3215 349 3328 410 551

1766 455 2014 518 debitor
2061 458 2372 538 impotens
2423 459 2502 519 sit
2539 456 2622 518 ad
2673 455 3046 516 solvendum
3088 455 3334 534 integre

1768 550 2029 630 singulis
2068 550 2476 624 debitoribus,
2525 557 2586 611 et
2633 549 2774 611 ideo
2803 567 2917 628 per
2945 567 3014 610 se
3043 549 3336 627 respiciat

1766 645 2234 725 proportionem
2275 645 2440 705 inter
2465 645 2629 718 illos,
2661 649 2730 704 ut
2748 643 3051 722 justitiam
3083 647 3332 714 servet,

1765 739 2171 800 nihilominus
2209 744 2408 800 totum
2463 738 2616 799 illud
2663 743 2758 798 est
2803 754 3034 797 munus
3081 736 3336 816 justitiae

1766 834 2252 908 commutativae,
2285 841 2348 896 et
2375 850 2502 894 non
2554 831 2982 903 distributivae,
3016 835 3201 909 prout
3233 831 3332 888 lue

1764 927 2026 988 virtutes
2075 927 2238 988 inter
2291 926 2578 988 homines
2623 924 3110 1003 distinguuntur.
3155 923 3334 994 Quod

1766 1021 2070 1099 probatur
2117 1021 2320 1099 primo
2344 1065 2364 1094 ,
2417 1020 2565 1096 quia
2605 1018 2742 1099 ipsa
2781 1018 3024 1099 justitia
3057 1035 3336 1092 commu-

1766 1114 1960 1174 tativa
2019 1131 2190 1174 nunc
2243 1112 2480 1192 obligat
2537 1112 2619 1174 ad
2666 1131 2808 1174 eam
2863 1112 3334 1191 proportionem

1768 1207 2214 1287 geometricam
2239 1205 2616 1284 servandam
2647 1226 2666 1280 ;
2723 1223 2872 1266 nam
2899 1209 3114 1276 contra
3142 1205 3332 1266 talem

1758 1302 2067 1383 justitiam
2111 1304 2332 1382 peccat
2376 1307 2550 1374 tunc,
2585 1303 2694 1380 qui
2727 1318 2868 1364 eam
2911 1317 3042 1360 non
3101 1305 3332 1370 servat,

1766 1396 1937 1476 quod
1983 1413 2172 1457 nemo
2226 1403 2438 1476 negat.
2501 1395 2748 1457 Addere
2808 1399 3020 1456 autem
3075 1411 3336 1456 concur-

1766 1509 1907 1552 sum
1937 1497 2000 1552 et
2023 1489 2470 1568 obligationem
2497 1489 2754 1552 alterius
2781 1489 3046 1562 virtutis,
3075 1493 3172 1550 est
3211 1486 3334 1548 im-

1766 1584 2109 1664 pertinens,
2149 1601 2294 1645 eum
2325 1601 2455 1645 una
2503 1583 2768 1645 sufficiat
2806 1602 2822 1656 3
2866 1583 3020 1644 alias
3075 1581 3334 1642 daretur

1769 1695 1936 1738 unus
1975 1677 2240 1757 simplex
2283 1684 2462 1739 actus
2505 1677 2768 1748 virtutis,
2811 1677 2918 1754 qui
2947 1689 3076 1736 nem
3120 1679 3333 1754 posset

1768 1771 1889 1831 nisi
1918 1789 1957 1830 a
1997 1771 2243 1832 duabus
2278 1770 2610 1832 virtutibus
2644 1770 2832 1830 simul
2885 1769 3044 1828 elici.
3104 1768 3338 1828 Secun-

1769 1866 1853 1926 do
1882 1883 1919 1924 a
1951 1863 2138 1944 priori
2167 1863 2544 1936 declaratur,
2571 1863 2720 1942 quia
2743 1869 2893 1924 tunc
2918 1861 3232 1941 proportio
3255 1859 3338 1922 ad

1770 1960 2036 2020 alterum
2063 1975 2192 2018 non
2221 1956 2581 2030 attenditur,
2625 1956 2744 2016 nisi
2773 1963 3084 2035 quatenus
3123 1971 3201 2014 ex
3229 1952 3335 2012 illa

1767 2051 2006 2132 pendet
2045 2051 2360 2129 quantitas
2405 2067 2546 2128 quae
2595 2049 2699 2110 hie
2741 2055 2804 2110 et
2851 2066 3021 2110 nunc
3072 2046 3337 2109 debetur

1768 2144 1912 2206 huic
1937 2141 2248 2216 creditori,
2280 2142 2572 2203 omnibus
2611 2141 3088 2204 circumstantiis
3115 2156 3339 2220 pensa-

1746 2239 1880 2316 .tis;
1934 2244 2030 2298 est
2057 2253 2210 2317 ergo
2259 2236 2358 2296 illa
2409 2235 2732 2313 aequalitas
2763 2235 3141 2314 geometrica
3187 2241 3336 2294 tunc

1768 2339 2072 2410 tanquam
2157 2329 2621 2390 circumstantia
2703 2329 3010 2390 servanda
3082 2334 3338 2407 proptor

1768 2426 2188 2504 aequalitatem
2225 2424 2720 2498 arithmeticam;
2755 2441 2906 2499 ergo
2937 2422 3016 2482 ad
3045 2419 3334 2483 eamdem

1764 2521 2060 2582 virtutem
2087 2524 2328 2598 spectat
2355 2519 2438 2580 ad
2476 2536 2670 2596 quam
2714 2519 2985 2598 pertinet
3014 2515 3336 2594 aequalita-

1767 2620 1897 2676 tem
1939 2612 2394 2674 arithmeticam
2443 2631 2719 2685 servare,
2775 2629 2914 2691 quae
2963 2618 3054 2670 est
3095 2607 3335 2689 justitia

1765 2705 2232 2769 commutativa.
2269 2705 2446 2777 Quod
2493 2705 2760 2784 practice
2813 2705 2896 2764 ita
2941 2702 3329 2771 declaratum

1765 2817 1939 2872 nam,
1975 2798 2026 2858 si
2068 2798 2208 2876 quis
2249 2798 2476 2859 debeat
2505 2797 2751 2858 duobus
2780 2796 3138 2858 hominibus
3189 2812 3335 2856 cen·

1766 2902 1925 2966 tum,
1975 2892 2316 2971 unicuique
2357 2890 2812 2971 quinquaginta
2858 2907 3001 2950 cum
3045 2888 3336 2950 omnibus

1768 2985 2232 3048 conditionibus
2283 2983 2630 3062 aequalibus
2660 3029 2676 3056 ,
2727 2988 2790 3044 et
2845 2987 3088 3044 tanturn
3143 2981 3336 3042 habet

1764 3080 2244 3161 quinquaginta,
2301 3079 2530 3157 quibus
2578 3078 2916 3141 satisfaciat
2959 3077 3244 3157 utrique:
3279 3075 3334 3137 si

1761 3176 1871 3236 uni
1922 3174 2030 3236 det
2083 3174 2360 3251 triginta,
2389 3179 2453 3234 et
2491 3172 2668 3233 alteri
2700 3173 2938 3253 viginti,
2969 3190 3168 3232 unum
3196 3178 3335 3231 tan-

1762 3274 1895 3329 tum
1960 3272 2286 3347 peccatum
2340 3266 2697 3339 committit,
2755 3269 2972 3327 contra
3027 3265 3329 3345 justitiam

1762 3350 2294 3434 commutativam,
2319 3359 2487 3437 quod
2517 3360 2578 3420 in
2621 3360 2744 3421 hoc
2786 3360 2988 3419 solum
3029 3360 3328 3428 consistit,

1764 3455 1932 3534 quod
1959 3454 2106 3514 huic
2147 3470 2278 3514 uon
2318 3453 2428 3513 dat
2469 3454 2771 3532 quinque,
2813 3470 2954 3532 quae
2993 3452 3331 3531 exjustitia

1764 3546 2209 3608 commutativa
2235 3546 2338 3605 hic
2365 3552 2430 3605 et
2468 3564 2636 3607 nunc
2668 3547 2752 3606 illi
2795 3545 2946 3607 darc
2974 3546 3328 3607 tenebatur.

1763 3639 1944 3702 Unde
1972 3640 2164 3699 sinon
2187 3637 2463 3699 dedisset
2485 3639 2666 3700 alteri
2681 3639 2784 3699 illa
2810 3639 3108 3718 quinque,
3132 3638 3196 3699 id
3214 3644 3330 3709 est,

1764 3734 1966 3793 sinon
1993 3732 2269 3792 dedisset
2297 3731 2382 3791 illi
2407 3732 2684 3811 triginta,
2711 3732 2822 3793 sed
2847 3738 3088 3792 tantum
3115 3731 3332 3811 viginti

1761 3826 2064 3904 quinque,
2097 3825 2220 3885 alia
2259 3842 2414 3885 vero
2453 3825 2732 3903 quinque
2781 3825 2895 3886 sibi
2947 3825 3328 3895 retinuisset,

1759 3919 1927 3980 idem
1959 3935 2160 3997 genus
2186 3917 2428 3998 peccati
2459 3918 2872 3979 committeret
2911 3925 3198 3997 respectu
3247 3918 3332 3981 al-

1758 4012 1954 4075 terius
1994 4013 2156 4083 laesi3
2203 4030 2332 4072 non
2373 4018 2582 4072 tamen
2623 4012 2957 4091 quicquam
3015 4020 3336 4090 peccasset

1760 4103 1970 4166 dando
2021 4104 2204 4167 alteri
2249 4104 2466 4183 viginti
2511 4104 2788 4184 quinq-ue
2815 4150 2830 4177 ,
2887 4106 3174 4184 quamvis
3205 4124 3336 4166 non

1762 4202 2048 4259 servaret
2099 4198 2570 4277 proportionem
2609 4199 3078 4277 geometricam.
3125 4200 3200 4261 Et
3229 4201 3336 4278 qui

1765 4290 1873 4352 illa
1914 4290 2134 4370 viginti
2179 4290 2456 4369 quinque
2493 4291 2734 4369 recipit,
2778 4297 2982 4372 potest
3013 4292 3182 4370 juste
3231 4292 3335 4352 illa

1765 4384 2062 4455 retinere,
2105 4384 2349 4445 etiamsi
2391 4384 2534 4461 plus
2555 4386 2863 4464 receperit
2893 4404 3085 4463 quam
3125 4385 3284 4446 alius
3315 4406 3328 4445 :

1768 4478 1915 4558 quia
1947 4494 2074 4537 non
2109 4476 2252 4556 plus
2275 4476 2518 4556 recipit,
2551 4494 2741 4555 quam
2769 4478 3011 4539 debitor
3035 4485 3250 4558 posset
3275 4485 3338 4540 et

1765 4571 2029 4632 deberet
2057 4570 2142 4630 illi
2171 4570 2322 4631 dare
2352 4588 2368 4643 ;
2393 4587 2544 4649 ergo
2567 4572 2816 4651 signum
2841 4579 2934 4633 est
2953 4578 3152 4635 totum
3181 4573 3337 4633 illud

1768 4666 2093 4746 negotium
2115 4684 2253 4727 esse
2263 4664 2518 4745 justitiae
2537 4668 3016 4742 commutativoe‚
3043 4668 3336 4730 distribu-

1764 4760 1958 4820 tivam
1983 4764 2196 4819 autem
2224 4757 2312 4818 ibi
2350 4776 2468 4820 nec
2485 4758 2728 4831 violari,
2761 4778 2878 4822 nec
2905 4764 3172 4841 operari.

1845 4852 1906 4912 7.
1966 4851 2142 4913 Ratio
2183 4856 2396 4911 autem
2439 4870 2478 4911 a
2519 4850 2710 4931 priori
2752 4859 2866 4927 est,
2919 4856 3065 4933 quia
3111 4856 3334 4917 eadem

1762 4944 1962 5005 virtus
2001 4943 2254 5022 respicit
2297 4960 2518 5005 omnes
2545 4944 3064 5023 circumstantias,
3089 4967 3228 5027 quae
3254 4950 3334 5010 ad

1764 5054 1951 5099 suum
1961 5038 2236 5099 medium
2257 5038 2761 5100 constituendum
2777 5042 3147 5103 necessarias
3165 5050 3329 5104 sunt.

1764 5132 1841 5192 Et
1870 5130 2014 5192 ideo
2035 5131 2086 5191 si
2111 5131 2434 5210 aequalitas
2477 5133 2858 5208 geometrica
2886 5136 3090 5196 solum
3136 5138 3334 5197 consi-

1766 5223 2020 5285 deratur
2065 5229 2136 5284 ut
2175 5223 2634 5286 circumstantia
2671 5228 3024 5289 necessaria
3073 5229 3156 5289 ad
3207 5247 3336 5291 ser-

1764 5316 2036 5379 vandam
2059 5316 2482 5396 aequalitatem
2509 5318 2782 5380 debitam
2805 5338 2882 5379 cx
2902 5320 3140 5399 J‘ustitia
3169 5340 3336 5383 com-

1762 5410 2088 5483 mutativa,
2129 5409 2211 5470 ad
2239 5410 2532 5499 eamdem
2567 5412 2858 5473 virtutem
2884 5419 3124 5491 spectat
3162 5414 3330 5474 illam

1763 5520 2040 5567 servare.
2079 5502 2254 5569 Utin
2295 5504 2586 5603 extemplo
2631 5506 2820 5567 ctiam
2868 5523 3056 5586 supra
3102 5508 3330 5589 posito,
