3850 6225
751 396 886 450 cAP.
925 397 986 449 11.
1021 399 1105 450 Ex
1139 396 1450 452 noemma
1483 393 1852 449 sanctonum
1885 395 2137 450 emaum
2170 396 2580 460 OSTENann,
2613 395 2750 449 E‘rc.

159 500 322 562 Idem
353 503 785 577 argumentum
817 502 1039 559 tractat
1071 497 1407 578 Gregorius
1436 498 1706 570 Nissen.,

159 611 378 672 magna
423 591 703 664 Catech.,
737 609 874 670 cap.
908 595 968 664 7,
1000 609 1244 670 negans
1284 591 1464 670 sequi
1512 593 1710 652 Deum

158 701 288 747 esse
310 691 624 746 auctorem
649 684 818 756 mali,
841 691 1174 763 propterea
1193 684 1365 763 quod
1388 685 1710 744 hominem

156 797 359 840 creare
380 777 664 851 voluerit,
683 795 874 856 quem
893 777 1262 856 praesciebat
1277 783 1705 856 peccaturum.

155 873 368 954 Justin.
414 869 622 944 etiam,
655 870 984 948 quaestion.
1027 872 1128 943 78,
1162 876 1224 930 et
1249 870 1551 944 IrenaeuS,
1591 869 1636 929 l.
1671 872 1711 931 4

157 971 356 1027 contra
383 966 630 1036 haereS„
659 964 846 1043 capit.
880 967 982 1036 75,
1014 962 1096 1024 ad
1124 963 1347 1036 finem;
1375 963 1710 1044 Gregorius

159 1062 298 1120 item
334 1057 654 1136 Nazianz„
685 1064 844 1118 orat.
882 1059 985 1128 42,
1027 1058 1088 1117 in
1129 1055 1254 1118 fine
1290 1075 1303 1117 :
1346 1057 1710 1120 Mandatum

165 1153 424 1231 (inquit)
454 1153 812 1232 accepimus,
852 1155 923 1212 ut
951 1168 1014 1212 eo
1049 1153 1286 1212 servato
1323 1149 1584 1232 storiam
1613 1166 1713 1211 as-

159 1261 546 1324 sequeremur,
591 1261 712 1306 uon
751 1244 906 1323 quod
937 1244 1101 1306 Deus
1141 1243 1211 1304 id
1247 1242 1406 1322 quod
1434 1243 1713 1319 futurum

159 1341 280 1398 erat
299 1336 632 1416 iquos-aret,
653 1337 761 1400 sod
777 1337 937 1416 quod
959 1335 1210 1398 arbitrii
1228 1332 1562 1398 libertatem
1586 1334 1714 1414 1090

157 1429 426 1492 sanciret.
458 1427 578 1490 Ubi
615 1427 1142 1490 considerandum
1181 1433 1277 1489 est
1315 1428 1380 1487 in
1423 1445 1498 1488 eo
1529 1427 1710 1504 signo

159 1525 212 1583 in
241 1541 358 1601 quo
393 1521 590 1583 voluit
616 1523 786 1582 Deus
811 1521 962 1582 dare
1008 1522 1400 1606 mandatum,
1423 1521 1560 1600 jam
1597 1521 1712 1582 ha-

157 1616 352 1676 buisse
395 1615 852 1694 praescientiam
897 1615 1122 1676 futurae
1167 1614 1706 1694 transgressioniS,

157 1709 202 1768 si
248 1708 612 1768 mandatum
671 1707 948 1769 daretur.
1001 1709 1426 1770 Damascenus
1473 1707 1662 1768 etiam
1683 1753 1702 1782 ,

159 1801 386 1882 dialogo
417 1807 642 1862 contra
680 1802 1076 1874 Manichaeos‚
1115 1801 1226 1862 fol.
1255 1803 1400 1875 475,
1435 1807 1708 1863 tractans

159 1895 428 1956 eamdem
457 1894 870 1974 quaestionem
891 1939 908 1968 ,
951 1913 988 1954 a
1031 1895 1388 1964 Manichaeis
1428 1893 1708 1974 proposi·

155 1993 290 2062 tam,
313 2006 424 2049 cur
450 1986 690 2048 scilicet
709 1988 878 2048 Deus
907 1987 1211 2048 creaverit
1240 1987 1524 2067 angeloS,
1547 2006 1707 2068 quos

154 2082 336 2142 malos
363 2082 612 2142 futuros
640 2099 778 2144 esse
807 2082 1138 2161 praescivit,
1163 2081 1504 2160 respondet
1529 2082 1708 2142 boni-

153 2181 326 2236 tatem
355 2176 466 2236 Dei
499 2175 695 2236 fuisse
725 2175 788 2235 in
815 2193 1030 2246 causa,
1049 2192 1189 2253 quae
1217 2174 1364 2237 vicit
1385 2175 1708 2254 praescien-

153 2270 308 2340 tiam,
340 2274 402 2330 et
435 2267 668 2330 eodem
709 2268 898 2329 modo
925 2268 1205 2346 loquitur
1248 2268 1704 2342 TheodoretuS,

153 2368 354 2439 quaest.
383 2365 458 2422 37
491 2361 564 2421 in
590 2361 844 2437 Genea,
873 2367 934 2423 et
961 2362 1253 2436 IsidoruS,
1281 2362 1322 2422 l.
1359 2367 1380 2424 1
1417 2363 1497 2424 de
1529 2364 1708 2424 Sum-

151 2474 244 2516 mo
283 2455 458 2528 bon„
511 2473 650 2534 cap.
693 2457 770 2516 13
813 2473 828 2514 :
865 2455 1022 2528 Quia
1053 2455 1322 2534 (inquit)
1352 2455 1512 2519 sicut
1545 2475 1712 2536 prce-

155 2548 316 2612 scivit
337 2551 504 2612 Deus
525 2549 794 2630 lapsum,
813 2550 910 2612 ita
928 2547 1243 2630 prce-scivit
1269 2549 1552 2630 quomodo
1571 2565 1712 2630 pos-

156 2648 237 2704 set
274 2641 368 2704 illi
397 2643 736 2706 subvenire.
768 2642 942 2703 Idem
983 2642 1309 2714 Eusebius
1355 2642 1394 2702 6
1431 2641 1508 2702 de
1545 2643 1713 2702 Prae-

156 2735 481 2811 paratione,
511 2736 704 2814 capit.
726 2738 786 2796 9.
813 2734 1054 2814 Optime
1079 2734 1486 2815 Augustinus,
1509 2735 1648 2796 libr.
1668 2737 1708 2796 2

157 2827 224 2886 de
261 2830 438 2905 Nupt.
465 2834 529 2889 et
563 2828 910 2906 concupis,
937 2847 1075 2908 cap.
1111 2830 1210 2900 16,
1239 2834 1302 2888 et
1327 2828 1466 2888 libr.
1496 2829 1534 2888 5
1565 2847 1710 2890 con-

157 2925 238 2979 tra
264 2921 606 2992 lulianum,
651 2920 835 2998 capit.
871 2921 937 2992 8;
969 2927 1031 2981 et
1065 2924 1085 2980 1
1138 2927 1353 2982 contra
1386 2922 1705 2996 crescon„

157 3015 322 3092 capit.
353 3015 420 3087 ὃς
456 3020 520 3075 et
550 3016 624 3076 21
667 3020 866 3075 contr.
903 3014 1142 3088 Faust.,
1177 3015 1364 3094 capit.
1400 3018 1498 3088 14,
1544 3017 1622 3076 16
1647 3021 1710 3077 et

154 3107 250 3179 213
283 3114 340 3167 et
370 3113 396 3169 1
431 3108 510 3169 de
551 3107 790 3183 Origin.
821 3108 1070 3181 animae,
1103 3109 1304 3188 capite
1339 3111 1436 3170 11.
1468 3109 1539 3170 In
1569 3109 1710 3187 qui-

153 3199 256 3259 bus
284 3202 731 3279 posterioribus
768 3202 922 3263 locis
951 3221 1078 3263 non
1107 3208 1352 3263 tantum
1379 3203 1458 3263 de
1492 3202 1706 3285 primis

153 3294 488 3356 hominibus
516 3340 532 3367 ,
585 3296 698 3357 sed
741 3296 930 3357 etiam
985 3296 1064 3357 de
1111 3296 1352 3358 caeteris
1397 3295 1702 3376 loquitur,

151 3406 292 3465 quos
319 3390 478 3449 Deus
513 3395 714 3461 creat,
756 3390 970 3468 eisque
1003 3396 1312 3469 praecepta
1344 3390 1472 3463 dat,
1510 3407 1708 3469 quum

153 3481 416 3557 praesciat
459 3500 605 3543 esse
648 3481 974 3560 lapsuros:
1027 3480 1186 3555 Quia
1231 3482 1394 3545 alias
1439 3482 1706 3561 (inquit)

150 3580 514 3639 nomentum
541 3575 888 3653 judicares,
919 3574 976 3637 si
993 3578 1318 3655 propterea
1365 3594 1571 3641 creare
1603 3595 1708 3638 no-

155 3666 370 3741 luisset,
396 3669 544 3748 quia
571 3673 962 3746 peccaturum
988 3687 1120 3730 eum
1152 3685 1277 3732 esse
1299 3670 1704 3749 praesciisset.

157 3758 372 3821 Eodem
397 3761 596 3822 modo
629 3766 852 3821 tractat
881 3760 1168 3821 eamdem
1195 3763 1604 3839 quaestionem
1629 3762 1708 3823 de

160 3851 398 3928 Adam0‚
419 3854 552 3913 Eva
576 3858 638 3913 et
660 3854 938 3933 Angelis,
963 3855 1464 3932 chrysostomuS,
1487 3854 1704 3916 homil.

159 3942 226 4003 de
253 3946 443 4005 Adam
467 3953 530 4007 et
559 3947 710 4019 Eva,
735 3950 906 4008 tomo
929 3948 1154 4025 primo,
1187 3951 1250 4008 et
1279 3946 1358 4011 de
1381 3947 1709 4009 crucifixo-

158 4036 312 4097 ribus
352 4039 600 4112 Christi,
643 4040 856 4099 homil.
905 4040 984 4101 de
1025 4040 1388 4113 Anathem.,
1423 4047 1577 4102 tom.
1621 4044 1702 4103 5:

157 4128 274 4193 Eos
301 4132 544 4213 (inquit)
573 4135 904 4215 praesciens
927 4135 1237 4211 formavit,
1261 4136 1531 4198 vincente
1543 4154 1710 4215 prce-

161 4226 454 4289 scientiam
473 4228 760 4291 bonitate.
788 4228 936 4299 Quae
961 4228 1150 4289 verba
1163 4246 1295 4289 non
1309 4235 1569 4307 possunt
1587 4230 1704 4290 nisi

162 4316 230 4377 de
285 4321 672 4397 praescientia
725 4322 1146 4383 conditionata
1200 4321 1457 4401 intelligi
1479 4366 1494 4395 ,
1559 4340 1708 4383 nam

163 4411 466 4475 scientiam
494 4415 848 4477 absolutam
872 4414 1222 4477 futurorum
1243 4433 1370 4475 non
1383 4416 1576 4477 vincit
1597 4417 1710 4477 bo-

163 4505 326 4579 nitas,
353 4509 462 4569 sed
479 4509 688 4589 potius
715 4514 809 4569 est
843 4508 1135 4587 quaedam
1167 4508 1340 4587 origo
1371 4508 1554 4570 illius.
1590 4511 1708 4589 Cy·

163 4598 318 4661 rillus
340 4603 550 4677 etiam,
577 4602 620 4663 l.
653 4604 694 4665 9
717 4602 782 4663 in
810 4602 1066 4678 Joann.,
1099 4620 1154 4662 c.
1199 4601 1294 4675 10,
1325 4601 1412 4661 sic
1440 4602 1702 4679 quaerit:

166 4689 238 4753 Si
264 4698 458 4759 omnia
490 4697 652 4758 scire
691 4694 970 4759 Christus
1007 4695 1297 4766 creditur,
1327 4712 1436 4757 our
1456 4696 1707 4771 Judam,

163 4788 256 4863 qui
293 4792 538 4865 summ
573 4790 856 4870 proditor
886 4793 1042 4861 erat,
1072 4787 1288 4868 eliyit?
1316 4788 1390 4849 Et
1427 4787 1588 4848 infra
1625 4788 1712 4851 ait

165 4879 424 4943 similiter
464 4882 661 4960 quaeri
695 4898 878 4960 posse
921 4899 934 4939 :
983 4879 1106 4943 Cur
1151 4878 1406 4943 Sanctam
1449 4880 1708 4962 defini,

165 4990 316 5049 quem
359 4974 580 5039 sciebas
619 4974 888 5057 qratiam
934 4978 1102 5037 tuam
1149 4974 1538 5053 spreturum?
1590 4972 1714 5036 Cur

161 5066 410 5142 primum
436 5069 730 5130 hominem
758 5068 827 5130 de
855 5071 1022 5129 terra
1045 5066 1352 5143 (amasti,
1376 5083 1548 5147 quem
1569 5064 1712 5129 soie-

167 5157 258 5219 bas
275 5162 620 5225 mandatum
637 5178 754 5222 non
777 5160 1201 5223 servaturum?
1223 5157 1348 5222 ΟΜ·
1367 5159 1712 5242 απρεῑοναηι

167 5254 432 5314 παίω-αυτ.
463 5254 706 5329 creasti,
733 5272 890 5325 cum,
921 5258 992 5317 ut
1017 5254 1203 5325 Dm,
1229 5251 1586 5331 praecideris
1609 5256 1712 5326 fw-

169 5344 356 5404 turam
389 5346 812 5409 nonnullorum
847 5345 1220 5409 rebellionem
1235 5346 1264 5406 ,ἲ
1305 5344 1450 5417 Quae
1503 5345 1710 5405 omnia

171 5432 240 5494 de
269 5436 380 5497 hac
412 5438 668 5499 scientia
709 5438 1080 5517 procedunt,
1111 5444 1184 5499 ut
1225 5456 1302 5499 ex
1343 5436 1522 5525 dictis
1563 5454 1712 5496 con-

173 5532 308 5605 stan
341 5534 404 5591 et
441 5530 610 5591 illam
647 5531 918 5593 admittit
956 5530 1240 5614 CyrilluS,
1273 5536 1336 5592 et
1375 5528 1712 5609 respondet

3242 392 3361 454 349

1791 503 2047 578 propter
2061 498 2223 559 hanc
2241 497 2692 578 proescientiam
2710 515 2837 559 non
2853 486 3143 558 debuisse
3160 499 3359 559 Deum

1773 593 1906 652 ·has
1956 591 2290 652 rationales
2344 596 2661 651 creaturas
2706 609 2835 651 non
2878 577 3171 663 condere,
3221 609 3359 670 quae

1789 691 2141 764 peccaturae
2179 690 2381 760 erant,
2421 702 2567 746 cum
2596 689 2947 763 peccatum,
2982 702 3111 746 non
3140 704 3177 746 a
3205 686 3357 758 Dec,

1792 778 1905 838 sed
1935 779 2017 839 ab
2042 797 2257 839 earum
2288 778 2575 839 libertate
2607 783 2774 838 esset
2800 777 3247 856 profecturum.

1870 870 2172 932 Eamdem
2201 871 2545 932 doctrinam
2567 876 2735 930 reete
2758 870 2945 930 tradit
2966 870 3355 944 AmbrosiuS‚

1789 964 1898 1024 lib.
1923 963 2003 1024 de
2032 963 2282 1036 Parad.‚
2310 981 2449 1042 cap.
2478 963 2577 1036 10,
2600 969 2877 1024 tractans
2902 963 3253 1041 specialiter
3279 963 3358 1026 de

1791 1061 2049 1133 peccato
2076 1057 2254 1127 Evae;
2283 1061 2344 1116 et
2368 1056 2619 1135 Moyses
2644 1057 2809 1134 Syr„
2837 1055 2899 1116 in
2929 1063 3106 1117 tract.
3134 1056 3215 1117 de
3246 1057 3361 1117 Pa-

1793 1148 1957 1218 rad.,
1986 1156 2143 1227 part.
2182 1153 2239 1222 1,
2268 1168 2321 1210 c.
2358 1152 2454 1210 14.
2484 1151 2571 1210 Ac
2604 1149 2876 1228 denique
2906 1149 3131 1210 eadem
3160 1166 3361 1226 quaes-

1792 1241 1878 1300 tio
1919 1247 1980 1302 et
2017 1243 2341 1321 responsio
2378 1243 2647 1304 habetur
2671 1243 2732 1302 in
2769 1243 3051 1321 opuscul.
3082 1241 3161 1303 de
3197 1243 3359 1304 Proe-

1793 1335 2013 1395 scient.
2052 1342 2115 1396 et
2144 1335 2465 1414 praedest.,
2492 1355 2631 1415 cap.
2665 1338 2725 1409 7,
2758 1336 2927 1414 quod
2955 1336 3209 1397 nomine
3236 1335 3355 1396 divi

1791 1427 2067 1501 Thomae‚
2096 1428 2159 1488 in
2183 1427 2309 1490 fine
2338 1433 2367 1489 1
2402 1435 2590 1508 part„
2622 1428 3001 1490 circumferri
3043 1429 3221 1490 solet.

1871 1522 1931 1582 3.
1974 1519 2257 1586 Secunda
2270 1509 2951 1604 probatio—Secundo
2981 1521 3193 1584 afferri
3219 1540 3359 1602 pos-

1791 1621 1936 1676 sunt
1960 1615 2317 1676 testImonia
2347 1618 2743 1689 Sanctorum,
2774 1615 2835 1676 in
2869 1615 3097 1694 quibus
3134 1635 3211 1676 ex
3238 1616 3359 1676 hac

1787 1708 2180 1788 praescientia
2208 1709 2517 1770 rationem
2547 1715 2823 1782 sumunt,
2856 1709 2939 1770 ob
2976 1726 3167 1789 quam
3196 1710 3357 1770 Deus

1790 1801 2033 1881 aliquos
2060 1807 2437 1881 praematuro
2466 1807 2749 1882 tempore
2776 1803 2963 1882 rapit,
2993 1803 3358 1882 priusquam

1789 1885 2049 1974 peccata
2072 1895 2483 1972 committant,
2506 1913 2644 1974 quae
2666 1896 2835 1956 Deus
2859 1895 3169 1974 praescivit
3194 1913 3359 1956 com-

1791 1989 2093 2050 missuros
2124 1987 2178 2049 si
2216 1989 2520 2061 viverent,
2562 1994 2625 2048 et
2658 1988 2929 2048 maxime
2970 1987 3360 2050 admirantur

1793 2083 2027 2156 Sancti,
2060 2099 2173 2142 cur
2209 2081 2345 2142 aliis
2372 2100 2500 2142 non
2530 2081 2811 2143 conferat
2836 2082 2957 2142 hoc
2982 2081 3357 2142 beneficium

1789 2177 1977 2248 Dalm,
2002 2175 2080 2236 de
2104 2175 2331 2254 quibus
2352 2174 2643 2236 eamdem
2664 2175 2855 2236 habet
2877 2175 3356 2253 praescientiam,

1790 2287 1935 2330 cum
1978 2274 2191 2330 tamen
2238 2268 2521 2348 conferre
2565 2275 2799 2347 posset,
2841 2268 2893 2328 si
2930 2269 3139 2342 vellet,
3189 2268 3359 2347 quod

1793 2381 2052 2424 necesse
2079 2367 2173 2423 est
2200 2360 2461 2440 intelligi
2490 2361 2569 2421 de
2590 2361 2979 2440 praescientia
3006 2363 3127 2421 hac
3150 2359 3359 2422 condi-

1787 2456 2057 2528 tionata;
2106 2473 2253 2516 nam
2302 2454 2356 2514 si
2408 2452 2791 2534 intelligatur
2840 2453 2919 2514 de
2970 2453 3361 2532 praescientia

1791 2550 2100 2623 absoluta,
2132 2555 2372 2610 certum
2416 2553 2511 2608 est
2542 2565 2666 2608 non
2697 2565 2881 2627 posse
2922 2549 3123 2608 Deum
3166 2555 3360 2608 retro-

1791 2643 2041 2714 cedere,
2073 2649 2136 2703 et
2164 2647 2409 2702 mutare
2442 2640 2543 2719 (ut
2570 2641 2659 2702 sic
2688 2641 2925 2720 dicam)
2958 2641 3127 2718 quod
3150 2640 3356 2702 facere

1790 2736 2188 2797 decrevisset.
2214 2735 2315 2796 Sic
2342 2735 2749 2816 AugustinuS,
2775 2735 2853 2795 de
2877 2737 3055 2794 Dono
3084 2752 3357 2813 persev„

1789 2849 1844 2891 c.
1878 2832 1918 2891 5
1960 2848 1973 2889 ε
2012 2828 2180 2892 Certe
2218 2829 2489 2907 (inquit)
2513 2833 2759 2909 poterat
2804 2829 2995 2898 Deus,
3028 2829 3361 2907 proescim

1787 2923 1933 2985 illos
1961 2939 2085 2985 esse
2112 2921 2417 3003 lapsuros,
2458 2927 2695 2998 aum-re
2736 2922 2805 2984 de
2840 2920 2989 2984 vica.
3020 2922 3098 2981 Et
3132 2921 3241 2982 lib.
3280 2921 3357 2980 de

1790 3017 2069 3095 Corrept.
2100 3021 2163 3077 et
2190 3023 2377 3096 grat„
2404 3036 2458 3078 c.
2488 3019 2549 3090 8,
2583 3017 2703 3077 hoc
2730 3015 2877 3076 dicit
2908 3034 3045 3077 esse
3076 3016 3358 3077 abditum

1787 3109 2157 3187 mysterium
2187 3109 2411 3171 divinae
2457 3109 2809 3182 electionis;
2848 3129 2997 3170 nam
3041 3109 3254 3190 aliqui,
3285 3108 3360 3169 li-

1789 3205 1890 3261 cet
1911 3201 2111 3279 multo
2139 3208 2420 3281 tempore
2450 3203 2555 3281 pie
2592 3202 2825 3277 vivant,
2867 3203 3067 3264 donec
3095 3206 3361 3281 peccent

1789 3310 1916 3354 non
1964 3294 2318 3355 moriuntur
2365 3314 2378 3354 τ
2430 3295 2851 3376 Respondeant
2896 3295 3203 3375 (inquit)
3252 3311 3360 3357 cur

1781 3385 1963 3465 prius
2000 3404 2181 3468 quam
2202 3394 2519 3469 peccarent
2554 3406 2673 3449 non
2720 3389 2932 3468 rapuit
2967 3388 3112 3450 illos
3156 3388 3318 3451 Deus
3335 3412 3360 3459 ,-

1789 3497 1870 3542 an
1897 3481 2043 3561 quia
2072 3498 2191 3543 aon
2226 3480 2459 3562 potuit,
2492 3480 2584 3543 vel
2613 3482 2759 3561 quia
2796 3498 2999 3543 eorwm
3037 3481 3205 3544 mala
3241 3498 3361 3543 non.

1781 3571 2100 3653 proesoivit
2114 3574 2143 3633 ,ἲ
2170 3573 2355 3637 Nihil
2395 3575 2607 3637 horum
2654 3573 2779 3636 nisi
2802 3572 3252 3653 perversissime
3290 3592 3360 3637 ac

1789 3666 2152 3745 impiissimo
2188 3667 2436 3729 dicitur.
2470 3664 2747 3727 Similem
2789 3666 3137 3727 doctrinam
3168 3667 3360 3727 habet

1789 3758 1896 3818 lib.
1923 3758 2001 3819 de
2023 3759 2193 3821 Grat.
2224 3764 2286 3820 et
2307 3760 2415 3819 lib.
2444 3758 2607 3834 arb.‚
2636 3779 2690 3820 c.
2718 3760 2820 3832 23,
2851 3760 2976 3820 etl.
3013 3764 3036 3821 1
3070 3760 3149 3821 de
3178 3762 3353 3822 Pecc.

1789 3852 1996 3911 merit.
2042 3857 2107 3913 et
2138 3854 2409 3925 remiss,
2444 3871 2582 3932 cap.
2616 3854 2721 3928 21,
2761 3857 2823 3913 et
2852 3853 3031 3930 epist.
3069 3854 3206 3928 105,
3240 3852 3359 3915 sub

1789 3944 2007 4017 finem,
2040 3944 2150 4006 ubi
2175 3946 2448 4024 primum
2474 3945 2623 4006 dicit
2660 3963 2787 4005 non
2830 3962 3013 4024 posse
3046 3946 3209 4007 hanc
3237 3942 3359 4007 dici

1790 4038 2075 4099 absolute
2105 4040 2427 4100 scientiam
2456 4038 2807 4100 fututorum
2840 4057 2853 4098 :
2880 4038 3051 4103 Nam
3076 4040 3359 4119 quomodo

1791 4132 1947 4213 (ait)
1984 4135 2201 4209 futura
2238 4138 2418 4195 erunt
2464 4150 2597 4213 quoe
2642 4132 2819 4195 nulla
2858 4134 3079 4195 erunt?
3117 4131 3357 4193 Deinde

1788 4226 2073 4287 vocando
2118 4227 2221 4286 illa
2270 4226 2617 4287 secundum
2668 4224 2819 4305 quid
2860 4226 3090 4299 futura,
3134 4226 3196 4286 id
3238 4231 3353 4299 est,

1789 4320 1908 4381 sub
1955 4318 2333 4393 conditione,
2378 4319 2835 4399 praescientiam
2866 4337 3085 4380 eorum
3131 4320 3357 4399 (quam

1789 4419 2005 4492 aperte
2036 4412 2339 4491 admittit)
2366 4418 2556 4493 negat
2584 4430 2769 4491 posse
2800 4431 2939 4475 esse
2968 4430 3227 4473 causam
3251 4413 3359 4473 ali·

1791 4506 1969 4584 cujus
2014 4523 2219 4584 poenae
2266 4504 2367 4566 vel
2414 4504 2853 4579 damnationis,
2902 4510 2965 4565 et
3010 4505 3358 4566 secundum

1788 4599 1955 4659 hanc
1993 4598 2313 4660 scientiam
2344 4600 2600 4677 exponit
2625 4598 2779 4659 illud
2822 4599 2967 4678 Sap.
3001 4600 3041 4659 4
3072 4618 3084 4658 :
3117 4599 3359 4677 Raptus

1790 4697 1904 4765 est,
1919 4709 1993 4754 ne
2008 4692 2253 4756 malitia
2270 4697 2536 4757 mutaret
2556 4693 2925 4757 intellectum
2948 4693 3101 4772 ejvs.
3122 4692 3361 4771 Eodem

1791 4784 1981 4845 modo
2005 4784 2285 4864 procedit
2308 4786 2643 4873 Gregorius
2672 4786 2943 4858 Nissen„
2970 4795 3127 4845 orat..
3158 4786 3237 4847 de
3264 4786 3360 4846 In-

1789 4877 2009 4937 fantib.
2044 4878 2149 4957 qui
2186 4886 2563 4957 praemature
2600 4880 2955 4958 rapiuntur;
3002 4884 3065 4939 et
3094 4878 3358 4957 Cyl-illus

1795 4969 1999 5041 Alex„
2032 4970 2075 5031 l.
2122 4972 2161 5031 3
2208 4976 2424 5032 contra
2452 4972 2713 5045 Julian„
2744 4977 2886 5050 post
2909 4971 3212 5043 medium,
3254 4990 3359 5049 ap-

1793 5063 2021 5141 probat
2068 5063 2299 5124 dictum
2352 5064 2655 5145 Porphyr.
2696 5082 2709 5124 ε
2750 5063 2923 5138 Quod
2958 5064 3119 5129 Deus
3164 5061 3359 5127 sciens

1788 5158 2091 5234 fatmm,
2133 5173 2291 5236 soepe
2327 5174 2569 5219 numero
2606 5158 2921 5239 pra-venit,
2968 5174 3078 5218 nos
3123 5156 3359 5237 quidem

1794 5250 1989 5312 adhuc
2027 5250 2422 5313 adolescentes
2454 5251 2635 5331 prius
2672 5267 2701 5313 e
2735 5251 2868 5313 vita
2906 5249 3189 5329 mmm,
3217 5248 3359 5311 illoc

1791 5360 1929 5405 vero
1955 5340 2314 5423 relinquens,
2359 5348 2477 5402 etc.

1875 5439 1935 5497 4.
1985 5436 2205 5519 Tertio
2217 5436 2510 5516 probatio.
2530 5466 2611 5479 —
2629 5432 2857 5509 Tertio,
2886 5433 3232 5513 generatim
3267 5432 3361 5495 lo-

1793 5528 2045 5609 quendo
2092 5528 2171 5589 de
2218 5526 2605 5611 providentia
2655 5525 2903 5603 divina,
2945 5526 3157 5589 Sancti
3194 5544 3361 5609 saepe
