3850 6225
728 384 863 436 CAP.
904 386 942 437 t.
978 370 1327 438 scnisscrffl
1360 386 1578 441 orl-:ms
1614 386 2042 449 DECLARATL'R,
2081 386 2162 439 ET
2191 386 2555 447 NONNULLAE.
2591 388 2725 440 Ere.

142 492 254 563 do;
301 490 439 571 jam
472 488 629 550 euim
668 490 1113 569 supposuimus
1158 489 1397 552 nullam
1429 510 1683 553 causam

138 589 385 649 liberam
414 584 807 651 intervenire,
839 584 937 645 vel
968 602 1081 663 per
1120 602 1207 656 se,
1241 584 1343 645 vcl
1373 604 1487 665 per
1523 584 1686 645 acci-

140 684 302 751 dens,
339 679 441 740 vel
475 676 843 756 applicando
898 694 1156 737 causam
1213 684 1525 755 agentem,
1585 677 1684 738 vel

142 771 592 851 impedientem.
644 768 919 847 Cognitis
951 788 1101 851 ergo
1138 776 1199 831 et
1240 771 1402 831 inter
1444 790 1512 833 se
1561 772 1683 831 col-

140 867 266 927 latis
307 863 597 925 omnibus
632 862 750 922 illis
792 863 995 923 causis
1020 864 1203 924 simul
1244 864 1528 943 sumptis,
1562 864 1685 923 cvi-

142 960 343 1021 denter
384 958 797 1037 cognoscetur
843 975 925 1015 an
966 956 1217 1017 futurus
1247 957 1323 1017 sit
1352 957 1455 1019 ille
1498 957 1685 1017 effec-

144 1061 249 1123 tuS,
282 1069 502 1123 necne,
534 1056 605 1109 ut
642 1048 707 1109 in
738 1048 1031 1127 proedictzi
1074 1049 1234 1131 disp.
1272 1052 1347 1112 19
1374 1048 1677 1129 Metaph„

142 1150 273 1205 sect.
306 1146 405 1219 10,
432 1143 619 1204 latius
651 1142 801 1215 dixi,
846 1148 909 1205 ct
946 1145 1244 1205 Doctores
1282 1142 1683 1204 scholasticos

142 1238 372 1299 adduxi.

209 1334 263 1392 3.
310 1329 735 1411 Gontinqentia
756 1332 953 1413 primo
994 1332 1119 1395 loco
1158 1330 1361 1413 posita
1407 1329 1681 1412 coquom·

134 1428 369 1508 possunt
411 1442 453 1486 a
480 1430 784 1489 creatura.
810 1458 894 1471 —
918 1427 1049 1487 Imo
1087 1424 1233 1485 hinc
1274 1424 1476 1487 obiter
1505 1422 1681 1484 intel-

140 1520 231 1599 ligi
274 1522 477 1597 potest
500 1536 631 1579 non
656 1520 859 1579 solum
902 1537 1086 1598 posse
1130 1519 1261 1581 haec
1298 1518 1505 1579 futura
1537 1535 1683 1578 con-

138 1612 419 1691 tingent-ia
450 1610 535 1671 ab
556 1611 876 1673 intellectu
912 1612 1189 1673 increato
1223 1611 1539 1691 cognosci,
1571 1609 1682 1671 sed

143 1705 307 1767 etiam
346 1722 381 1765 a
412 1710 648 1777 create,
694 1706 799 1785 qui
840 1706 965 1767 vim
1004 1706 1235 1767 habeat
1272 1703 1683 1783 comprehen-

142 1798 309 1860 dendi
343 1803 547 1859 totum
576 1798 751 1859 illum
794 1800 1080 1861 ordinem
1122 1798 1501 1861 naturalium
1532 1815 1683 1859 cau-

142 1909 349 1961 sarum,
380 1892 589 1967 qualis
620 1893 809 1954 etiam
842 1892 1117 1955 creditur
1154 1911 1293 1956 esse
1332 1891 1683 1952 intellectus

141 1985 455 2065 angelicus,
504 2003 877 2064 quanquam
915 1987 977 2048 in
1012 1988 1131 2047 hoc
1178 1985 1443 2047 multum
1498 2004 1535 2045 a
1592 1984 1685 2045 di-

141 2080 263 2139 vina
317 2078 705 2157 perfectione
755 2079 973 2151 distet:
1029 2086 1160 2141 tum
1212 2080 1357 2158 quia
1406 2079 1685 2159 Angelus

142 2190 251 2233 non
286 2190 539 2249 semper
559 2173 915 2235 considerat
943 2173 1175 2248 omnia,
1208 2174 1367 2233 sieut
1403 2173 1589 2245 DeuS,
1614 2174 1687 2233 'et

148 2267 269 2325 ideo
298 2264 477 2326 facite
524 2272 735 2345 potest
766 2266 1129 2345 contingere
1160 2274 1232 2328 ut
1272 2266 1505 2345 aliquid
1544 2270 1685 2325 actu

154 2378 259 2420 non
294 2359 621 2433 advertat,
666 2379 743 2421 ex
788 2378 913 2439 quo
956 2360 1215 2421 effectus
1259 2360 1558 2421 reddatur
1596 2360 1689 2419 in-

152 2456 541 2525 certus3tum
588 2454 780 2515 etiam
826 2454 995 2533 quia,
1038 2454 1185 2515 licet
1229 2454 1371 2515 talis
1428 2456 1687 2516 effeetus

152 2545 527 2608 infallibiliter
546 2546 797 2607 futurus
825 2547 902 2608 sit
928 2566 1003 2607 ex
1034 2547 1483 2626 suppositione,
1518 2546 1686 2627 quod

150 2640 295 2699 nulla
314 2658 501 2699 causa
528 2640 731 2701 libera
757 2640 1179 2701 interventura
1204 2641 1302 2713 sit,
1330 2648 1541 2701 tamen
1566 2641 1685 2701 hoc

148 2736 323 2813 ipsum
352 2750 481 2793 non
518 2739 732 2812 potest
758 2752 895 2795 esse
928 2733 1011 2795 ita
1041 2740 1279 2795 certum
1317 2733 1581 2814 Angelo‚
1606 2734 1686 2794 si-

148 2834 237 2888 cut
260 2828 409 2897 Deo;
446 2832 510 2888 et
550 2828 823 2889 maxime
868 2828 1020 2889 latet
1062 2828 1373 2908 Angelum
1408 2846 1487 2888 an
1520 2826 1685 2888 Deus

146 2922 259 3001 ipse
324 2922 769 2981 immutaturus
818 2922 896 2982 sit
953 2922 1129 2982 illum
1182 2921 1467 2983 ordinem
1539 2939 1689 2981 cau-

150 3032 365 3085 sarum;
398 3020 461 3074 et
488 3013 641 3075 ideo
669 3016 811 3075 talis
840 3016 1110 3095 cognitio
1143 3016 1207 3075 in
1234 3015 1471 3093 Angelo
1501 3032 1714 3096 regu-⁰

146 3108 333 3169 lariter
355 3110 607 3169 tantum
638 3113 731 3169 est
759 3109 1230 3188 conjecturalis;
1262 3109 1381 3170 nisi
1422 3108 1683 3170 fortasse

150 3203 200 3261 in
232 3203 317 3262 his
362 3201 719 3274 effectibus„
770 3203 874 3282 qui
922 3205 1007 3264 ita
1060 3203 1341 3282 pendent
1380 3221 1457 3261 cx
1504 3219 1687 3280 snpe-

148 3295 385 3356 rioribus
406 3295 619 3356 causis
647 3296 1062 3368 naturalibuS,
1094 3301 1161 3356 ut
1188 3314 1301 3374 per
1328 3295 1689 3356 nullamve-

148 3390 417 3449 luntatem
468 3395 753 3450 creatam
794 3390 935 3452 talis
984 3389 1139 3450 ordo
1179 3405 1515 3450 causarum
1572 3387 1689 3447 im-

148 3482 347 3542 mutari
372 3484 611 3562 possin
642 3483 722 3544 de
746 3483 865 3544 illis
892 3471 1059 3544 enim
1092 3483 1417 3544 effectibus
1452 3481 1687 3542 habere

150 3583 379 3654 possunt
417 3577 861 3639 certitudinem
896 3576 1269 3649 naturalem,
1318 3574 1691 3636 subordina-

150 3675 259 3729 tam
292 3676 499 3734 tamen
530 3671 759 3732 divinoe
796 3671 1089 3749 potentiae
1144 3676 1207 3730 et
1252 3669 1578 3740 voluntati,
1619 3672 1691 3730 ut

152 3764 287 3822 sumi
316 3765 495 3824 etiam
542 3770 755 3843 potest
785 3783 861 3824 ex
889 3765 1011 3838 his,
1040 3782 1180 3844 quae
1220 3764 1299 3825 de
1340 3763 1493 3824 Fato
1538 3761 1691 3824 dixi·

151 3873 291 3928 mus,
337 3857 398 3917 in
426 3857 597 3919 dicta
630 3858 789 3938 disp.
824 3861 923 3930 ¹9,
967 3864 1117 3920 sect.
1174 3860 1269 3918 11.

218 3951 273 4008 A.
316 3949 735 4032 Gontinyentia
769 3954 1021 4030 effectus
1043 3968 1169 4013 esse
1192 3954 1391 4030 potest
1416 3967 1457 4011 a
1482 3949 1691 4011 divina

156 4059 315 4106 causa
349 4051 451 4104 aut
473 4045 547 4105 ab
590 4045 871 4106 humana.
894 4047 1229 4105 -Rursus
1264 4043 1689 4122 contingentia

156 4136 403 4210 effeetus,
438 4155 585 4216 quae
616 4143 711 4199 est
742 4155 821 4198 ex
861 4155 1051 4199 causa
1089 4138 1308 4210 libera,
1354 4136 1695 4198 subdistin-

154 4229 243 4304 gui
288 4235 527 4310 potest:
566 4249 715 4291 nam
762 4232 1052 4310 quaedam
1104 4237 1198 4292 est
1243 4249 1321 4291 ex
1373 4229 1691 4290 voluntate

157 4331 357 4396 creata,
404 4325 526 4386 alia
586 4343 663 4384 ex
702 4324 1003 4396 increata,
1050 4342 1163 4384 seu
1202 4322 1432 4384 divina.
1476 4324 1693 4401 Neque

160 4415 445 4477 immorari
490 4435 663 4478 nunc
720 4421 965 4496 oportet
1014 4417 1079 4476 in
1138 4416 1559 4477 controversia
1614 4415 1692 4476 de

160 4510 323 4570 modo
364 4510 682 4588 loquendi,
726 4529 807 4570 an
840 4511 1099 4572 effectus
1132 4509 1259 4570 dici
1296 4510 1503 4588 possit
1546 4527 1695 4568 con·-

164 4601 381 4680 lingens
405 4610 663 4683 propter
700 4603 903 4663 solum
934 4607 1291 4681 respectum
1334 4601 1413 4662 ad
1452 4601 1698 4662 liberta-

162 4701 273 4754 tem
313 4713 511 4756 causae
546 4697 784 4774 primae.
815 4696 1015 4766 Quam
1041 4713 1177 4756 rem
1196 4695 1576 4755 sufficienter
1606 4700 1699 4754 at·-

162 4787 275 4862 tigi,
300 4788 449 4867 disp.
482 4791 567 4851 30
601 4789 904 4868 Metaph.‚
940 4794 1090 4850 sect.
1124 4791 1223 4860 16,
1256 4807 1431 4848 num.
1462 4789 1561 4858 43,
1592 4788 1697 4848 ubi

164 4878 290 4952 dixi,
320 4881 455 4943 licet
492 4883 600 4943 illa
642 4882 871 4944 locutio
900 4881 1153 4942 vitanda
1195 4881 1272 4942 sit
1304 4887 1561 4960 propter
1610 4883 1700 4942 in-

165 4973 365 5034 vidiam
392 4977 559 5036 vocis
586 4975 1033 5054 emtinyentioe‚
1056 4993 1193 5054 quae
1222 4974 1498 5036 indicare
1527 4975 1698 5036 vide-

168 5071 253 5124 tur
284 5067 833 5148 imperfectionem,
868 5075 929 5129 et
974 5073 1273 5129 eventum
1323 5075 1550 5148 praeter
1600 5068 1697 5128 in-

168 5161 481 5221 tentionem
514 5163 1067 5242 agentiS,·tnmen,
1115 5162 1165 5222 si
1208 5162 1461 5242 praecise
1511 5161 1698 5239 signi-

168 5249 293 5314 ficet
316 5254 787 5316 indifferentiam
813 5255 879 5315 in
910 5255 1253 5334 operandO,
1284 5255 1447 5314 hanc
1474 5271 1696 5314 revera

170 5343 223 5401 in
248 5344 453 5406 divinis
482 5347 801 5408 effectibus
826 5349 1119 5427 reperiri;
1154 5349 1303 5426 quia
1322 5347 1409 5408 ita
1437 5351 1698 5408 manant

172 5454 203 5494 a
242 5438 379 5512 Deo,
422 5445 487 5499 ut
522 5447 735 5518 posset
764 5441 930 5501 Deus
972 5441 1112 5502 illos
1149 5459 1277 5502 non
1322 5441 1592 5511 efficere,
1646 5439 1697 5500 si

173 5529 353 5590 vellet.
390 5535 539 5594 Cum
570 5553 717 5612 ergo
754 5534 815 5594 in
845 5535 1151 5614 praesenti,
1188 5539 1311 5595 tota
1344 5531 1695 5606 difficulta8‚

3211 383 3332 443 295

1766 504 1905 571 qum
1935 508 2072 551 esse
2102 496 2306 570 potest
2339 490 2404 551 in
2435 490 2688 551 scientia
2714 489 3066 551 futurorum
3097 488 3332 549 contin·

1767 586 2071 665 gentium,
2103 584 2304 663 posita
2349 584 2511 643 sitin
2555 583 2994 649 indifferentia,
3029 588 3088 643 et
3117 585 3328 659 potes-

1764 684 1889 740 tate
1931 696 2136 739 causae
2165 679 2245 741 ad
2293 678 2676 749 utrumlibet,
2710 682 2770 736 ct
2801 695 2927 737 non
2957 677 3018 736 in
3045 676 3181 735 aliis
3210 676 3328 735 im-

1764 773 2271 851 perfectionibus,
2293 772 2470 851 juxta
2488 772 2832 850 subjectam
2849 770 3170 829 materiam
3195 787 3330 829 rec-

1764 874 1823 927 te
1852 870 2058 945 potest
2094 866 2386 945 distingui
2415 865 2492 925 de
2524 864 2967 942 contingentia,
2996 864 3094 922 vel
3123 862 3328 939 potius

1762 960 2180 1023 indifferentia
2215 960 2277 1019 in
2325 959 2544 1020 ordine
2595 958 2676 1020 ad
2728 958 3112 1019 voluntatem
3154 974 3330 1017 crea-

1762 1062 1915 1127 tam,
1959 1055 2057 1114 vel
2105 1054 2468 1115 increatam.

1844 1149 1902 1208 5.
1950 1147 2362 1209 Nihilominus
2399 1151 2612 1208 tamen
2644 1143 2900 1205 scientia
2925 1144 3057 1205 haec
3079 1144 3331 1205 'futuro-

1764 1259 1905 1301 rum
1935 1241 2172 1301 nullam
2217 1238 2644 1301 difficultatem
2687 1239 2880 1299 habet
2921 1256 2996 1297 ex
3042 1237 3327 1297 libertate

1767 1334 2022 1395 effectus
2075 1334 2172 1395 vel
2224 1333 2486 1395 actionis
2537 1332 2600 1393 in
2649 1332 2866 1395 ordine
2919 1332 3000 1393 ad
3053 1332 3328 1391 divinam

1762 1428 2172 1489 voluntatem.
2205 1426 2464 1488 Duobus
2499 1427 2664 1487 enim
2693 1425 2895 1487 modis
2930 1424 3210 1502 procedit
3239 1422 3328 1483 ef-

1760 1520 1962 1581 fectus
1990 1538 2026 1581 a
2057 1522 2224 1581 Deo:
2253 1521 2454 1599 primo
2495 1519 2576 1581 ab
2605 1519 2708 1580 illo
2750 1519 2904 1592 solO,
2939 1516 3214 1579 secundo
3248 1516 3330 1575 ab

1761 1614 1921 1693 ipso,
1963 1619 2033 1675 ut
2063 1619 2472 1675 concurrente
2503 1631 2645 1675 cum
2693 1630 2884 1675 causa
2930 1610 3226 1672 secunda.
3258 1611 3328 1671 In

1764 1706 1956 1787 priori
1997 1706 2185 1767 modo
2224 1707 2480 1768 effectus
2523 1706 2757 1784 pendet
2781 1705 3034 1783 quidem
3069 1720 3144 1764 ex
3174 1703 3330 1765 libe-

1762 1818 1833 1861 ro
1873 1800 2062 1861 modo
2107 1800 2406 1879 operandi
2445 1800 2635 1861 solius
2685 1799 2906 1859 divinae
2959 1797 3325 1868 voluntatiS,

1764 1912 1908 1954 cum
1939 1894 2019 1955 ad
2045 1894 2282 1954 nullam
2319 1893 2506 1955 aliam
2545 1910 2800 1954 causam
2841 1897 3194 1971 respectum
3223 1890 3331 1949 ha·

1763 1986 1907 2047 beat
1945 2007 1960 2058 ;
1993 1993 2205 2046 tamen
2231 1986 2672 2048 determinatio
2703 1986 2836 2065 ipsa
2865 1986 3086 2045 divinae
3111 1983 3329 2044 volun-

1764 2082 1911 2141 tatis
1957 2081 2208 2159 ipsimet
2251 2081 2382 2143 Deo
2423 2080 2604 2142 facile
2643 2086 2792 2142 nota
2835 2085 2952 2153 est,
2991 2079 3056 2139 in
3093 2084 3328 2139 aeterno

1768 2180 1831 2235 et
1856 2174 2090 2235 efficaci
2145 2173 2396 2236 decreto
2445 2175 2725 2253 ejusdem
2777 2173 3108 2234 voluntatis
3163 2188 3324 2241 suae;

1768 2285 1941 2339 nam,
1979 2274 2045 2328 ut
2073 2269 2240 2328 Deus
2281 2270 2344 2329 in
2371 2275 2652 2347 tempore
2681 2268 2868 2329 faciat
2905 2268 3097 2328 talem
3143 2267 3330 2327 effec-

1768 2369 1925 2433 tum,
1949 2380 2208 2423 necesse
2239 2368 2332 2424 est
2361 2368 2426 2423 ut
2454 2362 2534 2423 ab
2551 2365 2784 2423 aeterno
2817 2361 3046 2423 habeat
3071 2361 3194 2421 tale
3227 2360 3331 2419 de-

1770 2462 2010 2516 cretum
2059 2456 2320 2529 efficax3
2374 2456 2520 2535 quia
2549 2474 2756 2534 neque
2805 2456 2868 2517 in
2894 2462 3176 2534 tempore
3218 2472 3333 2532 po-

1766 2556 1887 2612 test
1914 2548 2190 2628 incipere
2217 2550 2372 2611 illud
2398 2550 2654 2619 habere,
2689 2568 2894 2629 neque
2921 2550 3055 2609 sine
3085 2548 3188 2607 illo
3219 2564 3333 2627 po-

1768 2647 1889 2704 test
1926 2642 2204 2720 operari,
2240 2660 2382 2703 cum
2411 2643 2760 2703 voluntarie
2791 2648 2850 2703 et
2878 2641 3071 2703 libere
3111 2658 3332 2719 opera-

1764 2740 1944 2797 turus
1978 2735 2098 2807 sit,
2149 2741 2211 2795 et
2254 2736 2386 2796 sine
2427 2755 2736 2797 concursu
2788 2735 3042 2797 alterius
3083 2750 3330 2803 causae;

1768 2828 2015 2907 agimus
2073 2829 2238 2889 enim
2295 2830 2372 2890 de
2411 2830 2510 2891 his
2567 2830 2911 2901 effectibus»,
2955 2820 3114 2907 quos
3163 2827 3332 2887 solus

1768 2922 1936 2982 Deus
1965 2940 2079 3001 per
2109 2923 2384 3001 seipsum
2409 2923 2576 2983 facit.
2621 2924 2824 2984 Posito
2849 2928 3062 2983 autem
3095 2920 3199 2982 illo
3230 2920 3334 2979 de-

1772 3021 1964 3087 cret0,
2009 3034 2137 3076 non
2173 3022 2377 3095 potest
2418 3017 2584 3077 Deus
2633 3016 2786 3077 illud
2829 3015 3114 3095 ignorare
3138 3060 3152 3086 ,
3190 3030 3334 3075 cum

1769 3115 1912 3170 actu
1963 3115 2027 3170 et
2065 3109 2280 3170 intime
2321 3110 2386 3170 in
2433 3110 2570 3190 ipso
2611 3110 2709 3184 sit,
2755 3127 3022 3186 cumque
3057 3127 3134 3170 ex
3166 3113 3334 3168 certa

1769 3203 2028 3264 scientia
2071 3208 2135 3264 et
2163 3203 2614 3282 perfectissimo
2649 3203 2835 3264 modo
2881 3202 3034 3263 illud
3077 3202 3329 3263 habeat.

1769 3299 1985 3376 Neque
2017 3297 2228 3370 etiam,
2263 3297 2364 3358 illo
2397 3298 2668 3376 cognite,
2705 3303 2911 3377 potest
2950 3297 3120 3358 Deus
3165 3296 3338 3374 igno-

1767 3408 1911 3451 rare
1943 3390 2094 3470 quin
2121 3409 2196 3450 ex
2235 3391 2474 3452 viillius
2495 3391 2741 3451 futurus
2773 3390 2849 3450 sit
2881 3389 3020 3450 talis
3053 3390 3334 3460 effectuS,

1769 3500 1913 3542 cum
1959 3483 2250 3543 voluntas
2295 3483 2400 3544 illa
2439 3484 2658 3545 efficax
2697 3483 2774 3544 sit
2817 3487 2879 3544 et
2915 3483 3334 3562 omnipotens,

1769 3591 2018 3637 necnon
2047 3577 2472 3638 immutabilis.
3143 3611 3152 3620 ·

1850 3671 1909 3728 6.
1959 3670 2048 3732 De
2089 3671 2305 3750 quibus
2329 3669 2804 3750 continyentibus
2830 3670 2919 3732 sit
2936 3668 3340 3751 agendum.—

1768 3761 1839 3822 In
1890 3761 2218 3839 posteriori
2256 3767 2466 3822 autem
2517 3762 2704 3822 modo
2753 3762 3009 3824 effeetus
3059 3760 3336 3840 pendet,

1770 3873 1899 3916 non
1929 3854 2131 3914 solum
2155 3873 2192 3914 a
2215 3855 2368 3924 Deo,
2398 3855 2508 3914 sed
2535 3855 2721 3915 etiam
2754 3874 2790 3914 a
2817 3873 3008 3916 causa
3037 3853 3339 3924 secunda,

1770 3950 1869 4010 cui
1912 3950 2078 4008 Deus
2113 3949 2354 4027 praebet
2381 3948 2478 4008 vel
2509 3950 2690 4009 offert
2727 3965 3100 4010 concursum
3127 3964 3334 4009 suum.

1772 4043 1848 4102 Et
1885 4041 2052 4112 ideo,
2086 4046 2156 4101 ut
2187 4047 2600 4122 cognoscatur
2631 4043 2889 4102 effectus
2929 4041 3196 4115 summe,
3229 4059 3344 4100 ne-

1774 4135 2116 4196 cessarium
2153 4139 2248 4196 est
2299 4152 2676 4214 cognoscere
2703 4181 2718 4202 ,
2771 4152 2899 4197 non
2941 4136 3142 4196 solum
3193 4152 3344 4196 con-

1776 4245 2030 4289 cursum
2089 4227 2218 4300 Dei,
2277 4233 2386 4288 aut
2451 4228 2836 4288 voluntatem
2885 4227 3340 4299 concurrendi,

1776 4325 2084 4400 quantum
2123 4320 2186 4380 in
2212 4321 2347 4400 ipso
2379 4325 2495 4391 est,
2529 4319 2640 4381 sed
2673 4321 2860 4381 etiam
2899 4321 3204 4383 influxum
3231 4340 3342 4382 seu

1776 4413 2362 4475 determinationem
2421 4413 2698 4474 futuram
2751 4433 2958 4476 causae
3021 4415 3338 4476 secundm.

1778 4507 2022 4569 Praebet
2059 4512 2273 4566 autem
2313 4508 2478 4568 Deus
2521 4507 2688 4567 hunc
2733 4525 3110 4570 concursum
3140 4507 3347 4569 media

1777 4601 2098 4662 voluntate
2142 4617 2290 4672 sua;
2339 4606 2400 4661 et
2443 4607 2922 4679 consequenter,
2973 4603 3024 4662 si
3071 4603 3135 4662 in
3186 4606 3350 4662 tem-

1781 4712 1932 4773 pore
1967 4711 2388 4754 concursurus
2419 4699 2534 4767 est,
2577 4695 2657 4754 ab
2683 4698 2920 4756 aeterno
2961 4695 3182 4756 habuit
3209 4713 3350 4774 pro-

1778 4785 2050 4865 positum
2092 4786 2540 4858 concurrendi3
2595 4787 2764 4866 quod
2815 4789 3206 4867 propositum
3231 4789 3348 4868 ipsi

1777 4879 1958 4940 facile
2001 4885 2220 4938 notum
2247 4884 2364 4952 est,
2399 4886 2468 4940 ut
2497 4880 2682 4958 paulo
2723 4887 2868 4942 ante
2918 4881 3082 4954 dixi;
3113 4888 3176 4944 et
3204 4882 3346 4942 ideo

1779 4991 1855 5034 ex
1893 4974 1950 5035 vi
1988 4973 2153 5032 illius
2200 4973 2384 5035 facile
2437 4974 2684 5053 praescit
2735 4993 2918 5036 suum
2973 4994 3347 5038 concursum

1778 5073 2066 5146 paratum
2110 5085 2249 5128 esse
2297 5073 2365 5128 ut
2405 5068 2545 5129 talis
2583 5068 2843 5130 effectus
2897 5068 3027 5130 fiat.
3063 5073 3156 5130 An
3195 5087 3344 5130 vero

1780 5163 1898 5222 hoc
1947 5161 2100 5222 satis
2149 5163 2226 5224 sit
2263 5161 2345 5222 ad
2392 5163 2891 5244 cognoscendam
2927 5164 3113 5224 etiam
3144 5163 3346 5224 deter-

1778 5255 2188 5316 minationem
2231 5254 2496 5316 liberam
2539 5273 2743 5318 causae
2789 5255 3101 5325 secundm,
3145 5263 3206 5317 et
3259 5255 3349 5316 ef-

1778 5347 2010 5408 fectum
2047 5349 2206 5426 eJus,
2243 5347 2406 5410 infra
2445 5349 2838 5410 tractandum
2870 5355 2983 5410 est.
3017 5350 3168 5410 Tota
3195 5367 3346 5426 ergo

1779 5442 1911 5502 haec
1950 5441 2284 5520 disputatio
2321 5444 2670 5504 versabitur
2708 5442 2870 5503 circa
2913 5442 3170 5504 effectus
3199 5461 3348 5503 con-

1780 5535 2093 5613 tingentes
2131 5553 2465 5596 causarum
2513 5535 2932 5596 secundarum
2981 5535 3342 5607 liberarum,
