3850 6225
710 399 844 451 CAP.
882 399 962 451 w.
999 398 1148 462 Qun)
1179 399 1276 451 SIT
1311 396 1612 451 Auximum
1643 395 1970 452 EXCITANS.
2004 398 2151 460 QUID
2184 399 2349 452 VERO
2383 399 2715 451 AmuvANS.

161 506 480 567 necessario
519 503 822 584 colligitur
853 521 868 574 ;
920 501 1090 579 quod
1131 507 1340 562 nutem
1383 499 1537 560 illud
1573 498 1671 570 sit,

154 596 220 656 ad
249 595 424 657 fidem
450 615 578 658 non
601 601 852 676 spectat,
879 594 992 655 sed
1014 597 1110 655 est
1147 595 1212 654 in
1247 593 1540 672 opinione
1563 609 1675 671 po-

151 690 333 750 situm.
371 691 524 750 Sunt
560 695 770 751 autem
812 693 1082 765 quatuor
1122 687 1290 748 modi
1322 684 1673 766 explicandi

155 783 253 841 hoc
287 781 674 861 adjutorium,
727 798 883 858 quos
935 779 1300 840 brevissime
1344 779 1670 858 attingam,

151 877 272 954 quia
300 894 506 936 eorum
533 876 750 936 notitia
781 875 896 935 erit
923 873 1182 934 inferius
1209 873 1590 934 necessaria.

217 966 448 1030 Primus
471 969 684 1030 modus
734 965 1080 1048 explicandi
1135 965 1513 1046 adjutorium
1537 983 1678 1048 yra-

151 1062 253 1124 tia».
276 1093 352 1106 —-
377 1061 564 1134 Quam
591 1061 679 1125 sit
718 1061 1012 1140 difficilis.
1035 1093 1114 1106 —
1145 1059 1388 1120 Primus
1411 1064 1527 1130 est,
1559 1059 1680 1118 hoc

150 1154 490 1231 adjutorium
517 1172 647 1214 non
675 1171 814 1214 esse
827 1152 998 1214 aliud
1022 1153 1102 1212 ab
1125 1153 1397 1231 ipsomet
1423 1150 1674 1222 habitu;

151 1247 272 1324 quia
287 1248 454 1324 juxta
497 1247 844 1306 multorum
895 1245 1277 1324 opinionem,
1319 1250 1519 1317 actus,
1571 1243 1678 1322 qui

150 1346 226 1397 est
251 1339 453 1399 ultima
499 1339 827 1418 dispositio
871 1339 952 1399 ad
983 1339 1251 1417 primam
1301 1336 1678 1398 infusionem

149 1432 386 1504 habitus,
428 1432 508 1492 ab
537 1432 768 1492 eodem
796 1432 1012 1492 habitu
1042 1431 1322 1492 effective
1351 1429 1630 1509 procedit
1655 1447 1672 1502 ;

148 1524 290 1604 quod
316 1527 362 1584 si
401 1526 484 1585 ita
531 1531 628 1585 est
652 1570 670 1597 ,
715 1525 964 1585 habitus
995 1524 1252 1603 adjuvat
1300 1523 1678 1585 sufficienter

149 1621 476 1696 potentiam,
496 1625 558 1678 et
585 1620 674 1678 ita
701 1637 829 1678 non
859 1617 1099 1696 indiget
1127 1617 1246 1676 alia
1276 1616 1474 1696 gratia
1503 1615 1602 1693 adj
1615 1633 1677 1674 u-

147 1717 300 1770 vantc
357 1717 582 1790 praeter
657 1711 1196 1790 proportionatum
1275 1725 1671 1770 concursum.

151 1807 269 1865 Haec
297 1825 436 1867 vero
465 1806 782 1868 sententia
811 1805 970 1866 duas
998 1804 1232 1884 patitur
1259 1821 1484 1884 graves
1514 1802 1676 1863 diffi-

151 1901 387 1959 cultates
421 1900 630 1960 Prima
659 1904 790 1973 est,
835 1897 984 1977 quia
1031 1917 1162 1958 non
1211 1898 1276 1957 in
1309 1898 1676 1958 universum

153 1991 438 2065 satisfaciu
475 2011 628 2052 nam
663 1992 857 2069 aliqui
897 1996 1042 2051 sunt
1088 1995 1264 2052 actus
1307 1995 1676 2069 supernatu-

151 2086 312 2158 mles,
356 2085 458 2162 qui
497 2104 624 2146 nee
677 2090 1041 2163 supponunt
1087 2085 1370 2145 habitum
1396 2127 1411 2156 ,
1463 2100 1672 2162 neque

149 2185 262 2239 sunt
289 2179 495 2239 ultima
527 2179 858 2257 dispositio
895 2177 976 2238 ad
1029 2178 1229 2253 illurn,
1284 2177 1489 2255 qualis
1534 2195 1672 2238 esse

147 2278 311 2350 polest
325 2273 526 2352 aliqua
549 2272 1052 2351 supernaturalis
1080 2272 1310 2336 attritio
1331 2272 1398 2332 in
1417 2271 1672 2332 homine

149 2366 406 2427 existente
465 2367 530 2426 in
583 2373 850 2446 peccato
887 2365 1158 2426 mortali.
1211 2365 1501 2426 Secunda
1539 2367 1670 2440 est,

148 2461 264 2535 quia
289 2461 546 2536 ipsamet
575 2460 816 2539 opinio,
849 2477 1042 2536 quam
1069 2458 1386 2536 supponit,
1422 2461 1516 2518 est
1543 2475 1674 2517 cre-

147 2553 250 2614 ditu
275 2553 562 2624 difficilis;
599 2571 755 2614 nam
796 2552 1049 2613 habitus
1103 2551 1448 2612 infunditur
1495 2551 1674 2628 juxta

145 2664 463 2706 mensuram
484 2645 940 2725 dispositioniS,
971 2649 1042 2705 ut
1055 2643 1398 2706 Concilium
1413 2642 1672 2703 Triden-

147 2739 312 2798 tinum
361 2739 577 2800 definit
603 2787 622 2812 ,
677 2757 833 2800 sesS.
867 2740 928 2810 6,
969 2755 1108 2816 cap.
1142 2741 1220 2808 Ἲς
1257 2754 1406 2815 ergo
1447 2735 1673 2796 infusio

150 2831 356 2891 habitus
400 2833 702 2911 supponit
730 2830 1074 2911 potentiam
1121 2830 1451 2890 excitatam
1479 2834 1540 2889 et
1569 2828 1674 2889 ad-

140 2924 307 3001 jutam
334 2925 408 2986 ad
441 2924 847 2987 efficiendum
869 2923 1362 3001 dispositionem,
1395 2922 1544 3000 quia
1565 2923 1673 2981 ho-

145 3037 226 3076 mo
263 3037 378 3078 non
433 3037 498 3079 se
546 3019 858 3098 disponit,
914 3017 1032 3078 nisi
1077 3016 1403 3078 efficiendo
1463 3019 1672 3076 actum

145 3109 367 3171 liberum
391 3130 531 3173 curn
563 3113 772 3192 gratia
799 3111 912 3172 Dei
941 3131 956 3182 ;
983 3111 1150 3171 unde
1181 3110 1230 3170 si
1263 3109 1514 3171 habitus
1544 3130 1672 3170 non

146 3210 482 3282 supponeret
505 3206 930 3266 sufficientem
954 3206 1079 3265 vim
1115 3203 1402 3277 activam,
1437 3211 1566 3265 tam
1597 3224 1672 3265 ex

147 3303 286 3373 parte
319 3299 522 3377 gratiae
551 3298 936 3377 adjuvantiS,
969 3315 1160 3377 quam
1186 3315 1263 3357 ex
1289 3303 1466 3376 parte
1494 3298 1672 3358 liberi

149 3389 360 3464 arbitrii,
399 3410 528 3453 non
575 3391 1016 3451 infunderetur
1043 3390 1186 3468 quia
1231 3390 1422 3451 homo
1454 3409 1520 3451 se
1549 3390 1676 3450 dis-

153 3482 322 3557 ponit,
365 3484 472 3547 sed
518 3485 734 3564 potius
778 3483 1215 3545 infunderetur
1251 3489 1319 3545 ut
1363 3502 1428 3545 se
1465 3490 1676 3563 posset

157 3574 444 3654 disponere
471 3596 486 3638 :
525 3576 648 3639 sed
675 3576 755 3637 de
780 3579 900 3638 hoc
929 3576 1105 3637 aliaS.

154 3770 394 3837 Gratiam
435 3776 832 3855 adjuvantem
865 3777 1127 3839 eamdem
1161 3792 1286 3838 esse
1340 3793 1473 3839 oum
1520 3776 1678 3838 exci-

523 3873 697 3932 tante
716 3868 998 3931 nonnulli
1036 3870 1261 3931 docent.

219 4038 299 4097 10.
339 4040 664 4102 Secundus
691 4040 918 4102 modus
951 4038 1193 4101 dicendi
1225 4045 1340 4113 est,
1386 4039 1673 4121 gratiam,

156 4146 254 4205 qua
277 4134 538 4209 potentia
559 4136 824 4214 juvatur
850 4132 932 4193 ad
973 4134 1088 4193 hos
1117 4139 1314 4207 actae,
1352 4133 1417 4193 in
1449 4152 1519 4194 re
1549 4150 1677 4193 non

159 4238 266 4283 esse
290 4225 462 4287 aliam
492 4228 575 4289 ab
606 4228 744 4307 ipsa
774 4228 972 4308 gratia
998 4227 1328 4299 excitante,
1363 4226 1478 4290 sed
1499 4230 1680 4304 jeam-

158 4313 272 4375 dem
299 4336 424 4381 esse
451 4321 809 4399 proximum
859 4320 1237 4401 principium
1256 4366 1272 4393 ,
1315 4337 1442 4380 non
1475 4320 1678 4380 solum

159 4411 356 4471 morale
388 4458 402 4481 ,
459 4413 570 4474 sed
623 4415 816 4475 ctiam
871 4413 1201 4493 physicum
1265 4414 1536 4474 influens
1599 4412 1682 4472 si-

159 4501 264 4559 mul
285 4522 417 4565 cum
446 4506 730 4584 potentia
783 4524 896 4567 seu
941 4507 1140 4567 libero
1169 4506 1424 4567 arbitrio
1471 4506 1538 4566 in
1574 4513 1685 4567 ac:

160 4597 268 4653 tum
294 4615 310 4665 ;
353 4598 516 4659 unde
563 4600 801 4660 illemet
848 4606 1056 4661 motus
1085 4600 1274 4659 animi
1300 4644 1316 4670 ,
1370 4606 1680 4678 quatenus

161 4684 436 4750 hominem
460 4692 708 4763 excitat,
739 4698 802 4753 et
829 4693 1257 4772 metaphorice
1287 4692 1388 4753 vel
1427 4692 1681 4752 morali-

163 4782 237 4836 ter
257 4790 446 4843 movet
464 4784 784 4846 hominem
807 4791 869 4846 et
885 4786 1140 4847 inclinat
1165 4785 1340 4845 illum
1357 4785 1438 4846 ad
1458 4786 1679 4846 huma·

163 4888 286 4931 num
317 4882 514 4937 actum
563 4878 1126 4957 supernaturalem,
1159 4878 1360 4958 gratia
1403 4878 1680 4939 excitans

165 4960 394 5039 dicitur3
435 4977 742 5048 quatenus
774 4988 924 5031 vero
966 4971 1225 5051 physice
1279 4976 1673 5050 cooperatur,

167 5062 220 5113 ut
242 5059 586 5139 principium
605 5064 1104 5142 supernaturale,
1130 5080 1275 5123 cum
1292 5064 1490 5123 libero
1520 5062 1679 5123 arbi-

165 5148 258 5207 trio
295 5151 596 5216 influendo
621 5156 686 5215 in
711 5157 1258 5235 supernaturalem
1301 5162 1531 5228 actum,
1587 5155 1680 5215 di-

166 5239 296 5301 citur
317 5246 504 5322 gratia
529 5247 854 5327 adjuvans·
887 5250 1078 5329 Cujus
1105 5249 1431 5310 sententia·-
1459 5247 1679 5308 funda·
1701 5310 1735 5328 -.

165 5340 406 5395 mentum
433 5356 558 5399 non
583 5346 678 5402 est
705 5340 896 5415 aliud,
923 5342 1042 5402 nisi
1071 5342 1218 5421 quia
1243 5342 1400 5401 illud
1430 5346 1526 5402 est
1553 5333 1740 5426 suf-ff*

166 5422 350 5488 ficiens
375 5431 730 5511 principium
771 5434 853 5495 ad
891 5435 1260 5495 elevandam
1312 5420 1734 5515 potentiam‚'⁴‘

169 5518 306 5577 etad
329 5520 488 5583 illam
509 5525 876 5603 juvandam3
912 5546 1062 5611 ergo
1096 5548 1224 5589 non
1242 5531 1487 5609 oportet
1513 5526 1685 5588 aliud
1716 5518 1733 5546 ⁴

3198 392 3316 456 169

1757 499 2193 579 multiplicare,
2233 501 2582 580 praesertim
2624 519 2768 562 cum
2796 501 2898 560 vix
2926 500 3121 578 possit
3148 500 3317 560 inve-

1756 594 1876 654 niri
1903 613 2017 654 seu
2050 595 2409 674 excogitari.
2446 597 2661 675 Neque
2701 595 2868 654 enim
2907 594 3115 654 obstat
3158 593 3318 653 Con-

1755 689 1965 748 cilium
1995 688 2449 763 Tridentinum,
2484 707 2650 762 cum,
2678 687 2957 748 sessione
2988 690 3183 762 sexta,
3212 687 3319 748 do-

1755 788 1854 842 cet
1899 781 2131 860 requiri
2166 783 2431 862 gratiam
2482 782 2855 843 excitantem
2910 787 2971 840 et
3017 779 3320 858 adjuvan·

1756 881 1916 948 tem;
1952 881 2085 936 tum
2112 875 2260 954 quia
2286 894 2414 935 non
2444 875 2626 936 docet
2656 876 2771 935 has
2800 891 2937 934 esse
2965 873 3314 946 distinctas;

1759 969 1910 1046 quin
1952 969 2159 1048 potius
2186 968 2264 1029 de
2296 968 2385 1028 eis
2412 968 2657 1029 videtur
2686 984 2934 1044 semper
2964 965 3131 1045 loqui
3181 971 3320 1026 tan-

1763 1080 1954 1140 quam
1988 1060 2065 1121 de
2113 1079 2240 1120 una
2280 1066 2341 1122 et
2370 1061 2618 1133 eadem,
2652 1065 2720 1120 nt
2771 1077 2915 1119 cum
2966 1059 3073 1132 ait,
3116 1057 3321 1136 capite

1762 1155 2003 1234 quinto,
2036 1155 2359 1216 exordium
2378 1154 2839 1234 justificationis
2868 1152 3033 1214 sumi
3058 1170 3094 1212 a
3112 1151 3323 1212 divina

1757 1249 2085 1310 vocatione
2109 1292 2124 1321 ‚
2163 1253 2235 1312 ut
2280 1249 2385 1330 qui
2411 1267 2522 1330 per
2565 1254 2815 1328 peccata
2866 1266 2907 1310 a
2954 1247 3077 1308 Deo
3124 1247 3325 1309 aversi

1759 1348 1936 1405 erant
1965 1387 1980 1414 ‚
2024 1359 2136 1423 per
2175 1343 2305 1421 ejvs
2343 1343 2705 1406 excitantem
2732 1345 2909 1422 atque
2936 1341 3324 1419 adjuvantem

1758 1436 2028 1516 qratiam
2055 1438 2138 1500 ad
2156 1437 2611 1499 convertendum
2642 1453 2705 1498 se
2728 1437 2811 1498 ad
2824 1433 3323 1514 suamjustifica-

1761 1531 2005 1604 tionem,
2036 1530 2223 1592 eidem
2249 1530 2469 1610 qratioe
2496 1527 2675 1591 libere
2703 1527 3079 1591 assentiendo
3108 1531 3165 1588 et
3200 1544 3323 1587 coo-

1753 1623 2047 1702 parando,
2080 1623 2483 1703 disponantur
2500 1647 2526 1694 ,·
2560 1627 2693 1682 tum
2738 1621 2923 1681 etiam
2962 1620 3132 1699 quia,
3177 1618 3325 1678 licet

1762 1716 1931 1776 idem
1955 1709 2162 1776 motus
2188 1714 2295 1793 qui
2318 1714 2605 1775 excitavit
2630 1713 3037 1784 voluntatem,
3070 1711 3325 1791 adjuvet
3381 1741 3387 1746 ·

1755 1809 1920 1868 illam
1975 1809 2055 1869 ad
2092 1825 2489 1879 consensum,
2521 1807 2923 1868 nihilominus
2972 1811 3178 1886 potest
3204 1805 3327 1864 dis-

1754 1903 1952 1982 tingui
1983 1901 2180 1982 gratia
2208 1901 2515 1980 adjuvans
2546 1901 2626 1960 ab
2657 1901 2987 1972 excitante,
3034 1897 3133 1958 vel
3173 1897 3321 1976 quia

1756 1997 1818 2056 in
1843 1996 2078 2056 illomet
2106 2001 2247 2056 actu
2272 1995 2378 2056 illa
2400 2000 2545 2055 sunt
2574 1994 2819 2055 diversa
2844 2011 3107 2054 munera
3135 2037 3149 2064 ,
3172 2009 3321 2051 nam

1756 2089 1982 2152 excitat
1995 2087 2359 2162 formaliter,
2380 2087 2635 2168 adjuvat
2644 2087 2987 2148 efficienter
2998 2105 3013 2158 ;
3026 2084 3126 2146 vel
3153 2090 3321 2144 certe

1754 2183 1900 2261 quia
1919 2182 2188 2261 ipsemet
2219 2180 2481 2242 actualis
2509 2179 2783 2241 influxus
2810 2179 3021 2259 gratiae
3051 2177 3327 2238 excitan-

1752 2279 1832 2338 tis
1860 2277 1922 2336 in
1952 2281 2163 2336 actum
2187 2275 2524 2336 voluntatis
2557 2281 2651 2336 est
2678 2292 2879 2334 novus
2904 2273 3161 2333 effectus
3180 2289 3323 2350 gra-

1753 2370 1853 2430 tiae
1903 2368 2232 2429 distinctus
2282 2368 2362 2429 ab
2388 2368 2524 2447 ipsa
2556 2367 2754 2447 gratia
2806 2366 3133 2438 excitante,
3165 2364 3271 2444 qui
3298 2408 3321 2439 ,

1753 2468 1822 2523 ut
1851 2465 1947 2524 est
1969 2462 2049 2522 ab
2079 2462 2208 2537 illa,
2237 2467 2444 2540 potest
2473 2459 2592 2522 dici
2618 2459 2818 2540 gratia
2856 2459 3182 2538 adjuvans

1835 2560 1862 2616 1
1876 2559 1904 2614 l
1921 2601 1933 2614 .
1954 2555 2258 2628 Quatenus
2273 2573 2417 2617 vera
2430 2555 2517 2617 sit
2524 2555 2864 2634 praecedens
2880 2549 3095 2632 ορίπίο,
3112 2555 3169 2614 et
3182 2568 3325 2632 qua-

1754 2654 1926 2712 tenus
1957 2647 2482 2727 difficilis.·÷-Haec
2508 2646 2815 2707 sententia
2840 2651 2933 2706 est
2959 2644 3321 2724 probabiliS,

1757 2744 1818 2800 et
1845 2745 2151 2820 quantum
2179 2741 2259 2801 ad
2278 2741 2582 2800 moralem
2608 2756 2984 2800 concursum
3014 2743 3109 2798 est
3136 2737 3323 2798 etiam

1755 2839 1956 2907 certa3
1980 2851 2128 2894 nam
2153 2839 2217 2893 et
2233 2833 2559 2894 illustratio
2579 2832 2955 2908 intellectuS,
2980 2836 3041 2891 et
3060 2829 3326 2908 inspira-

1754 2927 1840 2987 tio
1869 2925 2204 2987 voluntatis
2233 2927 2299 2984 in
2329 2945 2404 2986 ea
2431 2943 2867 3004 perseveram,
2900 2923 2998 2985 vel
3034 2929 3198 2995 actu,
3224 2922 3326 2984 vel

1752 3019 2001 3090 virtute,
2032 3018 2298 3078 multum
2328 3019 2551 3097 juvant
2585 3017 2973 3078 voluntatem
3013 3017 3212 3096 ipsam
3244 3015 3327 3076 ad

1755 3130 2159 3185 consensum,
2194 3111 2321 3173 sive
2352 3111 2655 3192 objectiva
2686 3109 3016 3171 alliciendo
3046 3117 3109 3171 et
3137 3115 3328 3170 attra-

1753 3206 1987 3280 hend0,
2016 3206 2145 3267 sive
2180 3224 2293 3285 per
2317 3206 2592 3283 aliquem
2626 3204 2919 3265 affectum
2950 3202 3325 3282 impellendo

1753 3298 1855 3358 vel
1885 3298 2213 3371 terrend03
2246 3298 2306 3358 in
2343 3298 2569 3376 quibus
2599 3296 2803 3357 modis
2842 3296 3063 3356 saltem
3092 3295 3329 3357 morale

1755 3390 2057 3452 auxilium
2118 3391 2462 3451 intercedit.
2525 3389 2743 3462 Quoad
2798 3388 3127 3468 physicum
3180 3405 3330 3448 vero

1755 3484 2086 3559 influxuru,
2116 3484 2426 3546 sententia
2448 3485 2585 3545 haec
2608 3483 2944 3543 nonnullas
2966 3482 3197 3561 patitur
3220 3480 3331 3541 dif-

1755 3576 2086 3638 ficultates
2130 3577 2357 3649 Prima,
2408 3577 2555 3656 quia
2602 3576 2775 3637 nulla
2822 3576 3062 3636 ratione
3108 3574 3333 3655 probat

1759 3670 1880 3730 hoc
1912 3670 1998 3730 ita
2040 3688 2203 3741 esse,
2235 3670 2346 3731 sed
2376 3670 2668 3749 supponit
2712 3670 2915 3730 solum
2965 3686 3102 3730 esse
3132 3667 3331 3747 possi-

1756 3762 1903 3823 bile.
1942 3763 2253 3836 Secunda,
2284 3763 2431 3841 quia
2458 3780 2589 3824 non
2622 3768 2715 3823 est
2741 3761 2921 3821 facile
2959 3760 3199 3822 creditu
3232 3778 3331 3821 ac-

1757 3862 1893 3917 tum
1922 3874 2035 3917 seu
2060 3862 2300 3917 motum
2329 3856 2527 3929 illum,
2552 3856 2660 3935 qui
2685 3862 2776 3916 est
2803 3855 3000 3934 gratia
3027 3854 3326 3927 excitanS,

1756 3949 1993 4009 habere
2024 3949 2087 4008 in
2117 3949 2359 4009 ratione
2398 3949 2683 4027 principii
2716 3948 2981 4027 proximi
3021 3940 3335 4008 sufficien-

1759 4046 1888 4103 tem
1932 4042 2058 4103 vim
2103 4042 2183 4102 ad
2227 4041 2623 4103 efficiendum
2670 4041 3084 4102 deliberatum
3122 4045 3333 4099 actum

1760 4134 2104 4193 humanum
2152 4140 2213 4195 et
2246 4133 2809 4213 supernaturalem,
2846 4132 3053 4211 (verbi
3096 4132 3331 4211 gratia)

1760 4228 2169 4300 contritionis,
2204 4234 2313 4288 aut
2340 4228 2689 4289 dilectionis
2722 4228 2833 4288 Dei
2866 4244 3063 4305 super
3082 4226 3327 4298 omnia3

1761 4321 1932 4399 quod
1958 4326 2173 4381 tamon
2207 4338 2467 4381 necesse
2498 4324 2591 4381 est
2616 4321 2679 4381 in
2718 4319 2821 4381 illa
2852 4318 3159 4381 sententia
3191 4336 3334 4397 sup-

1759 4414 1929 4493 poni.
1977 4415 2135 4475 Nam
2180 4414 2229 4474 si
2277 4413 2541 4487 dicatur,
2573 4420 2816 4475 motum
2862 4414 3069 4491 ipsum
3121 4412 3333 4493 gratiae

1761 4506 2086 4567 excitantis
2138 4524 2214 4567 ex
2262 4508 2321 4566 vi
2370 4525 2498 4567 suae
2546 4506 2946 4585 perfectionis
2989 4511 3049 4566 et
3094 4512 3332 4565 naturae.

1759 4616 1888 4658 non
1915 4598 2151 4659 habere
2184 4598 2305 4658 vim
2334 4600 2744 4660 sufficientem
2771 4605 2832 4661 et
2860 4597 3334 4659 connaturalem

1761 4690 1842 4751 ad
1897 4692 2089 4752 alium
2140 4695 2347 4751 actum
2406 4692 2828 4766 efficiendum,
2874 4694 3073 4753 Deum
3119 4696 3333 4752 tamen

1762 4784 2007 4845 elevare
2040 4784 2237 4857 illum,
2268 4791 2330 4845 et
2359 4785 2451 4845 uti
2480 4786 2584 4846 illo
2614 4791 2685 4845 ut
2712 4786 3125 4845 instrumento
3156 4784 3237 4843 ad
3263 4782 3335 4843 il-

1761 4876 1888 4937 lam
1930 4877 2348 4950 efficientiam,
2382 4878 2501 4938 hoc
2533 4878 2841 4957 imprimis
2872 4878 3065 4957 gratis
3094 4878 3336 4937 dicere-

1758 4974 1862 5030 tur
1890 4969 2024 5029 sine
2056 4969 2467 5031 fundamento
2510 4976 2617 5032 aut
2665 4971 3031 5050 probatione
3065 4970 3223 5041 ulla3
3276 4974 3337 5028 et

1763 5062 1987 5122 deinde
2022 5068 2381 5141 superesset
2408 5064 2633 5125 eadem
2671 5064 3023 5141 difficultaS,
3057 5080 3139 5122 an
3166 5063 3335 5123 Deus

1761 5155 1963 5215 elevet
1984 5155 2159 5215 illum
2180 5162 2410 5230 actum,
2434 5156 2670 5235 aliquid
2692 5158 2748 5217 ei
2769 5156 3082 5229 addendo,
3108 5172 3329 5214 necne.

1761 5249 1918 5309 Nam
1968 5248 2019 5307 si
2060 5248 2295 5327 aliquid
2336 5249 2529 5322 addit,
2575 5249 2729 5310 illud
2770 5248 3141 5328 inquirimus
3184 5246 3336 5324 quid

1763 5338 1870 5413 sit}
1905 5340 1956 5400 si
1998 5359 2147 5402 vero
2195 5342 2349 5403 nihil
2384 5342 2578 5415 addit,
2610 5341 2837 5403 eodem
2882 5340 3072 5401 modo
3119 5344 3336 5417 posset

1765 5434 2010 5494 elevare
2052 5435 2436 5495 voluntatem
2485 5434 2565 5494 ad
2604 5434 2781 5495 illum
2814 5440 3023 5495 actum
3066 5431 3335 5493 efficien-

1765 5526 1939 5599 dum,
1966 5526 2121 5587 nihil
2154 5528 2212 5588 ei
2240 5527 2531 5588 addendo
2566 5544 2682 5605 per
2707 5526 2969 5591 modum
3004 5529 3179 5585 actus
3209 5522 3335 5603 pri:—
