3850 6225
626 424 797 478 SEc'r.
831 424 917 477 111.
962 425 1178 479 uram!
1208 426 1375 480 TOTA
1406 426 1641 481 GRATIA
1675 424 1797 482 PER
1826 424 2156 481 PEccA'rtm
2186 426 2412 481 AfflSSA
2444 428 2698 491 STATm.
2734 428 2870 493 E'rc,

120 527 607 595 Constituamus
644 532 813 594 enim
861 530 1113 591 Petrum
1160 534 1223 589 et
1265 528 1527 590 Paulum
1567 544 1710 587 cum

122 624 369 699 aequali
397 628 623 703 gratia,
652 624 897 689 caeteris
921 622 1202 702 par-ihm,
1234 621 1461 683 elicere
1496 621 1561 680 in
1592 620 1711 681 hoc

122 713 397 779 instanti
424 727 602 781 actus
628 718 859 780 amoris
888 716 1023 789 Dei,
1046 722 1116 777 ut
1146 734 1367 788 unum,
1394 721 1456 776 et
1482 713 1711 775 mereri

126 827 337 869 unum
374 813 643 891 gradum
680 810 931 891 gratiae3
967 810 1219 869 Petrum
1258 814 1467 869 autem
1496 824 1712 886 perse-

128 919 363 964 verare
414 906 479 965 in
527 905 633 966 illo
684 909 829 965 actu
872 920 986 982 per
1034 901 1287 981 aliquod
1335 908 1605 979 tempus,
1650 898 1711 958 in

128 1012 267 1072 quo
304 996 489 1075 juxta
534 1009 809 1059 nostram
842 995 1215 1056 sententiam
1254 994 1547 1055 continue
1580 1010 1712 1053 me·

128 1094 319 1148 retur
364 1096 429 1151 et
466 1090 706 1152 obtinet
752 1088 957 1168 majus
1000 1092 1409 1167 augmentum
1458 1085 1707 1165 gratiae3

131 1200 285 1241 cum
316 1200 473 1262 ergo
502 1184 655 1244 illud
694 1184 903 1262 majus
930 1186 1339 1261 augmentum
1365 1179 1442 1239 sit
1466 1196 1715 1239 succes·

130 1275 347 1335 sivum
374 1282 437 1339 et
465 1276 737 1350 finitum,
764 1273 997 1354 signari
1026 1273 1251 1353 poterit
1280 1271 1534 1351 aliquod
1561 1275 1713 1331 tem-

128 1384 257 1445 pus
290 1367 361 1427 in
403 1386 529 1447 quo
574 1374 703 1429 toto
737 1386 864 1429 non
906 1365 1133 1427 meruit
1176 1383 1291 1445 per
1316 1364 1487 1425 illam
1517 1362 1713 1424 conti-

130 1460 513 1521 nuationem
554 1460 671 1522 nisi
698 1478 897 1521 unum
927 1459 1117 1519 alium
1148 1459 1413 1539 gradum
1441 1456 1655 1537 gratim
1692 1474 1707 1515 ε

130 1552 214 1613 sit
244 1571 407 1632 ergo
430 1554 585 1615 illud
612 1561 862 1633 tempus
890 1558 1113 1631 quarta
1140 1569 1287 1630 pars
1314 1551 1507 1624 horae,
1536 1548 1712 1610 verbi

130 1646 369 1725 gratia.
404 1648 575 1708 Pono
610 1666 761 1727 ergo
798 1644 1055 1707 Paulum
1082 1644 1146 1706 in
1178 1644 1403 1706 eodem
1428 1647 1712 1720 tempore

130 1739 373 1801 elicere
402 1740 669 1802 discrete
716 1747 845 1801 tres
888 1744 1063 1800 actus
1102 1737 1357 1800 omnino
1388 1736 1621 1797 similes
1652 1737 1715 1795 et

130 1833 447 1911 aequaleS,
478 1834 611 1895 sine
642 1831 1107 1895 continuatione
1143 1832 1207 1891 in
1236 1836 1366 1893 toto
1405 1830 1507 1889 illo
1552 1834 1713 1889 tem-

128 1944 319 2004 pore,
349 1926 465 1989 sed
490 1933 732 1988 tantum
756 1926 821 1985 in
846 1926 1045 1987 tribus
1068 1924 1467 1995 instantibuS,
1494 1921 1547 1983 si
1576 1921 1711 1982 fieri

126 2024 381 2099 potest,
404 2020 505 2081 vel
522 2020 589 2081 in
607 2012 805 2080 tribus
832 2018 1093 2081 morulis
1115 2016 1523 2079 discontinuis
1548 2014 1713 2075 illius

128 2112 483 2191 temporis3
539 2119 689 2173 tunc
735 2112 965 2173 Paulus
1002 2112 1136 2191 jam
1186 2110 1529 2171 merebitur
1586 2112 1714 2169 tres

127 2206 383 2285 gradus
412 2206 657 2285 gratiae;
688 2222 861 2279 nam,
895 2204 945 2265 si
978 2203 1281 2265 eliciendo
1316 2202 1587 2282 primum
1616 2218 1715 2261 ac-

128 2302 275 2359 tum
316 2298 545 2361 meruit
584 2317 787 2359 unum
822 2297 1113 2377 gradum,
1146 2295 1449 2357 eliciendo
1490 2311 1715 2355 secun-

130 2392 297 2453 dum
340 2396 405 2453 et
440 2391 712 2465 tertium,
742 2391 1089 2453 merebitur
1114 2390 1324 2450 alium
1380 2395 1442 2451 et
1484 2388 1711 2458 alium,

134 2484 292 2563 quia
324 2490 470 2545 sunt
494 2485 793 2563 aequaleS,
819 2474 879 2545 e't
904 2482 1132 2563 sing-uli
1158 2500 1272 2562 per
1302 2500 1369 2543 se
1404 2500 1477 2543 ac
1514 2479 1717 2542 totali-

134 2586 243 2639 ter
279 2576 473 2649 fiunt,
514 2584 701 2655 atque
754 2576 839 2637 ita
880 2577 947 2637 in
982 2576 1273 2637 omnibus
1322 2580 1419 2637 est
1462 2572 1717 2653 aequalis

138 2672 305 2732 ratio
350 2670 654 2731 merendi.
702 2671 833 2731 Hoc
876 2688 1026 2749 ergo
1070 2668 1397 2730 manifeste
1436 2667 1719 2746 sequitur

140 2784 227 2827 ex
272 2763 441 2825 dicta
486 2762 928 2843 responsione3
976 2780 1149 2837 nam,
1197 2763 1317 2823 hoc
1364 2762 1499 2841 ipso
1548 2758 1719 2838 quod

138 2857 445 2918 meritum
488 2856 971 2917 continuationis
1014 2854 1279 2934 alicujus
1322 2860 1417 2915 est
1443 2853 1715 2927 finitum,

140 2940 603 3011 hahet'certam
632 2948 910 3028 aliquam
932 2949 1399 3028 proportionem
1419 2965 1559 3008 cum
1588 2964 1718 3007 me-

138 3046 288 3119 ritc,
314 3045 487 3125 quod
514 3044 703 3105 habet
726 3048 903 3105 actus
924 3044 988 3103 in
1013 3062 1141 3103 uno
1168 3042 1453 3114 instanti;
1482 3047 1543 3102 et
1572 3040 1715 3103 ideo

138 3147 355 3220 potest
400 3158 516 3218 per
560 3139 983 3219 pluralitatem
1026 3145 1281 3199 actuum
1325 3137 1582 3216 aequari,
1614 3136 1716 3197 vel

142 3234 339 3294 etiam
364 3233 667 3312 superari.
696 3233 827 3293 Hoc
850 3237 1061 3292 autem
1082 3230 1439 3292 auctoribus
1460 3229 1717 3290 alterius

140 3326 477 3388 sententiae
511 3326 672 3387 adeo
712 3325 961 3386 difficile
986 3331 1055 3385 *et
1080 3324 1426 3385 absurdum
1446 3323 1714 3396 videtur,

140 3431 217 3485 ut
252 3425 463 3503 potius
490 3429 749 3501 negent,
780 3441 896 3502 per
939 3421 1473 3483 continuationem
1516 3425 1713 3492 actus,

140 3518 248 3580 vel
287 3535 404 3597 per
432 3515 899 3577 multitudinem
930 3520 1185 3576 actuum
1212 3514 1570 3593 aequalium,
1606 3532 1743 3574 au·-

143 3610 285 3689 geri
345 3609 642 3671 meritum
700 3608 977 3670 melioris
1037 3608 1272 3688 praemii
1327 3607 1674 3669 essentialis
1696 3650 1713 3680 ,

142 3721 341 3781 quam
400 3703 521 3763 hoc
568 3702 771 3764 fateri.
828 3702 956 3764 Sed
1006 3701 1145 3762 haec
1200 3701 1381 3762 nobis
1428 3699 1719 3762 videntur

142 3796 345 3858 multo
375 3795 617 3874 majora
644 3795 1065 3868 incommoda,
1106 3794 1453 3874 praesertim
1480 3795 1600 3854 hoc
1636 3793 1716 3854 de

142 3889 549 3950 multitudine
578 3893 855 3960 actuum,
888 3895 1145 3968 propter
1166 3905 1241 3950 ea
1279 3905 1417 3967 quae
1448 3887 1622 3948 attuli
1651 3886 1718 3946 in

146 3981 429 4044 sectione
456 3981 679 4060 prima.
712 3981 869 4042 Illud
908 3999 1057 4042 vero
1099 3997 1493 4060 consequens
1536 3979 1718 4040 riobis

144 4093 279 4136 non
318 4073 565 4134 videtur
606 4074 765 4135 adeo
812 4073 1081 4147 difficile,
1114 4073 1259 4152 quia
1302 4074 1367 4134 in
1398 4073 1718 4135 eliciendis

144 4168 329 4229 novis
365 4167 607 4228 actibus
648 4185 901 4246 semper
936 4173 1263 4228 exercetur
1302 4167 1503 4246 magis
1530 4165 1720 4226 liber-

146 4265 265 4332 tas,
300 4264 365 4321 et
404 4278 566 4321 nova
596 4259 1035 4321 determinatio
1074 4259 1444 4333 voluntatis3
1480 4265 1541 4320 et
1573 4257 1717 4318 idco

146 4354 380 4414 mirum
412 4371 541 4414 non
570 4359 665 4414 est
692 4352 863 4432 quod
887 4351 1211 4431 pluralitas
1241 4357 1495 4414 actuum
1524 4351 1723 4431 possit

148 4447 213 4506 in
242 4447 470 4507 morali
512 4447 725 4506 valore
764 4463 1091 4524 exaequare
1136 4446 1237 4506 vel
1276 4463 1573 4524 superare
1604 4445 1722 4506 du-

146 4541 462 4600 rationem
491 4539 775 4618 ejusdem
802 4544 1001 4600 actus.
1026 4539 1241 4617 Neque
1268 4538 1413 4600 inde
1438 4539 1721 4616 sequitur

146 4632 619 4694 distractionem
645 4632 896 4703 mentis,
924 4636 1034 4691 aut
1060 4631 1577 4710 interruptionem
1606 4649 1723 4709 per

150 4723 583 4785 omnimodam
611 4724 1025 4784 cessationem
1054 4724 1135 4784 ab
1158 4728 1301 4785 actu
1328 4723 1614 4785 conferre
1638 4723 1723 4784 ad

150 4823 563 4898 augmentum
612 4816 837 4888 meriti,
888 4817 1037 4895 quia
1082 4817 1215 4878 hoec
1251 4835 1378 4878 non
1418 4822 1566 4878 sunt
1609 4834 1723 4894 per

152 4930 219 4972 se
246 4908 605 4972 neccssaria
636 4909 717 4969 ad
752 4909 1257 4988 multiplicandos
1284 4915 1489 4981 actus;
1518 4913 1723 4988 potest

150 5004 323 5066 enim
361 5005 485 5064 hoc
510 5002 645 5064 fieri
674 5001 1063 5064 transeundo
1102 5002 1455 5063 immediate
1487 5002 1567 5062 ab
1594 5019 1721 5061 uno

150 5102 295 5158 actu
324 5099 389 5158 in
416 5097 609 5156 alium
642 5097 777 5158 siue
801 5095 931 5156 ullo
958 5096 1087 5157 otio
1117 5096 1519 5169 intermedio;
1553 5093 1725 5173 quod

152 5191 378 5252 melius
418 5195 533 5262 est,
565 5195 635 5249 ut
661 5208 775 5268 per
813 5207 881 5250 se
914 5192 1180 5250 constat.

230 5287 331 5346 42.
380 5283 735 5364 Difficultas
774 5283 961 5362 1³qu
1002 5282 1348 5364 arqumnti
1394 5282 1725 5346 communic

156 5383 245 5441 est
276 5378 571 5440 omnibus.
596 5409 678 5422 —
719 5377 1009 5456 Denique
1040 5376 1211 5455 quod
1242 5375 1377 5436 haec
1400 5376 1731 5454 responsio

158 5471 286 5548 (vel
324 5471 527 5532 altera
568 5470 814 5543 melior,
846 5469 899 5530 si
940 5469 1125 5530 alicui
1168 5470 1489 5548 occurrat)
1517 5487 1731 5530 neces-

160 5565 321 5626 saria
369 5564 451 5626 sit
490 5563 559 5625 in
608 5563 783 5626 omni
826 5562 1161 5637 sententia,
1208 5562 1391 5626 facile
1438 5561 1724 5625 ostendo.

1793 528 2022 602 Primo,
2069 528 2216 607 quia
2263 528 2328 587 in
2369 526 2610 589 actibus
2652 529 2836 589 malis
2873 534 3111 591 certum
3146 535 3242 592 est
3287 531 3355 590 in

1792 620 1964 683 omni
2001 620 2294 701 opinione
2327 620 2590 683 liberam
2619 622 3149 683 continuationem
3187 624 3356 703 ejus-

1790 715 1937 776 dem
1961 714 2200 793 peccati
2231 732 2462 793 augere
2489 731 2744 793 poenam
2774 714 3048 775 debitam
3075 716 3182 776 tali
3209 734 3358 796 pec-

1792 813 1955 881 cato,
1987 806 2209 867 saltem
2243 825 2498 886 poenam
2533 824 2777 881 sensus,
2818 814 2880 869 et
2909 826 3038 868 non
3074 808 3142 869 in
3169 808 3358 869 dura-

1792 902 1982 975 tione,
2005 918 2149 963 cum
2169 901 2322 961 alias
2345 901 2700 975 sitaeterna3
2723 918 2872 981 ergo
2890 901 2953 961 in
2974 901 3352 971 intensione;

1792 1012 1921 1055 non
1949 1001 2139 1073 auget
2179 999 2392 1054 autem
2430 992 2692 1065 infinite,
2725 999 2794 1055 ut
2837 1011 2950 1072 per
2975 1011 3046 1053 se
3079 998 3354 1065 constat;

1794 1104 1946 1167 ergo
1973 1087 2036 1147 in
2064 1094 2232 1148 certo
2251 1086 2466 1165 aliquo
2497 1086 2700 1165 gradu
2731 1089 2794 1149 et
2829 1086 3250 1165 proportione.
3281 1086 3358 1148 Et

1794 1181 1859 1241 in
1908 1182 2178 1259 peccatis
2231 1186 2436 1260 potest
2477 1181 2616 1243 fieri
2659 1180 2828 1243 idem
2875 1185 3369 1260 argumentum,-

1794 1274 1966 1354 quod
2007 1274 2209 1353 major
2253 1291 2440 1353 poena
2474 1275 2854 1355 respondere
2902 1273 3100 1353 possit
3145 1271 3356 1333 multis

1794 1369 2036 1431 actibus
2059 1386 2172 1429 seu
2192 1368 2516 1429 desideriis
2537 1368 2986 1447 peccaminosis
3004 1366 3166 1428 intra
3187 1365 3356 1426 idem

1798 1469 2043 1541 tempus
2069 1460 2248 1543 factis
2271 1480 2412 1522 cum
2435 1461 2888 1541 interruptione
2909 1461 3140 1539 aliqua,
3164 1476 3352 1538 quam

1792 1558 1901 1618 uni
1934 1555 2100 1617 actui
2127 1562 2255 1619 toto
2281 1556 2387 1617 illo
2416 1563 2698 1635 tempore
2737 1556 3120 1626 continuato,
3147 1557 3218 1613 ut
3244 1570 3356 1631 pa-

1793 1650 1948 1711 tebit
1969 1649 2150 1710 facile
2177 1638 2546 1729 applicando
2573 1649 2925 1711 discursum
2953 1647 3208 1708 factum.
3240 1647 3356 1706 De-

1793 1742 1964 1816 inde,
1995 1742 2106 1815 illi,
2137 1744 2246 1822 qui
2275 1742 2486 1804 dicunt
2517 1742 2734 1821 augeri
2763 1740 3090 1821 praemium
3121 1756 3197 1800 ex
3223 1738 3355 1817 plu-

1792 1837 1968 1897 ribus
1997 1836 2206 1909 titulis,
2235 1854 2500 1916 esseque
2527 1834 2732 1915 magis
2755 1833 3174 1896 honorificum
3201 1848 3357 1911 prae-

1792 1930 1990 1990 mium
2025 1927 2195 2008 quod
2226 1934 2482 2007 propter
2509 1927 2690 2007 plura
2721 1926 2942 1988 merita
2969 1926 3230 1987 remissa
3257 1922 3356 1983 vel

1791 2020 2056 2100 aequalia
2086 2020 2292 2093 datur,
2316 2020 2446 2099 pari
2471 2020 2712 2081 ratione
2735 2019 2944 2081 dicent
2965 2018 3182 2097 augeri
3207 2034 3359 2095 pras-

1794 2116 1990 2176 mium
2027 2114 2144 2175 sub
2174 2115 2292 2175 hac
2315 2114 2578 2187 ratione,
2611 2112 2864 2192 quando
2894 2111 3079 2172 datur
3105 2115 3360 2190 propter

1794 2214 2004 2270 actum
2031 2208 2254 2288 majori
2272 2214 2556 2287 tempore
2581 2206 3042 2277 continuatum3
3069 2220 3195 2264 non
3219 2220 3360 2282 pos-

1796 2308 1943 2365 sunt
1971 2305 2182 2362 autem
2219 2300 2427 2362 dicere
2452 2301 2621 2361 hunc
2647 2298 2900 2361 titulum
2939 2298 3194 2359 honoris
3219 2312 3358 2357 esse

1796 2396 2134 2469 infinitum,
2163 2412 2374 2473 neque
2413 2412 2648 2474 augere
2675 2393 2988 2455 infinitum
3029 2390 3360 2471 praemium

1795 2490 1863 2550 in
1889 2488 2132 2550 ratione
2169 2487 2374 2549 laudis
2413 2488 2514 2549 vel
2553 2486 2843 2559 honoris;
2889 2491 2984 2545 est
3023 2502 3174 2563 ergo
3205 2500 3361 2562 aug-

1796 2589 2083 2644 mentum
2123 2581 2388 2656 finitum,
2429 2581 2598 2661 quod
2635 2580 2982 2643 secundum
3007 2576 3361 2639 aestimatio-

1797 2694 1948 2737 nem
1975 2674 2280 2737 moralem
2308 2681 2515 2755 potest
2537 2674 2772 2735 habere
2799 2672 3074 2751 aliquam
3099 2687 3362 2749 propor-
3391 2682 3394 2689 ·

1795 2769 2034 2830 tionem
2077 2786 2224 2829 cum
2265 2774 2410 2830 actu
2449 2766 2769 2829 meritorio
2815 2766 3002 2827 unius
3049 2762 3360 2834 instantis,

1796 2862 1897 2925 vel
1937 2880 2078 2923 cum
2107 2862 2284 2923 titulo
2323 2862 2580 2923 honoris
2617 2866 2866 2940 sumpto
2899 2877 2978 2920 ex
3009 2852 3362 2937 pluralitate

1798 2960 2073 3017 actuum.
2123 2954 2416 3017 Similiter
2453 2955 2519 3015 in
2564 2954 2834 3033 praemiis
2873 2949 3363 3043 accidentalibus

1799 3049 2022 3111 eadem
2065 3048 2391 3110 calculatio
2439 3048 2574 3110 fieri
2622 3052 2858 3127 potest,
2909 3042 3212 3126 quidquid
3251 3042 3360 3103 ad-

1796 3143 2054 3204 versarii
2100 3143 2586 3222 tergiversentur
2631 3140 2948 3220 negando,
2979 3141 3050 3200 ut
3077 3139 3198 3198 hoc
3235 3136 3366 3198 evi-

1798 3240 1954 3309 tent,
1995 3235 2160 3296 actui
2203 3234 2522 3296 meritorio
2559 3235 2747 3294 unius
2785 3231 3074 3294 instantis
3103 3248 3366 3310 respon-

1797 3330 1952 3390 dere
2009 3328 2394 3390 accidentale
2451 3328 2806 3407 proemium;
2862 3326 3008 3405 quia
3061 3330 3232 3396 tunc,
3271 3322 3366 3383 in-

1798 3423 2043 3503 quiunt,
2087 3421 2426 3500 respondet
2475 3439 2591 3500 per
2635 3439 2704 3482 se
2725 3419 2950 3500 'primo
2993 3415 3358 3488 essentiale;

1798 3516 1976 3596 quasi
2005 3526 2154 3576 vero
2185 3520 2496 3594 repugnet
2521 3519 2860 3593 utrumque
2891 3512 3076 3574 simul
3103 3528 3365 3588 respon-

1797 3611 1970 3672 dere.
1999 3609 2340 3688 Fingamus
2369 3609 2536 3668 enim
2563 3606 2838 3686 aliquem
2867 3625 2981 3686 pro
3011 3606 3199 3686 unico
3225 3609 3367 3663 tan-

1796 3711 1932 3766 tum
1991 3702 2244 3764 instanti
2299 3701 2534 3762 habere
2589 3701 2976 3780 propositum
3039 3702 3362 3778 perpetuae

1796 3795 2167 3874 virginitatis
2195 3795 2296 3856 vel
2321 3794 2629 3873 martyrii,
2657 3799 2721 3855 et
2745 3793 2952 3854 statim
2979 3790 3360 3864 obdormire,

1799 3890 1897 3952 vel
1924 3907 2112 3950 usum
2138 3888 2398 3950 rationis
2423 3889 2730 3960 amittere,
2759 3887 2932 3949 etita
2958 3885 3218 3948 interfici
3249 3901 3364 3944 seu

1799 3983 1992 4055 mori;
2027 3980 2334 4060 numquid
2361 3985 2695 4059 propterea
2725 3978 2962 4040 carebit
2995 3975 3364 4039 accidentali

1799 4076 2054 4155 praemio
2102 4073 2493 4153 virginitatis,
2540 4073 2686 4151 quia
2724 4072 2929 4132 solum
2966 4087 3092 4150 per
3127 4071 3366 4130 instans

1799 4170 1970 4232 illam
1999 4167 2355 4230 adamavit?
2393 4168 2590 4228 Nemo
2619 4165 2896 4245 prudens
2925 4164 2990 4225 id
3017 4163 3220 4224 dicet:
3252 4162 3368 4220 ha-

1798 4264 1909 4325 bet
1931 4281 2084 4340 ergo
2113 4267 2288 4322 actus
2315 4259 2556 4320 virtutis
2585 4259 2930 4321 secundum
2959 4275 3050 4330 se,
3083 4262 3144 4318 et
3173 4254 3369 4316 seclu-
3427 4315 3435 4320 ,

1802 4375 1871 4418 sa
1900 4353 2392 4426 continuatione,
2420 4351 2747 4431 praemium
2776 4349 3196 4420 accidentale;
3222 4353 3284 4409 et
3315 4347 3366 4406 si

1802 4449 1908 4529 qui
1938 4453 2084 4508 sunt
2111 4446 2218 4526 qui
2261 4450 2497 4524 negant
2523 4449 2734 4506 actum
2773 4444 3108 4504 remissum
3137 4438 3368 4502 mereri

1802 4539 2134 4602 essentiale
2165 4539 2512 4618 praemium,
2543 4556 2673 4598 non
2719 4542 2952 4616 negant
2991 4534 3224 4596 mereri
3263 4551 3371 4594 ac-

1802 4632 2134 4706 cidentale,
2177 4631 2419 4691 etiamsi
2468 4631 2670 4690 solum
2705 4649 2819 4709 per
2864 4619 3105 4690 instans
3149 4628 3365 4698 duret;

1802 4731 2090 4804 respectu
2119 4743 2270 4804 ergo
2313 4724 2501 4804 hujus
2530 4723 2764 4802 praemii
2805 4723 2994 4784 habet
3025 4721 3236 4782 locum
3264 4739 3372 4781 ea-

1801 4817 1950 4878 dem
1992 4816 2372 4896 supputatiO,
2401 4816 2572 4896 quia,
2607 4815 2658 4876 si
2698 4815 2800 4878 ille
2843 4821 3020 4877 actus
3046 4814 3373 4875 continue-

1802 4917 1925 4984 tur,
1954 4910 2288 4990 perfectius
2315 4910 2642 4989 praemium
2671 4909 3018 4970 merebitur
3046 4909 3109 4968 in
3135 4907 3242 4969 illo
3271 4925 3374 4967 or-

1804 5005 1972 5078 dine,
2003 5011 2068 5066 et
2094 5003 2498 5066 nihilominus
2527 5021 2656 5064 non
2695 5003 3040 5064 merebitur
3062 5001 3372 5063 infinitum

1796 5099 1997 5160 'etiam
2023 5097 2088 5158 in
2118 5096 2341 5158 eodem
2381 5096 2620 5158 ordine.
2657 5095 2998 5158 Difficultas
3027 5113 3180 5175 ergo
3210 5094 3374 5154 illius

1807 5189 2184 5270 argumenti,
2215 5195 2280 5250 et
2307 5191 2656 5250 communis
2701 5195 2799 5250 est
2841 5190 2906 5250 in
2935 5188 3104 5250 omni
3135 5187 3378 5265 opinio-

1810 5303 1917 5357 ne,
1951 5289 2013 5345 et
2040 5281 2420 5346 sufficienter
2445 5283 2608 5344 dicto
2643 5281 2833 5344 modo
2865 5280 3214 5361 expeditur.

2461 5481 2718 5500 -n—*--·
