3850 6225
557 361 678 422 stt

557 468 722 528 circa
773 465 1264 530 satisfactionem
1301 466 1574 528 hominis
1617 468 1701 529 ad
1741 471 1943 530 Deum
1990 468 2129 530 dum

557 561 960 632 assertiones,
993 559 1150 620 mihi
1181 560 1436 639 quidem
1471 561 1812 623 mirabiles.
1841 563 1979 624 Una
2008 566 2125 633 est,

559 653 868 716 Christum
913 653 1244 714 Dominum
1273 672 1402 714 non
1450 654 1824 716 satisfecisse
1867 656 2001 714 Deo
2051 671 2129 714 ex

557 764 708 808 vera
757 751 820 806 et
874 746 1128 824 propria
1169 746 1408 825 justitia
1461 765 1576 826 pro
1611 747 1884 825 peccatis
1923 747 2127 808 homi-

559 857 736 900 num.
789 839 986 912 Patet,
1021 839 1168 918 quia
1215 840 1550 902 satisfactio
1598 841 1818 902 Christi
1857 841 2129 902 formali-

559 939 655 994 ter
695 938 758 993 et
789 949 904 1010 per
933 932 1204 1012 seipsam
1251 953 1378 995 non
1409 934 1614 996 reddit
1661 935 1816 996 alios
1845 935 2131 1013 homines

561 1027 878 1088 immunes
909 1045 946 1086 a
989 1027 1198 1106 culpa,
1229 1028 1392 1090 vela
1441 1034 1620 1088 reatu
1659 1045 1888 1108 poenae,
1930 1035 2001 1088 ut
2044 1029 2129 1088 ita

559 1119 788 1192 dicam,
833 1125 894 1180 et
941 1137 1070 1180 non
1119 1120 1322 1181 reddit
1371 1120 1526 1182 alios
1558 1121 1844 1183 homines
1895 1121 2129 1182 forma·

559 1215 702 1276 liter
739 1232 868 1274 non
935 1212 1162 1293 dignos
1217 1233 1450 1293 poena;
1487 1215 1658 1296 quod
1707 1223 1804 1278 est
1861 1217 2131 1277 certissi-

558 1325 736 1368 mum
755 1351 772 1378 ,
819 1306 967 1384 quia
1007 1323 1122 1368 nos
1177 1325 1306 1368 000
1341 1308 1758 1387 justificamur
1787 1308 2134 1370 formaliter

559 1419 676 1480 per
699 1399 1004 1479 justitiam
1049 1399 1294 1472 Christi,
1331 1408 1394 1462 et
1419 1402 1568 1480 quia
1609 1402 1766 1464 alias
1795 1421 1924 1464 non
1968 1408 2133 1464 esset

559 1511 920 1555 necessaria
967 1493 1152 1554 nohis
1195 1493 1320 1554 alia
1369 1495 1702 1575 applicatio
1765 1494 2133 1558 satisfactio·

559 1587 658 1648 nis
707 1586 956 1662 Christi,
989 1587 1298 1667 quiajam
1347 1606 1462 1667 per
1509 1589 1678 1650 illam
1723 1607 2009 1650 essemus
2058 1589 2133 1650 li·

559 1679 696 1740 beri
747 1679 830 1740 ab
859 1681 1026 1740 omni
1073 1679 1306 1742 debito.
1341 1683 1544 1761 Atque
1591 1683 1736 1743 hinc
1765 1683 1836 1744 fit
1879 1688 1986 1755 ut,
2032 1701 2133 1744 se-

561 1773 734 1833 clusa
759 1772 1196 1852 promissione,
1213 1791 1340 1835 non
1356 1774 1643 1852 -potuerit
1671 1775 1949 1839 Christus
1977 1776 2131 1838 obli-

563 1883 712 1946 gare
747 1867 992 1928 Patrem
1039 1873 1348 1927 aeternum
1390 1885 1468 1928 ex
1509 1867 1748 1946 justitia
1783 1868 1867 1930 ad
1903 1887 2133 1948 accep-—

561 1957 820 2020 tundam
863 1957 1348 2020 satisfactionem
1401 1977 1578 2020 suam
1613 1979 1726 2039 pro
1755 1961 1892 2022 aliis
1930 1961 2131 2021 homi·-

561 2051 782 2124 nibus;
831 2051 1002 2130 quod
1033 2069 1150 2130 ego
1195 2052 1382 2113 etiam
1419 2058 1490 2112 ut
1527 2061 1765 2114 certum
1811 2072 2123 2134 suppono,

563 2163 638 2206 cx
689 2144 785 2204 his
841 2162 982 2223 quae
1035 2145 1185 2206 alibi
1221 2145 1374 2206 dixi.
1423 2146 1734 2224 Colligunt
1775 2166 1926 2227 ergo
1976 2147 2129 2208 satis

563 2243 1026 2316 consequenter
1051 2238 1218 2298 illam
1247 2238 1731 2300 satisfactionem
1749 2241 1971 2303 Christi
2000 2259 2129 2302 000

561 2331 752 2392 fuisse
801 2350 880 2392 ex
919 2331 1182 2410 justitia,
1229 2331 1340 2391 sed
1387 2331 1726 2394 liberaliter
1753 2341 2077 2412 acceptam
2108 2377 2125 2408 ,

563 2426 664 2486 vel
703 2423 786 2484 ad
839 2441 1158 2484 summum
1209 2441 1288 2484 ex
1325 2425 1624 2486 fidelitate
1667 2427 2123 2504 promissionis.

565 2518 775 2580 Altera
815 2515 1078 2578 assertio
1107 2523 1224 2592 est,
1257 2535 1774 2598 unumquemque
1809 2519 2131 2582 hominem

556 2611 800 2692 justum
831 2627 910 2670 ex
953 2616 1180 2670 natura
1221 2611 1336 2683 rei,
1379 2617 1444 2672 et
1479 2610 1726 2672 seclusa
1767 2612 1939 2672 omni
1991 2631 2131 2692 pro—

563 2702 882 2776 missione,
917 2701 1274 2764 satisfacere
1303 2705 1434 2764 Deo
1463 2704 1790 2784 exjustitia
1803 2723 1918 2785 per
1940 2723 2131 2784 opera

563 2796 838 2875 poenaha
885 2813 1000 2874 pro
1033 2803 1216 2858 reatu
1263 2815 1490 2876 poenoe,
1525 2799 1608 2858 ita
1651 2805 1725 2858 ut
1763 2816 1892 2860 non
1938 2799 2133 2876 possit

563 2891 732 2952 Deus
777 2888 950 2950 illam
975 2889 1463 2952 satisfactionem
1490 2907 1628 2956 non
1645 2899 1997 2970 acceptare.
2024 2893 2132 2952 At-

564 2999 686 3060 que
729 2981 888 3044 adeo
927 2990 1386 3062 consequenter
1432 2990 1722 3046 asserunt
1765 2984 2131 3046 satisfactio·

563 3093 712 3137 nem
761 3075 1252 3157 uniuscujusque
1303 3077 1574 3139 hominis
1603 3095 1716 3157 pro
1761 3079 2011 3157 seipso,
2066 3077 2129 3139 in

536 3170 684 3235 ‚hoc
715 3169 1018 3231 excedere
1050 3171 1540 3233 satisfactionem
1568 3172 1794 3235 Christi
1823 3190 1937 3259 pro
1966 3173 2126 3246 aliis,

563 3264 734 3339 quod
779 3272 874 3325 est
911 3265 1244 3338 efficacior,
1275 3272 1340 3327 et
1365 3266 1668 3345 majorem
1699 3266 2005 3329 rationem
2028 3267 2133 3346 ju-

565 3357 1072 3425 sittim-continet.
1099 3358 1278 3419 Ratio
1323 3363 1438 3433 est,
1471 3360 1622 3437 quia
1647 3360 1986 3421 satisfactio
2016 3377 2129 3439 pro

563 3450 770 3529 seipso
833 3450 1180 3513 formaliter
1241 3452 1564 3513 constituit
1633 3453 1957 3515 hominem
2000 3470 2129 3515 non

564 3542 936 3618 debitorem,
995 3562 1108 3606 seu
1149 3543 1420 3605 liberum
1469 3564 1518 3605 a
1547 3552 1750 3619 reatu,
1783 3546 1931 3625 quia
1984 3565 2131 3626 pro-

449 3684 454 3689 .
563 3636 700 3715 pria
751 3636 1089 3697 satisfactio
1131 3642 1226 3699 est
1275 3637 1528 3717 propria
1579 3637 1806 3700 solutio
1839 3657 1854 3699 :
1887 3639 1997 3718 qui
2024 3657 2132 3699 au-

559 3734 690 3815 tem
745 3728 948 3801 solvit,
973 3730 1108 3809 jam
1151 3748 1280 3791 non
1323 3729 1532 3793 debet.
1589 3730 1796 3805 Unde,
1827 3730 1977 3810 quia
2026 3750 2133 3811 op·

563 3823 838 3903 positum
889 3823 1144 3885 involvit
1181 3824 1688 3903 repugnantiam,
1749 3823 2131 3903 impossibile

565 3916 850 3995 estquod
877 3918 1044 3979 Deus
1085 3922 1406 3996 computet
1433 3918 1548 3981 sibi
1589 3918 1939 3979 debitorem
1986 3936 2131 3979 eum

563 4008 670 4088 qui
703 4010 834 4117 japi
863 4009 1068 4083 solvit;
1095 4016 1160 4071 et
1193 4010 1282 4071 sic
1311 4010 1428 4073 hac
1471 4011 1716 4073 ratione
1755 4010 1981 4071 dicitur
2022 4030 2133 4073 ne-

565 4122 840 4165 cessario
881 4110 1214 4183 acceptare
1243 4104 1414 4165 illam
1449 4104 1961 4176 satisfactionem,
2002 4122 2131 4167 non

563 4203 692 4258 tam
713 4198 1086 4260 necessitate
1109 4198 1386 4277 justitia‘,
1415 4216 1608 4278 quam
1635 4198 2011 4260 necessitate
2040 4200 2133 4277 (01

565 4290 650 4352 ita
679 4291 921 4370 dicam)
947 4292 1144 4371 ipsius
1173 4292 1296 4365 τοὶς
1333 4310 1480 4353 nam
1497 4292 1600 4353 illa
1639 4292 1980 4366 destructa,
2004 4312 2131 4355 non

567 4390 774 4465 potest
823 4385 992 4447 Deus
1019 4384 1308 4463 judicare
1339 4385 1548 4446 adhuc
1587 4403 1866 4447 manere.

645 4480 746 4541 44.
779 4479 1170 4555 Rejioimm·
1197 4478 1526 4543 corollaria
1561 4479 1892 4559 captivata.
1910 4512 1993 4525 —
2010 4477 2137 4543 Sa·

567 4570 838 4649 tisfactio
846 4589 964 4652 pro
991 4572 1172 4653 culpa
1198 4590 1318 4635 non
1337 4574 1684 4653 potestfieri
1701 4575 1943 4635 omuino
1953 4574 2136 4651 jvncta

567 4682 640 4727 em
677 4670 904 4729 natura
931 4666 1044 4737 rei,
1083 4664 1318 4730 seclusa
1344 4665 1744 4745 promissione
1789 4666 2023 4728 divina.
2054 4698 2137 4713 —-

565 4756 762 4821 Pana
781 4756 1134 4838 puroatorii
1163 4758 1444 4837 quomodo
1469 4775 1544 4821 σω
1571 4764 1801 4825 natura
1823 4758 1916 4821 rei
1941 4760 2133 4839 sequi·

568 4857 674 4914 tm·
713 4850 974 4929 eulpam.
1005 4853 1064 4913 et
1095 4850 1380 4929 monada
1407 4851 1688 4929 dependet
1743 4870 1782 4913 a
1823 4850 2135 4913 voluntate

567 4942 704 5006 Dei.
736 4974 818 4987 —
847 4940 1142 5005 contr-itio
1187 4958 1263 5003 σω
1295 4946 1522 5006 natura
1553 4942 1642 5005 rei
1671 4958 1790 5004 m
1837 4943 2011 5005 habet
2056 4948 2135 5021 es·

561 5036 840 5117 ficaoiam
865 5034 950 5099 ad
981 5034 1306 5097 tollendum
1333 5038 1570 5097 reatum
1591 5052 1808 5117 μω,
1847 5054 1955 5099 neo
1998 5054 2136 5118 pro-

559 5131 896 5211 portionem
937 5144 1072 5191 cum
1115 5126 1234 5189 tali
1269 5130 1466 5190 reatu.
1498 5158 1580 5175 —
1607 5128 1676 5201 10
1707 5128 1870 5190 hanc
1911 5128 2135 5191 doctri-

569 5240 720 5284 nam
769 5220 1002 5301 optime
1051 5218 1362 5299 quadrare
1391 5238 1624 5283 censeo
1655 5221 1808 5283 illud
1841 5224 2135 5285 Aristote-

569 5317 644 5377 lis
671 5334 687 5377 ε
731 5316 976 5379 Parvus
999 5330 1174 5377 error
1190 5310 1260 5375 iu
1277 5314 1607 5395 principia,
1635 5313 1941 5377 mamimus
1964 5335 2135 5379 error

569 5414 638 5472 iu
659 5410 820 5489 fian
849 5426 1000 5469 nam
1027 5414 1194 5469 certe
1227 5406 1364 5467 haec
1393 5408 1718 5469 corollaria
1739 5410 1912 5469 00110
1942 5408 2133 5469 modo

571 5504 634 5565 in
669 5501 1010 5581 'theologia
1055 5500 1382 5580 probanda
1423 5500 1733 5563 videntur.
1779 5502 1971 5581 Cujus
2032 5522 2133 5563 ra-

1501 364 1714 420 OPUSC.
1749 365 1834 418 vt.
1869 365 2241 422 msrmnto
2274 367 2357 420 DE
2386 365 2663 420 lustina
2694 364 2815 418 nm.

2210 469 2445 530 tionem
2494 469 2768 530 breviter
2808 467 3163 541 insinuabo,
3196 467 3351 546 quia
3388 467 3465 528 de
3498 475 3707 550 utroque

2210 568 2441 643 puncto
2484 561 2549 621 in
2578 560 2845 640 propriis
2874 561 3029 622 locis
3054 561 3176 621 late
3208 580 3248 620 a
3266 577 3373 620 me
3390 559 3706 640 disputatum

2210 661 2325 716 est.
2356 653 2717 732 Incipiendo
2762 671 2913 732 ergo
2946 653 3027 714 ab
3056 653 3176 714 hoc
3204 653 3445 728 ultimo,
3472 673 3585 714 non
3618 662 3708 737 opi-

2210 767 2329 808 nor
2366 765 2551 827 posse
2596 747 2855 826 intelligi
2898 751 2969 807 ut
3004 745 3343 808 satisfactio
3384 746 3623 810 hominis
3652 753 3709 812 ad

2210 843 2407 904 Deum
2446 841 2509 902 in
2550 840 2669 902 hac
2696 839 2821 900 vita
2850 839 2929 900 sit
2964 840 3219 900 omnino
3250 840 3427 916 justa
3463 847 3521 900 01
3542 843 3711 903 efficax

2212 953 2289 996 ex
2314 933 2445 994 sola
2472 935 2567 994 rei
2596 937 2843 1006 natura,
2880 933 3125 994 seclusa
3152 933 3369 992 divina
3384 932 3711 999 ordinatione

2214 1033 2277 1088 et
2314 1027 2754 1106 promissione.
2790 1027 2865 1086 Et
2894 1024 3201 1105 imprimis
3232 1025 3453 1086 omitto
3496 1029 3712 1090 satisfac-

2208 1121 2443 1183 tionem
2472 1137 2587 1199 pro
2608 1119 2817 1198 culpa,
2848 1136 3041 1197 quam
3072 1117 3219 1179 dicti
3246 1124 3531 1180 auctores
3546 1138 3713 1184 conce

2210 1213 2369 1276 dunt
2404 1211 2629 1274 eodem
2650 1209 2843 1272 modo
2860 1210 2995 1272 fieri
3028 1229 3104 1272 ex
3130 1217 3363 1271 natura
3390 1210 3481 1270 rei
3500 1231 3601 1289 per
3620 1214 3713 1274 for-

2212 1307 2445 1368 malem
2490 1307 2617 1366 vim
2658 1304 3047 1366 contritionis
3078 1304 3177 1366 vel
3204 1304 3445 1364 amoris
3468 1305 3584 1375 Dei,
3607 1308 3712 1370 abs-

2212 1415 2339 1479 que
2366 1399 2491 1460 alio
2534 1398 2642 1460 Dei
2668 1395 3017 1470 beneficio;
3050 1395 3223 1476 quod
3252 1396 3483 1458 falsum
3516 1402 3710 1462 omnino

2214 1513 2353 1558 esse
2380 1495 2519 1554 fuse
2556 1492 2799 1554 ostendi
2832 1493 2897 1552 in
2928 1492 3231 1570 principio
3278 1490 3465 1570 'primi
3496 1495 3621 1554 tomi
3656 1495 3711 1556 de

2210 1587 2681 1650 iucarnatione:
2730 1604 2901 1646 nunc
2936 1603 3085 1646 vero
3128 1585 3209 1646 de
3242 1585 3367 1646 hoc
3394 1593 3601 1666 puncto
3621 1607 3713 1648 non

2214 1683 2483 1762 agimus,
2534 1687 2597 1742 et
2640 1681 2813 1742 haud
2840 1681 2971 1742 scio
2992 1699 3075 1740 an
3104 1680 3255 1741 dicti
3300 1686 3575 1741 auctores
3608 1701 3715 1744 con-

2214 1777 2513 1839 cederent
2544 1781 2787 1836 tantam
2836 1793 2977 1836 0880
3042 1774 3359 1836 rationem
3406 1775 3632 1852 justitiae
3672 1784 3713 1836 et

2214 1869 2701 1949 condignitatis(
2729 1874 2799 1929 ut
2842 1868 2961 1948 ipsi
3012 1867 3423 1947 loquuntur),
3452 1867 3511 1927 in
3552 1871 3717 1930 remis-

2214 1964 2391 2026 sione
2440 1962 2640 2041 culpoe
2666 1961 2949 2022 mortalis
2974 1979 3089 2039 per
3124 1966 3339 2022 actum
3372 1961 3713 2034 contritionis,

2210 2057 2371 2118 sicut
2426 2056 2493 2116 in
2534 2055 2901 2116 remissione
2960 2071 3167 2132 poenae
3236 2052 3585 2131 temporalis
3638 2073 3717 2132 per

2210 2167 2401 2230 opera
2446 2148 2721 2228 poenalia
2762 2147 3033 2208 hominis
3062 2146 3239 2225 justi,
3284 2163 3621 2222 quanquam
3654 2148 3717 2206 vi-

2210 2244 2397 2305 deam
2444 2243 2565 2304 hoc
2602 2240 2933 2302 manifeste
2962 2239 3143 2318 sequi
3174 2257 3259 2300 ex
3288 2239 3411 2298 illis
3438 2239 3713 2317 principiis

2211 2337 2507 2417 adjuncta
2548 2333 2833 2396 doctrina
2874 2333 2955 2396 de
2994 2333 3243 2394 formali
3282 2333 3345 2393 vi
3398 2332 3713 2394 contritionis

2210 2431 2293 2492 ad
2334 2428 2875 2490 sanctificandum.
2909 2427 3153 2488 Omissa
3182 2443 3341 2504 ergo
3380 2425 3491 2485 hoc
3514 2431 3709 2502 puncto,

2210 2505 2501 2604 suppono
2531 2528 2774 2582 certum
2800 2537 2937 2582 esse
2966 2519 3047 2580 de
3072 2519 3223 2592 fide,
3242 2517 3489 2579 mortali
3514 2525 3709 2596 peccato

2208 2617 2475 2678 remisso
2505 2613 2717 2693 quoad
2756 2613 3030 2692 culpam,
3064 2617 3128 2672 et
3162 2629 3299 2672 non
3340 2611 3515 2690 plene
3556 2610 3709 2688 quoad

2213 2715 2457 2771 reatum
2490 2725 2719 2787 poenae,
2748 2705 3005 2784 aliquod
3032 2704 3409 2784 supplicium
3440 2703 3581 2784 ignis
3604 2723 3709 2782 pur-

2214 2801 2433 2880 gatorii
2470 2817 2609 2860 esse
2638 2799 3015 2863 destinatum
3046 2803 3109 2858 et
3140 2797 3423 2858 debitum
3454 2797 3706 2875 posthanc

2212 2894 2428 2966 vitam,
2452 2893 2503 2953 si
2532 2892 2595 2952 in
2626 2893 2745 2953 hac
2774 2899 2987 2954 reatus
3012 2891 3115 2952 1110
3136 2907 3271 2951 000
3298 2889 3479 2951 fuerit
3502 2889 3717 2950 ablatis..

2212 2989 2301 3048 De
2334 3005 2463 3066 quo
2502 2987 2831 3066 supplicio,
2856 2986 3145 3066 quamvis
3174 2985 3239 3046 in
3270 2985 3565 3046 communi
3588 3001 3707 3042 sum-

2210 3086 2318 3161 pto
2358 3080 2481 3143 dici
2530 3080 2727 3160 possit
2779 3098 2859 3143 ex
2928 3085 3151 3147 natura
3198 3078 3299 3139 rei
3346 3076 3611 3155 consequi
3652 3075 3707 3136 ad

2210 3174 2483 3255 culpam,
2518 3180 2733 3235 tamen
2764 3173 3029 3252 quodin
3068 3170 3433 3253 particulari
3458 3169 3589 3231 iliud
3606 3186 3707 3245 sap-

2212 3267 2467 3347 plicium
2494 3266 2617 3327 tale
2662 3267 2764 3337 sit,
2798 3266 2861 3329 id
2906 3272 3023 3341 est,
3058 3266 3439 3345 perignem,
3488 3281 3605 3323 rum
3634 3260 3705 3321 tali

2214 3360 2569 3422 intensione
2590 3365 2653 3421 et
2674 3358 3027 3431 duratione,
3058 3359 3125 3419 in
3152 3358 3263 3419 tali
3293 3357 3453 3429 loco,
3470 3363 3595 3428 etc„
3619 3372 3707 3413 nou

2212 3458 2417 3533 potest
2454 3452 2575 3514 dici
2612 3470 2757 3513 esse
2810 3470 2891 3513 ex
2938 3452 3073 3513 sola
3124 3452 3216 3511 rei
3274 3456 3491 3513 natura
3526 3448 3704 3525 absque

2212 3546 2605 3607 ordinatione
2660 3544 2929 3624 alicujus
2974 3544 3252 3622 supremi
3300 3540 3702 3622 gubernatoris,
3779 3626 3780 3631 γ

2212 3640 2361 3719 quia
2406 3658 2519 3719 per
2544 3656 2611 3699 se
2642 3638 2899 3701 evidens
2940 3642 3039 3699 est
3070 3635 3225 3697 illud
3264 3653 3393 3696 non
3438 3652 3559 3697 esse
3592 3648 3705 3710 opus

2212 3738 2473 3805 natum,
2496 3731 2612 3793 sed
2638 3730 3091 3809 intelligentiae,
3116 3734 3481 3807 constatque
3494 3725 3705 3805 potuisse

2212 3829 2416 3889 Deum
2454 3824 2717 3888 modum
2742 3823 2937 3885 alium
2982 3840 3187 3901 poenae
3234 3840 3351 3885 800
3396 3816 3703 3900 purgationis

2212 3936 2593 3999 praeparare.
2630 3917 2791 3989 Quin
2836 3915 3077 3996 potins,
3108 3916 3283 3994 quod
3310 3914 3551 3977 remissa
3572 3910 3703 3987 culpa

2212 4012 2355 4075 talis
2405 4011 2501 4073 vel
2548 4016 2759 4073 tantus
2808 4014 3023 4071 reatus
3070 4026 3279 4088 poenae
3324 4013 3579 4075 maneat,
3612 4019 3699 4063 non

2214 4103 2417 4183 potuit
2440 4121 2581 4165 esse
2612 4121 2689 4165 ex
2722 4106 2949 4163 natura
2976 4102 3071 4163 rei
3100 4102 3237 4163 sine
3266 4100 3618 4163 ordinatione
3636 4094 3699 4153 di·

2214 4198 2381 4259 vina.
2416 4196 2597 4271 Nam,
2628 4194 2797 4275 quod
2834 4212 2952 4273 per
2992 4200 3191 4255 totam
3220 4192 3615 4255 contritionem
3638 4192 3699 4246 ta-

2214 4290 2291 4353 lis
2318 4290 2503 4370 culpa
2526 4289 2781 4350 omnino
2820 4288 3093 4361 tollatur,
3118 4287 3311 4349 etiam
3338 4284 3527 4366 quoad
3554 4288 3697 4343 totum

2212 4402 2419 4465 poenae
2462 4388 2730 4455 reatum,
2764 4400 2889 4443 non
2932 4386 3139 4461 potest
3178 4398 3323 4442 esse
3360 4398 3435 4441 ax
3472 4376 3581 4437 sola
3620 4390 3697 4431 na-

2214 4485 2357 4541 tura
2397 4478 2525 4549 rei;
2560 4476 2867 4556 potuisset
2896 4476 3063 4535 enim
3092 4477 3263 4537 Deus
3290 4475 3563 4552 majorem
3594 4484 3695 4527 con-

2216 4572 2531 4635 tritionem
2576 4568 2659 4631 ad
2686 4568 2939 4648 plenam
2990 4568 3423 4631 remissionem
3464 4564 3689 4641 exigere.

2212 4667 2314 4725 vel
2354 4663 2583 4725 minori
2640 4680 2779 4725 esse
2834 4667 3189 4723 contentus.
3240 4662 3395 4723 Nam
3434 4676 3531 4719 cur
3566 4654 3689 4715 non?

2212 4756 2575 4821 Necessaria
2610 4774 2763 4835 ergo
2799 4754 2917 4815 fuit
2942 4755 3079 4834 ejus
3114 4752 3549 4833 praeordinatio,
3584 4763 3691 4807 con-

2214 4857 2517 4913 sentanea
2548 4848 2805 4928 quidem
2844 4848 2997 4927 ipsis
3010 4848 3222 4920 rebus,
3244 4852 3560 4907 nontamen
3578 4840 3687 4901 exis-

2216 4950 2357 5005 tens
2404 4944 2467 5005 in
2508 4942 2659 5023 ipsis
2692 4987 2709 5015 ,
2764 4940 2885 5001 nisi
2940 4940 3199 5002 accedat
3238 4939 3435 5001 divina
3470 4934 3687 5031 voluntas

2208 5038 2391 5118 juxta
2432 5036 2685 5116 regulas
2722 5052 2853 5095 suae
2880 5034 3235 5113 sapientiae;
3286 5032 3441 5093 idem
3468 5044 3589 5103 ergo
3620 5022 3685 5081 di·

2215 5128 2487 5191 cendum
2512 5133 2611 5189 est
2637 5128 2717 5189 de
2750 5142 3147 5205 quacumque
3181 5124 3303 5185 alia
3344 5117 3679 5203 proportione.

2216 5222 2473 5298 scilicet,
2506 5220 2679 5300 quod
2706 5238 2821 5299 per
2858 5220 3051 5281 talem
3080 5224 3141 5279 et
3171 5224 3403 5281 tantam
3444 5208 3679 5306 contritio-

2214 5332 2361 5379 nem
2410 5319 2669 5375 maueat
2708 5319 2919 5375 tantus
2972 5318 3231 5383 reatus,
3268 5310 3455 5387 major
3491 5301 3569 5363 vel
3598 5314 3677 5357 ωι-

2215 5426 2355 5483 nor,
2380 5409 2560 5486 juxta
2591 5405 2865 5469 hominis
2900 5404 3383 5484 dispositionem.

2294 5504 2393 5565 ts.
2440 5502 2657 5565 Stante
2686 5518 2837 5579 ergo
2866 5500 2985 5561 hac
3018 5498 3277 5561 veritate
3298 5496 3375 5557 de
3396 5495 3673 5575 010081001-
