3850 6225
720 421 855 475 eff.
892 420 1023 474 xm.
1056 420 1477 475 voLtJNTATEu
1510 422 1762 477 nonnus
1792 423 1917 476 NON
1949 423 2529 487 PnAEnEmRufflAm.
2563 424 2697 475 mc.

134 528 343 587 luntate
370 521 503 594 Dei,
532 524 593 582 et
614 520 898 583 libertate
924 521 1345 583 humanorum
1372 528 1649 595 actuum,

136 616 479 697 quicumque
507 612 585 674 illi
611 612 769 686 sint;
798 619 859 675 et
886 614 1032 676 hmo
1061 614 1334 676 libertati
1372 614 1655 675 absolute

132 724 453 789 repugnare
498 706 711 767 dicunt
751 706 1210 781 necessitatem,
1254 726 1331 769 ex
1360 724 1659 787 quacum·

133 818 233 881 que
253 818 431 861 causa
455 798 881 861 antecedente.
914 802 1149 861 Rursus
1180 819 1401 862 omnes
1420 800 1653 873 Sancti,

131 898 218 975 qui
254 892 599 973 significant
648 892 849 955 Deum
900 912 1027 953 non
1068 894 1459 973 praedefinire
1478 940 1499 970 ,
1548 894 1661 955 sed

130 988 386 1069 praescire
412 988 601 1067 {actus
641 985 895 1059 liberm,
927 1005 964 1046 a
986 986 1227 1049 fortiori
1254 988 1373 1049 hoc
1397 987 1655 1059 docent;

130 1082 257 1162 quia
274 1083 397 1143 haec
418 1078 1006 1161 praedem-minatio,
1036 1097 1177 1159 quoe
1204 1080 1287 1141 ad
1316 1087 1489 1142 extra
1515 1098 1661 1161 pro·

130 1176 397 1255 graditur,
424 1178 485 1237 et
524 1172 871 1236 efficaciam
902 1174 1093 1235 habet
1131 1174 1195 1235 in
1238 1180 1517 1236 nostram
1546 1194 1658 1237 vo-

130 1271 421 1342 luntatem,
463 1269 757 1347 supponit
794 1267 1151 1329 necessario
1174 1267 1655 1348 praefinitionem

129 1362 379 1436 adintra,
411 1367 473 1423 et
500 1363 583 1423 ab
608 1361 713 1423 illa
744 1366 995 1436 manat;
1047 1361 1215 1425 unde
1250 1380 1513 1425 necesse
1561 1368 1655 1424 est

126 1464 181 1518 ut
214 1456 290 1517 illi
314 1462 520 1535 patres
554 1454 635 1517 de
680 1456 799 1517 hac
842 1456 1065 1517 saltem
1107 1455 1517 1535 praefinitione
1563 1455 1655 1517 lo-

126 1556 391 1628 quantur;
433 1548 763 1609 citavimus
811 1554 1023 1611 autem
1070 1548 1393 1629 praedictos
1438 1550 1655 1610 Patres

124 1644 177 1703 in
210 1642 377 1703 citato
408 1640 549 1703 loco
607 1641 791 1721 primi
818 1640 981 1702 libri.
1014 1643 1103 1703 Ex
1156 1660 1281 1721 quo
1324 1640 1461 1703 loco
1502 1660 1655 1703 con-

126 1742 243 1807 stat,
260 1752 358 1795 eos
376 1752 507 1795 non
528 1734 733 1795 solum
760 1734 1138 1812 generaliter
1150 1735 1345 1815 loqui,
1366 1736 1652 1814 quamvis

124 1832 221 1891 hoc
240 1830 375 1889 satis
416 1834 611 1904 esset,
644 1828 758 1889 sed
786 1829 975 1889 etiam
1004 1829 1358 1909 specialiter
1392 1830 1471 1891 de
1496 1830 1652 1891 acti-

122 1924 219 1983 bus
254 1922 385 1995 illis,
412 1940 531 2001 per
576 1940 737 2001 quos
756 1922 1063 2001 justitiam
1102 1927 1165 1983 et
1204 1924 1469 2002 gloriam
1498 1922 1652 1985 obti-

122 2034 332 2091 nemus,
370 2015 479 2095 qui
512 2022 665 2075 sunt
704 2022 879 2077 actus
923 2017 1454 2095 supernaturales».
1488 2017 1651 2078 Prae-

122 2118 283 2181 terea,
306 2109 693 2188 ubicumque
734 2108 943 2171 Sancti
988 2108 1066 2169 de
1096 2109 1381 2171 libertate
1414 2111 1649 2171 arbitrii

120 2204 443 2283 loquuntur,
491 2204 713 2265 dicunt
746 2204 834 2264 ita
888 2223 955 2265 se
1004 2221 1225 2284 gerere
1270 2205 1465 2265 Deum
1508 2224 1651 2267 cum

120 2298 403 2357 voluntate
420 2304 665 2371 nostra,
694 2303 763 2357 ut
778 2297 1015 2357 nullam
1029 2297 1157 2357 vim
1180 2298 1235 2358 ei
1256 2298 1519 2377 ingerat,
1540 2299 1651 2360 sed

118 2392 167 2453 in
184 2394 469 2471 potestate
499 2391 645 2471 ejus
661 2398 905 2453 motum
936 2392 1075 2470 ejus
1103 2392 1457 2465 constituat,
1476 2393 1564 2453 ita
1583 2397 1652 2454 ut

118 2503 239 2545 eum
262 2485 561 2545 inchoare
591 2483 809 2562 possit,
842 2484 893 2544 si
920 2484 1090 2557 velit,
1112 2484 1215 2545 vel
1243 2485 1652 2564 suspendere,

116 2582 223 2638 tam
248 2578 307 2637 in
320 2576 917 2656 supernaturalibus
938 2578 1207 2651 actibus,
1240 2596 1431 2657 quam
1458 2578 1521 2638 in
1548 2598 1659 2638 na-

120 2669 428 2741 turalibus;
460 2670 597 2731 imo
614 2669 817 2731 inillis
832 2670 1189 2757 specialiter
1216 2670 1413 2745 aiunt,
1436 2689 1657 2751 quam-

120 2762 196 2821 vis
220 2764 374 2823 Deus
401 2762 620 2842 pulset
636 2770 699 2825 et
720 2768 939 2842 tangat
958 2756 1168 2835 corda,
1191 2768 1403 2825 tamen
1423 2783 1551 2824 non
1568 2763 1661 2825 in-

112 2855 253 2916 ferre
280 2856 423 2929 vim,
448 2856 576 2918 sed
592 2864 925 2936 expectare
948 2862 1017 2919 ut
1040 2857 1175 2937 ipsa
1192 2858 1481 2918 voluntas
1507 2876 1661 2919 con-

112 2948 311 3009 sentiat
338 2968 479 3011 eum
496 2950 622 3011 Dei
642 2950 975 3030 adjutorio,
998 2951 1169 3031 quod
1198 2968 1448 3029 semper
1472 2955 1532 3012 et
1552 2970 1661 3011 ne-

114 3043 420 3104 cessarium
464 3061 613 3104 esse
668 3049 729 3107 et
766 3049 1055 3124 paratum
1098 3062 1233 3105 esse
1272 3049 1651 3123 supponunt.

114 3135 205 3196 Hae
224 3142 429 3197 autem
456 3137 821 3200 locutiones
844 3156 1085 3212 omnes,
1118 3157 1259 3218 quae
1286 3157 1415 3199 non
1453 3138 1656 3199 solum

114 3229 451 3292 sanctorum
482 3237 661 3305 sunt,
700 3232 810 3294 sed
839 3233 1027 3294 etiam
1056 3231 1279 3292 divinae
1297 3233 1651 3311 Scripturae,

114 3340 221 3384 non
262 3329 523 3404 possunt
568 3325 725 3386 satis
750 3324 1036 3404 intelligi,
1071 3329 1133 3386 et
1160 3325 1241 3386 ad
1270 3343 1485 3386 veram
1513 3343 1654 3405 pra-

112 3416 217 3476 xim
228 3418 453 3492 reduci,
473 3419 525 3480 si
544 3418 1045 3498 supernaturalis
1072 3436 1441 3491 consensuS,
1462 3418 1654 3480 etiam

110 3511 285 3588 posita
326 3512 731 3584 excitatione,
782 3518 847 3574 et
871 3509 1009 3574 aliis
1048 3530 1125 3573 ex
1173 3517 1351 3592 parte
1384 3511 1653 3574 hominis

108 3605 547 3683 praerequisitis,
594 3605 991 3668 inchoandus
1034 3611 1129 3667 est
1156 3606 1237 3666 ab
1280 3603 1385 3665 illa
1412 3605 1653 3667 efficaci

107 3694 201 3755 Dei
222 3698 531 3760 voluntate
558 3697 1109 3778 praedeterminata
1137 3697 1220 3760 ad
1246 3717 1469 3768 unum,
1508 3717 1649 3778 quae

106 3807 286 3870 neque
304 3791 365 3852 in
384 3799 709 3874 potestate
734 3799 949 3855 nostra
978 3797 1093 3866 est,
1124 3792 1177 3854 si
1200 3811 1281 3855 ex
1312 3811 1378 3853 se
1394 3811 1525 3854 non
1554 3798 1649 3854 est

106 3884 303 3960 posita,
348 3903 561 3964 neque
606 3885 665 3947 ei
695 3887 989 3948 resistere
1020 3904 1357 3967 possumus
1376 3930 1392 3960 ‚
1446 3887 1497 3946 si
1532 3885 1648 3949 fuit

102 3975 215 4054 jam
242 3979 457 4056 posita.

174 4073 259 4131 16.
282 4073 551 4152 Legatur
578 4072 773 4154 igitur
796 4073 1083 4136 Clemens
1105 4074 1295 4154 Papa,
1316 4074 1559 4154 epistol.
1586 4076 1648 4148 3,

106 4165 425 4238 praesertim
464 4184 622 4245 pag.
655 4168 715 4239 3,
748 4165 857 4227 ubi
886 4167 993 4239 ait,
1028 4167 1189 4228 inter
1226 4167 1377 4228 alia:
1416 4165 1497 4229 Si
1539 4166 1653 4228 ali-

104 4253 233 4332 quid
248 4261 396 4320 esset
422 4260 589 4340 qnod
612 4261 923 4324 audientes
944 4261 1144 4340 fidem,
1189 4259 1283 4321 vel
1309 4261 1391 4324 ad
1414 4259 1650 4322 ereden-

106 4347 247 4418 dum,
273 4351 364 4412 vel
386 4369 507 4414 non
527 4353 617 4416 ad
628 4353 981 4416 eredendum
1012 4353 1437 4416 determinaret
1472 4357 1651 4415 eze-tra

106 4439 399 4506 arbitrium
439 4463 675 4519 eornm,
706 4447 989 4509 meritum
1027 4452 1084 4509 et
1111 4446 1447 4509 libertatem
1492 4445 1646 4507 tolli.

171 4534 455 4610 lrenaeuS,
486 4537 603 4599 lib.
631 4541 671 4599 4
698 4545 912 4600 contra
948 4539 1207 4614 Haeret„
1240 4556 1375 4617 cap.
1404 4541 1504 4612 71,
1532 4539 1651 4598 hac

104 4627 321 4688 ratione
376 4629 551 4704 dicit,
633 4633 835 4694 Deum
855 4678 870 4705 ,
930 4637 1263 4711 postquam
1328 4629 1649 4692 hominem

104 4723 393 4785 constituit
444 4725 511 4784 in
546 4743 663 4786 sua
703 4727 1012 4804 potestate
1042 4726 1124 4787 ad
1149 4725 1455 4786 utendum
1504 4743 1649 4785 sen-

108 4815 275 4874 tentia
314 4823 375 4876 et
402 4817 705 4880 suasione
738 4817 868 4892 Dei,
913 4819 1152 4878 nullam
1178 4817 1307 4878 vim
1346 4816 1435 4878 illi
1461 4816 1653 4877 infer-

106 4923 184 4976 re,
211 4909 315 4970 sed
344 4916 727 4992 potestatem
782 4911 1103 4972 electionis
1146 4911 1203 4972 ei
1243 4911 1645 4988 relinquere;

108 5003 161 5058 et
186 5017 311 5080 cap.
344 5005 816 5083 septuagesimo
847 5010 1045 5076 sextu,
1078 5004 1247 5065 idem
1284 5003 1409 5064 late
1437 5021 1657 5082 prose-

106 5092 325 5169 quitur3
360 5097 425 5158 in
453 5116 585 5176 quo
606 5097 797 5158 verba
828 5096 937 5158 illa
958 5102 1104 5158 sunt
1136 5097 1445 5157 notanda:
1482 5095 1657 5158 Proe-

107 5189 193 5246 sta
221 5189 271 5250 ei
294 5207 395 5252 eor
414 5194 589 5253 tamn
602 5191 777 5254 molle
804 5195 864 5255 et
882 5189 1215 5264 tractabile,
1240 5207 1315 5252 ne
1330 5190 1657 5252 induratus

106 5279 335 5344 emtas
356 5283 623 5366 vestiqia
658 5285 983 5365 digitorum
1003 5284 1136 5365 ejus
1152 5309 1177 5356 ;
1201 5289 1265 5344 et
1294 5281 1491 5344 iufra:
1524 5281 1653 5345 Ne·-

106 5387 203 5446 que
228 5373 420 5437 lemen
464 5393 604 5439 eum
643 5395 865 5458 maqua
890 5376 1245 5441 necessitate
1271 5371 1545 5453 subjiciet
1570 5373 1654 5436 si-

109 5462 159 5524 bi
186 5483 559 5548 mmm,
587 5485 767 5550 *noque
800 5471 962 5534 Deus
992 5466 1151 5550 cogit
1181 5485 1337 5542 eum,
1363 5467 1470 5548 qui
1500 5465 1657 5526 nolit

3186 426 3306 487 215

1732 538 1927 583 sensu
1959 521 2068 597 ait,
2091 522 2284 585 Deum
2298 523 2574 587 reducere
2595 524 2858 589 homines
2873 526 2956 587 ad
2973 541 3058 599 se,
3077 543 3195 589 non
3222 530 3306 603 vi,

1734 616 1843 678 sed
1865 617 2134 679 suadela.

1816 708 2154 787 Epiphan.,
2213 710 2436 772 haeres.
2485 711 2524 771 5
2573 715 2635 773 et
2693 711 2792 785 16,
2835 719 3054 776 contra
3105 715 3305 776 fatum

1740 800 2088 879 disputans,
2133 802 2219 863 ait
2241 803 2404 865 inter
2430 803 2560 876 illa,
2594 803 2723 864 tolli
2753 804 3128 881 libertatem,
3159 808 3218 871 si
3246 811 3304 873 is

1736 894 1845 975 qui
1855 896 2029 973 facit,
2063 913 2182 957 non
2204 914 2245 959 a
2269 914 2332 958 se
2361 898 2493 979 ipso
2517 898 2694 978 facit,
2718 900 2826 961 sed
2859 904 3180 965 secundum
3209 919 3306 964 ne-

1742 989 2084 1050 cessitatem
2109 989 2360 1053 dominii
2378 991 2521 1070 sati.
2555 989 2702 1061 Quoe
2737 991 2952 1063 verba,
3001 994 3054 1054 si
3083 1013 3304 1055 eorum

1740 1080 1899 1140 ratio
1939 1086 2274 1160 spectetur,
2327 1083 2552 1145 eodem
2607 1083 2796 1143 modo
2843 1087 3193 1164 procedunt
3225 1089 3304 1149 de

1737 1189 2136 1253 quacumque
2159 1176 2534 1237 necessitate
2562 1176 2972 1240 antecedente
3005 1182 3306 1242 extrinse-

1736 1282 1849 1327 cus
1868 1266 2062 1343 illata,
2089 1266 2220 1329 sive
2245 1286 2282 1329 a
2306 1268 2516 1329 divina
2538 1270 2882 1341 voluntate,
2915 1272 3044 1335 sive
3067 1274 3148 1335 ab
3177 1276 3301 1337 alia

1736 1376 1951 1433 causa,
1983 1362 2324 1439 praesertim
2355 1362 2526 1442 quod
2562 1363 2847 1424 nonnulli
2897 1366 3199 1449 Theologi
3242 1375 3306 1432 et

1736 1450 2065 1513 Christiani
2126 1454 2482 1534 philosophi
2549 1454 3025 1535 dispositionem
3081 1460 3304 1523 divinas

1734 1545 2142 1623 providentio
2164 1546 2366 1609 fatum
2392 1549 2732 1629 appellent.
2791 1550 2854 1611 Si
2883 1568 3037 1630 ergo
3065 1552 3171 1613 illa
3211 1555 3306 1613 in-

1736 1636 1996 1700 duceret
2024 1642 2505 1705 antecedentem
2526 1643 2990 1719 necessitatem,
3019 1646 3208 1709 etiam
3229 1646 3305 1709 li-

1732 1730 2044 1795 bertatem
2072 1734 2340 1797 tolleret.

1813 1826 2078 1906 Cyrillus
2114 1829 2599 1904 Alexandriam,
2631 1830 2793 1893 libro
2828 1838 3049 1894 octavo
3086 1841 3304 1895 contra

1730 1919 2131 1992 Julian.,sub
2167 1921 2382 1998 finem,
2435 1940 2580 1995 cum
2621 1924 2936 1988 docuisset
2983 1927 3306 1989 hominem

1732 2030 1869 2074 esse
1916 2014 2095 2075 liberi
2147 2015 2405 2088 arbitrii,
2467 2018 2564 2077 his
2613 2018 2858 2080 verbis:
2927 2020 3014 2084 Ut
3059 2037 3169 2082 nos
3225 2022 3310 2085 ad

1728 2108 1981 2187 quodvis
2033 2109 2248 2172 bonum
2287 2116 2498 2191 sponte
2554 2111 2979 2190 incederemus,
3023 2114 3301 2187 consilio,

1730 2217 1847 2260 non
1867 2207 2085 2277 coacte,
2111 2202 2307 2266 vivere
2332 2221 2514 2284 super
2555 2209 2784 2267 terram
2823 2206 3118 2267 hominem
3167 2223 3306 2286 per-

1731 2292 1902 2355 misit
1924 2294 2113 2367 Deus,
2141 2297 2320 2359 etita
2347 2298 2474 2373 ficit
2496 2296 2567 2359 ab
2595 2296 2797 2359 initio.
2838 2297 3129 2379 Arripuit
3151 2298 3306 2360 enim

1734 2402 1865 2446 ευρ
1906 2387 2241 2452 voluntatis
2281 2391 2565 2462 habenas,
2625 2397 2685 2454 et
2709 2400 2976 2453 ‘suorum
3009 2392 3305 2472 jussuum

1734 2482 2027 2542 momento
2053 2480 2122 2543 in
2141 2486 2394 2563 utraque
2415 2486 2639 2558 fertur,
2671 2484 2740 2544 in
2766 2482 2980 2545 bonum
3012 2482 3304 2565 (inquam)

1736 2575 1794 2632 et
1816 2570 1885 2631 in
1904 2573 2157 2659 melum,
2185 2576 2394 2636 subdit
2417 2594 2430 2635 ε
2477 2576 2720 2657 Itaque,
2744 2576 2804 2641 si
2825 2576 3130 2657 ineffabili
3157 2596 3308 2658 qua-

1738 2664 1873 2725 dam
1889 2670 1948 2727 et
1966 2666 2172 2731 divina
2191 2668 2418 2732 virtute
2439 2676 2496 2730 et
2517 2669 2792 2747 efficacia
2804 2688 2980 2747 usus,
3009 2674 3308 2734 mutasset

1740 2756 2124 2836 sinqulorum
2147 2767 2401 2824 mentem
2425 2762 2508 2825 ad
2540 2763 2675 2825 bene
2710 2764 3030 2845 offendam,
3069 2769 3128 2827 et
3145 2764 3310 2829 indi—

1741 2848 1929 2911 disset
1951 2856 2164 2930 postea
2193 2854 2430 2929 bortum,
2465 2872 2508 2917 a
2531 2873 2646 2936 quo
2679 2855 2986 2937 oeyerrime
3016 2856 3310 2921 discedere

1733 2949 1958 3020 posset,
1973 2950 2032 3007 et
2043 2962 2160 3007 uon
2169 2953 2400 3029 sponte,
2412 2948 2585 3012 ultra
2597 2964 2716 3009 non
2730 2954 2885 3013 esset
2892 2953 3136 3023 fruetus
3148 2968 3310 3013 men·

1716 3032 1847 3110 tis,
1878 3054 2064 3118 neque
2087 3057 2187 3103 res
2225 3042 2411 3124 dique
2452 3040 2649 3114 laude,
2679 3043 2784 3105 sed
2803 3040 3200 3119 necessitatis,
3246 3049 3306 3107 et

1739 3128 2096 3208 cupiditatis
2113 3150 2233 3195 uon
2257 3133 2622 3198 voluntaria.»
2642 3135 2730 3214 (id
2749 3140 2866 3211 est,
2895 3153 3026 3197 non
3039 3137 3299 3217 liberte).

1739 3219 1889 3292 Quae
1908 3223 2104 3286 verba
2131 3231 2259 3286 tam
2279 3233 2424 3288 sunt
2442 3228 2610 3288 clara
2638 3231 2701 3289 et
2731 3246 3051 3308 expressa,
3071 3236 3140 3290 ut
3163 3231 3308 3291 nul-

1737 3313 1797 3372 la
1822 3315 2149 3397 indigeant
2165 3319 2616 3399 ponderatione
2639 3321 2741 3383 vel
2771 3322 3205 3401 explicatione,
3237 3330 3300 3386 et

1734 3406 2014 3487 loquitur
2039 3411 2118 3474 de
2146 3413 2400 3475 homine
2429 3413 2492 3474 in
2519 3414 2738 3476 ordine
2775 3415 2858 3477 ad
2885 3417 3164 3479 actiones
3193 3435 3301 3478 su-

1732 3505 2201 3582 pernaturales;
2235 3512 2298 3568 et
2317 3507 2458 3569 ideo
2486 3508 2717 3582 subdit,
2751 3509 3060 3572 Christum
3085 3509 3300 3572 Domi—

1730 3613 1909 3673 num,
1953 3600 2258 3675 doctrina,
2291 3601 2608 3664 miraculis
2655 3607 2718 3664 et
2751 3603 3076 3666 beneflciis
3103 3605 3302 3666 homi·

1728 3707 1844 3750 nes
1874 3692 1954 3752 ad
1996 3711 2063 3754 se
2105 3712 2390 3768 vocasse,
2423 3702 2492 3757 ut
2524 3696 2719 3758 libere
2762 3703 3296 3760 converterentur.

1820 3792 1917 3851 17.
1959 3792 2050 3852 Ex
2077 3789 2541 3869 chrysostome,
2580 3791 2886 3853 nonnulla
2927 3791 3156 3854 adduxi
3202 3811 3300 3853 su-

1726 3903 1863 3964 pra,
1884 3883 2023 3945 libr.
2059 3885 2118 3955 1,
2143 3900 2198 3943 c.
2229 3884 2328 3956 13,
2360 3882 2590 3962 quibus
2617 3881 2763 3944 addi
2781 3889 2988 3962 potest
3022 3884 3194 3963 quod
3214 3885 3302 3947 ait

1732 3978 1948 4039 homil.
1981 3981 2048 4037 11
2083 3975 2150 4036 in
2173 3976 2520 4038 Joannem:
2561 3975 2846 4060 Corporis
2871 3982 3121 4050 natura,
3157 3995 3295 4058 quo·

1732 4087 1978 4150 cumque
2022 4086 2148 4132 eam
2204 4069 2401 4150 opifex
2429 4070 2633 4132 ducere
2670 4071 2840 4145 velit,
2899 4089 2962 4134 eo
2999 4071 3296 4152 sequitur,

1730 4181 1915 4244 neque
1932 4162 2174 4225 resistit
2187 4186 2213 4234 ;
2243 4163 2450 4225 anima
2473 4166 2670 4225 autem
2689 4163 2970 4243 suijuris
3001 4165 3124 4225 vim
3141 4163 3209 4224 in
3235 4182 3300 4226 se

1734 4259 1907 4320 habet
1933 4255 2239 4336 operandi,
2274 4271 2458 4336 neque
2484 4255 2618 4318 ulla
2639 4255 2707 4317 in
2750 4273 2818 4318 re
2853 4257 2975 4318 Deo
3002 4256 3130 4318 nisi
3153 4257 3298 4320 velit

1732 4350 2121 4429 obtmperat,
2155 4347 2418 4411 invitam
2446 4347 2602 4410 enim
2639 4355 2700 4412 et
2739 4353 3002 4412 coactam
3053 4351 3299 4412 minime

1730 4443 1863 4505 vult
1896 4443 2084 4516 Deus,
2118 4445 2264 4512 etc.,
2308 4440 2412 4500 ubi
2443 4440 2829 4501 coactionem
2863 4460 2976 4521 pro
3023 4442 3299 4504 necessi-

1736 4541 1858 4596 tate
1888 4534 2100 4606 sumit,
2134 4539 2203 4594 ut
2230 4533 2514 4595 Patribus
2543 4535 2733 4595 moris
2760 4541 2890 4608 est;
2927 4539 2989 4595 et
3011 4536 3174 4597 hanc
3199 4555 3301 4596 se—

1732 4627 1838 4708 qui
1885 4627 2220 4701 existimat,
2271 4627 2324 4687 si
2371 4627 2582 4688 anima
2608 4627 2694 4688 ita
2713 4645 2750 4687 a
2777 4629 2906 4688 Deo
2936 4635 3286 4702 moveatur,

1732 4726 1801 4780 ut
1852 4719 1907 4780 ei
1963 4719 2254 4781 resistere
2307 4737 2436 4780 non
2481 4719 2697 4797 possit.
2735 4720 2932 4781 Multa
2979 4722 3166 4782 etiam
3212 4721 3294 4782 ad

1729 4814 1893 4874 hanc
1912 4830 2047 4872 rem
2067 4815 2329 4891 possunt
2345 4829 2421 4873 ex
2451 4811 2554 4872 illo
2590 4812 2750 4871 sumi
2767 4812 2984 4874 homil.
3006 4816 3032 4872 1
3074 4820 3137 4875 et
3163 4815 3202 4874 2
3232 4813 3298 4874 in

1733 4905 1927 4986 Epist.
1960 4904 2038 4965 ad
2079 4906 2335 4985 Ephes.‚
2374 4909 2436 4965 et
2463 4904 2676 4965 homil.
2712 4907 2790 4967 16
2817 4906 2881 4966 in
2917 4905 3174 4984 Epistol.
3209 4906 3291 4967 ad

1738 5001 2077 5070 Romanos,
2124 4997 2340 5058 homil.
2387 4999 2466 5059 56
2513 4995 2578 5058 in
2604 4997 2852 5072 Matth„
2895 5005 2959 5060 et
2983 4999 3197 5060 homil.
3232 4999 3299 5060 in

1737 5090 1966 5153 Psalm.
2001 5091 2138 5162 115,
2169 5089 2278 5151 uhi
2323 5095 2550 5151 tractat
2591 5089 2767 5151 illum
2807 5091 3050 5152 locum:
3107 5091 3300 5155 Nemo

1732 5188 1932 5268 potest
1973 5183 2176 5246 venire
2198 5183 2282 5245 ad
2315 5200 2429 5256 nte,
2455 5183 2580 5246 nisi
2627 5183 2822 5248 Pater
2843 5203 3011 5246 meus
3035 5184 3301 5246 traxerit

1736 5295 1891 5348 eum,
1916 5283 1979 5337 et
2003 5275 2257 5354 quaerit:
2301 5275 2383 5339 Si
2409 5275 2604 5339 Pater
2628 5277 2843 5347 trahit,
2875 5275 3081 5339 Filius
3119 5275 3302 5338 dedu-

1736 5373 1841 5443 eit,
1875 5367 2154 5452 Spiritus
2182 5369 2520 5446 illuminat,
2564 5369 2710 5451 quid
2749 5375 3027 5450 peccant,
3054 5370 3158 5449 qui
3195 5385 3300 5430 ne·-

1734 5483 1845 5546 que
1863 5461 2054 5527 tracti
2076 5468 2245 5534 sunt,
2269 5479 2454 5542 neque
2479 5463 2736 5537 deducti,
2771 5479 2954 5541 neque
2978 5459 3298 5525 illumina-

110 5556 385 5622 coaetinere
411 5561 549 5642 ejus
588 5569 819 5638 arcem
848 5569 911 5626 et
944 5561 1053 5624 lib.
1082 5561 1143 5636 5,
1176 5579 1315 5642 cap.
1351 5563 1410 5633 1,
1431 5558 1659 5620 eodem
1740 5558 1825 5623 ti?
1848 5555 2244 5636 Respondet:
2286 5553 2582 5630 Quoniam
2629 5571 2750 5617 non
2771 5555 3038 5635 proeeent
3069 5553 3300 5636 seipsos
