3850 6225
764 420 934 475 SECT.
969 422 1010 472 1.
1044 418 1260 473 umus!
1288 418 1550 481 mutus,
1585 419 1670 471 An
1699 417 1882 471 -Β,
1917 420 1967 479 0,
2004 416 2085 469 DE
2114 416 2569 480 uouTlrtcarls,
2598 416 2737 469 ETG.

127 520 452 595 timorem,
491 520 718 601 partim
767 540 882 601 per
927 520 1224 582 fiduciam
1275 527 1338 581 et
1387 538 1588 599 spem.
1631 520 1708 581 Et

125 614 280 675 ideo
309 632 438 675 non
465 614 590 675 dixi
618 614 680 674 in
705 614 1054 675 assertione
1078 614 1342 675 Paulum
1375 613 1576 675 solum
1611 612 1704 673 lo-

129 708 246 786 qui
268 707 350 768 de
379 707 528 767 solis
566 707 752 768 bonis
775 707 1072 786 operibus
1095 726 1210 787 per
1244 713 1504 787 peccata
1533 724 1708 766 mor-

125 802 410 873 tificatis,
435 806 501 863 et
531 806 750 880 postea
780 800 1126 874 vivificatiS,
1167 805 1229 862 et
1271 818 1490 861 eorum
1521 798 1705 860 retri-

121 894 442 967 butione;
483 912 657 968 nam,
688 894 740 955 si
777 895 946 955 Deus
977 893 1186 973 justus
1227 912 1354 954 non
1403 891 1708 953 oblivisci-

123 994 240 1049 tur
287 989 518 1048 horum
555 1006 842 1067 operum,
883 989 1078 1049 multo
1119 988 1328 1049 minus
1379 986 1706 1048 oblivisce·-

123 1088 241 1143 tur
269 1100 490 1142 eorum
511 1100 650 1161 quae
680 1098 1007 1160 nunquam
1032 1080 1402 1142 mortificata
1421 1080 1699 1153 fuerunt,

125 1182 196 1235 et
235 1174 380 1235 ideo
404 1180 644 1235 certum
681 1180 776 1237 est
801 1174 938 1235 haec
960 1193 999 1236 a
1036 1173 1272 1235 fortiori
1304 1173 1710 1253 eomprehen-

125 1268 198 1330 di
241 1269 310 1328 in
354 1268 560 1329 verbis
613 1268 784 1329 Pauli
807 1266 970 1339 ised
1019 1266 1146 1327 dixi
1191 1268 1452 1329 Paulum
1498 1267 1564 1327 in
1611 1266 1710 1327 his

125 1362 350 1422 verbis
375 1361 928 1441 comprehendisse
969 1360 1180 1421 omnia
1219 1378 1408 1439 opera
1457 1377 1596 1436 quae
1645 1358 1708 1417 in

127 1458 350 1535 gratia
375 1461 542 1516 etex
569 1455 770 1533 gratia
818 1454 1000 1529 fiunt,
1045 1454 1288 1515 etiamsi
1336 1472 1450 1533 per
1489 1470 1708 1532 pecca·

127 1555 278 1609 tum
329 1547 776 1627 superveniens
827 1547 1326 1620 mortificentur,
1367 1545 1708 1607 dummodo

129 1644 366 1721 postea
393 1644 688 1720 peccator
716 1646 1026 1719 resurgat.

225 1738 332 1797 20.
382 1734 528 1831 Quos
564 1736 649 1799 sit
677 1734 842 1798 cirea
865 1736 1262 1799 Hebroeomnn
1291 1739 1522 1799 statum
1542 1751 1708 1797 mens

125 1832 564 1909 intemetum.
584 1861 666 1877 -
685 1829 830 1889 Jam
857 1828 1048 1908 igitur
1070 1828 1192 1889 hoc
1233 1828 1440 1908 ipsum
1481 1827 1710 1905 proba-

129 1930 264 1997 tur,
291 1940 368 1983 ex
399 1940 474 1983 eo
503 1921 674 1999 quod
699 1938 920 1981 omnes
967 1921 1338 2000 interpretes
1381 1921 1708 1999 utriusque

125 2015 456 2097 opinionis
489 2033 606 2093 pro
626 2014 980 2076 indubitato
1009 2016 1266 2088 habent,
1305 2014 1498 2075 fuisse
1526 2013 1710 2075 nimi-

123 2130 282 2172 rum
314 2116 464 2171 tunc
504 2108 674 2169 illam
713 2109 1055 2169 Ecclesiam
1084 2108 1491 2170 Hebraeomm
1525 2108 1711 2169 nimis

123 2203 496 2277 remissam,
527 2208 592 2263 et
617 2202 994 2263 imbecillem
1023 2202 1086 2263 in
1115 2202 1240 2264 fide
1273 2209 1336 2264 et
1373 2202 1704 2275 charitate;

125 2297 318 2376 quod
343 2301 519 2375 patet
539 2302 672 2357 tum
705 2313 782 2356 ex
803 2295 1014 2356 verbis
1028 2296 1248 2374 capitis
1275 2295 1708 2375 proecedentiS,

129 2392 310 2451 circa
361 2389 599 2449 finem:
633 2388 726 2451 De
775 2405 890 2468 quo
937 2390 1105 2451 nobis
1153 2388 1407 2468 arandis
1434 2406 1628 2451 semo
1657 2391 1716 2450 et

127 2482 620 2563 interpretabilis
671 2482 756 2545 ad
805 2481 1117 2544 dicendum
1147 2509 1170 2544 .·
1207 2484 1490 2565 qnoniam
1536 2483 1716 2543 imbe-

133 2578 317 2639 cilles
357 2577 510 2653 facti
551 2574 696 2638 estis
749 2576 831 2639 ad
873 2577 1234 2639 audiendum
1247 2598 1274 2646 ;
1315 2576 1533 2639 etenim
1580 2592 1715 2637 cnm

133 2668 434 2751 mayistri
458 2669 744 2732 deberetis
776 2688 902 2735 esse
927 2675 1177 2752 propter
1207 2674 1464 2747 tempus,
1493 2685 1714 2730 rursus

135 2762 432 2845 indiqetis
461 2768 533 2826 nt
574 2780 678 2825 vos
723 2762 1048 2827 doceamini
1077 2781 1212 2844 qna·
1257 2761 1384 2825 sint
1432 2761 1718 2826 elmoenta

135 2858 388 2919 exordii
408 2874 748 2919 sermonum
759 2858 898 2932 Dei,
921 2862 980 2921 et
992 2858 1146 2937 facti
1168 2857 1316 2923 estis
1330 2856 1544 2937 quibus
1562 2856 1720 2920 lacte

138 2968 300 3029 opus
326 2949 428 3024 sit,
465 2966 584 3010 non
611 2950 802 3012 solido
829 2948 970 3013 cib0.
1021 2952 1212 3011 Erant
1259 2949 1450 3027 igitur
1481 2947 1566 3008 illi
1599 2950 1718 3008 Hc-

139 3042 305 3103 braei
341 3042 565 3122 majori
595 3060 672 3102 ex
701 3048 878 3123 parte
903 3060 1126 3122 parum
1157 3041 1440 3103 instructi
1469 3042 1534 3101 in
1565 3040 1707 3116 fide,

143 3146 210 3199 et
245 3143 710 3215 consequenter
738 3138 802 3198 in
848 3138 1148 3200 charitate
1199 3155 1422 3217 parum
1469 3136 1718 3198 ferven-

139 3237 281 3306 tes;
313 3236 374 3292 et
401 3231 544 3292 idco
575 3232 784 3293 statim
825 3231 886 3292 in
915 3231 1218 3310 principio
1259 3231 1446 3311 hujus
1497 3229 1716 3308 capitis

137 3343 256 3386 eos
313 3325 678 3384 exhortatur
718 3327 808 3397 ut,
843 3323 1112 3386 dimissis
1159 3323 1306 3385 fidei
1343 3323 1718 3386 rudimentis

137 3424 202 3478 et
243 3417 460 3490 initiis,
504 3417 588 3478 ad
613 3417 854 3496 majora
881 3435 948 3478 se
973 3417 1337 3478 extendant.
1369 3419 1444 3480 Et
1471 3417 1717 3496 specia-

135 3511 287 3571 liter
311 3511 560 3572 videtur
583 3509 856 3570 voluisse
883 3527 994 3572 eos
1021 3515 1306 3572 avertere
1355 3529 1394 3572 a
1441 3511 1716 3592 quodam

139 3621 360 3664 errore
393 3603 458 3663 in
487 3620 612 3682 quo
641 3603 800 3664 forte
825 3603 1261 3665 versabantur.
1291 3606 1448 3665 Nam
1477 3604 1716 3664 assueti

137 3695 534 3757 caeremoniis
585 3695 746 3774 legis
799 3696 1054 3764 veteris,
1119 3697 1182 3757 in
1245 3697 1476 3775 quibus
1531 3697 1712 3777 plura

141 3794 328 3850 erant
351 3789 600 3850 lavacra
629 3791 710 3851 ad
737 3789 1046 3851 tollendas
1073 3796 1480 3868 peccatorum
1503 3807 1716 3852 macu-

137 3883 263 3956 las,
295 3883 600 3961 putabant
627 3883 814 3945 etiam
849 3883 916 3943 in
942 3882 1083 3962 lege
1114 3883 1328 3962 gratiae
1357 3883 1536 3963 plura
1577 3901 1715 3946 csse

139 3976 524 4054 baptismata
562 3976 882 4038 abluentis
909 3981 1206 4055 peccata;
1249 3993 1388 4054 quae
1409 3975 1568 4036 falsa
1589 3976 1716 4055 opi-

145 4069 256 4128 nio
284 4068 444 4130 forte
475 4069 746 4148 augebat
767 4069 836 4130 in
869 4068 958 4129 eis
979 4068 1175 4130 animi
1201 4069 1634 4131 remissionem
1657 4073 1720 4130 et

141 4158 506 4221 facilitatem
537 4160 860 4240 peccandi.
899 4160 1078 4232 Quod
1105 4168 1278 4224 recte
1320 4162 1560 4224 notavit
1603 4163 1716 4222 Oe-

143 4253 478 4314 cumenius
523 4253 630 4327 ibi,
663 4260 726 4315 et
773 4254 1300 4334 Theopbylactus.
1331 4257 1410 4316 Et
1453 4256 1718 4316 sumitur

143 4365 228 4408 ex
271 4346 466 4408 verbo
515 4345 620 4408 illo
651 4347 824 4408 Pauli
856 4366 869 4408 :
911 4347 1376 4429 Baptismatnm
1411 4349 1712 4422 doctrina,

144 4441 212 4499 in
241 4439 468 4518 plurali
498 4440 670 4500 enim
697 4440 994 4519 loquitur,
1029 4447 1092 4502 et
1127 4459 1258 4502 non
1293 4441 1360 4502 in
1389 4441 1712 4521 singulari,

147 4533 298 4612 quia
331 4532 566 4594 sciebat
611 4547 750 4594 eam
777 4533 1124 4595 doctrinam
1152 4533 1318 4596 inter
1357 4552 1464 4594 eos
1509 4553 1718 4594 versa-

145 4627 198 4686 ri
223 4647 241 4698 ;
277 4625 360 4686 ad
387 4643 574 4705 quam
605 4627 1062 4688 excludendam
1087 4627 1314 4700 subdit,
1351 4626 1716 4707 impossibile

147 4738 290 4781 esse
337 4720 534 4781 semel
563 4721 908 4799 baptizatos
937 4718 1162 4782 eodem
1207 4719 1394 4780 modo
1425 4721 1713 4781 renovari

145 4813 228 4874 ad
255 4812 708 4892 poenitentiam.
741 4811 921 4884 Quod
960 4812 1150 4873 etiam
1190 4813 1516 4874 annotavit
1565 4815 1716 4874 Am-

143 4907 418 4978 brosiuS,
455 4905 602 4967 dict.
629 4905 738 4966 lib.
769 4908 810 4966 2
836 4905 916 4966 de
945 4906 1275 4966 Poenitent.
1307 4905 1400 4966 Ex
1426 4906 1524 4968 his
1561 4923 1712 4984 ergo

145 4999 218 5060 fit
263 4997 650 5076 conjectura,
698 4997 962 5059 Paulum
1003 4997 1088 5058 ita
1129 4998 1400 5060 scribere
1449 4997 1532 5059 ad
1578 4998 1718 5059 illos

145 5090 469 5162 Hebroeos,
503 5107 632 5150 non
658 5089 862 5150 solum
893 5090 1036 5168 quia
1067 5091 1480 5152 versabantur
1513 5090 1580 5150 in
1605 5109 1718 5170 pe-

143 5181 350 5246 riculo
379 5181 672 5256 cadendi,
703 5189 772 5244 ut
790 5183 898 5246 alii
924 5183 1248 5255 dicebant;
1280 5183 1394 5244 sed
1417 5184 1630 5256 etiam,
1655 5189 1720 5245 et

141 5275 446 5348 maxime,
479 5275 626 5354 quia
653 5275 1019 5355 frequenter
1054 5295 1092 5336 a
1135 5276 1492 5356 baptismali
1518 5277 1716 5356 gratia

143 5369 486 5442 cadebant,
519 5375 582 5430 ct
611 5369 792 5430 facile
817 5388 886 5430 se
933 5371 1212 5449 reparari
1263 5388 1450 5449 posse
1505 5369 1716 5432 crede-

141 5466 327 5526 bant.
344 5463 504 5524 Nam
526 5463 846 5526 moraliter
869 5463 1129 5525 evidens
1151 5469 1246 5526 est
1269 5465 1334 5523 in
1361 5468 1534 5525 tanta
1559 5465 1714 5524 mul-

144 5555 416 5621 titudine
449 5556 778 5633 hominum
815 5555 1004 5620 talem
1043 5557 1416 5622 habentium
1457 5557 1714 5638 disposi-

3226 412 3347 475 443

1785 518 2041 592 tionem,
2076 524 2441 597 tantamque
2465 534 2677 579 rerum
2710 516 2855 577 fidei
2902 515 3342 595 ignorantiam,

1789 617 1852 673 et
1877 630 2127 671 morum
2152 611 2611 683 remissionem,
2635 608 2875 671 futuros
2900 608 3091 671 fuisse
3124 628 3347 689 graves

1786 705 2023 785 lapsus,
2052 706 2325 785 satisque
2348 706 2730 785 frequentes.
2760 702 2939 765 Unde
2964 703 3150 763 etiam
3174 700 3245 765 fit
3260 698 3349 766 ita

1788 805 1879 872 ut,
1907 799 2085 877 juxta
2112 799 2405 859 usitatam
2436 798 2771 875 Scripturas
2802 795 3101 874 phrasim,
3130 802 3349 874 potue-

1785 892 1866 954 rit
1893 893 2125 955 Paulus
2153 892 2235 954 ad
2260 892 2433 953 illam
2462 890 2803 952 Ecclesiam
2831 889 3071 951 ratione
3092 889 3349 968 majoris

1785 986 1981 1066 partis
2005 986 2093 1049 ita
2120 986 2315 1065 loqui,
2351 1005 2425 1047 ac
2454 986 2505 1046 si
2538 990 2668 1047 tota
2704 990 2869 1046 esset
2902 983 2967 1043 in
2998 983 3117 1043 illis
3160 984 3351 1044 mori-

1784 1081 1904 1143 bus
1948 1085 2261 1159 corrupta.
2313 1082 2515 1159 Atque
2542 1081 2663 1141 hoc
2710 1079 2919 1158 ipsum
2946 1077 3095 1139 satis
3130 1077 3352 1139 confir-

1787 1180 1964 1235 mant
2006 1179 2068 1235 et
2118 1171 2441 1235 declarant
2486 1172 2813 1251 sequentia
2851 1170 3045 1232 verba
3086 1188 3101 1229 ε
3156 1170 3353 1234 ,Terra

1787 1270 1947 1333 enim
1981 1286 2139 1351 soepe
2176 1268 2505 1331 venientem
2529 1284 2713 1349 super
2750 1284 2814 1329 se
2851 1266 3046 1329 bibens
3077 1264 3347 1337 imbrus,

1788 1366 1846 1425 et
1873 1378 2167 1444 yenerans
2192 1362 2433 1425 herbam
2460 1366 2859 1443 opportunam
2892 1360 3027 1423 illis
3060 1378 3101 1423 a
3136 1359 3351 1441 quibus

1788 1456 2037 1529 colitur,
2068 1456 2293 1535 accipit
2316 1455 2769 1519 benedictionem
2794 1472 2833 1517 a
2856 1448 2977 1516 De'o
2992 1476 3019 1527 ;
3039 1456 3350 1533 proferens

1791 1554 1991 1611 autem
2024 1551 2261 1631 spinas,
2298 1566 2369 1611 ac
2397 1548 2674 1623 tribulos,
2708 1548 2959 1627 reproba
2982 1550 3095 1621 est,
3139 1551 3197 1609 et
3222 1562 3355 1607 ma-

1791 1642 2009 1705 ledicto
2018 1644 2325 1721 proxima,
2344 1642 2524 1721 eujus
2551 1642 2983 1703 consummatio
3004 1640 3074 1700 in
3091 1639 3353 1702 combus-

1796 1738 1977 1799 tione.
2014 1736 2159 1796 Haec
2194 1735 2361 1795 enim
2390 1734 2581 1803 verba
2625 1733 2785 1794 adeo
2820 1732 3047 1793 acerba
3079 1731 3354 1793 indicant

1788 1830 1984 1891 fuisse
2026 1830 2091 1889 in
2138 1828 2259 1889 illis
2304 1827 2663 1889 hominibus
2686 1825 3041 1906 frequentia
3070 1830 3351 1905 peccata,

1789 1942 1930 2005 quae
1958 1923 2283 2003 spinarum
2312 1928 2375 1983 ct
2416 1920 2791 1983 tribulorum
2834 1919 3089 1981 nomine
3127 1918 3357 2000 signifi-

1791 2023 2035 2079 cantur.

1871 2111 1945 2170 21
1960 2154 1974 2169 .
2020 2108 2475 2190 Eapendantm·
2522 2110 2641 2173 illa
2688 2110 2867 2173 verba
2914 2107 3112 2171 Pauli
3145 2131 3167 2167 .·
3219 2108 3357 2169 Non

1795 2204 1965 2263 cuim
1993 2203 2263 2282 injustus
2292 2204 2479 2277 DeuS‚
2533 2208 2645 2267 etc.
2676 2234 2759 2249 --
2783 2201 3093 2281 Rejicitur
3138 2198 3359 2265 Adami

1794 2296 2112 2377 expositio.
2140 2328 2225 2343 -—
2255 2296 2537 2375 Denique
2586 2296 2693 2356 illa
2746 2296 2905 2356 ratio
2948 2311 3139 2373 quam
3180 2292 3359 2353 affert

1796 2392 2027 2453 Paulus
2056 2390 2139 2453 ad
2164 2390 2581 2453 consolandos
2618 2391 2757 2453 illos
2800 2388 3045 2465 fideles,
3078 2394 3139 2449 et
3180 2387 3357 2466 quasi

1795 2484 2157 2547 leniendam
2212 2484 2381 2545 illam
2440 2483 3025 2563 reprehensionem,
3082 2480 3353 2541 scilicet·

1795 2578 1943 2641 Non
1968 2576 2121 2640 enim
2149 2578 2423 2658 injustas
2453 2578 2617 2639 Deus
2642 2581 2715 2640 ut
2738 2573 3127 2639 obliviscatur
3163 2570 3356 2679 operis

1795 2671 2009 2744 vestii,
2040 2676 2186 2743 etc.,
2234 2688 2361 2730 non
2396 2673 2601 2749 potest
2647 2675 2817 2731 recte
2868 2642 3353 2739 accommodari,

1798 2763 1919 2823 nisi
1964 2763 2387 2843 intelligamus
2428 2763 2599 2841 loqui
2629 2762 2711 2823 ad
2740 2780 2850 2823 eos
2879 2762 2985 2841 qui
3016 2760 3171 2840 lapsi
3218 2760 3359 2821 fue-

1795 2862 1961 2930 rant,
2008 2861 2071 2919 et
2114 2875 2243 2917 non
2282 2860 2527 2917 tantum
2558 2856 2641 2917 ad
2674 2872 2783 2916 eos
2829 2855 2935 2934 qui
2988 2854 3051 2915 in
3078 2851 3356 2933 periculo

1796 2950 2125 3029 peccandi,
2144 2968 2257 3011 seu
2278 2950 2341 3011 in
2358 2950 2799 3030 qualicumque
2822 2949 2963 3009 vitae
2990 2946 3356 3007 remissione

1795 3042 2233 3105 tersabantun
2284 3044 2607 3116 Probatur,
2660 3042 2807 3124 quia
2840 3040 2893 3102 si
2938 3046 3179 3101 tantum
3226 3039 3361 3100 illos

1797 3140 2147 3202 monuisset
2174 3145 2285 3201 aut
2306 3140 2813 3218 reprehendisset
2840 3144 3095 3217 propter
3120 3137 3361 3216 pericu-

1797 3232 1929 3293 lum
1958 3231 2248 3306 cadendi,
2282 3233 2535 3310 quando
2565 3235 2783 3311 postea
2822 3230 3069 3291 subdit:
3108 3226 3362 3309 Confidi-

1797 3343 1936 3388 mus
1962 3328 2031 3390 de
2075 3327 2241 3389 vobis
2284 3327 2538 3389 meliora
2583 3330 2641 3388 et
2674 3324 2971 3388 viciniora
3017 3321 3231 3398 saluti,
3260 3322 3359 3382 his

1795 3419 2005 3479 verbis
2020 3418 2295 3498 significa
2304 3422 2401 3480 ret
2414 3417 2664 3491 Paulus,
2688 3437 2815 3478 non
2830 3414 3219 3478 obstantibus
3240 3415 3361 3476 He-

1795 3511 2111 3574 hroeorum
2134 3512 2415 3572 moribus
2448 3517 2510 3573 et
2538 3510 2979 3583 imbecillitate,
3008 3525 3263 3588 sperare
3288 3521 3359 3568 se

1797 3603 1939 3665 illos
1978 3623 2109 3666 non
2136 3605 2328 3666 fuisse
2358 3621 2638 3679 casuros,
2672 3605 2785 3666 sed
2812 3605 2880 3664 in
2920 3603 3117 3684 gratia
3148 3619 3361 3681 perse-

1795 3702 2164 3773 veraturos;
2212 3699 2329 3760 hoc
2374 3699 2542 3760 enim
2580 3698 2781 3760 solum
2810 3703 3015 3778 potest
3044 3713 3181 3758 csse
3215 3713 3361 3756 con-

1797 3809 2070 3870 sequens
2100 3791 2181 3852 ad
2210 3792 2534 3871 superiora
2564 3793 2626 3852 in
2652 3793 2757 3853 illo
2788 3810 2979 3852 sensu
3016 3789 3357 3869 explicata3

1795 3885 1967 3963 quod
1986 3885 2137 3946 satis
2163 3891 2623 3966 consequenter
2648 3885 2841 3947 sensit
2866 3884 3143 3946 Adamus
3164 3885 3229 3943 in
3254 3883 3359 3942 illo

1797 3977 1957 4039 loco.
1995 3979 2073 4039 At
2103 3995 2253 4038 vero
2292 3979 2413 4040 hoc
2460 3979 2650 4040 modo
2696 3979 2861 4040 male
2904 3979 3363 4040 connectuntur

1797 4071 1991 4132 verba
2020 4070 2382 4148 sequentia.
2370 4090 2381 4103 ·
2416 4073 2563 4134 Non
2592 4071 2750 4134 enim
2774 4071 3047 4152 injustus
3076 4071 3261 4140 Deus,
3291 4073 3363 4131 ut

1797 4165 2195 4227 obliviscatur
2239 4166 2435 4246 operis
2482 4165 2700 4239 vestri,
2748 4181 2889 4244 quae
2928 4165 3095 4224 idem
3144 4167 3365 4222 auctor

1799 4258 1989 4318 etiam
2032 4265 2495 4335 consequenter
2539 4258 2893 4343 procedens
2932 4257 3019 4317 ita
3066 4255 3357 4334 exponit·

1802 4348 2045 4457 Confido
2074 4352 2143 4414 de
2170 4351 2335 4412 vobis
2358 4340 2631 4426 mewa,
2660 4355 2719 4414 et
2738 4354 2890 4415 banc
2921 4367 3087 4431 spem
3112 4367 3189 4411 ex
3204 4365 3363 4431 cyre·

1794 4441 1918 4526 yiis
1954 4444 2228 4525 operibns
2256 4445 2479 4506 vestris
2516 4447 2791 4527 concepi,·
2814 4463 2957 4508 nam
2983 4444 3051 4506 in
3086 4444 3211 4506 Isoec
3230 4459 3363 4520 ope-

1796 4555 1874 4599 ra
1915 4534 2243 4618 respiciens
2288 4537 2473 4609 Deus,
2510 4537 2693 4615 faciet
2734 4542 2807 4601 ut
2842 4536 3257 4617 perseveretis,
3304 4540 3367 4597 et

1797 4630 2207 4692 remunerabit
2228 4629 2459 4693 labores
2486 4638 2737 4696 cestros.
2769 4631 2911 4691 Haec
2940 4636 3153 4690 tamen
3174 4646 3364 4707 expo-

1795 4722 1937 4782 sitio
1968 4728 2075 4782 aut
2104 4739 2233 4783 non
2266 4739 2483 4784 veram
2530 4724 2877 4786 doctrinam
2926 4723 3224 4795 continet,
3256 4727 3365 4782 aut

1795 4831 1924 4876 non
1973 4814 2239 4892 explicat
2292 4815 2357 4875 in
2412 4817 2791 4896 proprietate
2838 4816 3133 4904 litteram.
3164 4815 3363 4876 Nemo

1795 4907 1963 4968 enim
1990 4912 2197 4985 potest
2224 4907 2421 4986 (juxta
2450 4927 2671 4970 sanam
2690 4907 3059 4988 doctrinam)
3080 4925 3365 4989 perseve-

1797 5000 2015 5060 rantioe
2050 4999 2287 5061 donum
2323 5003 2667 5080 promereri
2710 5001 2791 5064 de
2834 5003 3145 5082 condigno
3184 5007 3245 5062 et
3284 4999 3363 5061 de

1793 5093 2055 5172 justitia.
2084 5094 2313 5154 Paulus
2338 5099 2546 5155 autem
2578 5096 2663 5156 ait
2682 5095 2816 5157 fore
2847 5096 3143 5176 injustum
3162 5096 3365 5156 Deum

1799 5186 1848 5247 si
1881 5188 2213 5265 praemium
2242 5187 2361 5248 illis
2394 5188 2579 5249 bonis
2608 5190 2905 5266 operibus
2934 5188 3213 5274 debitum
3234 5205 3361 5248 non
3443 5193 3456 5205 '

1799 5280 2127 5354 redderet;
2160 5299 2336 5362 ergO,
2381 5282 2485 5343 vel
2512 5301 2639 5342 nou
2670 5282 2951 5362 loquitur
2988 5281 3069 5342 de
3108 5271 3363 5360 praemio

1797 5372 1950 5434 doni
1977 5374 2483 5452 perseverantiae,
2512 5375 2667 5436 alias
2692 5375 2809 5436 hoc
2826 5374 3079 5435 caderet
3096 5373 3215 5434 sub
3234 5391 3364 5434 me-

1795 5466 1985 5526 ritum
2044 5467 2123 5528 de
2182 5467 2519 5546 condigno,
2573 5467 2743 5546 quod
2794 5467 3021 5527 falsum
3078 5473 3202 5540 est;
3264 5467 3363 5528 vel

1795 5560 2107 5638 oportebit
2136 5577 2455 5642 exponere
2483 5561 2743 5623 Paulum
2760 5577 2891 5622 non
2909 5559 3083 5638 loqui
3104 5559 3185 5624 de
3212 5577 3361 5622 vera
