3850 6225
552 340 631 403 76

821 687 849 730 ,
1158 603 1409 668 CAPUT
1450 607 1577 666 XV.

556 815 904 864 SOLquwn
944 816 1326 864 OBJEGTIONES
1360 819 1609 871 Anouo'r
1660 820 1891 866 CONTRA
1951 821 2120 866 SUPE-

1024 911 1250 956 moneat
1278 911 1633 959 Doc‘rlthu.

638 1110 667 1167 1
680 1154 695 1170 .
742 1106 835 1168 Ad
850 1107 975 1168 duo
992 1107 1191 1186 capita
1208 1108 1497 1171 videntur
1512 1109 1731 1171 reduci
1750 1111 1960 1172 omnia
1979 1129 2118 1190 quae

556 1205 771 1262 contra
800 1201 1171 1262 sententiam
1226 1221 1263 1262 a
1312 1203 1495 1264 nobis
1534 1204 1879 1283 expositam
1933 1206 2122 1285 objici

548 1298 831 1371 possunt.
854 1295 1063 1355 Unum
1084 1299 1179 1356 est
1208 1313 1286 1356 ex
1310 1303 1487 1374 parte
1516 1297 1706 1358 <livini
1732 1315 2075 1360 concursus
2095 1317 2114 1372 ;

552 1384 723 1446 aliud
768 1403 846 1446 ex
896 1391 1073 1472 parte
1123 1387 1348 1448 divinae
1386 1389 1810 1466 providentias.
1872 1391 1962 1450 De
1997 1391 2118 1452 hoc

550 1480 875 1558 posteriori
908 1479 1189 1542 dicemus
1218 1483 1419 1560 capite
1450 1491 1791 1564 sequente3
1834 1485 1940 1545 hic
1964 1503 2116 1547 vero

552 1572 824 1650 primum
852 1579 947 1634 est
974 1573 1460 1652 expediendum.

636 1668 893 1745 objectio
937 1667 1163 1747 prima.
1186 1701 1267 1716 —
1290 1671 1501 1732 Videri
1544 1690 1695 1750 ergo
1745 1679 1954 1752 potest
1985 1694 2115 1737 mo·

552 1763 671 1822 dus
696 1762 885 1824 divini
917 1780 1258 1824 concursus
1284 1783 1321 1824 a
1347 1766 1527 1826 nobis
1572 1766 1927 1830 declaratus
1957 1788 2117 1830 non-

550 1855 755 1916 nullas
783 1855 1283 1934 imperfectiones
1309 1858 1650 1920 includere.
1684 1860 1914 1934 Primo,
1967 1863 2115 1941 quia

550 1947 835 2008 videmur
858 1949 987 2009 Deo
1010 1949 1350 2011 attribuere
1377 1969 1753 2013 concursum
1773 1955 2116 2032 quemdam

550 2059 663 2120 per
677 2042 1001 2102 confusam
1018 2050 1080 2104 et
1096 2044 1459 2122 generalem
1488 2046 1968 2124 applicationem
1988 2068 2116 2112 suae

548 2134 885 2196 voluntatis
899 2136 998 2197 vel
1014 2137 1305 2215 potentias
1328 2137 1411 2199 ad
1438 2140 1940 2202 concurrendum
1969 2161 2116 2204 cum

548 2228 866 2289 voluntate
892 2230 1481 2303 creata;hicaute1n
1503 2232 1727 2294 modus
1757 2235 2116 2314 applicandi

552 2339 619 2382 se
651 2322 731 2382 ad
769 2323 1158 2402 operandum
1194 2323 1593 2403 imperfectus
1620 2327 1802 2389 valde
1841 2328 2109 2390 videtur.

638 2415 939 2480 Secunda.
966 2449 1048 2464 --
1084 2418 1397 2488 Secundo,
1443 2421 1593 2498 quia
1632 2422 1779 2482 hinc
1823 2421 1964 2483 fieri
2011 2441 2116 2502 ap-

550 2514 731 2587 paret
756 2511 981 2584 Deum,
1023 2529 1187 2572 caeco
1230 2516 1292 2574 et
1326 2513 1516 2575 veluti
1558 2515 1869 2595 ignoranti
1898 2517 2110 2589 mode,

552 2603 815 2664 influere
850 2603 913 2664 in
965 2611 1172 2666 actum
1215 2606 1569 2681 voluntatiS,
1620 2613 1681 2668 et
1714 2610 1891 2688 quasi
1926 2610 1994 2669 in
2023 2610 2116 2669 in-

552 2702 793 2759 certum
834 2697 1093 2760 tendere
1116 2744 1130 2770 ,
1162 2699 1481 2772 nimirum,
1512 2701 1577 2760 in
1606 2701 1669 2761 id
1696 2703 1865 2781 quod
1904 2709 2115 2764 creata

551 2791 839 2850 voluntas
870 2791 1147 2870 elegerit,
1184 2793 1354 2870 quod
1394 2795 1559 2854 Deus
1586 2795 1785 2855 nescit
1826 2796 1978 2874 quid
2015 2796 2117 2856 vel

552 2887 737 2962 quale
770 2885 1050 2946 futurum
1082 2885 1181 2959 sit,
1210 2887 1327 2948 nisi
1354 2889 1525 2967 prius
1556 2889 1637 2950 ad
1664 2889 1819 2950 illud
1850 2909 2117 2951 concur-

551 2985 672 3051 rat,
702 2979 925 3039 saltem
946 2980 1292 3041 secundum
1308 2983 1805 3044 antecessionem
1830 2983 2114 3046 rationis.

552 3073 729 3147 Nam,
763 3073 909 3135 licet
935 3073 1123 3147 Deus,
1154 3079 1413 3155 propter
1452 3077 1863 3139 aeternitatem
1908 3095 2114 3151 suam,

554 3169 651 3229 cui
683 3168 895 3228 omnia
935 3174 1081 3229 sunt
1107 3171 1459 3246 praesentia‚
1503 3171 1713 3231 videat
1766 3171 1848 3231 ab
1880 3178 2116 3233 aeterno

553 3261 703 3339 quid
734 3267 1105 3322 eventurum
1142 3262 1221 3322 sit
1246 3280 1323 3322 ex
1353 3280 1465 3323 suo
1498 3281 1807 3325 concursu
1835 3282 1978 3324 cum
2007 3283 2118 3325 vo·-

550 3354 791 3415 luntate
816 3357 1049 3425 creata,
1086 3360 1297 3415 tamen
1324 3354 1387 3414 in
1416 3356 1553 3434 ipsa
1577 3356 1923 3417 aeternitate
1940 3357 2116 3435 prius

552 3446 884 3518 concurrit,
926 3464 1117 3526 quam
1165 3447 1371 3509 videat
1422 3448 1501 3509 ad
1552 3447 1701 3527 quid
1746 3454 2110 3521 concurrat3

552 3539 723 3619 quod
748 3539 929 3600 valde
958 3538 1301 3599 absurdum
1326 3547 1443 3602 est.

635 3633 867 3697 Tertia.
895 3666 977 3681 --
998 3635 1228 3707 Tertio,
1292 3637 1440 3713 quia
1488 3635 1631 3697 hinc
1678 3637 1867 3697 etiam
1908 3636 2118 3715 sequi-

550 3733 655 3788 tur
698 3744 955 3787 causam
1010 3728 1352 3789 secundam
1400 3729 1817 3790 determinare
1846 3730 2116 3807 primam

552 3820 635 3881 ad
684 3820 1076 3899 operandum
1116 3826 1180 3883 et
1226 3822 1619 3883 innuendum
1662 3822 1731 3881 in
1788 3822 1958 3883 hunc
2011 3840 2115 3883 nc-

550 3919 707 3987 tum‚
740 3913 947 3990 potius
984 3931 1176 3992 quam
1205 3914 1269 3975 in
1300 3914 1514 3987 alium,
1558 3915 1728 3994 quod
1758 3919 1852 3977 est
1894 3915 2116 3975 absur-

549 4006 723 4067 dum.
760 4006 1030 4086 Sequela
1066 4012 1241 4087 patet
1283 4027 1361 4069 ex
1404 4008 1606 4082 dictis,
1655 4008 1802 4088 quia
1831 4009 1881 4069 si
1923 4026 2114 4069 causa

550 4101 751 4179 prima
770 4100 1199 4162 indifferenter
1214 4102 1483 4180 applicat
1506 4120 1691 4162 suum
1712 4118 2110 4173 concursum,

552 4212 703 4273 ergo
735 4193 871 4273 ipsa
896 4212 1027 4254 non
1068 4212 1135 4255 se
1184 4194 1561 4257 determinat
1611 4195 1693 4255 ad
1738 4196 1909 4255 hunc
1933 4195 2114 4255 effec-

550 4291 683 4347 tum
738 4286 1223 4348 determinatum
1262 4307 1280 4358 ς
1354 4306 1505 4367 ergo
1564 4287 2020 4350 determinatur
2075 4306 2114 4348 a

552 4398 741 4439 causa
790 4380 1087 4441 secunda.
1124 4382 1257 4441 Hoc
1308 4387 1523 4443 autem
1574 4399 1715 4442 esse
1766 4381 2108 4443 absurdum

550 4477 743 4550 patet,
782 4472 929 4551 quia
966 4473 1171 4551 potius
1212 4473 1293 4533 ad
1346 4492 1605 4534 causam
1632 4475 1897 4553 primam
1939 4494 2112 4554 spec-

548 4570 639 4627 tat
666 4566 1083 4627 determinare
1112 4566 1494 4639 secundam;
1530 4586 1678 4628 nam
1718 4577 1931 4642 causa,
1971 4587 2111 4648 quae

550 4660 741 4719 aliam
768 4658 1165 4732 determinat,
1200 4678 1273 4721 ea
1314 4661 1555 4721 ratione
1582 4660 1825 4723 videtur
1854 4680 1994 4723 esse
2021 4662 2110 4723 illi

550 4752 857 4831 superior,
890 4758 948 4813 et
979 4753 1211 4814 habere
1243 4753 1585 4833 quamdam
1625 4755 1751 4813 vim
1800 4753 1865 4814 in
1909 4754 2104 4816 illam.

551 4846 727 4907 Adde
774 4847 985 4919 etiam,
1034 4846 1205 4925 quod
1258 4865 1447 4925 supra
1496 4847 1661 4923 dixi,
1696 4866 1954 4908 causam
1985 4848 2112 4927 pri-

550 4957 719 4999 mam
752 4939 1171 5001 determinare
1219 4940 1561 5001 secundam
1600 4940 1681 5001 ad
1719 4939 2112 5001 individuum

550 5038 781 5105 actum,
823 5050 939 5094 seu
972 5034 1263 5093 effectum
1316 5032 1735 5113 singularem3
1789 5052 1940 5114 ergo
1984 5052 2114 5095 non

548 5125 619 5186 fit
646 5144 681 5186 e
714 5128 1049 5187 contrario,

635 5220 890 5294 Quarta.
920 5254 1003 5267 -
1026 5221 1257 5292 Quarto
1285 5268 1301 5297 ,
1345 5221 1493 5302 quia
1538 5239 1616 5282 ex
1672 5221 1851 5284 dictis
1905 5226 2113 5299 sequi-

548 5319 652 5375 tur
691 5316 915 5389 Deum,
968 5320 1037 5377 ut
1092 5333 1345 5377 causam
1401 5316 1692 5396 primam,
1736 5318 2000 5377 influere
2047 5318 2113 5380 in

552 5408 983 5487 operationem
1028 5410 1363 5471 voluntatis
1408 5428 1521 5490 per
1564 5410 1823 5470 modum
1868 5411 2110 5491 agentis

550 5503 850 5563 naturalis
876 5502 1136 5585 expositi
1175 5504 1256 5563 ad
1304 5502 1693 5582 operandum
1726 5504 1905 5583 juxta
1942 5504 2106 5583 passi

1303 351 1512 407 OPUSC.
1553 356 1591 416 Ι,
1626 355 1741 408 Lm.
1778 357 1817 410 1.
1854 357 1936 409 DE
1969 357 2288 412 CONCURSU
2322 361 2425 414 DEI
2459 360 2586 414 (ΖΕΗ
2619 359 3010 413 VOLUNTATE.

2199 461 2634 539 capacitatem,
2671 479 2784 522 seu
2821 461 3000 541 juxta
3027 477 3234 522 causae
3283 464 3552 524 secundae
3583 466 3704 528 indi-

2200 553 2502 632 gentiam.
2535 554 2714 618 Unde
2742 554 2932 615 etiam
2965 559 3421 632 consequenter
3442 555 3506 616 fit
3531 557 3708 621 influe-

2199 663 2270 706 re
2323 665 2439 726 per
2495 647 2810 709 actionem
2864 652 3294 709 transeuntem
3347 647 3410 708 in
3461 650 3706 714 effectum

2202 757 2408 800 causae
2435 739 2760 812 secundae3
2793 746 2858 800 at
2893 741 3028 802 haec
3067 739 3280 801 omnia
3307 741 3578 803 videntur
3599 763 3706 807 esse

2199 832 2586 912 imperfecta,
2645 852 2793 894 nam
2837 834 2940 896 ille
2977 834 3203 894 modus
3253 835 3509 914 agendi,
3563 841 3706 916 quasi

2198 944 2313 1006 per
2353 929 2704 990 naturalem
2735 928 3196 989 emanationem
3227 931 3288 989 et
3313 929 3601 990 actionem
3627 951 3709 994 ex-

2197 1024 2466 1091 ternam,
2489 1026 2586 1081 est
2607 1020 2918 1082 inferioris
2947 1020 3179 1081 ordinis
3201 1040 3218 1092 ;
3242 1023 3568 1099 praesertim
3593 1027 3708 1102 quia

2201 1113 2362 1174 actio
2409 1115 2723 1176 transiens
2770 1114 2944 1175 addit
2993 1114 3272 1193 aliquam
3317 1115 3710 1193 perfectionem
3760 1155 3761 1160 κ

2199 1207 2433 1286 agenti,
2465 1226 2610 1268 cum
2657 1207 2736 1268 sit
2765 1207 3059 1286 quaedam
3092 1210 3373 1269 extensio
3399 1211 3458 1268 et
3485 1213 3709 1272 actuatio

2197 1300 2442 1362 virtutis
2495 1302 2667 1380 ejus;
2697 1307 3012 1381 repugnat
3059 1319 3210 1381 ergo
3249 1303 3382 1362 Deo
3419 1301 3549 1362 talis
3583 1307 3710 1366 actio

2199 1400 2262 1456 et
2285 1414 2448 1456 nova
2477 1395 2797 1474 perfectio·

2275 1491 2336 1550 2.
2375 1487 2534 1552 Ordo
2559 1487 2986 1570 coyitationum
3015 1508 3168 1572 quas
3193 1489 3263 1550 in
3293 1491 3416 1552 Deo
3441 1495 3623 1552 noster
3641 1492 3716 1552 in·
3757 1501 3762 1516 ⁴

2198 1583 2470 1647 tellectus
2495 1585 2876 1664 prcesoindit.
2907 1616 2990 1632 -—
3011 1585 3139 1647 Sed
3181 1585 3318 1644 haec
3370 1585 3568 1644 omnia
3609 1592 3712 1646 tam

2195 1676 2376 1738 facile
2421 1677 2857 1751 dissolventur,
2909 1683 2977 1738 ut
3023 1696 3244 1739 eorum
3295 1679 3602 1756 responsio
3650 1680 3712 1738 ad

2197 1769 2692 1832 confirmandam
2721 1771 3068 1832 doctrinam
3102 1772 3396 1834 traditam
3419 1771 3713 1850 plurimum

2195 1863 2406 1924 valere
2432 1865 2647 1943 possit.
2680 1865 3151 1926 Advertendum
3180 1871 3274 1925 est
3307 1883 3458 1944 ergo
3481 1863 3712 1924 divinam

2197 1956 2654 2034 providentiam
2681 1957 2776 2037 (ut
2807 1975 2982 2020 more
3003 1961 3216 2019 nostro
3235 1957 3579 2036 loquamur)
3603 1977 3713 2036 par·
3760 2035 3761 2038 Ἴ

2193 2050 2308 2110 tim
2335 2050 2693 2124 voluntatis,
2718 2050 2949 2130 partim
2973 2051 3328 2112 intellectus
3354 2050 3581 2112 actibus
3601 2069 3718 2110 con-

2197 2148 2384 2204 stare.
2434 2143 2762 2204 Antecedit
2793 2144 2962 2204 enim
3013 2143 3223 2206 divina
3269 2144 3562 2224 cognitio,
3605 2163 3717 2222 quae

2195 2241 2601 2314 repraesentat
2625 2238 2756 2298 Deo
2799 2243 2860 2298 et
2901 2238 3114 2298 omnia
3147 2255 3290 2318 quaa
3339 2237 3424 2298 ab
3453 2237 3580 2316 ipso
3603 2237 3714 2297 fieri

2195 2334 2478 2407 possunt,
2511 2335 2576 2390 et
2611 2329 2822 2390 omnia
2853 2329 3086 2404 media,
3115 2338 3178 2392 et
3207 2349 3435 2392 causas
3463 2350 3568 2410 per
3591 2349 3718 2408 quas

2194 2422 2328 2482 fieri
2357 2429 2640 2502 possunt.
2674 2423 2852 2486 Unde
2903 2425 3094 2484 etiam
3133 2432 3540 2504 repraesentat
3577 2425 3720 2504 quid-

2195 2515 2348 2594 quid
2375 2534 2490 2594 per
2525 2535 2750 2578 causas
2779 2518 3110 2591 secundas,
3135 2525 3198 2580 et
3215 2518 3565 2580 voluntates
3585 2537 3723 2579 crea-

2196 2615 2292 2670 tas
2333 2627 2476 2670 cum
2507 2610 2626 2672 hoc
2665 2611 2765 2672 vel
2799 2611 2903 2672 illo
2937 2611 3166 2672 auxilio
3191 2617 3254 2673 et
3279 2630 3586 2673 concursu
3614 2612 3724 2672 fieri

2197 2707 2422 2782 potest.
2466 2702 2613 2775 Quoe
2637 2705 2910 2784 cognitio
2961 2706 3218 2766 scientia
3259 2705 3555 2785 simplicis
3583 2705 3726 2766 intel-

2197 2796 2470 2875 ligentiae
2497 2816 2536 2858 a
2561 2798 2894 2878 Theologis
2922 2799 3168 2860 dicitur.
3207 2799 3331 2861 Sed
3381 2799 3548 2879 quod
3569 2801 3726 2860 mira-

2197 2890 2382 2952 bilius
2409 2896 2524 2964 est,
2555 2910 2685 2953 non
2723 2893 2928 2954 solum
2955 2893 3274 2972 cognoscit
3297 2895 3494 2966 Deus,
3519 2894 3628 2954 hac
3654 2894 3728 2952 in-

2197 2986 2372 3046 finita
2395 2991 2458 3046 et
2483 2986 2778 3047 anteriori
2803 2985 3086 3059 scientia,
3116 2987 3268 3066 quid
3297 3006 3524 3050 omnes
3545 2989 3730 3048 volun-

2196 3084 2358 3142 tates
2386 3078 2625 3158 possint
2669 3079 2900 3154 tacere,
2945 3080 3060 3142 sed
3091 3081 3278 3143 etiam
3325 3082 3480 3161 quid
3509 3080 3726 3149 facient,

2199 3174 2248 3233 si
2280 3191 2424 3234 cum
2465 3174 2586 3233 hoc
2623 3173 2852 3234 auxilio
2897 3175 2998 3234 vel
3045 3175 3372 3235 occasione
3407 3176 3488 3236 ad
3515 3176 3627 3236 hoc
3650 3176 3730 3234 vel

2196 3266 2352 3329 illud
2377 3266 2716 3326 volendum
2753 3271 3184 3343 procreentur.
3217 3268 3294 3329 Et
3329 3268 3472 3329 haec
3505 3269 3732 3329 scientia

2197 3360 2406 3421 vocari
2431 3358 2590 3419 solet
2611 3358 3122 3420 conditionalium
3151 3362 3658 3441 contingentium,
3685 3367 3734 3420 et

2197 3472 2238 3513 a
2277 3452 2596 3513 nonnullis
2635 3451 2990 3531 appellatur
3033 3453 3290 3514 scientia
3331 3455 3566 3530 media,
3593 3454 3732 3513 inter

2199 3547 2542 3627 simplicem
2571 3546 3046 3626 intelligentiam
3093 3553 3157 3609 et
3199 3548 3528 3609 scientiam
3575 3548 3734 3608 visio-

2197 3642 2316 3702 niS.
2341 3642 2428 3702 De
2457 3658 2584 3719 qua
2613 3646 2868 3719 propter
2887 3640 3024 3719 ejus
3047 3638 3503 3716 difficultatem,
3529 3647 3589 3701 et
3611 3642 3738 3719 quia

2197 3733 2278 3794 ab
2333 3732 2602 3810 antiquis
2657 3732 3054 3793 Scholasticis
3123 3750 3254 3793 non
3321 3732 3574 3795 videtur
3628 3741 3737 3793 tam

2197 3833 2410 3904 aperte
2466 3826 2726 3896 tradita,
2781 3825 3066 3886 moderni
3115 3826 3418 3907 Theologi
3477 3826 3761 3888 nonnulli

2197 3918 2634 3991 subdubitant3
2669 3919 2774 3979 alii
2813 3920 3001 3979 etiam
3033 3936 3268 3993 negare
3299 3920 3562 3995 audent,
3591 3919 3740 3998 quod

2195 4012 2676 4091 repugnantiam
2710 4011 3024 4073 involvere
3053 4012 3362 4073 videatur.
3388 4014 3524 4091 Ego
3553 4018 3740 4073 autem

2197 4105 2514 4177 existimO,
2559 4106 2740 4184 juxta
2791 4106 3140 4168 doctrinam
3191 4106 3596 4185 antiquorum
3643 4107 3743 4165 Pa-

2193 4202 2384 4271 trum,
2451 4198 2812 4259 clarissimis
2867 4199 3326 4279 Scripturarum
3387 4198 3742 4261 testimoniis

2194 4291 2500 4352 munitam
2535 4310 2697 4367 esse,
2725 4310 2843 4352 nec
2865 4292 3052 4372 posse
3087 4292 3151 4351 in
3187 4292 3452 4353 dubium
3479 4290 3744 4353 revocari

2195 4384 2346 4463 quin
2370 4386 2538 4445 Deus
2573 4384 2737 4444 hanc
2771 4384 3094 4445 scientiam
3124 4386 3614 4447 eminentissime
3643 4385 3742 4443 ha-

2191 4478 2358 4539 beat.
2401 4479 2638 4539 Censeo
2681 4486 2984 4557 praeterea
3023 4468 3562 4539 hanc‘scientiam
3619 4494 3742 4537 esse

2193 4588 2434 4631 summe
2473 4570 2897 4631 necessariam
2923 4571 3078 4643 De0,
3126 4576 3195 4631 ut
3233 4571 3578 4649 perfectam
3606 4572 3746 4629 Deo-

2189 4681 2315 4743 que
2371 4664 2628 4743 dignam
2679 4664 3017 4726 effectuum
3075 4666 3358 4725 omnium
3401 4664 3744 4725 futurorum

2191 4757 2646 4836 providentiam
2691 4760 2753 4817 et
2801 4758 3322 4836 gubernationem
3347 4756 3588 4819 habere
3621 4774 3749 4834 pos-

2191 4851 2308 4923 sit;
2341 4870 2416 4911 ac
2443 4850 2739 4930 denique,
2767 4851 3052 4929 quamvis
3079 4870 3115 4911 a
3143 4850 3326 4912 nohis
3350 4850 3542 4928 hujus
3567 4849 3749 4909 scien-

2192 4945 2293 5005 tiae
2351 4943 2574 5005 divinae
2639 4944 2866 5005 modus
2919 4946 3068 5004 satis
3127 4942 3576 5022 comprehendi
3633 4960 3750 5001 non

2195 5038 2389 5117 possit
2417 5036 2630 5116 (quod
2675 5038 2740 5097 in
2769 5038 2962 5099 rebus
2991 5037 3236 5109 diviniS,
3275 5040 3344 5097 ut
3371 5054 3624 5097 summa
3654 5052 3752 5094 ve-

2193 5132 2520 5193 neratione
2563 5132 2980 5209 suspiciantur
3027 5137 3088 5191 et
3137 5129 3496 5201 credantur,
3537 5146 3756 5207 expec-

2195 5224 2456 5286 tandum
2507 5242 2635 5284 non
2667 5226 2818 5303 est),
2851 5242 2978 5285 non
3019 5224 3196 5285 deest
3235 5230 3470 5293 tamen,
3517 5228 3586 5281 ut
3631 5220 3752 5299 opi-

2193 5335 2332 5391 nor,
2355 5316 2693 5396 probabilis
2719 5317 2944 5379 modus
2971 5335 3097 5395 quo
3121 5316 3317 5395 possit
3339 5322 3554 5377 noster
3578 5314 3755 5375 intel-

2190 5412 2388 5473 lectus
2417 5411 2500 5472 ad
2543 5413 2702 5471 hanc
2740 5413 3063 5473 veritatem
3097 5411 3210 5473 sihi
3251 5409 3753 5489 persuadendam

2189 5524 2384 5565 manu
2415 5505 2596 5579 duci3
2649 5512 2781 5565 tum
2811 5504 3109 5565 solvendo
3149 5504 3544 5565 difficultates
3597 5503 3756 5563 circa
