3850 6225
598 389 768 444 SECT.
801 391 882 443 w.
914 389 998 443 ΑΝ
1029 389 1128 442 su·
1153 389 1217 444 m
1245 388 1367 442 nso
1393 388 1672 444 Jusrma
1701 388 1983 456 melius,
2014 393 2137 446 vm.
2163 393 2314 449 ALIA
2338 397 2458 450 PER
2484 397 2675 462 Qum,
2706 399 2839 452 E‘rc.
3206 395 3325 458 565

123 515 264 560 men
299 494 388 556 ibi
419 492 630 574 aliqua
675 493 833 558 ratio
864 493 1118 575 justitiae
1165 495 1228 554 et
1272 490 1464 556 debiti
1491 493 1683 556 inter·-

125 591 300 654 cedit.
345 589 660 664 Secundo,
696 589 844 668 quia
881 588 947 650 in
973 587 1228 668 proemio
1271 586 1460 648 etiam
1487 587 1683 650 bono·

123 702 254 748 rum
329 681 566 760 aliquid
615 682 884 762 amplius
947 679 1324 742 intervenire
1392 679 1678 756 videtur,

124 797 304 860 quam
331 776 780 850 misericordia,
817 776 1008 838 etiam
1047 775 1291 838 seclusa
1321 773 1682 853 promissio-

123 891 234 948 ne;
256 889 532 950 namque
563 888 692 932 non
723 869 924 932 solum
949 867 1232 948 indigent
1253 867 1536 948 praemio,
1567 865 1678 928 sed

123 968 302 1030 etiam
333 963 684 1026 secundum
707 962 1044 1044 quamdam
1076 961 1414 1042 specialem
1444 959 1680 1022 decen-

121 1063 262 1124 tiam
303 1058 426 1120 illis
466 1057 748 1122 debitum
791 1062 908 1118 est.
956 1058 1186 1128 Tertio,
1243 1053 1414 1115 idem
1463 1052 1534 1116 fit
1583 1072 1680 1114 ar·

123 1157 486 1236 gumentum
503 1151 570 1212 in
597 1150 820 1214 Christi
844 1148 1254 1224 humanitate,
1286 1148 1386 1210 cui
1413 1147 1678 1210 dicimus

121 1248 352 1318 ratione
391 1244 838 1324 assumptionis
888 1243 1104 1306 deberi
1151 1241 1446 1322 gratiam,
1489 1241 1681 1304 virtu·

122 1350 229 1415 tes,
253 1343 372 1402 etc.
407 1340 485 1402 Et
527 1344 740 1402 tamen
785 1355 914 1400 non
938 1336 1184 1400 videtur
1213 1335 1320 1397 illa
1356 1351 1496 1398 esse
1541 1333 1677 1397 sola

119 1432 562 1508 misericordia,
616 1431 732 1494 sed
771 1431 978 1511 major
1016 1429 1310 1510 quaedam
1362 1427 1674 1504 decentia,

122 1547 249 1610 quae
268 1527 402 1589 fere
431 1525 688 1588 moralis
715 1525 1056 1588 necessitas
1084 1529 1399 1584 censetur.
1431 1521 1676 1584 Simile-

122 1643 232 1704 que
269 1627 714 1704 argumentum
759 1619 924 1680 sumi
964 1623 1170 1698 potest
1191 1634 1271 1679 ex
1309 1616 1446 1677 aliis
1475 1617 1674 1696 operi·

121 1717 230 1780 bus
253 1714 660 1795 providentia
703 1713 948 1788 divinae,
986 1711 1054 1774 in
1093 1711 1320 1791 quibus
1348 1710 1516 1772 Deus
1545 1728 1676 1772 ser-

120 1817 214 1872 vat
249 1827 386 1869 eam
434 1806 906 1887 proportionem
962 1804 1060 1867 vel
1105 1803 1392 1866 ordinem
1435 1821 1666 1882 rerum,

121 1903 215 1984 qui
243 1900 426 1964 statui
454 1899 558 1962 vel
591 1898 940 1962 commodis
966 1897 1240 1960 universi
1265 1897 1536 1958 maxime
1571 1915 1674 1958 ex-

119 1996 294 2078 pedit.
333 1995 553 2073 Neque
585 1992 736 2056 satis
773 1997 870 2054 est
893 1992 1103 2054 dicere
1144 1989 1506 2070 huiusmodi
1532 2008 1672 2070 pro·

118 2087 390 2152 videmiae
441 2105 638 2167 opera
690 2085 1004 2165 pertinere
1055 2084 1141 2146 ad
1183 2084 1554 2164 sapientiam
1609 2088 1672 2148 et

121 2181 504 2264 prudentiam
539 2180 838 2254 divinam,
881 2196 1032 2240 nam
1071 2178 1194 2240 hoc
1221 2184 1316 2240 est
1343 2193 1564 2240 verum
1593 2195 1672 2240 ex

119 2280 278 2358 parte
305 2275 695 2348 intellectus;
741 2273 1148 2336 nihilominus
1187 2279 1400 2334 tamen
1431 2272 1668 2352 judicio

119 2369 477 2452 prudentiali
513 2369 862 2432 intellectus
889 2368 1228 2448 respondet
1251 2369 1320 2430 in
1347 2369 1668 2432 voluntate

120 2465 310 2545 aliqua
366 2465 585 2537 virtus,
645 2481 758 2524 seu
804 2461 1104 2542 perfectio
1125 2506 1142 2538 ,
1187 2479 1326 2541 quae
1371 2466 1669 2542 operatur

120 2559 446 2624 secundum
470 2558 600 2622 tale
617 2557 926 2639 judicium
943 2556 1318 2638 prudentiae.
1351 2557 1426 2620 Et
1443 2557 1524 2619 de
1551 2558 1670 2620 hac

121 2653 474 2734 inquirimus
505 2671 644 2733 qum
667 2650 748 2716 sit
769 2655 1062 2731 respectu
1083 2650 1300 2714 talium
1329 2651 1666 2716 actionum.

527 2853 896 2930 Quaestione
931 2852 1242 2916 molatio.

185 3034 242 3094 4.
274 3032 537 3110 Propter
578 3032 714 3094 haec
755 3034 970 3113 posset
1010 3031 1158 3110 poni
1189 3030 1257 3092 in
1293 3033 1426 3093 Deo
1467 3029 1664 3110 quod·

118 3126 248 3189 dam
290 3127 658 3189 attributum
697 3124 940 3189 ratione
967 3125 1326 3189 distinctum
1371 3126 1454 3187 ab
1497 3125 1658 3201 aliis,

119 3220 272 3299 quod
296 3220 536 3300 justitia
595 3218 910 3300 generalis
933 3262 950 3292 ,
993 3238 1106 3281 seu
1150 3217 1616 3298 providentialis
1645 3264 1660 3290 ,

124 3321 180 3378 ut
201 3314 284 3375 sic
321 3314 550 3387 dicam,
601 3316 878 3377 vocetur.
925 3314 980 3373 A
1018 3331 1144 3392 qua
1185 3313 1496 3375 sententia
1533 3330 1666 3375 non

119 3408 346 3469 videtur
365 3407 709 3469 abhorrere
733 3407 980 3479 scotus,
1009 3406 1077 3467 in
1103 3408 1170 3481 4,
1199 3405 1341 3467 dist.
1371 3408 1476 3482 46,
1504 3422 1567 3484 q.
1597 3407 1662 3481 3,

120 3502 236 3575 uhi,
267 3508 538 3565 tractans
567 3500 648 3561 de
689 3499 1086 3563 distinctione
1115 3500 1278 3561 inter
1311 3499 1668 3561 misericor·

121 3594 272 3655 diam
298 3600 358 3657 et
377 3594 684 3673 justitiam
711 3593 847 3666 Dei,
876 3592 1200 3672 distinguit
1220 3592 1537 3672 duplicem
1562 3610 1668 3653 ac-

122 3686 452 3766 ceptionem
481 3686 760 3766 justitioe.
805 3686 943 3749 Una
988 3691 1085 3747 est
1129 3692 1316 3765 prout
1359 3684 1668 3764 significat

121 3779 456 3843 decentiam
495 3780 720 3843 divinae
751 3779 1066 3843 bonitatis.
1097 3780 1174 3841 Et
1209 3780 1330 3843 hoc
1354 3778 1544 3841 modo
1581 3778 1668 3843 ait

123 3872 594 3938 misericordiam
653 3890 784 3935 non
847 3871 1264 3952 condistingui
1316 3891 1354 3935 a
1400 3872 1664 3951 justitia,

127 3967 226 4031 sed
247 3968 360 4029 sub
383 3968 490 4031 illa
518 3966 990 4046 comprehendi,
1025 3971 1092 4029 ut
1119 3966 1310 4045 paulo
1341 3972 1526 4029 antea
1549 3984 1668 4029 nos

127 4060 574 4139 objiciebamus.
618 4059 752 4122 Alio
789 4058 978 4121 modo
1021 4059 1109 4121 ait
1141 4060 1449 4139 justitiam
1479 4060 1666 4135 sumi,

127 4160 296 4233 prout
336 4153 588 4233 respicit
637 4152 849 4231 aliquo
886 4152 1078 4215 modo
1097 4153 1340 4231 justum
1367 4170 1448 4215 ex
1492 4158 1670 4233 parte

127 4252 432 4321 creaturae,
449 4251 762 4327 quatenus
781 4244 1017 4308 scilicet
1044 4262 1446 4325 unaquaeque
1479 4246 1672 4326 exigit

127 4341 280 4418 quod
315 4358 442 4403 sum
479 4344 722 4403 naturae
751 4338 848 4399 vel
877 4338 1104 4401 actioni
1131 4338 1674 4418 proportionatum

127 4440 238 4507 est;
265 4440 326 4497 et
350 4436 472 4497 hoc
508 4432 696 4495 modo
721 4433 809 4495 ait
837 4431 1145 4512 justitiam
1183 4433 1294 4495 Dei
1327 4451 1468 4495 esse
1496 4433 1674 4495 attri-

125 4526 326 4587 butum
355 4528 596 4591 ratione
623 4526 982 4591 distinctum
1011 4545 1050 4587 a
1076 4526 1504 4589 misericordia
1531 4526 1669 4589 Dei.

127 4618 192 4680 Et
233 4621 516 4683 eamdem
561 4620 698 4683 fere
739 4620 1202 4683 distinctionem
1247 4620 1542 4701 supponit
1585 4620 1673 4683 ibi

127 4714 473 4787 Richardus,
523 4721 640 4777 art.
701 4716 762 4789 Ξ,
792 4733 854 4793 q.
907 4716 970 4787 2,
1019 4714 1308 4793 quamvis
1347 4713 1450 4778 ille
1488 4714 1674 4792 justi-

126 4805 284 4879 tiam,
314 4814 497 4887 prout
521 4807 1042 4886 condistinguitur
1065 4825 1106 4869 a
1139 4807 1546 4871 condecentia
1574 4807 1670 4868 di-

127 4900 271 4961 vinae
300 4901 614 4975 bonitatis,
669 4900 876 4963 solum
913 4901 1190 4965 declaret
1211 4902 1278 4963 in
1321 4901 1542 4963 ordine
1587 4902 1672 4965 ad

128 4992 332 5053 merita
359 4994 458 5055 vel
494 4993 798 5057 demerita
840 4994 1202 5067 hominum;
1253 4996 1474 5059 Scotus
1523 5013 1674 5059 vero

127 5084 296 5147 latius
327 5087 406 5149 de
449 5088 554 5151 illa
581 5088 878 5167 loquitur,
919 5094 984 5149 et
1012 5088 1222 5151 locum
1251 5088 1486 5151 habere
1526 5107 1676 5151 cen-

130 5186 216 5241 set
237 5181 420 5243 etiam
439 5180 601 5245 circa
627 5200 730 5243 res
753 5180 1091 5257 naturales,
1124 5188 1310 5261 prout
1333 5182 1672 5261 unicuique

131 5275 468 5337 attribuitur
511 5276 859 5339 secundum
905 5276 1284 5356 exigentiam
1321 5276 1480 5356 ejus.
1523 5276 1675 5339 Obs-

134 5370 328 5431 curius
377 5389 528 5433 vero
566 5370 802 5445 Alens.,
845 5370 1048 5450 prima
1087 5376 1290 5451 parte,
1331 5371 1674 5451 quaestione

133 5460 434 5539 trigesima
461 5482 650 5537 nona,
689 5463 954 5528 membr.
1007 5462 1309 5537 secundo,
1353 5463 1678 5543 distinguit

129 5551 418 5630 justitiam
463 5558 678 5637 (etiam
722 5562 910 5637 prout
963 5556 1276 5637 significat
1325 5556 1676 5621 decentiam

1761 493 1987 558 divinae
2015 497 2335 577 bonitatis)
2380 519 2421 562 a
2460 501 2907 572 misericordia,
2940 519 3131 582 qnam
3178 501 3327 564 dicit

1763 607 1902 652 esse
1940 593 2553 672 superabundantiam
2587 593 2843 677 pietatis
2880 595 3105 660 divinae
3118 619 3143 669 ,·
3192 596 3326 675 qui-

1760 681 1880 744 bus
1907 682 2118 746 verbis
2142 686 2387 748 videtur
2420 687 2591 748 idem
2622 688 2996 766 significare,
3028 690 3327 752 nimirum

1761 776 2253 840 misericordiam
2279 797 2441 852 esse,
2467 781 2723 859 quando
2742 781 2913 842 nulla
2942 783 3196 844 omnino
3222 800 3326 843 ra-

1761 868 1849 930 tio
1875 869 2071 932 debiti
2094 889 2210 932 seu
2242 872 2565 952 exigentiae
2596 893 2675 936 ex
2704 881 2881 956 parte
2906 881 3207 938 creaturae
3234 876 3325 938 in·

1759 963 2058 1038 tervenit;
2094 965 2399 1050 justitiam
2435 985 2583 1029 vero
2621 986 2757 1030 esse
2788 971 3033 1048 quoties
3070 971 3201 1031 haec
3230 971 3325 1030 in-

1760 1055 2042 1118 tercedit.
2094 1057 2273 1122 Unde
2316 1078 2461 1122 cum
2505 1061 2569 1122 hi
2614 1068 2923 1133 auctores,
2974 1063 3323 1142 praesertim

1759 1149 1981 1212 Scotus
2007 1157 2070 1212 et
2096 1153 2335 1228 Alens.,
2360 1173 2485 1215 non
2508 1161 2745 1234 ponant
2771 1155 2837 1216 in
2858 1157 2987 1217 Deo
3007 1155 3325 1236 propriam

1750 1243 2061 1324 justitiam
2084 1249 2613 1321 commutativam,
2636 1251 3015 1312 constituere
3036 1251 3326 1313 videntur

1757 1337 1822 1398 in
1847 1339 1979 1402 Deo
2006 1339 2179 1402 aliud
2218 1360 2419 1422 genus
2443 1343 2701 1423 justitiae
2730 1344 2915 1406 latius
2944 1345 3149 1420 dictoe,
3180 1363 3322 1424 quae

1757 1433 1837 1494 sit
1859 1434 2225 1496 attributum
2248 1437 2603 1500 distinctum
2628 1457 2665 1499 a
2684 1439 3131 1510 misericordia,
3156 1447 3219 1502 et
3242 1439 3323 1504 ab

1756 1527 1894 1592 aliis
1919 1530 2231 1592 attributis
2268 1533 2665 1610 specialibus.
2700 1535 2843 1596 Haec
2882 1553 3041 1614 ergo
3066 1539 3319 1596 senten·

1752 1621 1838 1684 tia
1880 1624 2129 1688 videtur
2178 1626 2330 1690 mihi
2371 1628 2734 1707 probabilis,
2780 1629 2829 1690 si
2870 1647 2999 1690 non
3028 1627 3319 1692 excludat

1756 1735 1833 1779 ea
1866 1735 2007 1798 quae
2036 1719 2117 1780 de
2144 1721 2396 1800 propria
2416 1722 2657 1801 justitia
2681 1723 2987 1784 hactenus
3023 1722 3317 1796 diximus,

1751 1817 1824 1874 ut
1863 1824 2033 1874 recte
2072 1813 2450 1894 explicetur;
2491 1815 2660 1893 quod
2688 1816 2805 1878 nos
2830 1834 2947 1896 per
2972 1817 3323 1896 proportio-

1751 1923 1901 1968 nem
1925 1907 2011 1968 ad
2034 1925 2131 1982 ea,
2160 1925 2297 1986 qum
2326 1907 2405 1969 de
2425 1909 2664 1987 justitia
2683 1911 2963 1972 humana
2984 1909 3321 1972 Arisoteles

1753 1997 1926 2074 dixit,
1958 2000 2279 2064 declarare
2310 2002 2700 2065 conabimur.

1830 2096 1890 2156 5.
1925 2093 2183 2178 Triplem
2236 2095 2498 2176 acceptio
2533 2096 2809 2177 justiciae
2864 2098 3190 2180 qenai-alie.
3238 2129 3323 2146 -

1747 2187 1993 2252 Prima.
2020 2221 2103 2236 -
2128 2187 2432 2254 Secunda.
2455 2221 2539 2236 —-
2558 2191 2791 2255 Tertia.
2821 2223 2901 2238 --
2921 2191 3327 2272 Distinguunt

1749 2300 1902 2362 ergo
1938 2283 2237 2364 Theologi
2280 2291 2343 2346 et
2388 2285 2746 2364 Philosophi
2784 2285 3055 2346 morales
3105 2285 3168 2345 in
3212 2303 3321 2346 no-

1746 2376 1844 2439 bis
1883 2377 2197 2455 duplicem
2243 2377 2551 2457 justitiam
2577 2423 2600 2455 ,
2668 2379 2903 2440 scilicet
2958 2378 3321 2458 generalem

1751 2477 1816 2536 et
1853 2463 2229 2552 'specialem3
2276 2480 2341 2536 et
2384 2475 2548 2535 hanc
2587 2473 2997 2554 posteriorem
3048 2472 3320 2535 subdivi-

1752 2564 1912 2627 dunt
1948 2565 2012 2627 in
2059 2566 2513 2630 distributivam
2552 2573 2615 2628 et
2660 2568 3191 2636 commutativam,
3236 2567 3316 2630 de

1754 2657 1985 2738 quibus
2005 2659 2139 2739 jam
2172 2661 2321 2722 satis
2348 2661 2585 2723 dictum
2612 2666 2727 2722 est.
2758 2661 2796 2722 J
2801 2661 3009 2722 ustitia
3034 2678 3183 2722 vero
3212 2677 3323 2740 ge-

1749 2751 2005 2825 neralis,
2048 2758 2119 2816 ut
2146 2771 2337 2834 supra
2360 2753 2561 2834 tetigi,
2592 2754 2791 2816 tribus
2822 2753 3027 2816 modis
3050 2755 3172 2816 dici
3202 2771 3319 2834 po-

1747 2850 1871 2908 test
1903 2862 1920 2906 :
1950 2846 2177 2924 primo,
2222 2847 2687 2910 universalitate
2730 2847 3208 2928 praedicationis.
3242 2848 3319 2912 Et

1745 2938 1868 3002 hoc
1903 2940 2095 3002 modo
2122 2940 2415 3020 quaelibet
2439 2941 2635 3003 virtus
2658 2947 2757 3002 est
2782 2941 3041 3021 justitia,
3076 2947 3141 3004 et
3162 2959 3321 3022 qua-

1743 3037 1929 3095 tenus
1964 3033 2169 3096 omnis
2210 3033 2407 3096 virtus
2446 3034 2511 3096 in
2542 3052 2659 3096 suo
2706 3034 2917 3096 medio
2960 3042 3167 3098 servat
3208 3033 3322 3098 de-

1743 3126 1941 3189 bitam
1978 3128 2451 3207 proportionem
2478 3175 2495 3202 ,
2527 3128 2951 3208 aequalitatem
2978 3130 3321 3209 quamdam

1745 3222 2123 3285 constituere
2159 3223 2425 3285 videtur.
2478 3224 2657 3287 Nunc
2702 3240 2853 3285 vero
2906 3242 3036 3286 non
3073 3224 3319 3305 agimus

1743 3314 1824 3377 de
1875 3316 1999 3379 hac
2048 3319 2413 3397 acceptione
2460 3318 2755 3398 justitian
2816 3317 2907 3381 sic
2946 3319 3115 3381 enim
3160 3319 3317 3381 nihil

1745 3406 1917 3469 aliud
1946 3414 2042 3471 est
2078 3410 2321 3488 justitia
2372 3409 2685 3487 generalis
2704 3454 2721 3483 ,
2768 3426 2966 3487 quam
3004 3409 3201 3471 virtus
3244 3410 3315 3472 in

1747 3518 1983 3581 genere
2030 3520 2169 3563 suo.
2218 3502 2507 3565 Secundo
2560 3502 2751 3565 modo
2809 3502 3035 3565 dicitur
3078 3502 3320 3583 justitia

1747 3594 2063 3671 generalis
2090 3594 2481 3668 collectione,
2507 3612 2633 3673 quo
2652 3595 2841 3657 modo
2857 3596 3099 3674 justitia
3118 3594 3320 3657 Chris·

1745 3686 1918 3749 tiana
1948 3687 2173 3749 dicitur
2200 3706 2339 3751 esse
2368 3690 2569 3769 gratia
2596 3707 2741 3752 cum
2786 3694 3097 3751 concentu
3130 3690 3323 3751 virtu·

1747 3786 1882 3841 tum
1913 3782 2197 3843 omnium
2232 3787 2297 3843 et
2322 3782 2633 3845 donorum
2672 3782 3047 3855 infusorum,
3078 3789 3149 3843 ut
3174 3780 3323 3841 insi·

1745 3879 1904 3935 nuat
1938 3872 2287 3937 Concilium
2319 3874 2775 3947 Tridentinum,
2806 3892 2963 3937 sess.
2994 3876 3057 3949 6,
3084 3892 3140 3935 c.
3170 3877 3232 3947 ’7,
3260 3880 3323 3937 et

1749 3966 2071 4029 moraliter
2094 3967 2321 4029 dicitur
2365 3968 2555 4031 homo
2594 3968 2826 4048 justus,
2876 3968 2985 4047 qui
3026 3967 3321 4031 omnibus

1748 4058 2079 4121 virtutibus
2133 4066 2391 4123 ornatus
2444 4066 2561 4123 est.
2604 4062 2681 4123 Et
2722 4062 2964 4140 justitia
3008 4060 3320 4141 generalis

1749 4153 1872 4215 hoc
1913 4154 2105 4215 modo
2164 4160 2437 4233 sumpta,
2482 4160 2547 4217 et
2588 4153 2670 4216 ad
2718 4156 2923 4217 Deum
2982 4154 3318 4233 applicata,

1749 4246 1906 4309 nihil
1933 4246 2104 4309 aliud
2134 4253 2229 4309 est
2254 4265 2446 4327 quam
2486 4247 2773 4310 decentia
2814 4248 3040 4309 divinae
3076 4246 3323 4311 bonita-

1752 4340 1862 4409 tis;
1909 4346 1974 4402 et
2014 4340 2365 4424 secundum
2405 4340 2713 4403 rationem
2750 4340 3191 4421 distinguendo
3234 4348 3324 4403 at-

1751 4433 2008 4507 tributa,
2041 4439 2137 4497 est
2162 4433 2447 4497 collectio
2474 4436 2759 4495 omnium
2796 4434 3095 4495 virtutum
3118 4452 3323 4496 mora·

1750 4528 1930 4600 lium,
1960 4546 2101 4609 qum
2126 4528 2192 4588 in
2216 4526 2429 4589 divina
2454 4527 2773 4589 voluntate
2799 4545 2939 4588 esse
2965 4526 3325 4607 intelligun-

1752 4629 1894 4695 tur-3
1930 4619 2279 4683 secundum
2300 4638 2449 4683 rem
2470 4626 2685 4682 autem
2709 4626 2771 4683 et
2812 4620 3205 4699 adaequatam
3226 4640 3322 4682 ra-

1751 4716 1991 4778 tionem
2032 4713 2369 4775 formalem
2390 4759 2409 4785 ,
2462 4720 2558 4775 est
2604 4714 2910 4776 rectitudo
2967 4721 3029 4776 et
3076 4714 3327 4776 bonitas

1751 4806 2255 4889 simplicisssimae
2275 4806 2503 4869 divinae
2528 4806 2883 4869 voluntatis.
2904 4807 3177 4886 Ideoque
3206 4824 3325 4868 nec

1751 4902 1832 4965 de
1883 4904 2003 4965 hoc
2049 4899 2239 4963 modo
2263 4899 2517 4980 justitiae
2551 4899 2863 4980 generalis
2908 4918 3079 4961 nunc
3129 4899 3325 4979 loqui·-

1755 5013 1920 5058 mur.
1954 4994 2163 5057 Tertio
2188 5012 2343 5075 ergo
2380 4993 2571 5055 modo
2608 4994 2835 5055 dicitur
2854 4993 3093 5073 justitia
3134 5011 3327 5072 gene-

1754 5089 1926 5164 ralia,
1960 5093 2205 5152 tantum
2234 5087 2301 5150 in
2326 5087 2591 5149 materia
2618 5087 2719 5149 vel
2756 5088 3145 5161 causalitate,
3182 5086 3329 5149 licet

1753 5184 1822 5245 in
1857 5200 1973 5245 suo
2010 5200 2153 5245 esse
2182 5182 2261 5244 sit
2300 5182 2487 5245 etiam
2515 5181 2711 5242 virtus
2737 5180 3047 5259 specialis.
3078 5181 3169 5241 De
3206 5180 3329 5241 hac

1755 5282 1967 5339 autem
2006 5276 2271 5357 justitia,
2302 5294 2443 5355 quae
2470 5273 2693 5354 legalis
2724 5274 2915 5335 etiam
2950 5273 3323 5353 appellatur,

1757 5375 1852 5431 est
1875 5369 2301 5433 controversia
2328 5368 2493 5431 inter
2512 5366 2901 5440 scolasticos,
2936 5384 3020 5427 an
3047 5365 3233 5428 detur
3258 5365 3325 5426 in

1755 5462 1939 5525 nobis
1958 5462 2101 5525 talis
2117 5462 2379 5541 matitia,
2404 5461 2694 5523 distincta
2714 5478 2844 5523 non
2866 5460 3071 5521 solum
3096 5478 3135 5520 a
3162 5476 3327 5521 com·

1755 5555 2058 5619 mutativa
2110 5562 2174 5619 et
2220 5554 2635 5627 distributiva,
2680 5552 2795 5615 sed
2834 5554 3023 5615 etiam
3064 5552 3147 5613 ab
3176 5551 3327 5613 obe-
