3850 6225
1514 449 1704 502 INDEX
1738 449 1967 507 RERUM.

194 537 494 590 secundum
529 537 956 603 dispositionem.
992 552 1079 606 op.
1124 547 1169 600 5.
1210 541 1349 608 disp.
1394 549 1442 606 2,
1484 553 1613 598 sect.
1647 553 1694 598 3.

135 617 246 666 Non
285 627 418 666 vero
455 625 574 678 quae
608 627 701 680 per
725 614 973 667 accidens
1003 616 1174 678 datur,
1201 621 1376 686 qualis
1403 627 1486 672 est
1520 621 1700 674 debita

197 692 406 741 meritis
428 688 775 747 mortificatis,
812 689 885 741 ib.

133 768 430 818 Erroneum
461 773 541 818 est
584 766 764 818 dicere
805 781 900 831 per
935 767 1104 822 solam
1136 782 1242 822 non
1288 774 1694 837 repugnantiam

195 839 413 905 disponi
439 840 686 894 homines
711 842 778 892 ad
803 844 1028 909 gratiam
1055 845 1436 911 recipiendam,
1465 859 1552 914 op.
1587 854 1633 900 3.

699 1020 878 1057 ῦΒΛΊῚΑ
913 1022 1136 1059 Efficax.

137 1141 436 1196 Efficacitas
457 1144 639 1210 gratiae
659 1157 689 1196 a
713 1145 828 1198 solo
850 1145 1025 1199 libero
1061 1139 1280 1199 arbitrio
1320 1145 1562 1213 impediri
1600 1161 1700 1212 po-

197 1226 316 1276 test,
343 1227 654 1273 nontamen
681 1233 800 1274 esse
835 1229 1008 1287 potest
1033 1223 1100 1274 ab
1130 1235 1194 1276 eo
1219 1222 1356 1284 sole,
1381 1235 1468 1288 op.
1503 1226 1550 1285 1,
1583 1223 1616 1274 l.
1653 1227 1700 1286 3,

197 1305 244 1346 o.
274 1298 352 1346 14.

139 1373 284 1424 Circa
323 1371 552 1436 gratiam
585 1371 856 1426 efficacem
890 1375 1054 1428 varioe
1095 1373 1432 1428 difficultates
1471 1381 1704 1428 tractan-

199 1455 300 1508 tur,
335 1447 408 1499 ib.

137 1523 300 1584 Quam
330 1523 494 1576 distet
521 1520 646 1576 veta
679 1524 924 1578 doctrina
947 1525 1021 1578 de'
1046 1523 1284 1579 efficacia
1307 1527 1490 1593 gratiae
1508 1539 1540 1578 a
1563 1525 1705 1579 Pela-

195 1599 360 1664 giano
384 1611 588 1660 errore,
613 1600 707 1660 ib.,
739 1613 785 1652 c.
816 1605 892 1651 15.

139 1673 314 1724 Gratia
351 1673 541 1727 esticax
582 1688 690 1728 non
724 1673 971 1729 consistit
1009 1675 1064 1728 in
1107 1675 1224 1730 sola
1265 1669 1510 1731 doctrina
1531 1683 1705 1730 exter-

203 1761 289 1806 na,
329 1748 402 1800 ib.

145 1824 398 1876 Voluntas
432 1830 604 1890 potest
633 1824 870 1890 credere,
907 1826 1117 1880 etiamsi
1157 1827 1446 1881 efficaciter
1485 1839 1596 1880 non
1637 1825 1708 1879 sit

199 1907 492 1966 praeventa,
521 1901 613 1963 ib.,
649 1913 696 1954 c.
723 1906 786 1952 22

142 1975 382 2028 Efficacia
403 1976 590 2043 gratiae
610 1976 809 2041 optime
835 1976 1143 2044 intelligitur
1169 1991 1234 2031 ex
1271 1977 1496 2030 scientia
1522 1973 1708 2031 c'or'tdi-

201 2052 422 2114 tionata,
452 2064 540 2118 op.
569 2055 615 2112 Ξ,
650 2053 683 2103 l.
725 2057 774 2114 2,
796 2067 842 2106 c.
868 2057 916 2104 6.

139 2126 402 2178 Auxilium
431 2127 614 2180 et'tirax
654 2127 790 2178 nihil
829 2129 1133 2182 necessario
1176 2127 1230 2180 in
1274 2142 1332 2181 re
1364 2128 1512 2182 addit
1541 2142 1707 2196 supra

199 2203 496 2262 sufficiens,
527 2209 717 2268 praeter
739 2216 1060 2258 concursum
1089 2203 1196 2263 Dei.
1229 2216 1317 2270 op.
1350 2207 1396 2255 8.

146 2279 273 2340 Quid
297 2291 431 2332 vero
452 2279 610 2331 addat
638 2290 701 2332 ex
727 2285 874 2345 parte
903 2279 1012 2342 Dei,
1037 2279 1109 2331 ib.

146 2353 202 2404 ln
237 2366 344 2418 quo
373 2354 634 2406 consistat
665 2356 974 2420 congruitas
993 2355 1177 2421 παῦε
1201 2355 1452 2418 efficacis,
1481 2356 1552 2408 ih.

146 2429 264 2490 Quae
288 2429 464 2493 gratia
489 2428 694 2482 dicatur
715 2429 917 2489 efficax,
940 2437 992 2482 et
1016 2443 1176 2495 quam
1193 2429 1263 2482 ob
1283 2443 1518 2495 eausam,
1553 2432 1626 2484 ib.

146 2503 389 2556 Efficacia
451 2505 632 2572 gratiae
685 2517 806 2560 eum
871 2505 1076 2558 arbitrii
1145 2505 1388 2560 libertate
1447 2509 1705 2561 concilia-

207 2585 308 2636 tur.
336 2579 413 2630 ib.

149 2653 205 2704 ln
227 2653 524 2707 voluntatis
553 2661 811 2722 potestate
833 2654 914 2710 es'l
937 2655 1138 2720 facere,
1163 2665 1220 2712 ut
1243 2660 1360 2726 ejus
1387 2659 1597 2714 vocatio
1632 2659 1712 2714 et·-

215 2731 348 2782 ticax
368 2729 444 2783 sit
467 2743 525 2783 re
554 2731 688 2798 ipsa,
713 2733 785 2784 ib.

681 2895 856 2934 cum
888 2895 1180 2934 omnemne.

151 3029 244 3080 Per
270 3027 524 3081 auxilium
547 3028 820 3082 sufficiens
843 3028 933 3081 dat
981 3028 1187 3083 homini
1229 3027 1366 3082 D'eus
1405 3023 1554 3096 quod
1580 3028 1710 3082 satis

210 3110 290 3157 est
317 3109 372 3156 ut
417 3103 586 3170 possit
619 3105 1095 3171 supernaturaliter
1127 3106 1358 3173 operari,
1389 3119 1476 3173 op.
1515 3110 1565 3170 1,.
1598 3107 1634 3159 l.
1660 3107 1706 3167 tl,

208 3193 254 3232 c.
287 3184 365 3231 21.

151 3255 242 3317 Qui
267 3254 441 3383 vogali
467 3268 562 3383 p'eg
582 3256 804 3323 gratiam
830 3264 1082 3319 renuunt,
1108 3270 1166 3311 re
1200 3256 1316 3323 ipsa
1343 3264 1563 3323 possent
1593 3254 1711 3310 res'-

214 3344 318 3395 pon
357 3343 472 3395 ere,
505 3345 520 3383 l
565 3372 576 3383 .

698 3455 890 3493 GM‘HB
920 3454 1086 3495 auxta
1093 3456 1160 3495 01
1168 3482 1178 3493 .

156 3557 414 3610 Auxilium
437 3558 526 3611 Dei
553 3559 822 3611 internum
842 3570 905 3610 ac
921 3556 1204 3625 gratuitum
1227 3556 1296 3609 ad
1327 3562 1713 3621 supernatura-

215 3632 292 3685 les
324 3640 474 3687 actus
501 3634 816 3700 simpliciter
850 3634 1212 3687 neeessariam
1249 3640 1349 3698 est,
1389 3648 1474 3701 op.
1509 3637 1556 3696 1,
1590 3633 1622 3685 l.
1663 3637 1711 3695 3,

214 3721 260 3760 c.
289 3714 336 3759 2.

153 3783 282 3845 Quid
303 3782 482 3837 auxilii
507 3773 728 3837 nomine
749 3784 1139 3852 significemuS,
1173 3784 1244 3837 ib.

154 3860 414 3913 Auxilium
438 3861 622 3927 gratias
641 3861 928 3925 requiritur
945 3860 1012 3913 ad
1033 3866 1196 3913 totam
1221 3860 1392 3927 legem
1417 3859 1712 3913 naturalem

214 3936 552 3989 servandam.
573 3935 670 3987 sed
691 3948 798 3988 nou
822 3936 889 3987 ad
914 3936 1153 4003 singulos
1169 3942 1319 3987 actus
1341 3936 1472 4000 ejuS,
1501 3935 1572 3985 ib.

151 4008 300 4061 Nulla
331 4010 560 4073 positiva
598 4010 881 4075 dispositio
924 4011 1226 4076 praecedere
1266 4016 1439 4075 potest
1479 4010 1712 4075 primum

213 4086 467 4138 auxilium
495 4086 916 4151 supernaturale,
944 4087 1017 4139 ib.

155 4162 414 4214 Auxilium
432 4163 521 4214 Dei
545 4175 663 4214 esse
685 4168 858 4228 potest
881 4174 975 4228 per
995 4161 1214 4215 modum
1238 4174 1532 4215 concursus
1552 4166 1604 4215 et
1623 4173 1715 4227 per

219 4234 440 4289 modurn
470 4236 736 4303 principii,
762 4237 854 4299 ib.‚
887 4248 933 4290 e.
957 4242 1004 4288 3.

159 4310 350 4364 Praeter
374 4324 694 4365 concursum
724 4323 900 4365 causae
937 4313 1138 4378 primae,
1166 4312 1310 4365 aliud
1336 4312 1586 4364 auxilium
1623 4322 1712 4365 re-

215 4388 446 4453 quiritur
464 4402 527 4442 ex
547 4396 696 4455 parte
721 4390 970 4455 principii
995 4390 1070 4441 ad·
1089 4390 1524 4457 supernaturales
1546 4396 1716 4453 aetuS,

215 4477 322 4517 non
345 4465 474 4517 item
502 4466 572 4517 ad
603 4466 890 4527 naturales,
915 4464 988 4517 ib.

157 4541 412 4593 Dividitur
433 4540 488 4593 in
512 4542 718 4594 actuale
737 4549 790 4593 et
828 4540 1130 4603 habituale;
1175 4546 1229 4593 et
1269 4538 1400 4607 quid
1429 4546 1716 4605 utrumque

222 4617 504 4683 signitieet,
533 4617 842 4682 explicatur,
865 4617 959 4681 ib„
985 4629 1032 4670 e.
1059 4620 1105 4669 ⁴.

155 4694 330 4746 Gratia
353 4692 588 4747 excitans
614 4693 742 4758 quid
772 4693 858 4757 sit,
884 4694 956 4746 ib.
1119 4756 1126 4771 ι

158 4768 318 4831 Quale
338 4770 409 4821 sit
431 4769 613 4835 gratiae
633 4768 884 4821 auxilium
913 4780 1011 4835 pro
1044 4767 1251 4821 actibus
1288 4766 1378 4833 qui
1420 4764 1490 4819 ab
1519 4762 1716 4819 habiti-

218 4846 319 4898 bus
342 4844 648 4911 eliciuntur,
682 4844 775 4907 ib.,
800 4854 846 4897 e.
881 4850 928 4895 5.

157 4920 288 4983 Quid
309 4923 380 4975 sit
405 4922 675 4974 auxilium.
695 4920 986 4984 sufficiens,
1011 4920 1109 4981 ib..
1137 4933 1187 4975 e.
1209 4926 1258 4973 e.

155 4997 473 5050 Hominibus
501 4996 615 5050 dari
645 4997 712 5051 de
741 4997 846 5048 tide
871 5004 969 5059 est,
997 4995 1069 5047 ib.

156 5074 418 5125 Auxilium
449 5074 554 5127 hoc
582 5080 772 5139 potens
803 5079 904 5135 est,
931 5080 990 5126 ut
1027 5085 1151 5126 cum
1175 5084 1242 5126 eo
1272 5072 1435 5126 homo
1469 5077 1722 5138 operetur

215 5156 270 5201 et
293 5148 469 5212 faeiat,
497 5148 551 5201 ib

157 5224 390 5276 Intidelis
417 5222 657 5277 nondum
688 5228 909 5276 vocatus
934 5222 1114 5288 aliquo
1155 5224 1318 5278 modo
1368 5224 1528 5276 habet
1569 5221 1720 5276 auxi-

221 5300 349 5351 lium
374 5296 648 5351 sufficiens
673 5306 728 5350 ut
752 5296 950 5361 eredat,
985 5298 1054 5351 ib.

159 5374 334 5425 Gratia
361 5375 596 5427 excitans
624 5386 899 5439 nunquam
931 5374 1150 5441 physice
1173 5374 1601 5441 praedetemntnat
1621 5386 1718 5427 vo-

223 5450 498 5513 luntatem,
527 5450 620 5511 ib..
646 5463 692 5504 c.
723 5455 771 5501 9.
843 5490 851 5499 .

161 5526 231 5575 Ex
261 5526 520 5588 Patribus,
542 5526 614 5577 ib.

161 5600 381 5653 Ratione
411 5602 681 5668 probatur,
712 5600 784 5654 ib.

453 5708 539 5753 xl.

2340 505 2344 512 .
3224 459 3343 518 593

1780 548 1918 600 Deus
1944 561 2005 600 ex
2036 549 2405 603 misericordia
2436 551 2621 606 tribuit
2654 557 2917 620 peccatori
2942 561 3133 614 auxilia
3165 563 3347 628 gratiae

1845 630 1902 676 ut
1930 636 1961 675 a
1990 633 2205 688 peccato
2227 635 2485 692 resurgat,
2523 642 2609 692 op.
2645 635 2691 686 5.
2726 630 2862 696 disp.
2902 638 2951 692 1.
2986 643 3097 688 sect
3151 644 3198 689 ο.

1781 699 1908 750 Cum
1932 699 2117 752 eadem
2140 703 2423 754 vocatione
2442 703 2553 755 lieri
2580 713 2752 770 potest
2773 708 2951 762 minor
2986 718 3134 764 actus
3165 714 3217 764 in
3258 714 3345 765 in-

1843 776 2103 838 tensione,
2131 789 2219 843 op.
2256 783 2302 842 5,
2340 778 2477 844 disp.
2504 785 2550 840 2,
2578 787 2706 833 sect.
2738 787 2785 834 2.

2462 955 2659 996 emata,

1783 1075 1961 1128 Gloria
1982 1075 2138 1130 datur
2168 1077 2365 1131 adultis
2388 1092 2451 1132 ex
2478 1071 2676 1146 duplici
2720 1083 2890 1147 titulo,
2930 1084 3258 1139 ltaereditatis
3292 1093 3347 1140 et

1847 1151 2127 1204 mercedis.
2165 1165 2253 1218 op.
2293 1159 2340 1215 5,
2376 1154 2514 1220 disp.
2552 1161 2599 1219 1,
2632 1165 2759 1210 sect.
2798 1165 2843 1210 1.

2430 1332 2710 1373 clientulo.

1786 1447 2039 1504 Gloriatio
2066 1451 2133 1506 de
2168 1451 2327 1505 bonis
2359 1455 2634 1519 operibus,
2658 1455 2865 1508 etiamsi
2888 1463 3029 1510 esset
3052 1457 3213 1512 licita.
3238 1472 3349 1513 non

1849 1532 2027 1579 tamen
2053 1540 2265 1592 semper
2288 1529 2693 1596 estexpedienS,
2725 1543 2813 1596 op.
2852 1536 2899 1594 1,
2934 1533 2971 1584 l.
3008 1537 3056 1594 a,
3093 1546 3140 1588 o.
3173 1539 3252 1586 2⁰.

2330 1709 2617 1749 euru-un
2646 1711 2807 1750 nerto.

1791 1830 1954 1896 Major
1982 1831 2205 1885 debetur
2226 1833 2294 1885 ab
2315 1847 2381 1888 eo
2408 1836 2499 1900 qui
2526 1836 2729 1899 odebit,
2754 1849 2915 1902 quam
2940 1838 3009 1890 ab
3028 1851 3095 1892 eo
3120 1839 3209 1906 qui
3242 1823 3361 1892 res-¹

1853 1906 1967 1970 puit
2000 1908 2353 1970 vocationem,
2390 1920 2477 1975 op.
2511 1911 2617 1972 1,1.
2658 1917 2704 1971 a,
2730 1925 2776 1964 c.
2814 1916 2892 1962 20.

2410 2070 2732 2110 annuntio.

1790 2204 2239 2332 Prloviidentiaenei
2272 2206 2341 2259 ab
2374 2207 2491 2272 ejus
2529 2208 2917 2275 gubernatione
2944 2209 3141 2273 differt,
3179 2223 3269 2278 op.
3303 2216 3353 2276 1,

1879 2321 1890 2332 .
1962 2320 1974 2342 ,
2010 2293 2057 2334 c.
2164 2321 2175 2331 .

2484 2548 2663 2601 nonoa'.

1792 2671 2059 2734 Quatenus
2082 2674 2149 2726 sit
2174 2672 2227 2725 in
2254 2673 2489 2726 hominis
2510 2682 2786 2740 potestate,
2824 2689 2910 2742 op.
2950 2681 2997 2736 6,
3034 2684 3160 2730 sect.
3198 2682 3244 2730 8.

2572 2847 2601 2918 1

2513 3019 2627 3058 tnta
2638 3047 2648 3058 .

1791 3121 1929 3175 ldeae
1949 3122 2217 3186 pertinent
2231 3120 2299 3172 ad
2318 3133 2533 3173 causam
2552 3120 2930 3186 exemplarem,
2952 3136 3040 3189 op.
3055 3130 3108 3188 2,
3123 3126 3155 3177 l.
3180 3130 3226 3187 1,
3240 3138 3286 3177 c.
3308 3129 3354 3176 4.

1792 3197 1915 3249 Idea
1945 3209 2063 3263 quae
2083 3196 2241 3249 estin
2274 3204 2394 3248 actu
2421 3194 2748 3261 intelligendi
2776 3198 2864 3249 Dei
2886 3211 2995 3251 non
3016 3212 3073 3252 se
3114 3200 3271 3252 habel
3301 3206 3359 3253 ut

1856 3272 2121 3335 objectum
2158 3272 2643 3336 repraesentationis
2672 3278 3054 3334 creaturarum,
3094 3274 3161 3327 ib.

1795 3347 1932 3401 ldeae
1956 3348 2210 3400 denotant
2241 3347 2501 3399 rationem
2536 3360 2729 3411 causae,
2757 3347 2825 3399 ib.

2418 3496 2729 3552 famularia.

1797 3635 1898 3692 Cur
1936 3637 2235 3705 ignorantia
2272 3627 2597 3691 antecedens
2636 3640 2931 3693 libertatem
2978 3624 3146 3704 tollat,
3180 3656 3266 3708 op.
3309 3646 3353 3707 1,

1859 3718 1893 3768 l.
1934 3720 1981 3779 1,
2016 3728 2062 3767 c.
2100 3720 2146 3768 3.

2420 3832 2732 3870 tumvlouml.

1795 3938 1919 3992 Sine
1950 3938 2129 4003 aliquo
2150 3938 2346 4004 praevio
2368 3938 2749 3993 determinaret
2777 3929 2912 3994 Deus
2934 3955 3149 3997 causam
3171 3958 3359 3997 seeun-

1856 4014 1979 4067 dam
2002 4014 2069 4066 ad
2110 4014 2413 4067 individuos
2436 4023 2603 4079 actuS,
2626 4016 2671 4068 si
2712 4018 2780 4069 ab
2826 4018 2940 4081 ipso
2981 4026 3063 4071 est
3102 4020 3359 4073 determi-

1859 4091 2056 4153 nanda,
2094 4103 2182 4155 op.
2220 4092 2265 4152 1,
2304 4090 2338 4141 l.
2376 4094 2423 4152 1,
2459 4105 2505 4144 c.
2539 4096 2585 4141 7.

2440 4260 2700 4299 mumulo
2708 4286 2718 4297 .

1795 4388 2069 4441 Induratio
2092 4388 2147 4439 in
2168 4388 2309 4441 malo
2332 4400 2439 4441 non
2458 4394 2539 4441 est
2557 4402 2590 4441 a
2608 4390 2715 4442 Deo
2734 4400 2858 4441 vere
2881 4396 2933 4441 et
2958 4390 3191 4455 proprie,
3214 4397 3269 4445 ut
3289 4390 3357 4444 ab

1858 4469 2092 4525 auctore,
2129 4475 2217 4529 op.
2248 4462 2354 4525 1,l.
2392 4468 2439 4523 2,
2476 4476 2523 4515 e.
2561 4468 2606 4514 8.

1795 4539 1898 4591 Sed
1927 4538 2048 4591 ideo
2072 4541 2175 4591 Deo
2218 4538 2465 4591 tribuitur
2506 4536 2818 4603 aliquando,
2840 4538 2965 4603 quia
2986 4538 3209 4607 denegat
3234 4555 3359 4608 gra-

1859 4612 1987 4666 tiam
2016 4626 2121 4678 qua
2149 4611 2479 4667 emolliretur
2503 4627 2614 4675 cor,
2650 4612 2721 4665 ib.

2387 4781 2781 4821 tnsrnunssxwu.

1797 4920 2215 4975 lustramentum
2258 4922 2497 4975 naturale
2535 4934 2645 4975 non
2692 4911 2897 4989 indiget
2925 4924 3274 4989 prae'motione
3304 4933 3361 4979 ut

1861 5007 2130 5065 operetur,
2152 4999 2275 5051 licet
2295 4998 2568 5050 artificiale
2588 5010 2653 5050 ea
2676 4996 2925 5064 indigeat,
2952 4994 3285 5063 ορ.1,1.1,ο“.
3310 5006 3356 5053 6.

2558 5184 2597 5255 J

2484 5408 2680 5446 ‹108an-

1799 5524 1995 5590 Joseph
2024 5523 2267 5577 exaltatio
2292 5520 2551 5589 praelinita
2583 5530 2663 5576 est
2688 5537 2717 5575 a
2760 5525 2885 5587 De0,
2910 5532 2963 5577 et
2990 5523 3047 5577 in
3082 5525 3358 5579 exaltatio·

1865 5613 1988 5653 nem
2011 5599 2255 5652 ordinata
2281 5606 2362 5652 est
2381 5598 2618 5652 venditio
2646 5599 2887 5663 praevisa,
2912 5611 3000 5665 op.
3032 5605 3081 5661 1,
3108 5601 3138 5651 l.
3164 5606 3214 5662 2,
3236 5615 3283 5653 c.
3313 5607 3360 5655 5.

2951 5690 3027 5750 38
