3850 6225
591 382 760 469 sacr.
797 412 880 465 ιιι.
927 410 1140 464 amun
1171 408 1338 463 'rou
1369 406 1601 464 enam
1633 406 1753 464 raa
1787 407 2113 467 panca-run
2147 410 2369 468 Amissa
2402 406 2661 477 surm,
2696 412 2828 465 s'rc.

90 510 280 585 dam,
317 514 374 575 ei
405 516 591 576 etiam
617 512 919 594 paulatim
953 512 1314 573 restituetur
1341 529 1454 590 pro
1487 511 1674 571 ratio-

87 624 178 665 ne
213 606 668 687 dispositionis;
697 608 1064 686 disponetur
1091 610 1302 667 autem
1329 605 1673 684 repetendo

91 700 346 762 similes
385 710 562 763 actus
594 701 1002 782 poenitentioe,
1033 701 1132 760 vel
1171 700 1540 773 dilectioniS,
1566 703 1674 759 aut

91 793 264 853 alios
304 796 748 875 aequivalentes
789 794 852 853 in
885 794 1108 854 merito
1138 794 1306 872 apud
1339 794 1560 853 Deum.
1597 795 1674 853 At

91 906 277 959 vere,
319 889 370 948 si
419 890 608 949 homo
634 906 764 947 non
793 887 1061 965 amplius
1095 904 1162 947 se
1207 885 1526 965 disponat,
1561 886 1674 946 sed

91 998 250 1039 cum
277 1000 354 1041 ea
387 982 749 1060 imperfecta
775 979 1178 1058 dir-positione
1205 979 1490 1053 decedat,
1518 998 1674 1038 nun-

92 1092 298 1150 quam
342 1074 645 1134 obtinebit
697 1073 966 1133 fructum
1013 1070 1502 1150 praecedentium
1545 1090 1674 1132 me·

91 1167 371 1225 ritorum
410 1167 620 1245 quoad
673 1167 812 1227 illos
867 1164 1100 1245 gradus
1150 1165 1390 1244 gratiae,
1423 1172 1676 1243 propter

89 1260 588 1322 fundamentum
612 1258 1024 1340 praecedentis
1053 1260 1374 1320 sententiae
1397 1304 1412 1330 ,
1455 1259 1518 1318 in
1549 1274 1672 1337 quo

95 1357 232 1415 iiaec
267 1356 546 1417 secunda
569 1355 843 1415 camilla
881 1354 1193 1414 convenit.
1219 1354 1435 1414 Differt
1460 1357 1674 1413 tamen

89 1450 158 1508 in
199 1450 396 1510 modo
422 1450 720 1529 loquendi
751 1450 814 1509 in
852 1448 1076 1529 prioris
1117 1448 1438 1509 sententiae
1466 1446 1674 1507 decla-

91 1544 350 1603 ratione
402 1544 744 1615 insinuato;
790 1548 981 1622 negat
1010 1540 1178 1602 enim
1225 1547 1372 1602 tunc
1415 1558 1672 1599 manere

93 1636 321 1696 omnia
349 1637 572 1697 merita
607 1637 847 1716 integre
873 1635 1179 1695 vivificata
1210 1652 1321 1713 per
1353 1633 1674 1713 imperfec—

89 1736 228 1788 tam
265 1728 762 1809 dispositionem.
796 1731 866 1790 In
897 1746 1020 1807 quo
1065 1734 1232 1788 certe
1275 1727 1423 1787 satis
1455 1744 1674 1787 conse-

91 1831 378 1902 quenter
405 1824 700 1904 loquitur,
732 1824 1004 1903 ideoque
1030 1824 1092 1882 in
1121 1826 1251 1883 tota
1299 1820 1674 1901 praecedenti

93 1918 383 1979 sectione
413 1936 530 1979 nos
561 1920 644 1979 ita
677 1918 866 1977 locuti
891 1934 1132 1988 sumus,
1163 1933 1310 1975 nam
1335 1915 1552 1975 merita
1586 1914 1676 1974 vi-

91 2010 365 2079 vificari,
395 2018 487 2073 est
511 2010 754 2072 restitui
777 2011 859 2071 ad
889 2016 1118 2070 statum
1148 2008 1211 2067 in
1236 2026 1361 2086 quo
1393 2026 1465 2066 ex
1498 2013 1672 2085 parte

89 2104 370 2181 subjecti
429 2103 550 2165 sint
602 2104 918 2175 efficacia,
974 2109 1034 2163 et
1077 2120 1202 2161 non
1252 2100 1550 2180 impedita
1593 2100 1707 2160 ad.

91 2215 292 2257 suum
339 2197 629 2258 effectum
670 2194 1152 2266 eonferendum;
1195 2212 1368 2272 erge,
1409 2192 1461 2253 si
1499 2211 1576 2254 ex
1617 2193 1672 2253 vi

91 2291 276 2350 illius
319 2290 742 2371 dispositionis
783 2308 910 2349 non
952 2292 1214 2370 possunt
1254 2286 1536 2349 conferre
1579 2294 1674 2347 to-

93 2392 240 2444 tum
283 2386 608 2455 effectum,
645 2402 852 2461 neque
897 2384 960 2442 in
1002 2384 1120 2442 bac
1164 2382 1318 2455 vita,
1365 2398 1572 2460 neque
1603 2380 1670 2439 in

93 2479 314 2536 futura
338 2524 352 2548 ‚
389 2496 518 2537 non
567 2476 960 2537 vivificantur
999 2477 1236 2554 integre
1289 2480 1351 2535 et
1385 2474 1671 2553 simplici—

97 2578 196 2629 tux·
229 2570 442 2630 omnia
471 2571 692 2631 merita
727 2588 803 2631 ex
831 2570 887 2629 vi
919 2570 1060 2631 talis
1091 2568 1532 2648 dispositioniS‚
1559 2565 1671 2626 sed

97 2665 312 2721 solum
342 2680 418 2721 ex
444 2667 640 2741 parte.
661 2660 764 2723 11ae
789 2662 978 2741 igitur
1006 2666 1150 2721 sunt
1173 2659 1500 2739 opiniones
1529 2676 1668 2739 quae

97 2757 270 2815 inter
309 2772 417 2815 eos
467 2755 818 2816 Themistas
857 2760 1219 2827 versantur,
1263 2754 1368 2831 qui
1401 2753 1674 2831 aliquam

95 2866 322 2907 veram
366 2848 864 2909 reviviscentiam
907 2848 1268 2908 meritorum
1315 2846 1670 2919 admittunt,

99 2960 264 3019 quas
305 2940 503 3001 fusius
546 2941 854 3001 declaravi
902 2958 1091 3019 quam
1124 2939 1205 3000 ab
1246 2940 1334 3000 eis
1366 2939 1675 3019 explicen-

99 3040 230 3106 tur,
263 3034 410 3113 quia
440 3033 687 3095 difficile
713 3041 807 3095 est
838 3034 1046 3093 omnia
1074 3050 1214 3111 quae
1256 3032 1469 3093 dicunt
1497 3032 1675 3093 intel-

97 3129 308 3206 ligere
337 3134 400 3188 et
426 3127 782 3200 conciliare,
820 3127 1143 3206 multaque
1187 3145 1262 3187 ex
1288 3128 1383 3187 his
1410 3143 1550 3205 quae
1582 3126 1676 3186 di-

98 3239 352 3292 ximus,
395 3221 600 3298 potius
641 3239 718 3282 ex
765 3239 984 3280 eorum
1027 3220 1344 3298 principiis
1398 3219 1676 3280 inferun-

99 3320 228 3386 tur,
259 3331 452 3392 quam
485 3313 565 3375 ab
594 3315 684 3375 eis
713 3331 1008 3392 expresse
1039 3318 1422 3374 asserantur.

619 3572 829 3636 Tertia
872 3573 1194 3634 sententia.

191 3789 294 3846 to.
341 3788 447 3848 Est
471 3787 662 3866 igitur
689 3787 872 3848 tertia
899 3786 1210 3848 sententia
1243 3786 1431 3858 Scoti,
1465 3785 1674 3846 dicen—

106 3884 181 3942 tis
207 3880 474 3958 gratiam
499 3881 772 3941 debitam
801 3880 1110 3959 prioribus
1135 3877 1370 3939 meritis
1389 3895 1517 3938 non
1547 3897 1673 3938 res-

103 3975 242 4036 titui
287 3973 519 4034 homini
551 3973 758 4033 statim
785 3973 850 4032 in
892 3973 1026 4051 ipsa
1057 3971 1525 4052 justificatione,
1563 3989 1672 4032 ne-

102 4087 232 4148 que
269 4068 457 4128 etiam
485 4068 549 4127 in
593 4066 878 4127 discursu
917 4067 1104 4128 totius
1132 4066 1296 4138 vitae,
1342 4067 1672 4143 qnantum-

101 4177 382 4238 enmque
409 4177 519 4239 per
545 4161 881 4233 ferventeS‚
915 4167 978 4222 et
1003 4159 1232 4220 multos
1267 4165 1439 4221 actus
1460 4177 1526 4219 se
1553 4159 1674 4219 dis-

101 4260 325 4334 ponat.
359 4255 444 4314 Ita
475 4259 647 4315 tenet
671 4254 916 4329 Scotus‚
945 4251 1336 4313 distinctione
1371 4251 1674 4330 vigesima

101 4347 391 4408 secunda
416 4392 430 4420 ,
483 4346 741 4408 articulo
782 4345 1093 4416 secundm
1142 4351 1203 4405 et
1243 4345 1564 4404 Almainus
1593 4345 1676 4405 ibi

99 4439 454 4518 quaestione
483 4439 686 4517 prima
704 4445 818 4512 ;·ct
846 4437 1195 4512 Durandus,
1223 4438 1287 4498 in
1315 4438 1522 4510 tertio,
1556 4438 1676 4498 dis-

103 4533 407 4595 tinctione
447 4533 766 4613 trigesima
801 4533 1024 4610 prima,
1067 4532 1410 4610 quaestione
1452 4551 1678 4593 secun-

105 4628 210 4688 da.
250 4627 528 4704 Itemque
560 4626 746 4686 sentit
773 4626 1080 4685 Marsilius
1106 4626 1168 4685 in
1202 4628 1449 4703 quarm,
1481 4643 1676 4704 quaes-

104 4723 284 4781 tione
329 4719 684 4790 undecima,
717 4719 976 4779 articulo
1015 4720 1252 4798 prim03
1291 4737 1483 4789 nam,
1532 4718 1678 4779 licet

107 4815 280 4874 dicat.
301 4831 552 4891 semper
571 4813 892 4873 hominem
915 4829 1245 4892 resurgere
1269 4811 1346 4871 ad
1369 4812 1676 4891 majorem

108 4907 380 4986 gratiam
445 4907 686 4967 ratione
745 4906 1113 4966 meritorum
1159 4905 1674 4983 praecedentium,

107 5019 242 5061 non
271 5000 546 5078 loquitur
567 5005 803 5070 tamen,
836 5001 905 5057 ut
928 4997 1076 5058 satis
1105 4997 1404 5070 declarat,
1439 4997 1514 5058 de
1546 5016 1681 5058 ma-

103 5093 235 5172 jori
279 5094 478 5173 gratia
506 5091 838 5163 intensive,
884 5109 996 5152 seu
1045 5091 1108 5150 in
1153 5109 1292 5151 esse
1341 5091 1675 5168 qualitatiS,

109 5194 182 5246 ut
215 5188 426 5259 aiunt;
473 5186 585 5246 sed
627 5185 704 5246 de
749 5191 1090 5264 augmento
1121 5183 1334 5264 gratiae
1361 5185 1677 5244 extensivo

111 5282 176 5340 in
207 5281 424 5342 ordine
463 5279 544 5340 ad
581 5279 876 5350 effeetus,
907 5295 1097 5356 quam
1135 5277 1240 5337 alii
1278 5283 1504 5338 vocant
1549 5295 1678 5337 ma-

106 5376 313 5455 jorem
366 5375 632 5454 gratiam
682 5373 748 5433 in
807 5391 943 5434 esse
994 5371 1239 5452 gratias,
1293 5373 1437 5451 quia
1488 5373 1676 5433 homo

114 5486 366 5547 semper
417 5467 616 5547 surgit
645 5485 682 5528 a
714 5471 972 5546 peccato
1007 5471 1301 5545 acceptus
1357 5465 1436 5524 ad
1484 5465 1678 5544 majo-

111 5581 246 5623 rem
289 5563 548 5644 gloriam
575 5607 590 5637 ,
639 5566 710 5621 ut-
745 5561 954 5622 statim
996 5559 1474 5622 declarabimus.
1513 5559 1678 5620 Fun-

3194 402 3315 466 493

1755 512 2122 575 dementum
2154 534 2304 593 ergo
2335 515 2521 594 hujus
2550 512 2875 574 sententiae
2916 510 3124 589 quoad
3157 510 3320 571 hanc

1756 615 1995 687 partem
2046 615 2141 670 est
2192 610 2360 670 idem
2430 608 2599 687 quod
2662 604 3189 686 praecedentium,
3228 604 3322 664 ni·

1755 702 1981 761 mirum
2030 703 2199 781 quod
2248 704 2468 781 gratia,
2514 708 2826 788 quatenu-s
2890 704 2984 757 est
3029 697 3321 776 quaedam

1753 794 1951 855 forma
1984 796 2169 855 realis
2212 801 2274 857 et
2301 796 2582 874 physica,
2617 794 2818 853 solum
2848 790 3195 851 infunditur
3220 790 3322 851 vel

1753 894 2022 967 augetur
2062 889 2369 949 intensive
2422 888 2601 967 juxta
2656 884 3127 965 dispositionem
3176 882 3325 944 sub-

1747 982 1933 1061 jecti;
1966 988 2028 1043 et
2050 982 2191 1043 ideo
2218 987 2547 1061 postquam
2581 982 2768 1041 homo
2800 978 3065 1059 gratiam
3092 976 3317 1049 amisit,

1753 1092 2077 1153 nunquam
2109 1074 2278 1135 illam
2314 1080 2648 1153 recuperat
2674 1073 3084 1133 intensiorem
3132 1088 3322 1149 quam

1757 1168 1834 1227 sit
1863 1168 2123 1227 actualis
2152 1167 2497 1245 dispositiO,
2528 1184 2641 1245 per
2665 1184 2853 1244 quam
2886 1164 3056 1223 illam
3078 1164 3317 1241 recipit;

1757 1266 1817 1320 et
1856 1260 2077 1321 eadem
2109 1260 2347 1321 ratione
2387 1278 2717 1338 nunquam
2748 1258 2973 1334 accipit
3020 1274 3323 1334 augmen·-

1754 1360 1886 1415 tum
1929 1355 2063 1433 ejus
2096 1355 2210 1413 nisi
2248 1354 2425 1433 juxta
2468 1370 2832 1413 mensuram
2868 1350 3085 1410 similis
3112 1348 3324 1427 dispo-

1757 1447 2017 1507 sitioniS.
2048 1448 2210 1525 Ergo
2246 1465 2571 1524 nunquam
2612 1450 2816 1523 potest
2845 1444 2949 1503 illa
3002 1442 3201 1523 gratia
3258 1442 3321 1501 in

1754 1542 1872 1601 hac
1904 1540 2029 1600 vita
2060 1541 2273 1617 augeri
2320 1558 2395 1600 ex
2436 1540 2499 1598 vi
2546 1537 3033 1617 praecedentium
3070 1535 3323 1595 merito·

1754 1652 1917 1705 rum,
1952 1634 2095 1712 quia
2126 1652 2254 1693 non
2284 1636 2543 1711 possunt
2589 1632 2689 1691 illa
2716 1631 2938 1690 merita
2980 1630 3227 1689 efficere
3254 1632 3321 1687 ut

1755 1728 1953 1805 gratia
1984 1726 2245 1787 excedat
2284 1730 2662 1805 praesentem
2708 1723 3213 1803 dispositionem;
3260 1725 3322 1781 et

1756 1819 2013 1899 alioqui,
2046 1819 2331 1898 quamvis
2356 1818 2503 1880 talia
2545 1817 2765 1877 merita
2798 1834 2927 1877 non
2970 1813 3324 1894 praecessis-

1755 1919 1913 1986 sent,
1948 1913 2203 1973 daretur
2236 1912 2471 1973 homini
2512 1917 2639 1972 tota
2672 1910 2871 1990 gratia
2900 1926 3029 1969 suae
3064 1907 3324 1987 disposi-

1753 2007 1907 2067 tioni
1938 2012 2475 2077 commensurata;
2510 2024 2661 2085 ergo
2689 2004 2842 2065 nihil
2886 2004 3100 2085 gratias
3140 2003 3323 2063 datur

1755 2100 1822 2159 in
1877 2100 1993 2159 hac
2058 2100 2182 2160 vita
2230 2107 2485 2179 propter
2540 2098 2763 2160 merita
2812 2097 3009 2158 semel
3061 2095 3323 2158 mortiti-

1756 2199 1918 2253 cata.

1836 2290 1935 2346 Μ.
1956 2286 2134 2350 Beati
2138 2287 2229 2349 tui
2232 2292 2417 2368 putat
2436 2285 2661 2349 Scotus
2673 2286 3043 2366 deperditam
3056 2286 3323 2370 qratiam

1751 2380 1820 2441 in
1849 2379 1977 2443 alia
1994 2381 2327 2443 ‘cim—An
2352 2398 2498 2441 vero
2520 2378 2725 2451 detur,
2754 2379 2977 2441 saltem
3010 2380 3071 2441 in
3094 2382 3216 2441 alia
3238 2382 3323 2442 vi-

1752 2476 1839 2545 ta,
1891 2473 2038 2535 dicti
2074 2480 2361 2535 auctores
2390 2473 2675 2535 distincte
2704 2492 2833 2534 non
2872 2474 3228 2548 declarant;
3262 2483 3324 2537 et

1753 2568 1912 2627 solet
1933 2568 2115 2629 Scoto
2142 2568 2413 2640 attribui,
2450 2568 2621 2645 quod
2645 2573 2835 2645 neget
2865 2566 3034 2627 illam
3058 2569 3322 2648 gratiam

1752 2661 1993 2721 restitui
2017 2661 2205 2721 etiam
2236 2661 2297 2720 in
2333 2661 2459 2719 vita
2490 2660 2722 2731 futura,
2756 2661 2903 2740 quia
2933 2662 2995 2721 in
3026 2662 3321 2740 praedicto

1754 2754 1891 2814 loco
1942 2753 2264 2833 distinguit
2300 2754 2615 2831 duplicem
2666 2754 2929 2833 gloriam
2965 2754 3140 2832 quasi
3181 2773 3325 2834 par-

1753 2848 1969 2908 tialem
2020 2848 2082 2907 in
2140 2848 2275 2927 ipso
2329 2847 2585 2926 praemio
2644 2846 3009 2909 essentiali:
3060 2847 3323 2908 alteram

1756 2936 2351 3019 correspondentem
2402 2943 2616 3019 gratia„⁸
2663 2942 2727 3000 in
2762 2940 2977 3001 ultima
3020 2941 3323 3019 justifica-

1757 3036 1924 3095 tione
1964 3034 2220 3109 infusoe,
2254 3034 2352 3095 vel
2394 3038 2613 3114 postea
2665 3033 2851 3094 etiam
2898 3040 3318 3114 comparatoe3

1756 3129 2014 3190 alteram
2050 3129 2645 3208 coi-respondentem
2698 3128 2933 3188 meritis
2960 3128 3135 3207 prius
3162 3147 3323 3188 mor-

1755 3223 2001 3284 tificatis
2026 3269 2041 3296 ,
2103 3229 2165 3283 et
2219 3229 2456 3312 postea·
2490 3221 2834 3282 vivificatis
2876 3223 3324 3282 Verumtamen

1755 3319 1978 3378 Scotus
2029 3335 2353 3396 nunquam
2410 3315 2473 3376 id
2519 3317 2773 3396 negavit
2802 3359 2817 3388 ‚
2877 3333 3084 3395 neque
3123 3316 3325 3395 potuit

1756 3417 2217 3489 consequenter
2262 3427 2496 3490 negare
2523 3455 2539 3484 ,
2574 3409 2722 3489 quia
2752 3427 2831 3470 ex
2872 3409 3035 3470 illius
3073 3416 3325 3471 senten—

1755 3505 1840 3565 tia
1873 3509 2071 3565 totum
2112 3503 2445 3565 essentiale
2468 3503 2803 3582 praemium
2827 3502 3325 3580 correspondens

1755 3598 2067 3677 prioribus
2120 3597 2380 3672 meritis,
2427 3614 2565 3675 quae
2599 3595 2969 3656 mortificata
3018 3593 3273 3656 fuerunt
3304 3641 3320 3666 ‚

1753 3691 1943 3752 datur
1992 3691 2227 3751 homini
2280 3689 2343 3749 in
2372 3689 2498 3749 vita
2538 3689 2769 3762 futura,
2804 3689 2853 3748 si
2884 3689 2947 3748 in
2972 3689 3171 3768 gratia
3196 3707 3327 3750 mo-

1753 3785 1953 3844 riatur
1978 3804 1993 3855 3
2030 3803 2201 3857 nam,
2232 3789 2302 3844 ut
2337 3801 2525 3861 supra
2556 3782 2848 3855 vidimus,
2878 3782 2941 3841 in
2988 3783 3107 3842 hoe
3136 3799 3326 3842 sensu

1753 3877 1937 3938 docet
1977 3877 2220 3954 integre
2275 3876 2645 3936 reviviscere
2694 3876 2904 3936 omnia
2946 3875 3167 3936 merita
3214 3893 3328 3954 per

1753 3987 2215 4050 quamcumque
2250 3969 2759 4048 justificationem
2808 3970 3181 4048 peccatoris;
3214 3969 3325 4030 sed

1754 4065 2080 4146 proemium
2135 4063 2469 4126 essentiale
2518 4064 2583 4122 in
2621 4064 2822 4142 patria
2872 4081 3123 4141 semper
3179 4080 3328 4140 sup—

1758 4159 1934 4237 ponit
1980 4158 2245 4237 gratiam
2312 4161 2814 4218 consummatam
2867 4163 2929 4218 et
2982 4156 3327 4235 proportio-

1757 4258 2011 4319 natam;
2072 4269 2223 4330 ergo
2277 4269 2537 4312 necesse
2582 4256 2677 4311 est
2726 4257 2793 4313 ut
2836 4250 2942 4310 illa
2992 4250 3215 4329 gratia,
3275 4250 3326 4309 si

1761 4344 1823 4404 in
1861 4346 1978 4406 hac
2006 4346 2131 4406 vita
2162 4351 2521 4423 comparata
2564 4363 2691 4404 non
2722 4351 2837 4416 est,
2872 4343 3093 4404 saltem
3134 4343 3198 4402 in
3238 4343 3327 4402 in-

1761 4457 1983 4517 gressu
2046 4439 2263 4518 patrioe
2326 4437 2710 4498 infundatur.
2768 4439 2843 4498 Et
2901 4436 3256 4497 declaratur
3308 4482 3323 4507 ,

1759 4551 1930 4604 nam,
1964 4533 2014 4592 si
2055 4533 2251 4612 gratia
2292 4537 2386 4593 est
2427 4532 2492 4591 in
2524 4531 2793 4592 essentia
2840 4530 3085 4602 animae,
3132 4535 3197 4590 ut
3250 4530 3323 4589 D.

1755 4625 2031 4686 Thomas
2061 4625 2213 4700 vult,
2238 4631 2637 4703 comparatur
2662 4624 2741 4684 ad
2766 4624 3161 4684 essentialem
3184 4623 3329 4684 bea-

1758 4721 2087 4782 titudinem
2130 4727 2429 4798 tanquam
2470 4719 2949 4779 fundamentum
2998 4719 3135 4797 ejus
3163 4764 3179 4792 ,
3228 4719 3329 4779 vel

1756 4818 2060 4893 tanquam
2092 4813 2363 4874 essentia
2410 4811 2491 4872 ad
2534 4831 2719 4872 suum
2750 4817 2954 4873 aetum
2986 4813 3273 4873 ultimum
3312 4831 3327 4885 ;

1761 4903 1911 4986 ergo
1976 4925 2107 4966 non
2175 4910 2378 4984 potest
2437 4905 2783 4966 seeundum
2853 4904 3328 4967 convenientem

1763 4999 2051 5060 ordinem
2084 5017 2223 5059 esse
2266 4997 2572 5059 intensior
2607 4998 2930 5059 beatitudo
2964 5017 3155 5078 quam
3186 5017 3331 5078 gra-

1759 5095 1888 5164 tia3
1926 5111 2103 5172 erge,
2136 5091 2274 5152 siin
2306 5091 2429 5152 vita
2474 5092 2683 5153 futura
2740 5091 2927 5154 datur
2971 5093 3123 5153 illud
3173 5111 3331 5171 aug-

1760 5191 2043 5246 mentum
2066 5186 2131 5245 in
2166 5184 2551 5246 beatitudine
2576 5186 2731 5264 ipsa,
2754 5185 3111 5247 necessario
3142 5183 3329 5244 etiam

1760 5278 1955 5339 debet
1984 5279 2120 5339 dari
2149 5280 2211 5338 in
2240 5279 2373 5358 ipsa
2404 5279 2622 5358 gratia.
2658 5279 2721 5340 Si
2756 5285 2965 5339 autem
2992 5278 3191 5357 gratia
3236 5281 3332 5336 est

1759 5373 2031 5451 ipsamet
2070 5373 2363 5446 charitaS,
2404 5378 2473 5433 ut
2515 5369 2736 5433 Sco'tus
2778 5373 2929 5444 vult,
2974 5372 3199 5432 eadem
3228 5369 3331 5430 vel

1757 5467 1999 5544 majore
2044 5467 2287 5528 ratione
2312 5465 2481 5527 idem
2512 5465 2921 5539 concluditur,
2950 5465 3097 5543 quia
3133 5464 3331 5524 inten-

1759 5558 1850 5620 sio
1882 5559 2198 5621 charitatis
2240 5559 2575 5621 habitualis
2607 5559 2675 5619 in
2712 5558 2913 5638 patria
2964 5559 3152 5622 debet
3190 5577 3329 5621 esse
