3850 6225
533 416 650 481 406

533 530 596 587 et
621 524 688 584 in
719 523 856 601 ejus
887 522 1152 603 gloriam
1183 529 1245 583 et
1263 523 1568 585 honorem
1595 522 1784 585 debet
1809 526 1981 583 totus
1999 522 2100 585 hic

533 635 735 693 amor,
785 622 1112 696 totumque
1161 616 1400 677 honum
1445 622 1745 679 creaturan
1797 616 2095 691 ordinari,

532 711 820 793 quamvis
851 729 886 771 e
928 728 1230 771 converso
1275 710 1338 771 in
1387 712 1630 771 ratione
1677 709 1990 771 commodi
2036 715 2099 771 01

529 806 698 867 utilis
739 805 914 866 sistat
953 803 1016 863 in
1069 804 1204 883 ipsa
1249 810 1570 865 creatura:
1606 804 1776 882 quod
1821 820 2095 865 commo-

529 899 684 960 dum
719 900 880 959 Deus
908 896 993 957 illi
1039 902 1208 957 amat
1235 903 1300 959 et
1333 898 1508 969 vult3
1549 903 1611 958 01
1637 896 1778 957 ideo
1825 914 1975 957 vere
2021 914 2093 957 ac

529 992 780 1073 proprie
836 995 1007 1051 amat
1059 990 1227 1051 illam
1274 989 1558 1051 amicitia}
1607 1007 1822 1051 amore
1865 989 2093 1050 divinas

531 1084 842 1165 majestati
885 1090 947 1145 et
975 1083 1352 1144 excellentite
1380 1084 1869 1162 proportionato.
1906 1086 2091 1143 Recte

532 1197 682 1239 vero
712 1177 934 1256 probat
963 1176 1119 1237 ratio
1165 1176 1328 1237 facta
1375 1177 1575 1237 Deum
1621 1176 1858 1237 nullam
1905 1176 2095 1237 aliam

535 1277 888 1333 creaturam
919 1275 1146 1347 praeter
1179 1270 1665 1331 intellectualem
1710 1288 1922 1331 amare
1953 1289 2099 1349 pro·

535 1365 672 1445 prio
700 1382 912 1425 amore
941 1363 1250 1435 amicitiae,
1280 1362 1428 1442 quia
1463 1364 1636 1425 nulla
1663 1364 1784 1425 alia
1807 1369 1904 1425 est
1932 1381 2102 1424 ama-

535 1458 678 1519 bilis
723 1458 829 1538 huj
841 1458 1082 1519 asmodi
1131 1475 1370 1527 amore,
1427 1463 1492 1518 ut
1547 1463 1716 1518 recte
1769 1458 1981 1519 docuit
2031 1459 2099 1518 D.

535 1551 809 1610 Thomas
835 1550 896 1609 in
924 1552 984 1611 2.
1013 1552 1076 1625 2,
1103 1550 1222 1611 loc.
1269 1550 1397 1625 cit.,
1446 1556 1508 1611 et
1540 1550 1962 1611 communiter
1998 1549 2103 1609 alii

535 1642 860 1721 Theologi.

623 1740 720 1798 19.
773 1736 899 1810 Quo
926 1754 1124 1799 amore
1153 1738 1318 1799 Deus
1347 1742 1507 1801 amet
1535 1743 1848 1801 creaturas
1870 1738 2104 1801 ratione

539 1836 834 1894 carentes.
856 1864 938 1876 —
960 1832 1039 1892 D.
1075 1830 1286 1892 Thom.
1309 1862 1388 1877 —
1417 1832 1542 1892 Nec
1569 1848 1718 1891 vero
1747 1837 1918 1892 amat
1937 1831 2103 1891 Deus

541 1924 697 1985 alias
741 1930 1060 1985 creaturas
1089 1940 1300 1985 amore
1329 1923 1640 1985 commodi
1667 1942 1780 1985 seu
1807 1924 2105 2003 concupi·-

541 2018 792 2079 scentiae
822 2024 1110 2097 respectu
1141 2019 1258 2093 sui,
1303 2018 1415 2079 sed
1459 2026 1748 2098 respectu
1787 2027 2105 2082 ereatura·

541 2130 680 2173 rum
707 2111 1102 2173 rationalium
1123 2130 1138 2184 ;
1163 2112 1310 2189 quia
1340 2130 1559 2173 omnes
1583 2112 1906 2174 inferiores
1936 2132 2105 2175 crea-

541 2210 716 2264 turas
743 2202 874 2263 vult
901 2210 1156 2282 propter
1179 2203 1578 2265 rationalium
1605 2205 2007 2267 commodum
2046 2212 2109 2266 et

543 2296 908 2370 utilitatem3
935 2303 1126 2374 atque
1151 2298 1230 2357 ita
1256 2297 1396 2358 talis
1425 2316 1624 2371 amor,
1647 2300 1790 2359 licet
1817 2304 2108 2378 respectu

542 2400 970 2451 creaturarum
987 2390 1443 2451 irrationalium
1459 2393 1536 2452 sit
1561 2393 2103 2471 concupiscentiae,

543 2490 755 2543 tamen
803 2488 1096 2562 respectu
1139 2483 1650 2546 intellectualium
1701 2493 1794 2547 est
1839 2486 2110 2547 benevo-

541 2576 750 2637 lentiae
773 2576 870 2636 vel
899 2576 1207 2649 amicitioe,
1227 2583 1295 2638 ut
1317 2578 1689 2657 significavit
1711 2580 1779 2640 D.
1807 2578 2105 2651 ThomaS,

545 2673 574 2730 1
601 2676 792 2749 part.,
825 2674 1043 2749 quaest.
1065 2673 1166 2743 21,
1197 2671 1374 2731 artic.
1401 2675 1462 2745 2,
1487 2671 1568 2733 ad
1593 2674 1651 2733 3.
1686 2674 1760 2734 Et
1780 2672 1899 2733 hoc
1917 2672 2107 2734 modo

538 2763 982 2844 intelligendus
1029 2769 1123 2826 est
1176 2767 1205 2825 1
1243 2771 1408 2827 00111.
1443 2773 1642 2845 gent.,
1677 2785 1816 2845 cap.
1849 2770 1949 2829 91.
1990 2766 2107 2838 Qui

540 2857 754 2931 etiam,
803 2876 940 2937 cap.
984 2859 1086 2928 93,
1129 2858 1370 2919 ratione
1413 2861 1475 2930 6,
1508 2860 1654 2921 hinc
1683 2860 1914 2939 optime
1962 2877 2110 2919 con·

542 2950 734 3013 cludit
761 2952 960 3013 Deum
989 2951 1146 3012 velle
1178 2951 1316 3013 aliis
1356 2951 1595 3013 bonum
1633 2971 1878 3013 summa
1924 2951 2109 3013 liber-

541 3051 708 3118 tate,
741 3063 912 3120 nam,
959 3044 1106 3106 licet
1147 3045 1294 3106 velit
1343 3044 1480 3107 aliis
1525 3064 1594 3107 se
1641 3046 2107 3107 communicare

542 3145 798 3220 propter
835 3138 1134 3217 seipsum,
1171 3139 1234 3200 id
1281 3145 1394 3214 est,
1430 3140 1576 3219 quia
1623 3141 1766 3202 talis
1797 3141 1959 3202 actio
1990 3139 2109 3201 sibi

545 3231 841 3311 competit
855 3237 923 3292 ut
947 3231 1098 3294 fonti
1127 3231 1439 3308 bonitatis,
1467 3251 1594 3294 non
1613 3239 1826 3295 tamen
1853 3251 1920 3294 se
1942 3249 2110 3294 com-

543 3326 844 3398 municat,
873 3331 944 3386 ut
967 3323 1112 3384 inde
1154 3324 1388 3404 aliquid
1418 3326 1728 3388 commodi
1757 3327 1872 3388 sibi
1899 3343 2109 3388 accre-

549 3424 680 3480 scat
697 3435 718 3496 3
761 3418 985 3480 eadem
1014 3418 1182 3479 enim
1227 3425 1321 3480 est
1350 3419 1512 3480 ratio
1540 3419 1751 3500 quoad
1789 3420 1931 3490 hoc,
1984 3435 2113 3480 ser-

547 3519 691 3573 vata
711 3511 1138 3590 proportione,
1171 3511 1250 3571 de
1281 3511 1576 3584 amicitia,
1603 3519 1668 3574 et
1693 3512 2063 3574 liberalitate
2090 3531 2109 3584 ;

549 3625 700 3668 nam
735 3605 894 3666 sicut
941 3603 1210 3666 amicitia
1253 3623 1384 3666 non
1411 3606 1664 3684 respicit
1709 3605 2113 3667 commodum

551 3699 842 3781 amantis,
875 3697 960 3758 ita
991 3715 1110 3758 1100
1135 3697 1496 3771 liberalitate,
1545 3697 1774 3772 dantis,
1804 3703 1876 3759 111
1922 3699 2113 3760 etiam

553 3793 917 3856 Aristotcles
951 3791 1124 3863 dixit,
1157 3793 1197 3852 4
1227 3792 1455 3864 Ethic„
1489 3810 1626 3871 cap.
1671 3795 1733 3852 6.
1790 3791 1965 3855 Sicut
2006 3811 2114 3855 au-

549 3893 678 3948 tem
703 3885 1042 3946 liberalitas
1070 3903 1197 3946 non
1233 3885 1522 3956 excludit,
1550 3885 1677 3946 imo
1706 3885 1967 3947 includit
2005 3886 2115 3947 bo·

550 3980 808 4040 nitatem
835 3997 948 4040 seu
973 3977 1470 4040 convenientiam
1496 3979 1776 4044 actionis,
1810 3985 1872 4040 et
1895 3998 2115 4042 conse-

549 4078 816 4154 quenter
836 4071 1268 4133 habitudinem
1293 4072 1430 4150 ejus
1459 4072 1541 4133 ad
1569 4073 1854 4132 ultimum
1881 4073 2073 4134 finem
2092 4119 2109 4146 ,

551 4169 636 4230 ita
665 4172 730 4229 et
770 4166 1062 4227 amicitia.
1108 4167 1196 4228 Ac
1243 4165 1514 4246 denique
1559 4168 1612 4228 si
1661 4166 2003 4229 liberalitas
2036 4167 2117 4229 sit

551 4263 747 4342 ipsius
787 4262 919 4334 Dei,
961 4260 1070 4340 qui
1113 4265 1208 4322 est
1255 4260 1397 4322 finis
1449 4261 1724 4335 ultimus,
1753 4261 2112 4323 necessario

551 4357 686 4419 fieri
715 4357 1072 4418 debetcum
1097 4360 1387 4434 respectu
1414 4356 1494 4417 ad
1533 4355 1794 4434 gloriam
1825 4363 1887 4418 et
1919 4356 2115 4416 bono-

554 4469 690 4514 rem
723 4450 1046 4530 ipsiusmet
1075 4449 1302 4521 dantis,
1333 4449 1504 4529 quod
1531 4467 1658 4510 non
1687 4455 1782 4510 est
1821 4449 2116 4528 praejudi-

556 4545 721 4606 cium
749 4542 1158 4615 liberalitatis,
1189 4543 1340 4622 quia
1365 4542 1433 4603 id
1475 4543 1744 4621 pertinet
1779 4541 1860 4604 ad
1891 4544 2119 4604 hones-

555 4645 748 4700 tatem
777 4637 1055 4699 actionis.
1085 4637 1162 4698 Et
1185 4635 1352 4698 idem
1379 4654 1635 4716 prorsus
1657 4635 1994 4699 dicendum
2022 4643 2121 4699 est

556 4730 634 4793 de
665 4749 814 4792 vero
845 4729 1128 4792 amicitiae
1153 4748 1392 4792 amore.

553 4966 654 5030 An
675 4966 954 5030 voluntas
983 4967 1190 5030 divina
1200 4972 1452 5050 propter
1468 4965 1784 5050 propriam
1810 4965 2006 5028 solum
2024 4965 2118 5028 vol

633 5061 817 5122 etiam
885 5061 950 5124 ob
1011 5061 1278 5124 aliarum
1341 5077 1548 5123 rorum
1611 5059 1933 5122 bonitatem
1990 5075 2119 5140 ope-

635 5159 827 5217 retur.

637 5385 741 5446 20.
785 5381 1144 5466 Aliquorum
1190 5385 1302 5446 Ῑιασ
1336 5401 1518 5464 super
1565 5400 1634 5446 re
1677 5381 1995 5445 sententia.
2036 5413 2119 5428 —

559 5477 842 5540 Aliorum
877 5477 1098 5558 opinio.
1123 5509 1206 5526 —
1233 5477 1328 5540 Ad
1375 5477 1638 5538 alteram
1677 5481 1920 5556 partem
1974 5482 2121 5537 sunt

561 5569 738 5632 multi
765 5571 1088 5652 Theologi,
1127 5571 1236 5650 qui
1283 5569 1466 5644 facile
1529 5569 1860 5632 admittant
1895 5587 2120 5632 conse-

1033 418 1244 473 OPUSC.
1281 422 1361 473 lv.
1398 420 1701 473 RELEc‘rlo
1737 420 1818 474 DE
1853 420 2201 474 nummu-3
2236 422 2627 477 vomi-tuns
2658 422 2905 477 mvmAE.
2938 420 3181 477 mSPUT.
3220 423 3259 481 Ι.

2180 541 2383 604 quens
2414 526 2583 603 quod
2620 524 2685 585 in
2716 524 2820 585 illa
2848 524 3131 596 infertur,
3184 522 3507 593 nimirum,
3540 522 3728 584 Deum
3829 564 3830 589 ;

2178 616 2243 677 in
2270 618 2561 680 omnibus
2586 617 2883 697 operibus
2905 618 3037 677 suis
3062 616 3305 677 nullam
3340 615 3527 675 aliam
3554 616 3733 677 ratio-

2178 728 2325 771 nem
2378 708 2679 791 operandi
2732 710 2965 771 habere
3006 716 3237 789 praeter
3273 726 3459 769 suam
3502 706 3735 768 bonita-
3829 692 3830 761 ἷ

2176 810 2325 865 10111.
2372 806 2447 865 Et
2476 804 2789 885 principue
2826 804 2911 864 ita
2936 803 3181 863 videtur
3206 801 3449 862 sentire
3476 802 3549 860 D.
3580 802 3733 861 Tho·

2175 901 2387 977 maest
2424 904 2613 977 part.,
2644 901 2867 978 quaest.
2899 899 2996 970 19,
3030 901 3147 956 art.
3174 898 3241 969 2,
3276 899 3343 956 et
3371 894 3547 955 artic.
3574 898 3634 966 1,
3664 896 3737 955 ad
3829 908 3830 917 ¹

2176 995 2237 1065 3,
2259 992 2368 1053 11111
2396 994 2503 1065 ait,
2532 992 2807 1053 divinam
2828 991 3215 1052 voluntatem
3240 1008 3371 1050 non
3396 990 3637 1049 moveri
3666 988 3739 1048 ab
3829 1020 3830 1039 i

2176 1087 2323 1158 ali0,
2356 1086 2469 1147 sed
2500 1104 2537 1146 a
2562 1104 2675 1147 sua
2704 1085 3003 1156 bonitate,
3035 1102 3177 1163 quae
3220 1088 3317 1145 est
3346 1083 3635 1162 ipsamet,
3664 1086 3741 1142 si·
3829 1104 3830 1131 ³

2178 1181 2367 1259 bique
2400 1180 2711 1240 sufficiens
2740 1196 2753 1238 :
2786 1179 2973 1249 Uada,
3004 1177 3229 1255 inquit,
3256 1193 3381 1237 non
3397 1176 3477 1253 fit
3502 1181 3569 1238 nt
3592 1176 3741 1238 nihil

2179 1274 2355 1337 aliud
2381 1274 2548 1344 velit,
2574 1274 2681 1335 sed
2712 1276 2783 1334 ut
2820 1271 2977 1335 nihil
3010 1268 3157 1334 velit
3194 1270 3324 1331 nisi
3358 1270 3595 1331 ratio-u
3620 1286 3740 1331 Μ
3829 1262 3830 1313 1

2180 1365 2491 1429 bonitatis.
2522 1366 2597 1426 Et
2622 1365 2787 1425 idem
2809 1364 3086 1424 sentiunt
3110 1362 3385 1435 AlensiS,
3416 1362 3739 1431 Hem-iem,
3829 1354 3830 1375 J

2184 1460 2458 1532 Gabriel,
2492 1463 2557 1519 et
2582 1458 2708 1518 alii.
2752 1456 2929 1518 Ratio
2962 1476 3113 1518 vero
3152 1460 3319 1517 tacta
3362 1462 3458 1516 est
3498 1454 3562 1515 in
3586 1455 3743 1515 diffi-
3829 1470 3830 1491 *

2184 1556 2414 1616 cultate
2459 1552 2802 1633 proposita,
2840 1552 2987 1629 quia
3037 1552 3101 1611 in
3150 1568 3367 1611 amore
3398 1548 3743 1609 mediorum
3829 1544 3830 1607 3

2183 1648 2474 1709 voluntas
2504 1664 2633 1707 11011
2660 1652 2951 1705 movetur
2975 1645 3093 1705 nisi
3120 1662 3157 1703 a
3194 1644 3345 1703 fine.
3374 1642 3557 1705 Unde
3574 1642 3743 1721 juxta

2184 1742 2353 1801 hunc
2378 1739 2637 1801 modum
2668 1738 2938 1810 dicendi,
2970 1738 3051 1797 ad
3078 1736 3389 1797 rationem
3412 1736 3477 1794 in
3508 1741 3745 1794 contra·
3829 1722 3830 1741 ³

2182 1834 2347 1895 rium
2399 1830 2905 1911 respondebitur,
2966 1831 3168 1892 Deum
3221 1827 3483 1907 quidem
3534 1845 3743 1887 amare
3829 1828 3830 1843 J

2182 1926 2527 1989 bonitatem
2588 1943 2703 1985 seu
2754 1922 3205 2003 perfectionem
3257 1921 3747 1999 uniuscujusque

2184 2026 2486 2081 creaturoe
2536 2036 2651 2097 per
2690 2016 2951 2077 modum
2993 2015 3219 2094 objecti
3256 2013 3623 2084 materialiS,
3664 2019 3751 2071 to-
3829 2036 3830 2039 ¹

2184 2119 2313 2173 tam
2340 2117 2553 2173 autem
2596 2111 2906 2171 rationem
2943 2108 3196 2170 volendi
3234 2125 3377 2167 esse
3410 2106 3751 2167 bonitatem
3829 2122 3830 2169 ;

2187 2204 2387 2266 solam
2436 2205 2633 2283 ipsius
2664 2203 2801 2275 Dei,
2832 2210 2896 2264 et
2932 2202 3017 2262 ita
3058 2201 3231 2261 illam
3278 2199 3481 2260 solam
3524 2198 3751 2258 habere
3829 2236 3830 2243 1

2187 2298 2495 2359 rationem
2526 2297 2691 2369 finis,
2722 2304 2951 2357 caetera
2982 2314 3129 2357 vero
3183 2294 3395 2354 omnia
3442 2292 3751 2352 rationem
3829 2280 3830 2339 Ῠ

2187 2393 2561 2454 mediorum.
2618 2392 2737 2453 Alii
2764 2410 2914 2451 vero
2942 2388 3241 2468 Theologi
3278 2388 3461 2448 aliter
3494 2386 3757 2463 loquun-
3829 2394 3830 2403 ¹

2188 2493 2311 2561 tur,
2364 2487 2663 2560 (1100111οε,
2694 2488 2894 2547 Βο11111
2944 2484 3008 2543 111
3046 2484 3261 2543 multis
3292 2481 3595 2561 operibus
3632 2479 3753 2538 suis
3829 2502 3830 2561 j

2188 2580 2501 2658 respicere
2532 2579 2611 2639 ad
2641 2578 3119 2657 congruentiam
3160 2582 3224 2636 et
3262 2574 3625 2635 decentiam
3666 2574 3751 2651 ip-

2192 2692 2437 2745 sorum3
2471 2674 2641 2751 quod
2674 2672 2943 2733 maxime
2966 2671 3212 2731 videtur
3236 2670 3467 2730 docere
3492 2669 3570 2727 D.
3598 2668 3755 2726 Tho-

2191 2786 2354 2840 maS,
2387 2771 2416 2827 1
2464 2772 2679 2827 contra
2700 2770 2901 2844 gent.,
2934 2766 3133 2843 capite
3160 2764 3241 2824 86
3270 2768 3331 2823 01
3360 2763 3465 2834 87,
3512 2761 3623 2819 ubi
3648 2762 3753 2831 ait,
3829 2750 3830 2765 ¹

2191 2860 2481 2939 quamvis
2508 2878 2635 2919 non
2679 2860 2865 2919 detur
2890 2876 3037 2918 vera
3065 2874 3257 2916 causa
3286 2855 3517 2915 divium
3546 2854 3759 2914 volun·

2189 2954 2333 3014 tatis
2372 2956 2689 3013 aut‘actus
2734 2954 2897 3031 ejuS,
2940 2956 3072 3010 tum
3106 2950 3253 3028 quia
3278 2946 3421 3029 ejus
3450 2948 3613 3007 velle
3635 2964 3761 3005 non
3829 2970 3830 3025 Ῑ

2192 3052 2289 3109 est
2346 3064 2379 3106 a
2424 3064 2539 3106 sua
2582 3046 2901 3105 voluntate
2942 3043 3340 3116 distinctum,
3384 3048 3523 3103 tum
3576 3042 3761 3100 etiam
3829 3028 3830 3059 ³

2190 3141 2337 3220 quia
2368 3140 2591 3201 eodem
2624 3139 3079 3218 simplicissimo
3110 3144 3251 3197 actu
3296 3137 3429 3196 vult
3456 3133 3763 3214 quidquid
3829 3129 3830 3212 J

2190 3233 2342 3306 vult,
2388 3239 2457 3294 111
2484 3233 2671 3294 latius
2694 3233 2827 3311 ipse
2860 3230 3114 3310 exponit
3150 3233 3180 3290 1
3212 3233 3375 3309 part.
3408 3235 3629 3307 quoest.
3662 3229 3759 3293 19,

2194 3327 2368 3387 artic.
2402 3329 2464 3404 5,
2498 3325 2903 3386 nihilominus
2934 3331 3149 3385 tamen
3178 3323 3313 3385 dari
3338 3339 3419 3383 ex
3446 3329 3627 3403 parte
3658 3321 3765 3380 ob·
3829 3337 3830 3406 j

2187 3421 2498 3500 jectorum
2535 3421 2885 3479 creatorum
2912 3419 3187 3478 rationes
3214 3417 3463 3494 aliquas
3500 3415 3587 3474 ob
3610 3431 3769 3492 quas

2194 3513 2405 3573 divina
2432 3511 2723 3572 voluntas
2753 3511 2835 3571 ad
2867 3511 3013 3571 talia
3044 3511 3290 3589 objecta
3314 3509 3515 3568 libere
3554 3507 3769 3567 1011111-
3829 3541 3830 3568 1

2192 3612 2399 3666 natur.
2444 3603 2625 3675 Quod
2664 3603 2853 3664 etiam
2900 3601 3254 3674 Durandus,
3304 3601 3669 3679 cajetanuS,
3706 3605 3769 3658 et

2197 3701 2302 3761 alii
2328 3698 2630 3776 Theologi
2658 3697 3027 3760 docuerunt.
3058 3698 3135 3756 Et
3160 3695 3409 3756 videtur
3430 3694 3767 3755 efficaciter
3829 3709 3830 3712 ¹

2196 3791 2447 3871 probari
2475 3792 2717 3851 ratione
2744 3790 2908 3850 facta
2928 3790 2993 3850 in
3022 3789 3343 3869 proposita
3374 3786 3761 3849 difficultate.

2196 3886 2271 3945 Et
2292 3890 2639 3945 consonant
2668 3884 2819 3944 satis
2849 3883 3045 3943 verba
3074 3882 3246 3943 Pauli
3272 3899 3417 3960 quae
3446 3897 3617 3939 nune
3644 3885 3765 3938 tra-

2196 3981 2461 4053 etatum,
2506 3978 2761 4049 scilieet,
2796 3977 3039 4055 operari
3068 3978 3271 4036 Deum
3298 3974 3513 4034 omnia
3542 3990 3765 4032 secun·
3829 3983 3830 4046 ξ

2194 4071 2347 4132 dum
2394 4071 2723 4132 consilium
2762 4069 3097 4132 voluntatis
3154 4087 3319 4141 suae;
3354 4068 3420 4128 in
3450 4067 3557 4127 illo
3598 4066 3761 4126 enim

2194 4171 2427 4225 aeterno
2458 4164 2717 4224 oonsilio
2752 4181 2880 4223 non
2920 4168 3160 4222 tantum
3202 4160 3571 4221 considerat
3602 4160 3763 4218 Deus

2193 4257 2539 4318 honitatem
2564 4273 2764 4329 suam,
2790 4255 2901 4316 sed
2928 4255 3115 4316 etiam
3144 4253 3677 4334 pulchritudinem
3702 4257 3765 4310 et

2200 4350 2551 4412 decentiam
2590 4348 2907 4410 inventam
2937 4349 3001 4407 in
3048 4348 3199 4427 ipsis
3244 4347 3463 4419 rebuS,
3520 4352 3587 4406 01
3626 4345 3765 4404 ideo

2198 4463 2313 4525 per
2338 4445 2721 4504 voluntatem
2740 4461 2919 4503 suam
2938 4441 3077 4502 illas
3106 4447 3393 4521 acceptat
3418 4447 3531 4501 aut
3572 4445 3757 4499 amat.
3829 4491 3830 4496 ,

2198 4539 2413 4616 Neque
2442 4537 2563 4597 hoc
2598 4540 2911 4615 repugnat
2940 4553 3085 4596 cum
3112 4535 3360 4596 ratione
3384 4532 3763 4600 mediorum,

2200 4639 2269 4694 ut
2290 4631 2733 4710 objiciebatur:
2758 4634 2889 4689 tum
2916 4629 3087 4708 quia,
3114 4628 3361 4688 etiamsi
3386 4627 3453 4688 id
3480 4625 3652 4704 quod
3674 4631 3767 4685 est

2198 4745 2353 4807 pure
2400 4724 2679 4785 medium
2718 4741 2844 4783 non
2884 4722 3113 4784 alliciat
3156 4721 3243 4782 ad
3294 4721 3393 4781 sui
3438 4736 3723 4780 amorem
3748 4764 3761 4788 ,
3829 4719 3830 4728 ³

2197 4818 2449 4902 proprie
2468 4817 2809 4896 loquendo,
2843 4817 2957 4878 sed
2980 4815 3123 4876 finis
3158 4821 3407 4876 tantum
3434 4813 3663 4874 alliciat
3684 4811 3767 4870 ad

2198 4930 2481 4976 amorem
2538 4910 2750 4983 medii,
2784 4916 2999 4971 tamen
3044 4909 3299 4988 quando
3348 4907 3628 4968 medium
3680 4907 3763 4965 ita

2197 5006 2475 5068 medium
2494 5011 2591 5066 est
2608 5010 2681 5064 ut
2700 5004 2783 5064 sit
2800 5004 2989 5064 etiam
3014 5021 3128 5082 per
3152 5019 3219 5062 se
3240 5001 3537 5070 amabile,
3561 5006 3767 5077 potest
3829 5043 3830 5060 2

2200 5101 2385 5162 simul
2428 5119 2571 5162 cum
2614 5099 2741 5160 fine
2774 5098 2855 5160 ad
2878 5095 2993 5158 'sui
3032 5096 3431 5158 dilectionem
3476 5094 3759 5164 allieere;

2200 5195 2321 5254 hoe
2359 5199 2571 5253 autem
2600 5191 2787 5252 modo
2816 5193 3081 5270 possunt
3114 5189 3327 5248 multae
3358 5195 3657 5250 creaturae
3682 5187 3764 5246 ad
3829 5219 3830 5222 =

2200 5285 2473 5348 divinam
2488 5286 2871 5347 voluntatem
2882 5301 3171 5362 compara
3178 5281 3397 5352 ri;tum
3412 5281 3597 5342 etiam
3612 5281 3757 5359 quia

2198 5382 2371 5461 quod
2400 5385 2495 5442 est
2520 5379 2799 5442 medium
2833 5383 3120 5456 respectu
3154 5375 3365 5449 unius,
3401 5381 3497 5434 est
3522 5373 3667 5434 finis
3692 5377 3753 5434 in

2200 5475 2417 5539 ordine
2442 5473 2523 5535 ad
2559 5473 2760 5547 aliud;
2784 5475 2973 5552 atque
3011 5470 3117 5542 ita,
3148 5468 3297 5530 licet
3330 5467 3543 5529 omnia
3566 5483 3755 5547 opera

2198 5569 2309 5631 Dei
2337 5569 2459 5629 sint
2483 5565 2693 5628 media
2730 5569 3019 5646 respectu
3042 5563 3239 5647 ipsius
3264 5561 3404 5636 Dei,
3434 5565 3647 5623 tamen
3668 5561 3757 5625 in-
