3850 6225
524 410 646 472 570

522 513 736 576 aiendi
767 513 1014 576 delicta.
1059 516 1134 576 D.
1175 516 1450 578 Thomas
1485 517 1674 580 ctiam
1703 517 1772 577 in
1811 518 1932 578 hoc
1976 534 2087 578 va-

521 607 652 670 rius
695 608 942 670 videtur
965 653 982 684 ,
1011 626 1162 670 nam
1197 613 1228 672 1
1271 617 1461 690 part.,
1500 614 1723 690 quaest.
1753 611 2082 690 vigesima,

521 709 639 765 art.
665 702 890 782 prime,
917 703 1000 764 ad
1011 705 1076 778 2,
1108 706 1294 768 sentit
1319 705 1474 766 iram
1493 705 1746 784 proprie
1769 711 2087 784 sumptam

521 795 842 858 includere
865 796 1422 876 imperfectionem,
1457 797 1717 872 scilicet,
1751 797 1922 877 quod
1948 797 2089 858 tris·

521 889 720 951 titiam
750 894 1087 969 supponat,
1116 891 1384 970 ideoque
1414 908 1544 952 non
1569 909 1756 970 posse
1803 890 1935 952 Deo
1980 889 2093 952 tri-

521 983 832 1046 hui.Atin
860 987 919 1046 1.
953 987 1244 1063 2,quaest.
1279 988 1382 1056 47,
1419 1004 1479 1047 a.
1508 988 1566 1058 1,
1599 985 1682 1046 ad
1712 985 1897 1060 1,a.it‚
1930 985 2111 1045 iram·

523 1095 651 1139 non
680 1076 800 1138 dici
839 1077 904 1138 in
930 1079 1061 1138 Deo
1091 1078 1442 1138 secundum
1484 1078 1840 1156 passionem
1867 1077 2085 1150 animi,

521 1169 636 1232 sed
675 1171 1022 1232 secundum
1057 1170 1362 1249 judicium
1397 1171 1675 1250 justitiae,
1727 1176 1914 1250 prout
1958 1171 2091 1232 vult

519 1263 861 1325 vindictam
907 1263 1118 1326 facere
1162 1264 1240 1325 de
1285 1269 1565 1344 peccato.
1609 1265 1686 1326 Et
1713 1265 1778 1326 in
1825 1282 2087 1344 corpore

521 1356 686 1418 illius
727 1356 997 1429 articuli,
1054 1357 1142 1419 ait
1187 1357 1348 1418 iram
1395 1376 1536 1420 esse
1582 1359 1929 1436 appetitum
1970 1375 2091 1418 no-

521 1450 702 1512 cendi
721 1450 898 1512 alteri
930 1450 1049 1510 sub
1067 1451 1310 1512 ratione
1325 1450 1478 1530 justi
1507 1451 1880 1525 vindicativi‚
1915 1450 2085 1531 quod

521 1544 712 1607 etiam
730 1544 884 1606 dixit
907 1551 1123 1622 quaist.
1155 1547 1258 1617 46,
1291 1552 1408 1606 art.
1439 1547 1480 1606 6
1511 1551 1573 1608 et
1597 1550 1660 1606 7.
1693 1547 1947 1608 Constat
1976 1564 2085 1607 au-

519 1645 650 1700 tem
670 1639 1030 1718 hujusmodi
1063 1640 1356 1700 affectum
1384 1640 1634 1719 proprie
1659 1646 1722 1701 et
1739 1639 2085 1701 formaliter

519 1732 584 1792 in
625 1733 756 1794 Deo
779 1733 1064 1793 inveniri.
1089 1733 1386 1794 Existimo
1423 1739 1637 1794 tamen
1669 1733 2080 1812 quaestionem

521 1841 658 1887 esse
697 1824 774 1887 de
815 1824 1068 1887 nomine
1107 1831 1374 1902 tantum,
1407 1831 1470 1888 et
1497 1845 1622 1888 non
1661 1827 1878 1888 dubito
1905 1827 2081 1906 quin,

519 1917 570 1980 si
609 1923 966 1998 spectemus
1007 1919 1280 1980 nominis
1309 1920 1776 1999 etymologiam,
1807 1925 1873 1982 et
1915 1939 2088 1982 com-

517 2031 776 2074 munem
823 2029 1008 2074 usum
1040 2013 1400 2075 Latinorum
1432 2058 1449 2087 ‚
1499 2015 1750 2094 proprie
1807 2013 2088 2076 includat

519 2105 1054 2184 imperfectionem
1109 2106 1384 2186 aliquam
1431 2153 1448 2180 ,
1515 2108 1616 2168 vel
1697 2107 2089 2170 materialem

520 2198 946 2261 conditionem
1001 2207 1494 2279 consequentem
1544 2207 1654 2262 aut
1714 2200 2089 2262 anteceden-

521 2299 650 2356 tem
670 2337 685 2368 ,
715 2311 864 2354 nam
891 2293 955 2354 in
991 2294 1176 2355 nobis
1211 2299 1506 2358 causatur
1527 2296 1630 2356 hic
1653 2295 1916 2356 affectus
1942 2313 2087 2356 cum

521 2387 938 2449 commotione
967 2389 1292 2468 sanguinis
1319 2395 1384 2450 et
1422 2388 1566 2450 bilis
1593 2389 1760 2450 circa
1803 2407 1953 2461 cor;
1982 2387 2085 2450 vel

517 2479 732 2559 aliquo
769 2480 958 2542 modo
996 2480 1349 2555 formalem,
1387 2488 1700 2560 quatenus
1729 2499 1867 2555 nos,
1899 2499 2087 2562 regu·

519 2573 732 2635 lariter
764 2573 1103 2653 loquenda,
1139 2592 1268 2637 non
1307 2575 1638 2636 irascimur
1672 2576 1790 2637 nisi
1839 2593 1914 2637 ex
1946 2575 2090 2636 tris—

519 2663 674 2744 titia,
709 2667 812 2728 vel
833 2666 1071 2742 dolore,
1109 2685 1238 2729 non
1267 2669 1470 2731 solum
1488 2669 1842 2742 causaliter,
1873 2676 2091 2749 quate-

519 2779 640 2822 nus
667 2763 878 2842 passio
901 2762 1008 2823 irae
1050 2781 1129 2824 ex
1155 2764 1446 2841 passione
1479 2764 1739 2826 tristitia)
1767 2764 2081 2838 nascitur,

519 2855 634 2917 sed
673 2856 888 2930 etiam,
917 2856 1066 2936 quia
1123 2855 1294 2917 illam
1345 2857 1557 2935 aliquo
1605 2855 1798 2918 modo
1833 2857 2086 2938 respicit

519 2955 586 3010 ut
629 2949 968 3028 objectum,
999 2967 1150 3010 nam
1175 2949 1506 3012 irascimur
1559 2949 1640 3010 de
1688 2948 1929 3024 dolore,
1974 2954 2085 3011 aut

519 3043 764 3104 tristitia
807 3042 992 3104 nobis
1041 3042 1233 3104 illata.
1287 3043 1700 3105 Nihilominus
1740 3048 1953 3104 tamen
1978 3089 1993 3117 ,
2032 3042 2083 3104 si

518 3156 654 3198 rem
691 3137 895 3215 ipsam
937 3136 1284 3199 formaliter
1309 3138 1799 3210 consideremus,
1830 3155 1961 3198 non
1994 3136 2087 3197 vi·

517 3230 640 3291 deo
687 3230 752 3291 in
815 3230 924 3290 illo
963 3230 1194 3292 affectu
1223 3276 1240 3305 ,
1289 3238 1476 3311 prout
1519 3238 1614 3293 est
1665 3230 1731 3291 in
1763 3230 2083 3291 voluntate

519 3323 709 3385 etiam
737 3323 1040 3397 humana,
1063 3323 1598 3404 imperfectionem
1634 3341 1824 3403 quam
1854 3323 2085 3385 forma-

517 3416 662 3479 liter
679 3434 758 3478 ex
775 3416 836 3477 vi
867 3418 963 3477 sui
983 3417 1212 3496 objecti
1241 3418 1500 3496 praecise
1529 3418 1758 3498 sumpti
1781 3417 2084 3479 includat.

519 3510 701 3584 Nam,
731 3508 900 3589 quod
933 3517 1230 3571 causetur
1269 3528 1348 3576 ex
1395 3511 1636 3587 dolore,
1669 3511 2089 3573 extrinsecum

518 3600 674 3682 quid
691 3608 787 3664 est
813 3621 829 3675 ς
864 3604 1024 3665 sicut
1051 3610 1145 3665 est
1171 3604 1586 3667 extrinsecum
1615 3604 1864 3667 affectui
1899 3604 2089 3665 mise-

518 3696 802 3759 ricordiae
823 3697 994 3776 quod
1013 3704 1306 3759 causetur
1331 3714 1411 3760 ex
1427 3697 1884 3777 compassione.
1907 3696 2087 3770 Quod

518 3808 668 3851 vero
699 3790 778 3852 sit
815 3790 896 3852 de
925 3790 1140 3854 dolore
1171 3797 1234 3853 et
1259 3792 1504 3854 tristitia
1533 3798 1836 3871 tanquam
1861 3790 1943 3853 de
1970 3790 2087 3853 ob-

511 3882 680 3963 jecto
697 3927 713 3958 ,
743 3902 874 3946 non
895 3890 992 3946 est
1009 3885 1294 3960 formale,
1315 3886 1430 3946 sed
1457 3884 1814 3947 materiale:
1849 3892 1911 3947 et
1938 3884 2083 3947 ideo

519 3976 710 4037 etiam
753 3996 882 4037 non
919 3984 1016 4039 est
1047 3979 1424 4069 universale,
1455 3996 1603 4041 nam
1627 3978 1796 4039 idem
1822 3978 2084 4039 affectus

516 4070 736 4133 haberi
777 4075 984 4151 potest
1031 4072 1112 4134 de
1159 4072 1388 4151 injuria
1415 4072 1616 4146 illata,
1661 4078 1724 4134 et
1768 4072 1848 4134 de
1891 4090 2087 4133 nocu-

516 4170 730 4227 mento
768 4165 888 4227 sihi
925 4165 1024 4227 vel
1051 4167 1270 4227 amicis
1297 4166 1481 4242 sacto,
1515 4172 1586 4227 ut
1611 4170 1780 4229 recte
1817 4168 1890 4226 D.
1922 4166 2087 4226 Tho·

517 4275 656 4319 mas
701 4276 892 4339 supra
917 4259 1184 4321 dixerat.
1213 4261 1290 4322 Et
1323 4262 1446 4322 hoc
1487 4260 1678 4323 modo
1717 4259 1965 4321 videtur
1998 4258 2085 4319 ita

515 4352 752 4415 habere
791 4353 1000 4415 locum
1029 4355 1096 4415 in
1153 4355 1378 4429 beatis,
1413 4355 1656 4417 etiamsi
1711 4355 1775 4416 in
1813 4354 1907 4416 eis
1952 4372 2083 4415 non

517 4446 748 4509 habeat
771 4446 978 4509 locum
1007 4448 1286 4521 tristitia3
1315 4449 1426 4509 sed
1442 4448 1520 4510 de
1539 4450 1658 4511 hoc
1687 4448 1878 4509 alias:
1911 4464 2083 4508 nunc

519 4539 688 4602 enim
708 4542 998 4603 affectum
1022 4542 1190 4603 hunc
1217 4560 1346 4603 non
1367 4542 1486 4603 sub
1509 4540 1929 4622 appellatione
1950 4540 2079 4613 im,

517 4634 630 4696 sed
659 4635 778 4696 sub
808 4636 1050 4697 ratione
1075 4636 1333 4716 justitie,
1361 4635 1856 4699 consideramus.

655 4887 746 4949 De
775 4885 1045 4950 vindicta
1076 4886 1286 4951 divina
1319 4904 1360 4949 a
1397 4904 1518 4969 qua
1541 4886 1804 4967 justitia
1836 4886 1945 4951 sit.

599 5104 658 5163 3.
701 5100 962 5163 Videtur
997 5106 1232 5174 autem,
1261 5118 1340 5162 ex
1375 5100 1564 5161 modo
1595 5092 1894 5181 loquendi
1921 5100 2087 5163 Scri-

517 5200 718 5274 pturae
781 5199 844 5255 et
897 5194 1358 5281 Theologorum
1401 5194 1707 5269 omnium,
1767 5212 1906 5255 esse
1952 5214 2086 5256 cer-

517 5294 651 5351 tum
711 5288 877 5347 hunc
931 5288 1224 5349 affectum
1289 5286 1602 5365 pertinere
1659 5286 1740 5348 ad
1808 5288 2085 5367 aliquam

511 5381 814 5462 J'ustitiam
837 5380 948 5441 Dei
975 5380 1294 5461 propriam
1323 5385 1386 5441 et
1409 5378 1738 5441 formalem
1763 5400 1780 5455 3
1813 5382 1961 5461 quia
1986 5382 2085 5443 hic

516 5474 780 5535 affectus
827 5474 1116 5535 vindictae
1167 5491 1316 5535 vere
1357 5490 1432 5533 ac
1467 5474 1812 5535 formaliter
1851 5475 1914 5535 in
1952 5474 2085 5536 Deo

517 5572 634 5643 est,
676 5572 745 5637 ut
777 5572 874 5635 est
914 5566 1354 5645 certissimum,
1397 5573 1460 5629 et
1501 5568 1562 5628 vi
1601 5568 1840 5657 proprii
1881 5568 2087 5655 objec-

1469 417 1680 472 OPUSC.
1717 417 1802 469 vt.
1839 417 2207 470 msvuurto
2242 419 2323 472 m:
2351 418 2631 471 msu‘na
2664 417 2783 469 om.

2166 517 2235 591 ti,
2290 517 2463 597 quod
2516 521 2613 580 est
2666 516 2988 580 vindicare
3024 517 3265 580 malum
3318 516 3509 595 culpo
3550 522 3681 586 malo

2166 629 2393 690 poenae,
2427 611 2621 672 habet
2644 611 3039 672 honestatem
3064 617 3361 691 respectu
3408 611 3577 686 illius,
3602 618 3681 694 qui

2166 709 2544 784 potestatem
2574 711 2635 766 et
2657 705 2765 783 jus
2794 703 2987 766 habet
3032 703 3223 766 talem
3276 702 3591 766 vindictam
3614 707 3683 769 ia-

2170 797 2399 871 ciendi,
2430 797 2539 878 qui
2582 798 2897 878 precipue
2926 804 3023 860 est
3048 799 3217 860 Deus
3242 817 3259 870 ;
3312 815 3459 876 ergo
3491 801 3587 860 tali
3608 803 3681 862 af-

2168 891 2359 954 fectui
2398 891 2847 972 correspondet
2892 893 2961 953 in
3004 893 3139 954 Dec
3170 891 3431 970 aliquod
3468 892 3683 958 fiormale

2170 991 2235 1048 et
2280 985 2607 1065 proprium
2654 985 3021 1048 attributum
3062 986 3147 1047 ad
3190 985 3365 1065 quod
3402 988 3681 1064 pertineat,

2162 1079 2344 1158 juxta
2373 1097 2443 1138 su
2448 1079 2663 1158 perias
2699 1079 2866 1140 dicta
2894 1079 2961 1140 in
2990 1078 3321 1140 similibus.
3353 1079 3481 1140 Hoc
3514 1087 3683 1144 autem

2169 1171 2535 1233 attributum
2563 1189 2693 1232 non
2726 1175 2823 1234 est
2858 1171 3317 1244 misericordia,
3344 1191 3539 1251 neque
3563 1175 3683 1236 libe-

2168 1265 2403 1338 ramas,
2432 1271 2504 1326 ut
2531 1283 2645 1344 per
2669 1283 2737 1326 sc
2766 1271 2989 1326 notum
3036 1271 3151 1326 est.
3180 1267 3401 1343 Neque
3438 1266 3603 1326 etiam
3632 1267 3683 1328 fi-

2168 1357 2413 1432 delitas,
2454 1364 2591 1421 tum
2636 1359 2784 1438 quia
2822 1359 3227 1421 comminatio
3256 1377 3457 1438 poenm
3480 1379 3589 1420 non
3612 1370 3681 1424 est

2168 1451 2521 1531 promissio,
2554 1457 2625 1512 ut
2667 1471 2837 1514 nunc
2874 1471 3207 1532 suppon03
3266 1459 3405 1514 tum
3460 1455 3681 1516 maxime

2164 1543 2313 1624 quia
2358 1551 2455 1606 est
2494 1544 2679 1606 valde
2724 1545 3077 1608 extrinseca
3130 1545 3217 1606 ad
3281 1544 3577 1624 propriam
3610 1567 3683 1608 ra·

2162 1637 2399 1698 tionem
2446 1637 2777 1700 formalem
2826 1645 2891 1701 et
2928 1639 3377 1701 rectitudinem
3418 1640 3584 1719 hujus
3613 1641 3682 1702 af-

2164 1731 2365 1794 fectus
2390 1753 2407 1806 3
2438 1749 2591 1812 ergo
2620 1732 2743 1794 tale
2780 1733 3153 1794 attributum
3200 1750 3345 1794 esse
3372 1751 3493 1793 non
3518 1737 3681 1810 potest

2166 1825 2289 1886 nisi
2338 1824 2549 1903 aliqua
2594 1826 2860 1906 justitia,
2906 1833 3041 1888 tum
3090 1828 3245 1906 quia
3280 1843 3411 1886 non
3446 1825 3682 1888 videntur

2168 1937 2307 1981 esse
2340 1919 2461 1980 alia
2489 1939 2749 2000 genera,
2778 1920 2881 1983 vel
2910 1921 3089 2000 quasi
3116 1919 3367 2000 species
3409 1920 3682 1982 attributo-

2166 2030 2308 2073 rum
2335 2013 2399 2072 in
2438 2013 2755 2074 voluntate
2798 2014 3047 2086 divina;
3080 2020 3217 2076 tum
3248 2013 3437 2075 etiam
3461 2015 3588 2092 quia
3606 2015 3683 2074 hic

2167 2104 2428 2167 affectus
2482 2107 2735 2185 respicit
2759 2125 2946 2186 quau·
2954 2107 3102 2168 dam
3144 2106 3555 2187 aequalitatem
3594 2126 3681 2169 seu

2166 2199 2639 2280 proportionem
2666 2201 2827 2264 inter
2854 2203 3105 2282 culpam
3146 2208 3213 2264 et
3240 2219 3492 2281 poenam
3520 2221 3535 2274 ;
3570 2219 3681 2279 per-

2166 2291 2323 2355 tinet
2350 2311 2501 2374 ergo
2540 2294 2623 2355 ad
2654 2295 2929 2374 aliquam
2965 2295 3301 2376 justitiam.
3348 2295 3487 2367 Quae
3512 2301 3681 2356 autem

2169 2392 2232 2447 et
2270 2388 2473 2466 qualis
2500 2387 2605 2448 illa
2646 2389 2748 2462 sit,
2781 2390 2951 2450 varie
2979 2395 3187 2470 potest
3214 2389 3523 2469 explicari.

2246 2483 2309 2542 4.
2356 2479 2577 2544 Prima
2626 2481 2945 2547 sententia.
2996 2515 3077 2530 —
3114 2482 3329 2545 Primo
3362 2481 3477 2544 dici
3523 2486 3681 2562 potest

2172 2591 2311 2635 esse
2366 2575 2637 2653 speciale
2694 2575 3063 2637 attributum
3110 2575 3375 2654 justitiae
3413 2575 3677 2654 punitiva,

2169 2667 2413 2729 ratione
2466 2667 2828 2732 distinctum
2864 2671 2947 2732 ab
2994 2669 3133 2730 aliis
3181 2668 3484 2730 hactenus
3530 2670 3680 2749 expli·

2167 2759 2340 2835 catis,
2374 2762 2521 2840 quia
2550 2761 2741 2824 habet
2772 2763 3106 2842 specialem
3140 2761 3451 2824 rationem
3481 2764 3679 2824 rectitu-

2164 2852 2327 2914 dinis
2355 2860 2417 2915 et
2448 2855 2663 2929 debiti,
2696 2857 2849 2918 etin
2874 2857 3057 2917 malis
3078 2856 3495 2919 retribuendis
3516 2861 3676 2916 sert-'at

2166 2947 2547 3026 aequitatem.
2594 2949 2962 3010 Consu-mari
3012 2957 3248 3030 potest,
3278 2969 3425 3010 nam
3466 2951 3571 3010 bac
3605 2967 3677 3009 ra-

2164 3041 2335 3102 tione
2362 3044 2435 3102 D.
2472 3043 2747 3104 Thomas
2773 3045 2833 3104 2.
2864 3045 2929 3119 2,
2960 3063 3023 3125 q.
3056 3047 3197 3119 108,
3234 3051 3355 3105 art.
3394 3046 3455 3121 2,
3480 3043 3679 3106 conclu·

2164 3134 2257 3197 dit
2306 3136 2789 3199 vindicationem
2844 3156 2985 3201 esse
3038 3140 3105 3199 in
3160 3140 3352 3201 nobis
3398 3139 3677 3219 specialem

2166 3228 2497 3305 virtutcm;
2532 3249 2685 3312 ergo
2714 3232 2939 3294 eadem
2964 3234 3373 3313 proportione
3386 3233 3676 3313 intelligere

2166 3338 2501 3401 possumus
2532 3344 2671 3386 esse
2698 3326 2761 3388 in
2784 3327 2911 3387 Deo
2938 3326 3214 3405 speciale
3250 3326 3585 3387 attributum
3601 3326 3677 3403 ju-

2170 3416 2373 3479 eutice.
2419 3419 2865 3481 Verumtamen
2912 3419 3049 3480 haec
3106 3420 3421 3481 sententia
3468 3418 3679 3479 difficilis

2170 3518 2265 3573 est
2294 3520 2553 3593 propter
2576 3532 2653 3575 ea
2680 3532 2823 3595 qua!
2856 3515 2936 3576 de
2980 3515 3113 3576 Deo
3144 3514 3495 3594 specialiter
3516 3514 3677 3574 statim

2169 3605 2483 3681 dicemus,
2526 3614 2589 3668 et
2642 3614 2969 3687 praeterea,
3016 3607 3165 3687 quia
3216 3608 3408 3668 etiam
3440 3605 3497 3665 in
3538 3604 3675 3665 nohis

2168 3706 2263 3761 est
2287 3700 2469 3760 valde
2498 3700 2753 3763 difficile
2776 3700 3165 3779 distinguere
3192 3700 3367 3761 illam
3398 3699 3677 3779 specialem

2164 3794 2457 3855 virtutem
2502 3812 2540 3855 a
2588 3794 2867 3873 reliquis.
2922 3794 3101 3857 Unda
3156 3796 3485 3874 Cajetanus
3532 3810 3677 3871 super

2166 3886 2426 3949 citatum
2450 3886 2660 3949 locum
2698 3890 2771 3949 D.
2820 3888 3099 3961 Thomae,
3132 3886 3453 3968 distinguit
3476 3886 3545 3947 de
3576 3886 3670 3945 vin·

2166 3980 2501 4054 dicatione,
2534 3988 2605 4042 ut
2646 3987 2973 4043 exercetur
2998 3999 3039 4040 a
3064 3980 3305 4060 judice,
3338 3986 3401 4042 et
3422 3986 3483 4040 ut
3514 3998 3547 4039 a
3580 3976 3675 4059 pri-

2166 4080 2309 4136 vata
2366 4092 2636 4153 persona
2690 4074 3043 4153 postulatur
3092 4090 3205 4135 scu
3254 4074 3583 4135 intenditur.
3617 4072 3672 4131 Et

2166 4168 2357 4247 priori
2388 4167 2577 4229 modo
2616 4168 2703 4227 ait
2726 4185 2855 4229 non
2882 4167 3203 4247 pertinere
3232 4167 3315 4228 ad
3342 4184 3548 4227 novam
3572 4166 3673 4245 jus-

2166 4262 2365 4323 titiam
2392 4260 2755 4340 specialem,
2786 4260 2901 4322 sed
2926 4260 3009 4321 ad
3040 4260 3350 4341 justitiam
3373 4260 3605 4337 legalem
3626 4265 3672 4317 et

2126 4422 2145 4441 .
2166 4354 2677 4417 commutativam
2716 4372 2733 4425 ς
2774 4354 2923 4433 quia
2974 4354 3111 4415 haec
3160 4354 3430 4415 vindicta
3474 4350 3671 4430 respicit

2164 4464 2503 4512 commune
2536 4448 2796 4521 bonum,
2826 4454 2891 4509 et
2930 4453 3000 4508 ut
3044 4448 3139 4509 sic
3166 4448 3551 4528 imperatara
3571 4446 3669 4523 jus·

2162 4543 2295 4604 titia
2312 4540 2498 4621 legali
2520 4559 2536 4613 ;
2572 4540 2719 4619 quia
2746 4558 2896 4601 vero
2920 4558 3035 4619 per
3062 4558 3205 4601 eam
3232 4540 3503 4602 redditur
3524 4554 3668 4617 poena

2164 4634 2375 4697 debita
2416 4633 2767 4695 secundum
2830 4634 3276 4713 aequalitatem,
3307 4634 3441 4697 idco
3480 4631 3663 4712 justitia

2160 4727 2383 4805 legalis
2430 4727 2629 4787 utitur
2658 4727 3103 4789 commutativa
3148 4727 3232 4787 ad
3264 4727 3427 4787 illam
3468 4723 3664 4803 aquali·

2162 4826 2357 4883 tatem
2394 4820 2931 4882 constituendam.
2976 4820 3307 4882 posteriori
3348 4824 3535 4881 autem
3568 4834 3665 4877 mo-

2162 4913 2245 4975 do
2267 4958 2285 4987 ,
2320 4914 2405 4975 ait
2444 4911 2929 4974 vindicationem
2980 4930 3119 4975 esse
3158 4912 3479 4993 specialem
3518 4912 3665 4970 rirtu-

2162 5015 2293 5071 tem
2340 5008 2407 5068 in
2448 5010 2689 5085 privata
2734 5025 3007 5087 persona
3028 5054 3045 5082 ‚
3102 5008 3251 5088 quia
3300 5024 3419 5069 non
3464 5003 3659 5083 respicit

2164 5100 2446 5163 debitum
2500 5100 2725 5181 legale,
2756 5100 2871 5162 sed
2908 5100 3149 5163 morale
3172 5146 3191 5175 ,
3224 5101 3387 5181 qnod
3430 5102 3550 5160 licet
3574 5096 3665 5175 pri-

2164 5200 2307 5255 vata
2349 5211 2619 5273 persona
2648 5210 2775 5253 non
2802 5194 3003 5273 possit
3028 5212 3143 5273 per
3178 5194 3435 5274 seipsam
3460 5187 3660 5267 exsequi

2166 5306 2279 5350 seu
2321 5286 2693 5367 rependere,
2729 5292 2937 5367 potest
2964 5293 3179 5349 tamen
3216 5287 3452 5368 speciali
3484 5284 3656 5344 affectu

2166 5398 2507 5462 procurare
2538 5384 2603 5441 et
2650 5380 3020 5454 intendere;
3052 5382 3225 5460 quod
3276 5386 3345 5443 nt
3388 5380 3527 5441 licite
3558 5376 3652 5445 fiat,

2166 5475 2407 5553 indiget
2432 5474 2687 5553 speciali
2716 5475 2969 5536 virtute.
2988 5476 3311 5554 Habetqne
3338 5476 3459 5535 haec
3484 5469 3654 5533 doctri·

2166 5588 2249 5633 ua
2296 5569 2776 5633 fundamentum
2824 5571 2891 5631 in
2950 5572 3023 5633 D.
3056 5570 3293 5633 Thema
3338 5566 3534 5634 ibidem
3556 5610 3571 5639 ,
3604 5564 3649 5622 in
