3850 6225
534 354 655 419 272

534 464 695 525 citer
718 463 987 543 optimos
1018 464 1297 540 effectuS,
1326 484 1442 547 per
1485 484 1585 541 se,
1614 466 1715 528 vel
1742 484 1856 547 per
1882 466 2102 527 minis-

534 562 665 618 tros
709 556 826 617 sibi
875 556 1313 620 subordinatos
1352 558 1715 622 efficiendos
1738 606 1755 634 ,
1785 560 1835 635 si
1884 562 1950 621 in
1986 578 2101 641 po-

532 650 729 712 tentia
770 656 833 711 et
868 651 935 712 iu
966 652 1271 731 sapientia
1310 672 1421 715 sua
1466 653 1657 715 habet
1682 654 1943 717 modum
1971 672 2096 734 quo

532 744 729 823 possit
755 744 1158 807 infallibiliter
1196 752 1259 807 et
1286 746 1625 809 efficaciter
1668 748 1876 809 facere
1910 752 1980 808 ut
2007 747 2094 809 illi

535 838 795 898 effeetus
814 835 991 911 fiant,
1020 855 1095 899 eo
1124 838 1311 899 modo
1332 857 1457 918 quo
1482 840 1615 918 ipse
1636 838 1773 903 fieri
1799 840 2096 903 decrev‘e-

532 930 613 993 rit
636 950 651 1003 ;
684 930 768 991 ad
796 931 957 991 hanc
980 936 1193 992 autem
1220 930 1496 993 divinam
1522 934 1894 1017 sapientiam
1920 952 2096 1014 spec-

534 1030 621 1085 tat
644 1023 751 1084 illa
782 1024 1202 1085 conditionata
1232 1025 1509 1087 scientia.

613 1121 714 1181 ΞΟ.
760 1118 915 1178 Hinc
962 1118 1185 1179 dicitur
1220 1118 1401 1179 tertio
1433 1120 1927 1199 suppositionem
1983 1138 2100 1181 an-

530 1211 949 1284 tecedentem,
982 1229 1123 1289 quae
1150 1212 1307 1272 tollit
1334 1212 1710 1287 libertatem,
1734 1214 1925 1275 talem
1957 1232 2096 1274 esse

532 1306 790 1376 debere,
836 1310 905 1364 ut
940 1322 1069 1364 non
1100 1305 1377 1366 includat
1414 1313 1771 1385 respectum
1800 1307 1881 1367 ad
1906 1307 2096 1367 aliam

532 1397 1023 1477 suppositionem
1072 1404 1561 1475 consequentem
1619 1418 1810 1479 quam
1866 1401 2092 1462 virtute

530 1492 827 1567 includat,
862 1497 923 1553 et
952 1491 1017 1551 in
1049 1509 1173 1569 qua
1203 1492 1439 1553 nitatur
1484 1492 1692 1571 aliquo
1730 1493 1943 1567 modo,
1973 1492 2096 1554 sal-

528 1592 657 1647 tem
686 1592 989 1665 quantum
1020 1585 1103 1646 ad
1128 1586 1249 1647 hoc
1276 1588 1345 1647 ut
1372 1587 1507 1665 ipsa
1544 1586 1824 1647 exhiberi
1862 1588 2086 1666 possit;

529 1679 759 1757 alioqui
814 1678 919 1740 illa
966 1679 1307 1758 suppositio
1344 1680 1479 1759 jam
1522 1698 1651 1740 non
1698 1686 1793 1740 est
1834 1680 2091 1741 omnino

529 1771 933 1845 antecedens,
960 1777 1025 1833 et
1052 1772 1155 1833 ille
1184 1778 1507 1851 respectus
1555 1790 1747 1851 quem
1792 1773 1988 1833 habet
2011 1772 2092 1833 ad

529 1872 1045 1944 consequentem,
1080 1866 1229 1927 satis
1258 1870 1447 1927 estut
1480 1884 1607 1927 non
1638 1866 1815 1927 tollat
1838 1866 2092 1927 liberta-

525 1966 687 2033 tem;
722 1960 893 2038 quod
932 1958 1261 2021 manifeste
1308 1959 1665 2021 declaratur
1713 1957 1801 2021 ita
1838 1976 1976 2020 esse
2027 1959 2090 2018 in

524 2052 633 2113 illo
679 2052 953 2114 decreto.
1002 2054 1194 2125 Nam,
1252 2052 1397 2113 licet
1446 2055 1611 2113 Deus
1652 2052 1805 2113 illud
1844 2052 2094 2131 praeha-

524 2146 693 2219 beat,
726 2152 1063 2223 antequam
1090 2146 1299 2207 videat
1326 2146 1547 2207 merita
1582 2164 1695 2225 per
1724 2164 1910 2207 usum
1935 2146 2091 2207 libe-

524 2256 667 2299 rum
694 2238 977 2300 absolute
1018 2238 1249 2312 futura,
1311 2238 1667 2300 necessario
1704 2244 1917 2299 tamen
1947 2256 2091 2319 sup-

524 2333 703 2413 ponit
729 2332 1051 2393 scientiam
1080 2332 1569 2393 conditionatam
1594 2331 1777 2406 illius,
1802 2332 1938 2401 sine
1963 2350 2088 2411 qua

526 2444 653 2487 non
696 2432 909 2505 posset
950 2428 1119 2487 Deus
1164 2426 1399 2487 habere
1444 2425 1600 2486 illud
1644 2425 1970 2487 decretum
2011 2426 2092 2486 de

524 2522 667 2581 actu
694 2519 914 2593 libero,
965 2525 1035 2580 ut
1078 2519 1202 2591 sic;
1250 2524 1313 2579 et
1340 2537 1419 2579 ex
1442 2520 1561 2581 hac
1588 2524 1760 2597 parte
1783 2519 1917 2598 jam
1954 2517 2094 2579 fun-

524 2612 708 2674 datur
732 2613 835 2673 illa
861 2612 1202 2691 suppositio
1223 2612 1605 2673 antecedens
1626 2611 1692 2671 in
1718 2611 1915 2671 altera
1943 2629 2091 2671 con-

524 2712 851 2785 sequente,
884 2712 947 2767 et
970 2706 1141 2765 illam
1168 2704 1394 2766 virtute
1418 2704 1707 2775 includit;
1739 2704 1887 2783 qnia
1924 2722 2002 2765 ex
2027 2704 2088 2764 vi

524 2798 690 2860 illius
729 2797 964 2860 decreti
992 2798 1259 2876 cogitur,
1306 2803 1375 2858 ut
1420 2798 1505 2858 ita
1553 2797 1780 2868 dicam,
1812 2797 1980 2858 Deus
2007 2797 2090 2858 ad

523 2892 891 2972 applicanda
916 2892 1023 2952 illa
1050 2890 1283 2967 media,
1310 2890 1535 2969 quibus
1565 2890 1679 2951 scit
1702 2890 2088 2952 voluntatem

520 2988 864 3047 humanam
904 2984 1282 3047 movendam
1324 2984 1406 3045 ad
1437 3003 1619 3045 usum
1668 2984 1960 3057 liberum,
1999 2991 2088 3048 at-

520 3096 643 3158 que
670 3077 757 3140 ita
784 3078 970 3158 plane
999 3078 1067 3140 fit
1112 3083 1181 3139 ut
1219 3076 1457 3138 nullam
1500 3077 1853 3139 libertatem
1884 3078 2083 3140 tollat.

520 3171 722 3245 Unde,
767 3171 913 3233 licet
961 3171 1025 3231 in
1076 3171 1359 3250 urgenda
1409 3172 1527 3232 hac
1573 3177 1797 3250 quarta
1843 3171 2088 3232 ratione

518 3266 715 3327 multa
758 3265 1067 3337 dicantur,
1122 3269 1183 3324 et
1230 3270 1447 3325 contra
1494 3265 1699 3325 varias
1729 3264 2088 3343 responsio-

518 3378 658 3433 nes,
690 3358 879 3420 variis
916 3357 1107 3418 etiam
1142 3357 1346 3417 modis
1386 3357 1745 3436 replicetur,
1800 3357 1956 3417 nihil
1995 3362 2086 3418 ta-

516 3471 663 3514 men
692 3451 941 3512 inveuio
986 3449 1155 3529 quod
1200 3457 1417 3512 contra
1444 3452 1607 3512 hanc
1642 3457 1925 3512 nostram
1950 3469 2086 3512 res-

516 3545 888 3626 ponsionem
934 3544 1169 3606 dictum
1221 3544 1339 3618 sit,
1380 3549 1451 3604 ut
1494 3543 1585 3605 illi
1630 3543 1801 3606 aliud
1848 3543 2084 3606 addere

517 3639 596 3698 sit
620 3636 1067 3699 necessarium.

594 3731 698 3791 21.
748 3729 973 3794 Contra
1000 3729 1143 3790 illos
1188 3731 1569 3810 retorquetur
1614 3730 1777 3794 ratio
1820 3731 1895 3794 ab
1926 3729 2082 3812 ipsis

512 3827 699 3903 facta.
732 3855 813 3867 —
842 3821 1200 3886 octium-itur
1232 3820 1482 3884 illorum
1508 3821 1817 3886 solutioni.
1846 3854 1927 3868 —
1957 3820 2084 3883 Ad-

514 3917 596 3980 do
622 3936 772 3980 vero
798 3916 967 3978 idem
1010 3921 1451 3996 argumentum
1491 3933 1636 3976 cum
1682 3916 1906 3978 eadem
1949 3915 2084 3978 effi-

514 4011 687 4072 cacia
714 4009 1061 4090 retorqueri
1092 4027 1276 4088 posse
1306 4015 1523 4071 contra
1573 4009 1713 4070 illos
1764 4016 2074 4072 auctores.

512 4105 667 4166 Nam
730 4103 1019 4165 voluutas
1080 4101 1367 4164 absoluta
1436 4101 1625 4164 dandi
1686 4103 2080 4164 vocationem

512 4214 859 4276 congruam
886 4245 902 4272 ,
950 4194 1295 4274 suppositio
1353 4201 1451 4256 est
1502 4195 1881 4258 antecedens
1929 4207 2082 4275 proe-

512 4291 837 4353 scientiam
886 4289 1239 4350 absolutam
1282 4293 1459 4349 actus
1508 4287 1727 4360 liberi;
1760 4288 1897 4368 jam
1924 4305 2077 4368 ergo

510 4383 582 4445 fit
607 4387 1085 4464 argumentum:
1110 4379 1311 4461 posita
1334 4381 1443 4442 illa
1471 4381 1787 4443 voluntate
1813 4399 1942 4443 non
1971 4400 2079 4461 po-

516 4481 810 4537 testeum
856 4475 963 4536 illa
988 4473 1301 4553 componi,
1348 4479 1417 4536 ut
1460 4475 1749 4536 voluntas
1796 4475 2078 4536 humana

509 4586 639 4628 non
674 4575 988 4647 operetur,
1023 4567 1173 4645 quia
1216 4585 1343 4628 non
1372 4573 1577 4646 potest
1618 4567 1725 4630 tali
1771 4567 2078 4629 voluntati

507 4661 619 4722 Dei
652 4661 973 4734 resistere;
1025 4678 1175 4738 ergo
1228 4659 1295 4720 in
1342 4659 1448 4721 illo
1490 4677 1681 4722 sensu
1730 4661 2076 4740 composito

506 4753 803 4814 voluntas
839 4770 969 4815 non
998 4757 1201 4832 potest
1228 4770 1359 4812 non
1386 4753 1668 4831 operari;
1722 4769 1873 4831 ergo
1916 4753 2080 4815 tolli-

508 4851 612 4907 tur
648 4847 929 4920 libertas,
972 4844 1123 4925 quia
1170 4845 1274 4906 illa
1310 4845 1654 4925 suppositio
1702 4849 1797 4908 est
1828 4853 2076 4908 antece-

510 4939 688 5001 dens.
712 4939 917 5014 DiceS,
941 4940 992 5001 si
1020 4939 1309 5001 voluntas
1344 4939 1449 5000 illa
1478 4957 1593 5020 per
1620 4957 1688 5002 se
1718 4940 1851 5001 sola
1874 4941 2076 5002 consi-

509 5033 787 5108 deretur,
826 5050 903 5094 ea
929 5049 1058 5094 non
1092 5032 1403 5105 obstante,
1448 5051 1635 5111 posse
1686 5033 2074 5095 voluntatem

506 5127 850 5188 humanam
888 5143 1019 5186 non
1046 5125 1329 5206 operari,
1372 5125 1519 5206 quia
1561 5125 1715 5186 illud
1750 5125 2072 5188 decretum

507 5219 619 5282 Dei
649 5237 779 5281 non
816 5217 1009 5282 habet
1034 5236 1147 5298 pro
1179 5217 1424 5296 objecto
1469 5217 1807 5296 ipsummet
1834 5223 2064 5296 actum,

508 5313 667 5374 sicut
696 5311 887 5374 habet
910 5312 1201 5374 voluntas
1226 5309 1579 5390 praefiniens
1598 5311 1804 5389 ipsum
1834 5317 2066 5374 actum.

506 5405 633 5468 Sed
670 5412 910 5480 contra,
944 5405 1093 5485 quia
1118 5405 1289 5468 Deus
1314 5423 1443 5466 non
1480 5409 1725 5466 tantum
1750 5404 1884 5468 vult
1916 5404 2070 5468 dare

506 5499 669 5560 hanc
708 5499 1124 5574 vocationem,
1157 5515 1297 5578 quae
1328 5504 1423 5560 est
1450 5515 1749 5578 congrua,
1782 5503 1851 5562 ut
1878 5515 2070 5577 supra

1374 365 1584 419 OPUSC.
1622 368 1661 427 1.
1696 366 1814 419 Lm.
1850 366 1934 419 ln.
1971 366 2054 419 ΒΕ
2085 366 2358 421 Auxluls
2389 368 2622 421 mvuw
2651 368 2916 422 onum.

2181 466 2508 541 dicebam
2541 469 2654 531 sed
2677 468 2810 529 vult
2835 467 2984 529 dare
3021 466 3192 528 illam
3221 472 3290 527 ut
3329 472 3416 527 est
3445 486 3657 550 congrua

2181 567 2242 623 et
2273 562 2526 637 efficax;
2561 580 2713 643 ergo
2743 580 2887 623 cum
2909 562 3015 621 illa
3041 559 3329 639 componi
3349 578 3468 621 non
3487 570 3658 643 potest,

2181 660 2248 715 ιιι
2287 656 2574 717 voluntas
2615 657 2892 717 humana
2921 655 2980 715 ei
3011 653 3294 727 resistat;
3329 671 3466 733 ergo
3495 658 3660 721 saltem

2178 748 2296 809 hoc
2343 749 2530 811 modo
2583 767 2818 828 negare
2849 768 2980 809 non
3007 751 3300 826 possunt,
3331 746 3472 825 quin
3499 748 3560 807 sit
3591 770 3660 812 ve-

2174 860 2314 901 rum
2355 842 2926 922 illumssugustini:
2975 840 3208 907 Valenti
3235 840 3462 902 salvum
3497 846 3656 917 suom,

2173 934 2412 997 nullum
2442 936 2770 997 humanum
2797 935 3034 997 resistit
3061 933 3402 997 arbitrium.
3432 934 3562 993 ltem
3587 937 3662 997 alii

2173 1034 2462 1091 auctores
2487 1028 2762 1089 fatentur
2787 1028 2907 1089 hae
2929 1028 3316 1088 voluntatem
3343 1025 3542 1085 saltem
3563 1048 3660 1091 esse

2181 1140 2319 1183 esse
2348 1122 2676 1183 virtualem
2704 1120 3184 1201 praefinitionem
3211 1124 3416 1191 actus;
3443 1121 3662 1183 voluntas

2179 1218 2391 1275 autem
2433 1216 2712 1275 humana
2749 1215 2836 1276 ita
2877 1232 3006 1274 non
3053 1216 3257 1292 potest
3299 1210 3562 1273 resistere
3583 1217 3664 1275 vir-

2177 1309 2328 1371 tuali
2357 1310 2467 1371 Dei
2505 1308 2806 1370 voluntati
2853 1306 3114 1381 efficaci,
3159 1305 3318 1367 sicut
3355 1310 3416 1365 et
3443 1305 3660 1367 formali.

2173 1402 2326 1463 Item
2377 1402 2551 1463 aiunt
2587 1402 2654 1463 in
2691 1401 2796 1463 illa
2839 1400 3158 1462 voluntate
3197 1418 3313 1459 sua
3357 1398 3666 1462 sufficienter

2173 1497 2462 1575 proescire
2487 1498 2692 1559 Deum
2717 1496 2908 1557 talem
2939 1495 3230 1557 effectum
3259 1510 3396 1555 esse
3417 1494 3662 1565 futurum

2175 1610 2326 1671 ergo
2357 1591 2631 1671 implicat
2659 1588 3240 1660 contradictionem,
3271 1592 3466 1647 stante
3491 1586 3576 1647 illa
3595 1607 3668 1649 vo-

2173 1684 2412 1745 luntate
2433 1730 2448 1758 ,
2487 1702 2616 1745 non
2649 1682 2828 1761 sequi
2880 1682 3194 1755 effectum,
3251 1685 3318 1743 et
3351 1679 3666 1741 voluntatem

2173 1778 2518 1839 humanam
2543 1796 2676 1838 non
2724 1777 2994 1856 operari.
3043 1775 3222 1837 Idem
3249 1792 3400 1853 ergo
3425 1773 3598 1835 nodus
3616 1775 3668 1835 il·

2171 1870 2248 1931 lis
2297 1870 2634 1933 solvendus
2679 1875 2999 1949 superest;
3053 1868 3190 1947 ejus
3245 1872 3452 1928 autem
3501 1868 3666 1927 solutio

2171 1983 2300 2027 non
2330 1970 2427 2027 est
2453 1964 2576 2027 alia
2603 1964 2723 2026 nisi
2763 1982 2802 2025 a
2829 1963 3014 2025 nobis
3039 1962 3295 2024 tradita.

2176 2161 2404 2237 Quinta
2439 2161 2600 2227 ratio
2615 2206 2630 2235 ,
2673 2162 2855 2225 ducta
2895 2179 2935 2224 a
2951 2156 3308 2317 tfemporali
3349 2158 3668 2221 retributione

2833 2272 2950 2337 θνα
2977 2269 3075 2315 ιω.

2251 2431 2350 2491 22.
2397 2428 2624 2501 Quinta
2651 2427 2812 2489 ratio
2841 2432 2960 2499 est,
2993 2424 3142 2503 quia
3165 2428 3472 2503 repugnat
3491 2422 3669 2501 praede-
3777 2472 3779 2477 .

2173 2522 2432 2583 stinatos
2475 2520 2622 2601 eligi
2659 2520 2742 2581 ad
2779 2518 3044 2599 gloriam
3091 2534 3172 2579 ex
3213 2516 3542 2577 oeteruitate
3575 2515 3670 2576 sine
3777 2528 3779 2609 ᾗ

2169 2614 2433 2690 meritis,
2486 2620 2550 2676 et
2599 2613 2666 2675 in
2717 2620 2998 2691 tempore
3047 2610 3220 2671 illam
3273 2627 3402 2669 non
3449 2609 3668 2687 recipere

2169 2708 2410 2786 absque
2437 2706 2696 2769 meritiS.
2739 2705 2897 2779 Quia
2925 2705 3094 2765 Deus
3119 2722 3254 2765 non
3279 2702 3456 2763 aliter
3471 2700 3562 2761 dat
3579 2703 3672 2781 glo·

2167 2801 2328 2861 riam
2351 2802 2420 2871 in
2445 2806 2754 2879 tempore,
2785 2816 2978 2877 quam
3026 2797 3108 2858 ab
3151 2802 3390 2857 aeterno
3435 2794 3566 2856 dare
3593 2796 3671 2855 de·

2169 2893 2393 2967 crevit;
2437 2892 2612 2967 alias,
2662 2893 2766 2955 vel
2813 2896 3087 2953 mutaret
3134 2890 3240 2953 vel
3287 2908 3415 2949 non
3445 2889 3672 2969 impleret

2169 2988 2527 3060 decretum;
2569 3006 2714 3048 cum
2741 3004 2893 3067 ergo
2921 2987 3000 3047 de
3027 2986 3154 3047 fide
3183 2991 3428 3047 certum
3465 2984 3533 3045 sit
3551 2984 3672 3045 elec-

2168 3086 2264 3144 tos
2293 3099 2424 3143 non
2451 3081 2732 3161 recipere
2764 3080 2830 3141 in
2859 3084 3142 3160 tempore
3175 3078 3442 3160 gloriam
3483 3077 3581 3136 nisi
3618 3094 3672 3136 ex

2167 3175 2404 3238 meritis
2427 3219 2447 3250 ‚
2493 3193 2622 3236 non
2667 3179 3008 3254 potuerunt
3065 3173 3132 3233 in
3179 3171 3518 3234 aeternitate
3567 3169 3672 3248 eligi

2168 3269 2408 3348 absque
2439 3267 2583 3330 inis.
2613 3269 2690 3328 Et
2717 3265 3144 3341 confirmatur,
3173 3283 3332 3326 nam
3357 3263 3506 3324 velle
3527 3265 3673 3340 gratis

2167 3361 2404 3440 aliquid
2429 3362 2606 3437 dare,
2637 3367 2700 3422 et
2741 3365 2965 3439 postea
3003 3377 3131 3422 non
3159 3359 3341 3434 dare,
3371 3357 3482 3418 nisi
3525 3375 3588 3418 ex
3621 3357 3673 3416 ti-

2165 3453 2297 3516 tulo
2341 3471 2608 3516 oneroso
2659 3471 2740 3515 ex
2780 3453 3043 3533 justitia,
3093 3451 3506 3532 repugnantia
3529 3453 3670 3516 sunt;
3775 3507 3777 3510 Α

2163 3566 2294 3610 non
2324 3549 2493 3610 enim
2533 3552 2792 3627 possent
2841 3545 2926 3606 illi
2977 3545 3102 3607 duo
3143 3545 3308 3606 tituli
3361 3543 3532 3606 simul
3567 3559 3672 3603 con·
3775 3547 3777 3588 Ξ

2156 3642 2372 3722 jungi;
2409 3659 2557 3702 nam
2595 3657 2796 3701 unum
2831 3638 3092 3700 includit
3131 3639 3531 3718 negationem
3563 3637 3672 3696 alte-

2161 3735 2327 3808 rins;
2363 3753 2513 3814 ergo
2521 3779 2542 3809 ,
2565 3733 2725 3794 sicut
2757 3733 2822 3793 in
2851 3739 3132 3811 tempore
3162 3731 3354 3792 datur
3381 3729 3560 3810 gloria
3579 3745 3670 3788 non

2163 3829 2378 3908 gratis,
2411 3827 2524 3888 sed
2551 3845 2630 3888 ex
2656 3843 2926 3888 oneroso
2965 3823 3145 3886 titulo
3195 3823 3572 3896 meritorum,
3611 3820 3672 3878 ita

2163 3921 2383 3983 electio
2424 3919 2510 3981 ad
2563 3919 2735 3980 illam
2779 3935 2857 3980 ex
2915 3917 3140 3979 eodem
3179 3916 3362 3978 titulo
3402 3916 3552 3977 facta
3583 3917 3667 3973 est.

2161 4013 2340 4076 Unde
2377 4013 2568 4074 etiam
2609 4011 2674 4072 in
2705 4011 3046 4090 Scriptura,
3097 4009 3353 4089 quando
3397 4007 3672 4088 praemium

2160 4106 2450 4168 ultimum
2487 4124 2600 4185 pro
2635 4104 2872 4166 meritis
2899 4103 3178 4165 dandum
3210 4102 3459 4177 dicitur,
3485 4117 3579 4180 pro
3597 4117 3672 4158 ra-

2159 4197 2332 4260 tione
2387 4197 2671 4260 redditur
2693 4242 2708 4270 ,
2751 4197 2902 4276 quia
2953 4196 3018 4256 in
3057 4197 3404 4258 oeternitate
3445 4194 3550 4255 sub
3583 4191 3670 4251 hac

2159 4290 2300 4370 lege
2344 4295 2764 4370 praeparatum
2817 4295 2912 4352 est
2959 4288 3148 4368 justis
3193 4289 3323 4350 tale
3373 4286 3666 4367 praemium.

2159 4383 2272 4445 Hic
2301 4384 2470 4446 enim
2493 4389 2588 4446 est
2613 4401 2838 4446 sensus
2861 4382 3202 4444 verborum
3225 4381 3470 4454 Christi,
3493 4377 3666 4439 Matth.

2157 4477 2272 4538 252
2333 4477 2538 4544 Venite
2561 4475 2850 4541 benedicti
2875 4475 3099 4540 Patris
3125 4475 3265 4550 mei,
3293 4473 3570 4558 possidete
3590 4487 3668 4551 pa·

2156 4573 2364 4633 ratum
2390 4569 2554 4634 vobis
2579 4587 2833 4652 regnum
2857 4569 2930 4632 ab
2955 4569 3192 4648 oriyine
3215 4567 3458 4638 mun&-
3479 4573 3534 4626 et
3559 4563 3670 4625 suh-
3774 4585 3775 4662 ι

2159 4663 2248 4726 dit
2279 4663 2622 4725 rationem:
2658 4661 2922 4726 Raurici
2967 4663 3157 4736 enim,
3201 4666 3264 4725 et
3309 4661 3522 4726 dedisti
3553 4655 3670 4718 mihi

2155 4757 2544 4830 manducare,
2572 4761 2722 4830 etc„
2741 4753 3026 4816 indicans
3057 4755 3220 4815 hanc
3241 4771 3382 4816 esse
3407 4752 3664 4814 rationem

2157 4850 2240 4911 ob
2277 4867 2472 4928 quam
2501 4848 2592 4910 eis
2607 4847 2725 4909 fuit
2741 4865 3010 4926 regnum
3029 4853 3466 4928 praeparatum,
3493 4849 3548 4906 et
3568 4857 3666 4901 non

2153 4947 2398 5003 tantum
2425 4941 2741 5004 collatum.
2775 4939 2956 5012 Quod
2995 4940 3182 5002 etiam
3213 4937 3550 5018 significant
3587 4933 3664 4993 illa

2152 5035 2370 5110 verba,
2405 5037 2431 5094 i
2475 5033 2560 5095 ad
2595 5030 2870 5094 Corinth.
2917 5033 2981 5106 2,
3029 5050 3107 5092 ex
3149 5032 3290 5094 Isai.
3324 5033 3438 5092 u:
3483 5026 3666 5092 Οαιῑιιε

2152 5145 2274 5190 non
2299 5125 2473 5202 vidit,
2511 5133 2658 5201 etc„
2687 5143 2820 5207 quoe
2839 5127 3226 5206 pra-paravit
3251 5125 3415 5188 Dm
3453 5121 3664 5198 diligen-

2155 5223 2314 5286 tibus
2343 5221 2522 5284 illum
2535 5249 2557 5294 ,-
2591 5225 2658 5282 et
2679 5219 2908 5282 clarius
2931 5219 3147 5282 Jacobi
3175 5222 3252 5280 2:
3293 5219 3506 5282 Novana
3533 5215 3663 5277 Deus

2149 5313 2332 5396 clepit
2349 5330 2645 5397 pauperes
2685 5313 2754 5374 in
2795 5313 2904 5376 Ιιοο
2937 5313 3180 5386 mundo,
3215 5311 3428 5376 divites
3456 5311 3518 5371 in
3545 5306 3658 5384 fide,

2149 5411 2210 5470 et
2245 5407 2508 5472 heredes
2533 5407 2729 5488 requi,
2765 5406 2924 5486 quod
2937 5406 3228 5486 promitit
3249 5405 3410 5469 Dm
3451 5401 3662 5482 diiigen-

2151 5501 2310 5566 tibus
2331 5500 2437 5565 803
2469 5499 2640 5564 Sicut
2665 5515 2818 5580 ergo
2845 5497 3032 5578 elegit
3055 5501 3224 5562 Deus
3249 5497 3330 5561 ad
3357 5495 3523 5578 regni
3557 5493 3658 5550 hae-

3773 4663 3775 4690 ἐ
