3850 6225
511 389 632 452 572

511 489 723 556 nendo
769 489 1178 566 voluntatem,
1205 507 1289 552 ne
1319 489 1484 554 ultra
1527 489 1912 570 inquitatem,
1942 489 2077 552 vin·

511 585 742 650 dictam
769 589 1043 666 appetat,
1075 583 1246 664 quod
1281 585 1468 646 etiam
1496 583 1704 646 facere
1734 587 1941 664 potest
1970 583 2077 644 eli·

513 678 735 741 ciendo
767 685 977 740 actum
1007 675 1362 758 positivum,
1397 695 1522 758 quo
1565 677 1720 738 nolit
1748 693 2079 738 excessum

511 773 778 856 proprioe
822 771 1132 834 vindictae.
1181 771 1354 835 Ultra
1401 771 1538 833 haec
1582 789 1730 833 vero
1785 787 2079 832 necessa-

511 867 676 929 rium
731 871 848 944 est,
889 865 973 926 ad
999 865 1354 946 niquitatem
1384 863 1546 926 illius
1577 864 1860 937 affectus,
1901 869 1973 926 ut
2001 881 2080 926 ex

512 959 722 1040 aliquo
761 957 992 1020 motivo
1035 959 1300 1020 honesto
1331 958 1751 1038 concipiatur;
1804 957 1924 1020 hoc
1966 975 2105 1025 au-.

511 1058 638 1115 tem
671 1071 808 1114 esse
847 1057 1076 1132 potest,
1113 1053 1210 1114 vel
1261 1052 1600 1126 charitatis,
1647 1058 1716 1113 ut
1757 1052 1894 1132 jam
1923 1050 2075 1127 dixi,

511 1149 610 1210 vel
632 1148 888 1230 J‘ustitioe
911 1147 1136 1229 legalis
1155 1165 1172 1220 ς
1201 1165 1351 1210 nam
1373 1147 1506 1209 haec
1529 1147 1722 1208 virtus
1743 1163 2078 1209 commune

505 1243 612 1322 jus
644 1240 1022 1324 Reipublicae
1047 1242 1299 1322 respicit
1321 1261 1396 1305 ac
1425 1245 1658 1316 tuetur,
1687 1244 1757 1302 ut
1782 1241 2075 1304 diximus-

513 1333 716 1396 Habet
743 1341 956 1398 autem
975 1335 1348 1416 Respublica
1361 1336 1467 1416 jus
1493 1333 1795 1416 puniendi
1825 1333 2075 1409 delicta,

511 1436 767 1513 propter
793 1447 976 1490 suum
1006 1448 1338 1492 commune
1371 1431 1604 1492 bonum
1649 1433 1712 1492 et
1743 1447 2081 1492 conserva-

513 1523 772 1585 tionem.
816 1524 878 1586 Si
933 1541 1086 1604 ergo
1129 1523 1372 1604 privata
1415 1541 1684 1604 persona
1725 1527 1993 1630 appe-‘tat
2016 1527 2078 1586 et

511 1623 805 1698 procuret
827 1617 1187 1694 vindictam,
1245 1617 1435 1680 etiam
1490 1617 1758 1698 proprioe
1809 1615 2075 1696 injurioe,

512 1717 582 1774 ut
606 1711 980 1794 Respublica
1001 1729 1187 1774 suum
1204 1713 1310 1793 jus
1331 1712 1630 1787 obtineat,
1657 1717 1720 1772 et
1741 1728 2079 1774 commune

511 1805 750 1868 bonum
793 1812 1258 1885 promoveatur,
1313 1805 1574 1868 affectus
1617 1804 1722 1866 ille
1771 1803 1854 1866 ad
1893 1802 2081 1884 justi-

511 1899 662 1962 tiam
703 1899 972 1980 legalem
1023 1898 1360 1980 spectabit;
1419 1899 1568 1978 quia
1607 1897 1750 1960 talis
1805 1915 2079 1978 persona

511 2010 639 2054 non
668 1998 872 2074 potest
899 2011 1013 2074 per
1041 2011 1108 2054 se
1129 1992 1354 2072 exequi
1385 1992 1560 2053 illum
1583 1997 1792 2053 actum
1814 1990 2075 2072 justitiae

509 2083 752 2164 legaliS,
788 2091 993 2166 potest
1035 2092 1246 2148 tamen
1276 2085 1510 2148 hahere
1565 2085 1858 2148 affectum
1909 2083 2071 2165 ejus,

510 2185 574 2242 et
597 2179 770 2240 illum
790 2197 1152 2262 procurare,
1186 2179 1356 2260 quod
1379 2178 1628 2240 nonnisi
1643 2177 2077 2258 perjustitiam

505 2271 800 2354 legalem,
831 2279 894 2334 et
945 2274 1082 2354 ejus
1111 2273 1576 2336 inclinationem
1624 2271 1833 2344 faciet,
1875 2289 2077 2352 quan-

508 2365 846 2448 doquidem
887 2366 971 2429 ad
1013 2367 1150 2446 ejus
1191 2367 1609 2440 honestatem,
1665 2371 1727 2428 et
1772 2367 2077 2426 motivum

507 2461 788 2540 proxime
819 2459 1094 2542 respicit.
1140 2460 1254 2522 Vel
1285 2459 1540 2522 tandem
1566 2465 1772 2540 potest
1817 2458 1920 2520 hic
1972 2477 2075 2520 ac·

506 2557 610 2614 tus
635 2571 774 2614 esse
828 2570 907 2613 ex
952 2552 1182 2617 affectu
1233 2551 1464 2632 proprii
1515 2551 1850 2628 commodi,
1893 2558 1965 2614 ut
2020 2551 2073 2614 si

505 2645 645 2726 quis
669 2650 840 2725 petat
859 2645 1022 2707 hanc
1063 2645 1423 2720 vindictam,
1479 2650 1552 2706 ut
1600 2645 1904 2708 damnum
1954 2644 2071 2708 sibi

503 2737 746 2802 illatum
775 2739 836 2800 in
863 2740 1102 2802 honore
1131 2740 1230 2802 vel
1279 2740 1420 2801 aliis
1473 2740 1654 2802 bonis
1707 2746 2065 2819 reparetur;

501 2833 602 2894 vel
623 2833 808 2894 etiam
833 2833 898 2894 in
915 2833 1255 2912 quamdam
1275 2833 1370 2894 sui
1392 2833 1824 2896 defensionem
1841 2839 1903 2894 et
1926 2852 2073 2916 pro-

503 2927 866 2998 tectionem,
925 2945 1008 2988 ne
1056 2927 1160 2988 alii
1205 2927 1481 2988 audeant
1521 2926 1755 2990 similes
1809 2927 2071 3008 injurias

501 3019 757 3082 inferre.
785 3019 861 3081 Et
879 3019 980 3082 hic
1009 3020 1268 3082 affectus
1297 3021 1382 3082 ita
1409 3021 1756 3102 generatim
1785 3027 2073 3100 sumptus

505 3114 750 3177 videtur
781 3132 857 3175 ex
902 3132 970 3175 se
1009 3113 1401 3187 indifferens;
1435 3115 1498 3175 in
1531 3115 1885 3195 particulari
1920 3133 2071 3179 vero

503 3213 710 3289 potest
737 3207 1076 3289 pertinere,
1098 3208 1196 3269 vel
1223 3208 1306 3269 ad
1336 3208 1704 3276 charitatem
1726 3208 2068 3289 propriam,

501 3302 602 3363 vel
633 3302 716 3363 ad
755 3302 922 3363 illam
973 3302 1310 3383 specialem
1338 3304 1658 3377 virtutem,
1693 3321 1818 3381 qua
1847 3302 2071 3383 aliquis

503 3396 764 3459 honeste
794 3397 1034 3479 appetit
1061 3398 1160 3458 vel
1203 3396 1482 3459 defendit
1515 3416 1696 3459 suum
1738 3398 2069 3473 honorem,

479 3496 614 3569 ,aut
642 3490 868 3551 similia
893 3490 1064 3551 hona
1105 3490 1293 3553 modo
1346 3490 1581 3564 debito,
1633 3497 1696 3553 et
1751 3509 1896 3555 cum
1954 3490 2075 3553 cir-

503 3582 894 3647 cumstantiis
917 3583 1307 3646 necessariis,
1339 3586 1464 3647 Nec
1485 3584 1732 3647 videtur
1755 3600 1941 3665 posse
1966 3601 2077 3645 ex-

505 3678 760 3760 cogitari
787 3677 950 3739 alius
975 3677 1198 3741 modus
1232 3679 1492 3741 honeste
1537 3678 1869 3741 exercendi
1905 3678 2075 3739 hunc

503 3778 752 3845 actum;
785 3788 936 3853 ergo
961 3776 1220 3853 propter
1243 3772 1416 3835 illum
1441 3790 1570 3833 non
1595 3778 1692 3835 est
1717 3770 2075 3835 necessaria

505 3866 630 3929 alia
661 3866 856 3929 virtus
907 3862 1196 3929 distincta
1249 3866 1330 3927 ah
1377 3866 1669 3929 omnihus
1723 3866 1862 3927 aliis
1913 3883 2075 3946 quas

507 3958 1033 4025 enumeravimus.
1057 3960 1134 4021 Et
1153 3958 1416 4023 fortasse
1433 3960 1686 4039 quando
1703 3960 1776 4021 D.
1799 3961 2075 4021 Thomas

505 4055 662 4119 dixit
695 4055 1182 4118 vindicationem
1211 4072 1350 4117 esse
1389 4055 1724 4135 specialem
1753 4054 2071 4131 virtutem,

507 4168 636 4213 non
659 4148 960 4211 intellexit
981 4166 1120 4211 esse
1143 4148 1228 4209 ita
1251 4149 1610 4229 specialem,
1641 4152 1708 4211 ut
1729 4148 1806 4210 sit
1827 4148 2076 4211 distinc-

509 4250 572 4307 ta
599 4243 682 4305 ab
707 4242 868 4319 aliis,
897 4242 1010 4305 sed
1027 4242 1232 4305 solum
1265 4242 1580 4305 honestari
1609 4260 1794 4323 posse
1847 4242 1931 4303 ab
1964 4241 2079 4303 ali-

508 4354 632 4417 qua
663 4334 916 4415 speciali
945 4336 1200 4411 virtute,
1229 4337 1516 4415 quamvis
1555 4354 1684 4399 non
1711 4352 1965 4417 semper
1992 4336 2077 4399 ab

509 4430 755 4492 eadem.

589 4525 651 4585 8.
697 4524 900 4603 Atque
929 4523 1076 4587 hinc
1099 4522 1182 4585 ad
1201 4523 1402 4585 Deum
1425 4524 1850 4601 ascendendo,
1881 4543 1920 4587 a
1954 4524 2075 4587 for-

509 4616 650 4679 tiori
679 4622 919 4677 constat
947 4616 1012 4677 in
1042 4635 1118 4678 eo
1147 4635 1278 4678 non
1313 4634 1453 4679 esse
1477 4618 1906 4681 necessarium
1934 4636 2075 4699 spe·

511 4708 668 4771 ciale
705 4710 1072 4771 attributum
1101 4710 1182 4771 ab
1219 4710 1358 4773 aliis
1391 4710 1772 4785 distinctum,
1814 4718 1886 4773 ut
1927 4730 2077 4773 suas

513 4802 772 4883 injurias
815 4802 1128 4865 vindicare
1157 4804 1328 4878 velit,
1377 4806 1528 4886 quia
1577 4804 1640 4867 id
1691 4804 1900 4867 facere
1944 4822 2075 4867 non

511 4902 716 4977 potest
761 4896 878 4957 nisi
921 4897 1038 4959 sub
1083 4897 1292 4977 aliqua
1321 4899 1562 4960 ratione
1607 4898 1852 4961 honesti
1895 4897 2073 4973 boni,

513 5008 654 5071 quae
681 4990 884 5069 primo
916 4995 978 5051 et
1015 5008 1130 5069 per
1158 5010 1226 5053 se
1267 4992 1537 5072 pertinet
1581 4992 1664 5053 ad
1703 4992 2073 5053 charitatem

513 5086 638 5159 sui;
667 5092 874 5167 potest
901 5092 1112 5149 autem
1141 5088 1454 5167 pertinere
1484 5087 1670 5149 etiam
1697 5088 1780 5151 ad
1805 5088 2077 5151 charita-

513 5196 642 5243 tem
683 5180 1034 5255 hominum,
1063 5180 1160 5241 vel
1197 5198 1416 5243 eorum
1443 5198 1602 5259 quos
1639 5182 1851 5262 punit,
1885 5180 1939 5242 si
1964 5198 2075 5243 eos

513 5274 598 5337 ita
625 5274 916 5353 corrigat,
971 5280 1038 5335 ut
1075 5274 1407 5347 emendet;
1441 5274 1538 5335 vel
1567 5273 1649 5335 ad
1675 5274 2075 5357 dilectionem

513 5368 780 5429 aliorum
805 5412 823 5441 ,
867 5368 1088 5429 saltem
1137 5367 1720 5448 praedestinatorum
1753 5412 1770 5440 ,
1819 5371 2079 5446 propter

513 5478 783 5543 quornm
823 5462 1062 5524 bonum
1107 5461 1306 5523 malos
1341 5462 1530 5523 etiam
1566 5460 1866 5540 permittit
1907 5461 2077 5521 Deus

515 5561 580 5621 et
597 5554 800 5636 punit;
825 5556 1078 5617 tandem
1107 5556 1420 5635 pertinere
1445 5560 1646 5636 potest
1677 5553 1759 5615 ad
1781 5554 2075 5617 effectum

1459 389 1670 446 OPUSC.
1704 390 1790 443 Vl.
1826 389 2195 446 mst’nruto
2228 391 2311 444 DE
2340 391 2615 446 Jusrma
2649 391 2769 446 nst.

2148 489 2410 569 justitias
2452 487 2923 572 providentialis
2942 532 2961 562 ,
3018 491 3089 548 ut
3136 487 3347 548 statim
3394 487 3659 566 dicemus;

2157 601 2305 644 nam
2349 583 2449 646 hic
2498 581 2748 664 proprie
2778 579 3073 644 convenit
3096 577 3253 654 Deo,
3281 587 3351 643 ut
3386 600 3663 662 supremus

2158 677 2541 758 gubernator
2610 683 2672 738 et
2722 675 2921 758 judex
2997 677 3113 736 est.
3168 673 3525 752 Quanquam
3568 697 3665 740 nou
3778 664 3780 724 Ῑ

2158 771 2428 834 multum
2476 771 2709 834 referat
2760 770 2900 832 illas
2950 769 3109 830 duas
3147 768 3417 830 rationes
3466 769 3523 830 in
3568 772 3663 834 Deo

2158 865 2579 946 distinguere;
2614 871 2747 926 tum
2776 865 2924 944 quia
2965 865 3099 943 ipse
3138 880 3267 924 non
3312 861 3667 928 habet-affec-

2156 965 2291 1022 tum
2316 958 2675 1022 vindicandi
2698 965 3052 1039 peccatum,
3104 957 3223 1018 nisi
3262 961 3333 1019 ut
3382 955 3434 1016 is
3472 959 3563 1037 qui
3602 962 3665 1022 ad

2158 1054 2279 1117 hoc
2300 1054 2495 1117 habet
2520 1071 2879 1134 supremam
2914 1055 3328 1132 potestatem;
3364 1053 3491 1110 tum
3516 1052 3665 1116 etiam

2160 1147 2306 1228 quia
2348 1147 2413 1208 in
2458 1146 2819 1208 hominibus
2850 1163 2979 1208 non
3006 1147 3103 1206 est
3140 1143 3265 1206 alia
3289 1140 3475 1204 virtus
3508 1145 3663 1208 vindi·

2158 1239 2421 1306 cationis
2450 1241 2517 1302 in
2560 1239 2801 1322 privata
2824 1256 3099 1320 persona
3124 1253 3319 1318 quam
3351 1235 3415 1296 in
3438 1237 3661 1316 publica,

2160 1339 2229 1395 ut
2250 1339 2573 1394 ostensum
2602 1337 2718 1396 est.

2240 1432 2299 1492 9.
2342 1429 2673 1493 Iustitiam
2710 1423 3142 1492 tindimivam
3180 1421 3254 1486 iu
3284 1421 3407 1486 Deo
3428 1441 3539 1486 esse
3570 1431 3665 1502 lor-

2156 1521 2401 1588 naliter
2436 1520 2923 1588 commutantium
2948 1519 3160 1584 dicunt
3188 1516 3663 1600 aliquis-Resid-

2160 1621 2265 1683 tur
2290 1620 2503 1682 luorum
2522 1617 2847 1702 placitum.
2870 1647 2954 1664 -
2976 1615 3278 1696 Superest
3328 1629 3469 1692 ergo
3514 1619 3571 1674 ut
3605 1615 3663 1676 de

2158 1713 2351 1792 priori
2374 1712 2659 1774 membro
2690 1730 2727 1772 a
2748 1708 3045 1790 cajetano
3082 1706 3309 1788 posito-
3324 1723 3511 1786 pauca
3534 1705 3663 1769 dica·

2158 1825 2323 1868 mus.
2362 1805 2457 1866 Ex
2490 1805 2597 1866 illo
2626 1805 2797 1868 enim
2840 1801 3125 1881 sequitur
3150 1798 3455 1880 justitiam
3483 1801 3664 1878 puniti·

2158 1917 2303 1964 vam
2334 1899 2399 1960 in
2430 1901 2587 1974 Deo,
2636 1896 2921 1978 proxime
2958 1914 3035 1958 ac
3058 1892 3407 1956 formaliter
3444 1909 3563 1954 esse
3594 1894 3663 1973 ip-

2158 2011 2293 2056 sam
2320 1992 2625 2073 justitiam
2652 1989 3198 2060 commutativam;
3232 2005 3379 2048 nam
3402 1986 3525 2048 haec
3550 1987 3667 2048 dici-

2153 2090 2259 2152 tur
2282 2105 2445 2160 esse,
2470 2105 2607 2168 quaa
2632 2086 2699 2150 in
2720 2083 3081 2148 hominihus
3102 2081 3275 2146 elicit
3300 2080 3459 2142 hunc
3476 2086 3661 2154 actum:

2156 2181 2557 2260 proportione
2584 2196 2739 2259 ergo
2767 2183 3013 2242 servata
3040 2175 3217 2239 idem
3243 2173 3360 2235 erit
3388 2191 3495 2234 suo
3516 2174 3663 2236 modo

2158 2277 2223 2338 in
2246 2275 2397 2336 Deo.
2424 2275 2581 2336 Item
2622 2273 2687 2335 in
2731 2273 2851 2334 hoc
2893 2277 3037 2334 actu
3082 2273 3374 2332 servatur
3396 2267 3663 2346 equalitas

2156 2370 2251 2432 rei
2278 2368 2362 2432 ad
2400 2385 2559 2443 rem,
2596 2366 2829 2430 scilicet
2856 2382 3063 2444 poenoe
3102 2361 3189 2425 ad
3216 2361 3475 2440 culpam,
3512 2368 3567 2424 et
3590 2379 3665 2420 sa-

2154 2462 2521 2526 tisfactionis
2556 2459 2639 2522 ad
2670 2459 3003 2538 injuriam;
3040 2457 3164 2518 hoc
3194 2458 3409 2516 autem
3450 2459 3533 2516 est
3554 2471 3661 2534 pro-

2152 2558 2361 2639 prium
2404 2573 2637 2618 munus
2682 2550 3143 2618 commutativoe
3178 2549 3457 2630 justitiis.
3502 2551 3659 2627 Atque

2150 2653 2237 2714 ita
2268 2651 2333 2712 in
2380 2648 2735 2729 particulari
2788 2646 3001 2710 docuit
3044 2645 3125 2708 de
3164 2643 3411 2724 justitia
3437 2641 3657 2722 punitiva

2150 2745 2259 2808 Dei
2286 2745 2457 2816 soto,
2486 2743 2531 2804 l.
2568 2744 2607 2804 3
2634 2741 2713 2804 de
2733 2742 2923 2814 Just..
2956 2759 3019 2820 q.
3046 2741 3107 2812 5,
3130 2744 3256 2800 art.
3290 2735 3423 2808 ult„
3454 2733 3525 2796 ad
3548 2739 3659 2806 l,et

2150 2840 2193 2902 l.
2220 2839 2261 2902 3
2282 2837 2361 2900 de
2388 2838 2605 2900 Natur.
2632 2841 2695 2898 et
2718 2841 2909 2916 grat„
2930 2853 2985 2896 c.
3020 2835 3079 2894 7.
3100 2833 3532 2894 Verumtamen
3552 2829 3655 2888 haec

2150 2932 2459 2996 sententia
2488 2929 2639 2992 mihi
2666 2949 2793 2992 non
2823 2928 3147 3008 probatur,
3180 2926 3239 2988 si
3266 2925 3331 2986 in
3358 2922 3655 3004 particulari
3784 2940 3789 2948 ·

2151 3026 2491 3106 loquamur
2524 3023 2603 3086 de
2626 3023 2867 3103 justitia
2902 3016 3351 3084 commutativa
3366 3016 3490 3090 Dei,
3514 3023 3657 3078 utra·

2154 3122 2321 3185 tione
2350 3118 2749 3199 distmguitur
2774 3136 2815 3179 a
2836 3116 3077 3197 justitia
3120 3111 3467 3175 communis
3504 3109 3659 3190 provi·

2152 3214 2413 3287 dentiam
2446 3210 2734 3292 quamvis
2762 3210 2927 3273 intra
2952 3208 3269 3271 rationem
3318 3206 3449 3283 ejus
3474 3201 3659 3265 servari

2152 3307 2347 3390 possit
2374 3308 2441 3369 in
2476 3306 2595 3369 hoc
2623 3311 2765 3367 actu
2806 3302 3097 3383 quaedam
3140 3300 3347 3363 forma
3376 3303 3661 3365 commnta-

2152 3402 2293 3464 tivoe
2330 3401 2608 3481 justitiae,
2672 3404 2741 3461 ut
2794 3397 2955 3461 iutra
3008 3396 3317 3461 dicemus.
3364 3394 3438 3459 Ut
3494 3396 3657 3453 autem

2153 3496 2328 3575 prius
2374 3493 2815 3565 ostendamus,
2864 3490 3301 3572 incipiendum
3340 3491 3435 3551 est
3466 3487 3539 3551 ah
3574 3486 3657 3547 hu-

2154 3604 2345 3649 mano
2380 3585 2595 3666 judice
2648 3591 2711 3647 et
2746 3584 3171 3663 gubernatore
3195 3626 3215 3654 ,
3250 3582 3315 3645 in
3340 3597 3459 3659 quo
3484 3594 3659 3639 verum

2156 3686 2249 3743 est
2272 3679 2581 3760 justitiam
2600 3676 2873 3759 legalem
2906 3681 2971 3737 et
2996 3674 3493 3739 commutativam
3516 3688 3657 3751 posse

2154 3776 2367 3855 aliquo
2424 3772 2615 3835 modo
2664 3789 3043 3837 concurrere
3100 3769 3185 3831 ad
3238 3770 3465 3849 justam
3504 3762 3659 3825 vindi·

2154 3876 2341 3933 ctam.
2382 3866 2679 3929 Existimo
2736 3870 2969 3937 tamen,
3000 3882 3117 3944 per
3146 3881 3217 3927 se
3258 3858 3549 3941 loquendo
3566 3902 3581 3929 ‚
3612 3860 3659 3917 et

2154 3960 2621 4043 comparatione
2648 3958 2847 4039 ipsius
2880 3957 2991 4038 qui
3026 3956 3307 4037 punitur,
3330 3948 3657 4019 commutati·

2152 4074 2301 4117 vam
2328 4072 2457 4117 non
2484 4070 2859 4117 concurrere
2880 4050 2961 4113 ad
2984 4050 3347 4113 exercitium
3372 4052 3547 4120 actus,
3570 4061 3655 4105 seu

2156 4147 2463 4211 eliciendo
2490 4147 2665 4209 illum
2692 4145 2977 4227 positive,
3012 4144 3129 4207 sed
3152 4142 3357 4205 solum
3380 4138 3653 4201 refrenare

2155 4242 2569 4315 voluntatem,
2588 4258 2669 4301 ne
2686 4238 2943 4301 modum
2969 4235 3311 4317 punitionis
3332 4233 3479 4295 ultra
3496 4246 3657 4307 aequa·

2154 4334 2393 4399 litatem
2436 4332 2735 4407 excedat;
2766 4331 2915 4410 quia
2942 4332 3049 4393 illa
3082 4348 3271 4411 poena
3312 4346 3435 4389 non
3474 4330 3553 4387 est
3572 4322 3655 4383 de·

2154 4428 2327 4495 hita
2310 4428 2429 4510 ipsi
2464 4426 2853 4507 delinquenti
2879 4444 2993 4506 per
3025 4424 3335 4505 justitiam
3376 4420 3653 4483 commuta-

2154 4524 2369 4595 tivam,
2424 4520 2537 4585 sed
2578 4526 2674 4581 est
2710 4519 2921 4581 debita
2962 4516 3372 4599 Reipublieae,
3412 4518 3468 4575 et
3494 4508 3653 4590 potius

2156 4616 2291 4696 ipse
2332 4632 2483 4677 reus
2518 4612 2765 4676 debitor
2798 4616 2929 4687 est;
2962 4630 3139 4690 ergo,
3184 4628 3328 4673 cum
3360 4606 3533 4688 judex
3555 4599 3651 4663 vult

2156 4710 2347 4773 talem
2402 4726 2657 4789 poenam
2698 4706 3007 4788 infligere,
3056 4722 3185 4766 non
3230 4706 3463 4765 exercet
3490 4702 3651 4759 actum

2157 4805 2617 4869 commutativae
2636 4802 2891 4883 justitiae
2922 4800 3187 4881 positive
3226 4801 3319 4879 (ut
3344 4800 3425 4861 sie
3446 4790 3649 4861 dicam),

2156 4900 2273 4965 sed
2304 4906 2550 4961 tantum
2588 4898 2901 4979 negative,
2932 4902 3245 4975 quatenus
3274 4895 3398 4957 vult
3430 4906 3539 4951 non
3566 4903 3649 4947 ex-

2154 4994 2377 5057 cedere
2406 4992 2683 5055 debitam
2714 4992 3126 5071 quantitatem
3160 5006 3379 5070 poenae.
3416 4984 3540 5047 Dico
3562 4998 3645 5040 au-

2152 5090 2285 5149 tem
2312 5104 2428 5167 per
2464 5104 2557 5161 se,
2604 5090 2666 5147 et
2701 5088 2993 5163 respectu
3032 5100 3315 5162 personia
3350 5078 3647 5154 delinquen

2156 5180 2257 5255 tis,
2302 5180 2451 5259 quia
2492 5184 2785 5258 respectu
2812 5175 3193 5257 Reipublicae
3240 5174 3371 5237 fieri
3396 5174 3565 5252 potest
3596 5166 3647 5225 ut

2150 5274 2347 5355 judex
2376 5274 2713 5346 humanus,
2759 5290 2837 5334 ex
2853 5270 3099 5351 justitia
3124 5265 3551 5336 commutativa,
3578 5264 3647 5319 te·

2156 5371 2381 5431 neatur
2400 5366 2571 5445 justa
2610 5372 2674 5427 et
2718 5364 2907 5445 legali
2938 5382 3133 5443 poena
3175 5362 3469 5425 vindicare
3502 5351 3643 5417 delio

2156 5468 2260 5535 ta;
2292 5462 2441 5541 quia
2474 5460 2673 5541 judex
2718 5464 2815 5523 est
2848 5457 3135 5523 minister
3180 5452 3537 5537 Reipublicae,
3563 5442 3641 5522 φῑί

2160 5574 2239 5619 ex
2274 5556 2481 5619 officio
2506 5560 2569 5619 et
2612 5553 2944 5635 stipendio,
2981 5556 3169 5633 atque
3196 5550 3349 5615 adeo
3372 5536 3641 5625 exjustitia
