3850 6225
525 386 648 450 ⁴40

523 492 886 555 mercedem
907 538 928 567 ,
987 498 1050 554 et
1113 512 1356 555 merces
1421 494 1502 555 ad
1549 494 1855 573 justitiam
1884 514 1900 566 ;
1954 502 2087 557 tum

525 586 715 648 etiam
744 588 890 665 quia
930 605 1088 666 opus
1116 587 1308 649 solius
1337 588 1776 651 misericordiae
1821 596 1915 651 est
1952 607 2087 651 om-

525 682 680 741 nino
717 682 1138 743 voluntarium
1164 682 1318 757 De0,
1347 682 1410 743 id
1455 689 1571 752 est,
1611 702 1688 743 ex
1719 702 1788 745 se
1815 704 1942 745 non
1974 685 2087 745 de-

525 776 757 847 bitum;
795 794 944 855 ergo
975 795 1104 837 non
1141 782 1346 855 potest
1381 795 1526 837 cum
1555 776 1968 840 fundamento
1998 778 2085 839 af·

525 868 786 935 firmari.
813 869 930 930 nisi
957 868 1036 949 de
1077 868 1182 929 illo
1217 869 1580 930 ostendatur
1608 870 1816 949 aliqua
1844 871 2087 932 revela-

527 961 612 1022 tio
641 962 742 1022 vel
767 962 1094 1041 promissio
1127 962 1357 1035 divina,
1393 980 1532 1041 quse
1567 963 1631 1023 in
1659 964 1947 1043 praesenti
1986 983 2086 1025 os-

525 1053 698 1115 tendi
729 1072 856 1115 non
903 1060 1135 1133 potest;
1165 1072 1338 1127 nam,
1379 1056 1430 1115 si
1469 1055 1534 1115 in
1565 1056 1686 1117 hoc
1725 1057 2083 1119 testimonio

527 1145 703 1207 Pauli
756 1146 1237 1209 fundamentum
1289 1166 1415 1209 non
1469 1149 1660 1209 habet
1683 1194 1700 1221 ,
1731 1154 1802 1209 ut
1843 1150 2089 1211 videtur

527 1238 1049 1316 demonstratum,
1067 1241 1310 1301 nullum
1340 1240 1510 1302 aliud
1535 1243 1684 1303 satis
1707 1242 1958 1303 firmum
1986 1242 2087 1304 vel

475 1322 488 1333 “
525 1333 848 1413 probabile
879 1334 1086 1395 afferri
1116 1336 1345 1414 poterit
1377 1353 1454 1396 ex
1491 1335 1842 1415 seripturis,
1869 1336 1935 1396 in
1960 1354 2085 1416 quo

523 1428 666 1488 talis
705 1428 804 1489 lex
839 1435 948 1490 aut
972 1429 1259 1490 voluntas
1295 1428 1506 1491 divina
1555 1430 1951 1491 manifestata
1981 1431 2079 1491 sit.

610 1524 706 1582 n.
762 1522 996 1587 Ultima
1032 1525 1193 1586 ratio
1218 1542 1330 1604 pro
1359 1526 1620 1587 secunda
1661 1525 2079 1605 explicatione.

525 1616 686 1687 Quin
717 1616 922 1694 potius
949 1616 1112 1677 addo
1140 1618 1514 1678 contrariam
1541 1617 1748 1697 legem
1779 1624 1840 1679 et
1867 1618 2087 1679 decre-

525 1718 658 1773 tum
681 1710 788 1771 Dei
815 1711 880 1770 in
910 1711 1239 1792 Scripturis
1264 1711 1633 1791 significari;
1663 1712 1890 1773 dicitur
1917 1714 2085 1773 enim

527 1803 696 1884 apud
723 1805 973 1877 Ezech.‚
1005 1822 1060 1865 c.
1094 1807 1202 1866 18:
1233 1804 1315 1869 Si
1346 1804 1635 1869 averterit
1649 1807 1866 1887 justus
1895 1824 1935 1869 a
1946 1808 2087 1887 jus-

528 1898 674 1961 titia
701 1916 839 1971 aaa,
883 1902 940 1961 et
975 1898 1184 1976 fecerit
1221 1896 1628 1981 iniquitatem,
1671 1918 1870 1961 omnes
1887 1901 2090 1980 justi-

527 1991 632 2055 tia·
659 1992 812 2069 ejus,
841 2008 991 2073 quas
1015 1994 1260 2071 fecerat,
1289 2010 1408 2053 nou
1429 1994 1926 2055 recordabuntur.
1957 1994 2085 2053 Nec

529 2083 648 2144 dici
678 2091 882 2163 potest
913 2086 1468 2147 commutationem
1495 2085 1666 2147 illam
1705 2104 1844 2147 esse
1871 2084 2087 2147 condi-

529 2179 830 2239 tionatam
849 2224 864 2251 ,
923 2180 1218 2240 nimirum
1257 2179 1306 2239 si
1353 2180 1751 2240 commissam
1801 2179 2089 2259 iniquita·-

529 2277 660 2335 tem
689 2292 801 2351 per
826 2273 1258 2353 poenitentiam
1286 2291 1416 2333 non
1440 2272 1768 2347 deleverit;
1795 2279 1889 2334 est
1918 2273 2087 2333 enim

529 2366 1060 2427 considerandum
1125 2364 1231 2427 illa
1285 2366 1476 2425 verba
1532 2366 1812 2445 proxime
1865 2364 2088 2445 subjici

525 2464 669 2538 post
695 2458 822 2519 alia
857 2459 1104 2534 similia,
1136 2476 1274 2539 quoe
1302 2458 1381 2519 de
1420 2464 1744 2538 peccatore
1775 2461 2089 2537 poeniten-

525 2552 677 2612 tiam
703 2556 932 2630 agente
960 2552 1120 2612 dieta
1149 2551 1423 2623 fuerunt,
1455 2552 1686 2613 scilicet
1713 2570 1725 2612 :
1754 2552 1836 2615 Si
1861 2551 2089 2634 impius

525 2644 714 2727 egerit
739 2646 1181 2727 paenitentiam,
1219 2647 1364 2717 etc„
1396 2646 1662 2707 omnium
1690 2646 2087 2726 iniquitatum

525 2738 678 2818 ejus,
711 2756 862 2819 quae
893 2743 1176 2820 operatus
1211 2740 1302 2800 est
1320 2781 1337 2809 ‚
1377 2753 1498 2799 non
1520 2738 1891 2801 recordabor.
1941 2739 2085 2799 Haec

527 2838 736 2892 autem
761 2837 924 2894 ,sunt
969 2828 1256 2891 absoluta
1307 2835 1368 2891 et
1421 2830 1660 2908 absque
1713 2830 1838 2892 ulla
1877 2833 2089 2893 condi·

523 2924 732 2997 tione;
768 2942 936 2997 nam,
967 2924 1112 2985 licet
1145 2929 1364 3003 postea
1393 2923 1620 2983 iterum
1663 2930 1910 3003 peccet,
1959 2943 2088 2987 non

524 3023 856 3097 propterea
887 3018 1319 3080 recordabitur
1333 3018 1497 3078 Deus
1517 3024 1916 3096 peccatorum
1946 3036 2085 3097 quae

525 3111 858 3186 commisit,
907 3118 1008 3174 ut
1020 3130 1096 3173 ea
1133 3111 1385 3192 puniat;
1427 3129 1578 3193 ergo
1629 3110 1854 3174 eodem
1897 3131 2089 3173 sensu

507 3205 717 3304 priori
757 3205 950 3266 verba
1007 3206 1410 3284 intelligenda
1441 3210 1622 3279 sunt,
1657 3213 1900 3268 servata
1936 3201 2091 3286 'pro-

507 3283 834 3380 portione.
861 3300 946 3360 Ex
969 3318 1096 3379 quo
1120 3299 1500 3372 testimonio,
1533 3299 1696 3362 dicto
1719 3299 1908 3361 modo
1934 3317 2089 3378 pon·

525 3393 766 3466 (leram,
793 3393 1120 3454 conficitur
1163 3409 1326 3453 nova
1355 3390 1548 3466 ratim
1577 3411 1727 3454 nam
1755 3393 1808 3453 si
1837 3392 2085 3460 merita,

523 3503 640 3565 per
669 3491 1000 3565 peccatum
1032 3485 1286 3556 amissa,
1327 3503 1442 3564 per
1492 3485 1924 3565 poenitentiam
1976 3485 2089 3547 ite·

523 3598 666 3641 rum
695 3579 980 3654 redeant,
1005 3579 1140 3659 pari
1181 3579 1422 3640 ratione
1447 3587 1706 3658 peccata
1733 3599 1848 3660 per
1886 3579 2088 3660 poeni-

521 3671 783 3734 tentiam
841 3671 1046 3732 deleta
1098 3690 1213 3751 per
1257 3673 1704 3751 superveniens
1756 3679 2083 3752 peceatum

521 3765 822 3838 redirent,
865 3764 1086 3826 saltem
1127 3765 1336 3844 quoad
1371 3767 1688 3844 proprium
1719 3773 1782 3828 et
1819 3767 2084 3830 formale

521 3860 894 3921 demeritum
937 3877 1140 3939 poenae
1163 3865 1438 3936 aeternae,
1485 3861 1656 3938 quod
1685 3861 1941 3922 omnino
1970 3862 2087 3923 fal·

521 3971 662 4016 sum
691 3957 806 4026 est,
853 3959 916 4014 et
963 3961 1182 4015 eontra
1211 3971 1434 4014 omnes
1471 3955 1862 4032 Theologos3
1903 3975 2076 4036 ergo.

519 4047 789 4126 Sequela
825 4052 998 4127 patet
1043 4065 1120 4109 ex
1163 4047 1494 4108 collatione
1527 4047 1834 4108 dictorum
1862 4049 2083 4108 verbo-

514 4159 657 4202 rum
687 4141 858 4220 apud
883 4141 1295 4217 Ezechielem,
1321 4146 1384 4202 et
1413 4141 1559 4220 quia
1597 4159 1722 4202 non
1749 4141 1959 4202 minus
1984 4147 2082 4204 est

515 4235 735 4296 efficax
773 4253 852 4296 ex
897 4253 964 4296 se
1003 4239 1330 4314 peccatum
1385 4234 1466 4295 ad
1505 4233 1842 4296 delendum
1897 4235 2079 4295 meri-

513 4334 670 4400 tum,
709 4333 770 4389 et
801 4333 1004 4389 totum
1041 4327 1314 4389 fructum
1341 4327 1746 4407 poenitentioe,
1780 4345 1972 4406 quam
2002 4328 2079 4389 sit

511 4421 880 4500 poenitentia
919 4421 1000 4482 ad
1047 4421 1386 4482 delendum
1435 4415 1636 4481 totum
1691 4419 1931 4498 peccati
1972 4421 2077 4481 de·

509 4521 845 4587 meritum;
879 4533 1052 4594 ergo,
1083 4515 1132 4574 si
1175 4513 1540 4593 poenitentia
1589 4512 1676 4573 ita
1715 4512 1883 4573 delet
1925 4531 2077 4592 pec-

508 4613 718 4669 catum
744 4615 814 4669 ut
843 4626 969 4669 non
1004 4607 1244 4680 redeat,
1273 4607 1462 4668 etiam
1485 4613 1812 4685 peccatum
1842 4607 1929 4666 ita
1962 4606 2073 4667 de-

506 4701 594 4762 let
623 4700 1036 4780 praecedentia
1079 4718 1270 4780 opera
1299 4707 1368 4761 ut
1401 4719 1530 4760 non
1569 4699 1860 4771 redeant;
1903 4701 2003 4761 vel
2034 4719 2069 4761 e

503 4811 831 4858 converso,
857 4795 908 4854 si
933 4799 1169 4855 tantam
1187 4795 1314 4854 vim
1349 4813 1474 4855 non
1495 4793 1688 4854 habet
1715 4799 2065 4872 peccatum,

505 4903 622 4948 nec
645 4887 1011 4966 poenitentia
1045 4887 1324 4948 habebit.

855 5117 1236 5198 Explicatur
1255 5133 1470 5194 sensus
1486 5117 1696 5181 Pauli.

573 5351 670 5408 12.
727 5345 1036 5410 Probatur
1081 5343 1441 5406 auctoritato
1489 5359 1666 5407 vem
1705 5361 1937 5406 senem.
1982 5375 2065 5392 —-

489 5439 901 5504 Nihilominus
939 5435 1276 5498 dicendum
1317 5440 1412 5496 est
1455 5435 1717 5497 Paulum
1765 5435 1937 5516 loqui
1982 5437 2061 5498 de

485 5533 746 5617 praemio
779 5530 951 5614 quod
973 5531 1144 5592 Deus
1163 5528 1426 5590 daturus
1453 5534 1548 5594 est
1565 5547 1680 5608 pro
1698 5529 1881 5592 bonis
1909 5547 2063 5610 ope-

1122 392 1334 447 OPUSC.
1370 394 1430 447 V.
1466 394 1770 447 RELECTlO
1803 396 1885 449 m:
1917 394 2393 449 REvtvlscssNTu
2424 396 2805 450 multonem.
2844 396 3079 449 msPU‘l'.
3112 396 3151 449 1.

2168 492 2341 553 ribus
2369 493 2431 553 in
2465 494 2666 573 gratia
2689 492 2891 569 factis,
2920 510 3047 553 non
3074 499 3320 555 tantum
3348 494 3443 555 his
3464 496 3680 558 homini-

2168 587 2286 646 bus
2308 587 2413 665 qui
2436 593 2579 666 post
2604 586 2751 646 talia
2778 603 2971 664 opera
2986 604 3233 666 semper
3258 587 3557 667 injustitia
3576 610 3683 669 per-

2166 698 2537 743 severaveru
2544 687 2632 754 nt,
2644 680 2756 741 sed
2770 680 3013 741 etiamsi
3022 686 3236 759 postea
3256 690 3535 761 peccent,
3548 685 3683 745 dum-

2163 774 2353 835 modo
2390 771 2647 854 praemio
2676 780 2739 835 et
2766 773 3153 835 retributioni
3184 773 3445 835 tandem
3472 775 3683 855 impedi-

2163 873 2445 928 mentum
2476 886 2606 927 non
2635 872 2893 945 ponant,
2924 867 3029 946 qui
3060 867 3205 927 talia
3232 869 3459 929 merita
3494 870 3684 933 habue-

2164 968 2333 1023 runt.
2368 961 2501 1033 Quo
2540 961 2609 1023 fit
2642 968 2711 1023 ut
2754 962 2817 1021 in
2862 980 2939 1022 ea
2980 962 3289 1023 sententia
3334 962 3521 1023 etiam
3556 982 3685 1027 com-

2164 1054 2517 1134 prehendat
2530 1055 2862 1134 Apostolus
2884 1054 3051 1116 bona
3066 1072 3255 1135 opera
3274 1074 3394 1135 per
3412 1064 3683 1135 peccatum

2166 1148 2572 1225 mortificata,
2602 1150 2651 1209 si
2684 1167 2795 1229 per
2808 1151 3232 1229 paenitentiam
3258 1150 3681 1215 reviviscautur.

2168 1244 2316 1304 Haec
2354 1244 2615 1303 assertio
2654 1249 2749 1304 est
2786 1243 3137 1304 communis
3180 1242 3681 1317 scholasticorum,

2167 1353 2325 1413 quos
2352 1336 2418 1397 in
2436 1337 2723 1415 sequenti
2742 1336 3015 1397 sectione
3030 1335 3403 1398 referemus.
3422 1339 3524 1399 Est
3542 1340 3683 1401 etiam

2166 1430 2318 1490 satis
2364 1429 2713 1491 eommunis
2758 1429 2919 1491 inter
2958 1430 3353 1508 expositores
3390 1438 3451 1491 et
3485 1433 3681 1505 Patres;

2165 1524 2249 1585 ita
2280 1523 2449 1583 enim
2476 1522 2753 1583 sentiunt
2774 1522 3009 1583 Glossae
3034 1540 3280 1584 omneS.
3308 1524 3683 1587 Inter-linearis

2168 1618 2331 1679 enim
2364 1617 2451 1677 sic
2474 1616 2699 1677 habet:
2734 1617 2876 1679 Ideo
2902 1617 2969 1678 de
3000 1618 3163 1679 vobis
3184 1620 3555 1696 confidimus,
3580 1625 3685 1699 quie

2166 1710 2311 1772 olim
2336 1710 2535 1773 multa
2556 1711 2789 1792 operati
2820 1710 2991 1783 estis,
3013 1728 3129 1789 pro
3154 1712 3376 1791 quibus
3402 1712 3461 1773 si
3486 1714 3685 1791 ponite-

2165 1802 2318 1865 mim'
2338 1804 2407 1866 de
2426 1803 2631 1876 malis,
2660 1804 2979 1879 benefaciet
3004 1805 3167 1866 vobis
3196 1804 3388 1867 Deus.
3422 1806 3495 1865 Et
3516 1806 3683 1869 Glossa

2165 1896 2355 1958 Ordin
2364 1942 2377 1957 .
2390 1942 2405 1970 ‚
2414 1900 2689 1957 tractans
2699 1895 2959 1955 verbum
2970 1896 3149 1969 illud,
3162 1896 3552 1958 confidimus:
3568 1897 3687 1971 Quia

2166 1991 2235 2053 de
2250 1989 2797 2071 proesentifinquit)
2816 2008 2934 2051 non
2948 1990 3119 2053 habet
3130 1992 3291 2053 wude
3300 1990 3523 2065 laudet,
3546 1995 3687 2073 ἄειρε

2162 2088 2511 2162 futurorum
2536 2084 2789 2158 attollit,
2808 2085 3035 2163 adquoe
3048 2103 3161 2165 per
3171 2087 3498 2164 proeterita
3510 2086 3684 2159 allicit,

2165 2184 2225 2241 et
2241 2176 2391 2253 facit
2416 2195 2512 2240 eos
2534 2175 2887 2240 existimare
2914 2178 3109 2239 Deum
3134 2195 3259 2239 novt
3292 2178 3532 2241 oblitum
3554 2180 3686 2241 bon-.-

2166 2290 2307 2334 rwm
2326 2290 2457 2352 φατ’
2472 2276 2765 2351 fecerunt.
2792 2269 2941 2341 Quae
2971 2271 3163 2331 verba
3188 2278 3444 2351 sumpta
3456 2273 3689 2334 tidentur

2170 2381 2249 2425 ex
2299 2364 2629 2424 Ambrosio
2684 2364 2749 2423 in
2796 2364 3183 2443 expositione
3228 2364 3399 2425 illius
3442 2367 3678 2445 epistola,

2168 2474 2315 2517 nam
2334 2455 2555 2517 eadem
2576 2456 2707 2517 fere
2728 2458 2944 2536 paucis
2960 2458 3213 2519 mutatis
3228 2458 3443 2519 habet.
3464 2459 3683 2522 Consen-

2167 2551 2239 2611 tit
2264 2551 2451 2611 etiam
2480 2553 2551 2611 D.
2582 2552 2855 2611 Thomas
2883 2551 2947 2610 in
2972 2552 3259 2613 membro
3292 2552 3435 2629 hoc,
3480 2552 3601 2631 quia
3622 2554 3679 2614 de

2166 2644 2555 2704 mortificatis
2584 2644 2821 2705 meritis
2852 2644 3003 2704 illud
3034 2662 3333 2724 expresse
3380 2646 3679 2724 interpreta-

2166 2742 2287 2797 tur.
2318 2739 2445 2799 Nec
2466 2737 2751 2799 dissentit
2772 2738 3125 2805 Anselmus,
3150 2738 3203 2798 si
3230 2742 3407 2799 recte
3430 2740 3679 2817 expenda-

2166 2836 2291 2903 tur,
2315 2848 2461 2891 nam
2490 2836 2632 2911 post
2656 2831 2849 2892 verba
2878 2849 3067 2909 supra
3098 2831 3286 2892 citata
3316 2831 3517 2892 subdit
3540 2850 3551 2891 :
3574 2834 3681 2893 Ideo

2168 2924 2237 2987 de
2256 2922 2419 2987 vobis
2438 2925 2811 3001 confidimus,
2844 2927 2989 3004 quia
3006 2924 3153 2987 olim
3176 2925 3385 2988 multa
3398 2927 3601 3007 operati
3614 2944 3681 2986 es-

2168 3017 2275 3092 tis,
2302 3034 2419 3098 pro
2446 3016 2656 3097 quibus
2684 3018 2743 3079 ei
2764 3018 2835 3079 de
2853 3017 3041 3080 malie
3060 3018 3476 3099 penitentiam
3502 3020 3678 3097 agatis..

2168 3110 2484 3188 benefaciet
2508 3110 2672 3173 robis
2694 3111 2861 3174 Deus
2884 3135 2911 3182 ;
2942 3117 3003 3171 et
3022 3110 3181 3172 infra
3198 3110 3405 3191 iuquit
3422 3130 3438 3172 ε
3458 3111 3571 3173 His
3584 3131 3681 3172 ter-

2168 3202 2257 3266 bis
2292 3209 2465 3284 patet
2498 3205 2655 3284 quod
2685 3202 2963 3284 superior
3006 3205 3345 3286 increpatio
3380 3210 3439 3267 et
3468 3223 3683 3285 presens

2168 3297 2499 3360 consolatio
2538 3313 2655 3356 non
2690 3298 2774 3360 ad
2789 3301 3085 3376 perlectos
3103 3298 3481 3380 diriguntur,
3506 3296 3597 3376 qui
3618 3313 3682 3356 re-

2166 3388 2479 3469 liquerant
2510 3387 2731 3461 omnia,
2764 3395 2823 3452 et
2846 3390 3139 3453 habebant
3164 3407 3271 3453 cor
3294 3407 3477 3452 unum
3512 3393 3561 3450 et
3583 3391 3685 3449 ani-

2166 3501 2327 3546 mam
2351 3501 2559 3555 unam,
2586 3485 2693 3545 sed
2720 3483 2804 3546 ad
2822 3489 3065 3546 cottam
3092 3484 3199 3564 qui
3224 3483 3523 3546 secularia
3544 3482 3684 3544 relia-

2164 3593 2343 3658 quere
2368 3577 2631 3648 noluere,
2664 3582 2723 3640 et
2748 3577 3115 3659 negligenter
3142 3595 3215 3640 ae
3242 3577 3486 3640 remisse
3504 3579 3679 3638 via-ere.

2168 3669 2651 3749 chrysostomus
2678 3671 2867 3730 etiam
2898 3670 3009 3742 ibi,
3030 3671 3250 3731 homil.
3288 3673 3388 3742 10,
3412 3670 3683 3731 conferens

2166 3763 2335 3824 hune
2378 3762 2585 3824 locum
2626 3783 2771 3824 cum
2816 3763 2937 3824 alio
2976 3762 3061 3824 ad
3096 3763 3235 3826 Gal.
3268 3769 3332 3838 εἰ,
3363 3781 3537 3841 quem
3560 3763 3680 3822 infra

2165 3857 2594 3930 tractabimuS,
2622 3859 2687 3918 in
2716 3863 2985 3936 utroque
3004 3875 3368 3918 sermonem
3396 3857 3555 3918 Pauli
3576 3873 3679 3915 esse

2164 3949 2333 4023 dicit,
2366 3951 2445 4011 ad
2470 3969 2583 4012 eos
2610 3951 2715 4030 qui
2734 3955 2873 4030 post
2896 3951 3095 4010 multa
3119 3951 3288 4011 bona
3318 3967 3499 4028 opera
3523 3967 3553 4008 a
3574 3963 3677 4025 gra-

2162 4042 2249 4104 tia
2286 4042 2669 4116 exciderant,
2696 4049 3009 4105 uteorum
3037 4042 3491 4113 recordatione,
3520 4047 3572 4100 et
3596 4057 3673 4117 spe
3769 4049 3770 4092 l

2164 4135 2225 4196 in
2260 4136 2351 4196 eis
2378 4137 2566 4196 etiam
2596 4134 2881 4208 fundata,
2922 4153 3031 4196 eos
3078 4135 3159 4196 ad
3198 4133 3605 4213 poenitentiam
3630 4139 3673 4190 ct

2163 4230 2693 4308 perseverantiam
2740 4229 2988 4290 alliciat.
3022 4229 3170 4300 Quoe
3200 4229 3319 4290 fuit
3356 4229 3533 4288 etiam
3568 4244 3674 4284 sen-

2161 4322 2355 4383 tentia
2382 4322 2704 4382 Athanasii
2732 4322 2795 4383 in
2828 4321 3111 4383 oratione
3138 4322 3219 4383 de
3254 4320 3609 4400 blasphemia
3628 4319 3671 4376 in

2159 4415 2458 4494 Spiritum
2486 4417 2804 4477 Sanc-tum.

2238 4509 2335 4568 13.
2365 4509 2453 4569 Ac
2478 4507 2751 4587 denique
2768 4525 2989 4569 omnes
3009 4509 3247 4583 PatreS,
3272 4509 3377 4587 qui
3402 4509 3583 4588 priora
3598 4507 3667 4564 illa

2153 4600 2369 4676 verba,
2392 4601 2759 4684 impossibile
2786 4607 2880 4664 est
2904 4619 3002 4665 eos
3044 4603 3151 4682 qm·
3176 4603 3356 4664 smel
3386 4599 3673 4663 illuminati

2148 4697 2317 4764 sunt,
2346 4699 2493 4766 etc.‚
2520 4693 2601 4754 de
2628 4693 2989 4772 impossibili
3022 4694 3401 4772 simpliciter,
3424 4701 3481 4754 et
3504 4693 3571 4753 de
3594 4711 3667 4750 ιϊ-

2149 4787 2484 4847 novatione
2525 4805 2639 4866 per
2667 4787 3053 4866 baptismum
3088 4789 3299 4848 locum
3340 4787 3505 4848 illum
3529 4784 3673 4844 intel-

2148 4878 2371 4958 ligunt,
2398 4897 2511 4958 pro
2552 4887 2721 4942 certo
2760 4886 3123 4960 supponunt
3156 4881 3414 4943 Paulum
3446 4879 3665 4940 scrihere

2148 4971 2229 5034 ad
2255 4972 2571 5044 Hebrae08‚
2600 4973 2707 5054 qui
2729 4980 2873 5053 post
2898 4973 3281 5054 baptismum
3302 4978 3619 5052 susceptum
3642 4988 3667 5027 a

2147 5065 2347 5144 gratia
2384 5065 2565 5126 facile
2588 5067 2921 5141 cadebant,
2952 5067 3375 5128 existimantes
3396 5082 3559 5144 posse
3582 5081 3668 5141 per

2146 5157 2316 5219 aliud
2358 5159 2676 5220 lavacrum
2704 5177 2817 5219 seu
2864 5159 3247 5238 baptismum
3288 5160 3499 5220 iterum
3526 5172 3663 5215 mun—

2144 5251 2300 5312 dari.
2327 5253 2481 5313 Sunt
2502 5259 2711 5312 autem
2728 5252 2903 5314 multi
2922 5259 2985 5313 et
3006 5253 3349 5330 gravissimi
3372 5253 3563 5313 Patres
3580 5246 3659 5325 qui

2143 5345 2229 5406 ita
2254 5351 2596 5424 exponunt,
2627 5345 3017 5418 Ambrosius„
3048 5347 3476 5425 Hieronymus,
3499 5343 3658 5401 Theo-

2144 5437 2423 5510 doretuS,
2466 5431 2995 5517 TheophylactuS,
3038 5445 3101 5500 et
3140 5439 3273 5500 fere
3320 5438 3413 5498 alii
3462 5432 3655 5512 exposi-

2144 5537 2347 5607 tores3
2388 5531 2471 5594 ibi
2500 5531 2907 5612 Augustinus,
2948 5531 2991 5591 1.
3036 5533 3115 5594 de
3140 5532 3289 5595 Fide
3310 5537 3366 5593 et
3390 5528 3652 5609 operibus,
