3850 6225
505 357 624 416 596

505 461 577 510 Dc
608 459 829 524 praetnio
855 460 1123 514 essentiali
1149 462 1504 514 communiter
1525 471 1601 514 est
1627 474 1804 515 sermo
1842 464 1897 515 in
1924 464 2067 514 Scri-

571 541 742 598 ptura.
789 547 910 589 cum
947 537 1016 588 de
1049 537 1270 602 praemio
1311 538 1576 590 bonorum
1623 549 1845 604 operum
1890 539 2069 605 loqui-

571 615 670 672 tur,
699 609 792 670 ih..
817 623 907 676 op.
943 618 988 671 5,
1016 611 1152 676 disp.
1180 616 1228 670 2,
1259 619 1388 664 sect.
1415 617 1460 664 1.

507 683 618 747 Qua
655 685 860 738 rationo
887 692 1034 739 actus
1071 687 1300 740 debeant
1335 701 1454 742 esse
1481 701 1514 742 a
1545 688 1818 754 charitate,
1849 696 1902 742 ttt
1944 701 2067 742 me-

573 760 742 812 ritorii
765 763 872 816 sint
894 763 1016 814 vitae
1041 771 1269 824 aeternae,
1303 763 1374 815 ib.

886 896 1106 933 UEUTU!
1141 896 1336 933 scruti!
1372 896 1691 934 nuutssottun.

511 993 688 1045 Gratia
708 993 888 1046 debita
909 993 1118 1048 actibus
1142 994 1382 1048 remissis
1407 995 1694 1062 aliquando
1717 997 1890 1060 datur,
1907 1010 1997 1064 op.
2022 1003 2068 1060 5,
2095 1019 2099 1023 ·

573 1069 711 1134 disp.
736 1073 787 1132 Ξ,
805 1076 932 1122 sect.
959 1075 1004 1121 8.
1361 1111 1370 1118 .

511 1145 730 1271 Noluitgst
751 1157 848 1270 31η·
871 1143 1146 1198 differatur
1169 1145 1382 1199 collatio
1402 1146 1585 1214 gratias
1617 1145 1704 1198 his
1735 1145 1941 1199 meritis
1972 1145 2073 1198 de-

511 1295 626 1380 Non
674 1257 852 1420 intimis
887 1295 1184 1352 vivificatur
1225 1295 1424 1351 amissa
1464 1295 1714 1360 charitas,
1753 1309 1916 1362 quam
1946 1309 2072 1363 gra-

579 1378 665 1429 tia,
691 1385 702 1420 t
749 1408 760 1421 .

513 1447 613 1498 Per
631 1453 780 1500 actus
809 1445 1065 1498 remissos
1085 1443 1266 1512 augeri
1295 1445 1538 1512 gratiam,
1565 1445 1638 1498 in.

515 1523 900 1648 Ρτιεξὲιεῖὴεεωε
929 1521 1186 1574 remissos
1207 1521 1384 1572 statim
1415 1521 1572 1573 datur
1591 1527 1935 1588 augmentum
1956 1535 2075 1590 gra-

516 1637 684 1738 opera}
697 1637 837 1726 bona
858 1672 1016 1726 etiam
1037 1673 1262 1724 remissa
1283 1672 1560 1725 meritoria
1581 1673 1846 1726 suntvitte
1859 1680 2076 1730 aeternae

580 1755 632 1801 et
665 1748 834 1814 magis
863 1749 1215 1811 sanctificant,
1247 1749 1292 1800 si
1318 1749 1448 1800 liant
1475 1749 1528 1800 in
1557 1751 1742 1814 gratia,
1769 1749 1841 1800 ih.

519 1823 663 1877 Sicut
689 1829 838 1878 actus
861 1823 984 1876 mali
1021 1825 1190 1890 magis
1218 1825 1451 1877 animam
1477 1825 1764 1889 maculant,
1793 1826 1866 1878 ih.

1026 2005 1206 2044 tntu
1229 2005 1568 2044 nominenu-

523 2129 652 2182 'l'ota
685 2129 854 2196 gratia
874 2131 1305 2197 correspondens
1327 2131 1532 2184 meritis
1554 2131 1834 2184 vivificatis
1860 2143 2081 2196 recupe-

586 2210 732 2258 ratur
754 2205 808 2258 in
831 2207 948 2271 ipsa
975 2207 1370 2273 justificatione,
1397 2219 1488 2273 op.
1512 2214 1558 2268 11,
1581 2207 1719 2273 disp.
1757 2212 1805 2270 2,
1843 2215 1973 2260 sect.
2002 2211 2046 2258 3.

1049 2383 1230 2420 ntum
1267 2382 1542 2422 vivit-'teau
1552 2409 1564 2420 .

527 2505 804 2560 Praemium
826 2505 974 2572 quod
1001 2505 1157 2582 datur
1191 2511 1407 2572 propter
1439 2505 1630 2558 merita
1665 2506 1931 2560 vivificata
1972 2518 2083 2560 non

591 2583 1028 2648 proportionetur
1057 2583 1344 2634 intensioni
1369 2580 1724 2644 contritionis,
1771 2595 1879 2648 qua
1915 2583 2084 2638 homo

588 2658 832 2724 resurgit,
867 2669 956 2724 op.
989 2663 1035 2718 5,
1059 2657 1196 2723 disp.
1233 2661 1282 2716 2.
1315 2663 1444 2710 sect.
1481 2663 1530 2710 2.

523 2733 658 2795 Quid
687 2733 755 2785 sit
775 2734 964 2786 merita
987 2732 1242 2788 viviticat-i
1281 2732 1575 2788 secundum
1613 2743 1922 2786 mensuram
1954 2731 2081 2784 cha-

587 2809 772 2870 ritatis,
797 2808 869 2860 ib.

525 2885 705 2938 Merita
738 2885 1058 2938 mortificata
1101 2883 1428 2938 reviviscunt
1471 2883 1542 2942 ad
1583 2889 1752 2938 totum
1794 2881 2077 2936 essentiale

589 2961 883 3027 praemium,
915 2960 985 3011 ib.

525 3038 780 3092 contritio
833 3037 888 3088 in
941 3036 1316 3103 justificatione
1357 3041 1568 3102 reparat
1621 3047 1818 3102 magna
1869 3035 2075 3096 merita,

593 3120 646 3167 et
669 3121 840 3179 major
863 3120 1112 3179 peccator.
1137 3120 1312 3180 potest
1341 3124 1620 3180 resurgere
1645 3113 1698 3165 in
1723 3110 1912 3177 majori
1954 3124 2079 3177 gra-

589 3190 680 3251 tia,
715 3190 785 3242 ih.

524 3270 606 3318 An
629 3266 832 3318 meritis
851 3264 1132 3318 vivificatis
1151 3264 1329 3317 statim
1363 3264 1517 3319 detur
1539 3264 1738 3318 amissa
1752 3262 1946 3329 gratia,
1972 3261 2047 3314 th.

523 3341 698 3395 Varioe
716 3340 1019 3407 opiniones,
1039 3339 1114 3392 ib.

534 3416 695 3469 valde
741 3422 924 3468 errant
951 3414 1040 3481 qui
1073 3414 1260 3468 dicunt
1288 3426 1384 3481 pro
1417 3414 1626 3467 meritis
1659 3412 1941 3466 vivificatis
1970 3424 2079 3465 non

589 3490 703 3543 dari
723 3495 1064 3557 augmentum
1101 3488 1302 3553 gloriae,
1331 3490 1402 3542 ib.

527 3566 708 3621 uerita
753 3566 1022 3618 vivificata
1059 3564 1366 3616 nullatenus
1403 3562 1508 3615 dici
1557 3568 1784 3628 possunt
1829 3561 2081 3629 partiales

588 3652 764 3693 causae
793 3638 996 3723 praemii
1035 3638 1166 3691 alias
1199 3638 1360 3689 dandi
1409 3652 1474 3693 ex
1510 3638 1630 3691 aliis
1665 3638 1949 3705 operibus,
1986 3636 2080 3701 ib„

587 3722 717 3769 sect.
741 3720 788 3768 1.

527 3793 693 3855 Quam
736 3790 993 3855 justitiam
1037 3796 1213 3843 servet
1271 3790 1410 3842 Deus
1451 3802 1574 3843 cum
1619 3788 1808 3843 merita
1855 3788 2084 3843 revivis-

589 3872 734 3923 cunt.
769 3878 856 3931 op.
899 3869 946 3927 ⁸,
985 3862 1122 3931 disp.
1159 3868 1206 3925 1,
1230 3868 1358 3917 nect.
1395 3868 1441 3915 3.

529 3944 588 3995 tn
609 3954 717 4007 quo
741 3940 990 3994 fundetur
1009 3940 1130 3993 talis
1145 3940 1364 4005 justitia,
1391 3939 1462 3993 in.

523 4016 802 4081 Quomodo
840 4017 1088 4069 meritum
1128 4018 1238 4083 jam
1267 4022 1592 4069 transactum
1633 4015 1688 4067 in
1719 4016 1824 4069 nco
1865 4018 2083 4066 maneat

585 4100 638 4147 et
661 4094 718 4146 in
746 4092 982 4154 homine,
1017 4092 1088 4144 ib.
1375 4084 1384 4093 '

523 4169 714 4236 Negari
753 4182 866 4221 non
911 4174 1084 4233 potest
1121 4166 1236 4219 hinc
1288 4166 1658 4221 reviviscentis
1699 4166 1820 4219 sine
1863 4164 2081 4219 temeri—

585 4252 708 4307 tate,
747 4244 839 4304 in„
869 4248 998 4295 sect.
1023 4247 1070 4294 2.

523 4320 909 4373 Reviviscentia
931 4319 1240 4372 meritorum
1265 4330 1376 4371 non
1401 4320 1636 4371 nascitur
1663 4330 1696 4370 a
1727 4318 1842 4371 sola
1865 4318 2083 4372 miseri-

585 4396 785 4459 cordia,
811 4396 904 4455 in„
927 4403 1055 4448 sect.
1083 4400 1128 4446 ⁸.

521 4476 649 4527 Earn
675 4480 853 4525 tamen
877 4472 1150 4537 supponit,
1187 4470 1260 4522 ib.

521 4552 584 4604 Et
605 4556 1008 4605 consummatur
1041 4561 1136 4613 per
1155 4546 1433 4613 justitiam.
1465 4546 1537 4599 ib.

521 4628 594 4678 Ex
615 4626 728 4679 sola
751 4624 1111 4689 condignitate
1133 4624 1313 4689 gratiae
1341 4635 1452 4676 non
1481 4623 1610 4677 satis
1633 4622 1898 4688 colligitur
1915 4622 2077 4675 meri-

585 4708 758 4754 torum
783 4698 1170 4753 reviviscentis.
1197 4698 1268 4751 ih.

521 4776 669 4839 Quod
691 4776 760 4827 sit
795 4776 1064 4827 decretum
1115 4772 1496 4827 misericordiae
1530 4772 1674 4837 quod
1712 4771 1993 4825 intervenit
2024 4772 2076 4823 in

583 4850 940 4901 vivificatione
969 4850 1232 4901 bonorum
1267 4862 1510 4915 operum,
1543 4849 1614 4901 ib.

520 4928 664 4979 Licet
687 4925 1070 4977 reviviscentis
1099 4926 1410 4977 meritorum
1439 4924 1526 4976 liat
1563 4938 1594 4977 a
1621 4922 1822 4989 justitia
1845 4928 1898 4974 et
1917 4937 1951 4975 a
1974 4922 2077 4975 mi-

585 5000 900 5061 sericordia,
919 5013 1014 5065 per
1035 5000 1462 5053 antonomasiam
1495 5012 1615 5055 ωδε
1635 5000 1828 5051 dicitur
1856 5011 1889 5049 a
1911 4998 2077 5051 mise-

584 5076 832 5139 ricordia,
857 5074 928 5126 ib.

521 5150 719 5216 Duplex
755 5156 1066 5215 potestesse
1090 5149 1460 5202 reviviscentia
1489 5148 1818 5207 meritorum,
1846 5148 1918 5199 in.

519 5229 788 5287 Peccator.
823 5228 910 5292 jus
941 5226 1086 5291 quod
1129 5225 1355 5278 habebat
1389 5225 1456 5276 ad
1497 5226 1738 5291 gloriam,
1787 5238 1884 5289 per
1915 5226 2071 5289 peni-

583 5304 797 5355 tentiam
823 5310 1100 5368 recuperat
1127 5316 1157 5353 a
1177 5304 1302 5361 Deo,
1350 5302 1402 5352 in
1431 5312 1540 5366 quo
1579 5301 1914 5365 aliquatenus
1954 5312 2073 5351 ma-

583 5378 760 5439 nebat,
794 5389 882 5443 op.
907 5382 952 5438 11,
975 5376 1112 5441 disp.
1136 5383 1185 5437 2,
1209 5382 1339 5429 sect.
1375 5383 1420 5429 1.

517 5452 698 5505 uerita
735 5464 842 5503 non
887 5453 1208 5505 reviviscunt
1253 5451 1320 5505 ad
1372 5449 1547 5505 solum
1581 5449 1907 5505 accidentale
1936 5464 2071 5519 gau-

580 5527 749 5591 dium,
777 5526 846 5579 in.

1879 369 2065 418 tNuEx
2102 370 2327 420 itt-jutum

2634 486 2855 524 numm
2884 487 2941 524 m
2964 486 3213 528 usuum.

2150 616 2443 670 consensio
2488 619 2579 671 Dei
2624 618 2677 670 in
2710 620 2911 672 nostris
2950 620 3107 674 bonis
3140 620 3399 686 operibus
3434 619 3559 672 sine
3594 634 3707 684 pro-

2220 695 2497 756 missione.
2529 709 2640 750 non
2674 697 2803 750 satis
2832 703 2914 748 est
2949 703 3005 748 ut
3046 710 3108 748 ex
3138 697 3349 760 justitia
3388 695 3710 760 obligaretur

2213 772 2281 824 ad
2314 771 2549 838 praemia,
2580 773 2628 823 si
2650 771 2861 824 deesset
2880 779 3106 836 pactum.
3142 785 3230 836 op.
3262 777 3312 832 6,
3346 777 3479 824 sect.
3514 777 3559 822 1.

2150 850 2289 900 Deus
2311 861 2493 900 veram
2516 847 2771 912 justitiam
2800 847 3193 900 distributivam
3216 857 3429 902 exercet
3462 849 3517 901 in
3540 849 3711 900 distri-

2212 924 2431 977 butione
2460 923 2820 988 praemiorum,
2858 936 2946 990 op.
2978 929 3025 983 6,
3060 930 3189 975 sect.
3224 929 3271 973 3.

2152 1003 2212 1053 ln
2244 1001 2447 1052 meritis
2467 1002 2735 1064 justorum
2769 1008 2821 1052 et
2854 999 3091 1066 praemiis
3128 1008 3417 1056 servantur
3449 1001 3707 1054 conditio-

2216 1089 2313 1130 nes
2338 1077 2553 1142 justitiae
2580 1077 2987 1132 commutativae,
3024 1089 3113 1143 op.
3150 1085 3200 1143 6,
3226 1083 3356 1130 sect.
3381 1083 3431 1130 2.

2790 1208 2940 1246 torto
2974 1208 3073 1245 nm.

2152 1306 2278 1370 Quoe
2302 1307 2373 1358 sit
2404 1309 2569 1360 motio
2600 1320 2707 1374 qua
2748 1309 2805 1360 1).
2859 1308 3093 1361 Thomas
3132 1306 3261 1359 dicit
3288 1307 3459 1358 Deum
3502 1318 3709 1360 movere

2218 1382 2541 1436 intellectum
2564 1390 2617 1436 et
2636 1383 2978 1444 voluntatem,
3004 1395 3093 1448 op.
3128 1387 3175 1446 1,
3202 1382 3238 1434 1.
3267 1387 3314 1444 1,
3340 1395 3389 1434 c.
3418 1385 3501 1432 11.

2846 1513 3023 1552 noma.

2154 1607 2361 1732 lovere
2395 1606 2531 1731 ηξὴίι
2560 1611 2642 1659 est
2673 1604 2817 1658 aliud
2854 1619 3015 1670 quam
3048 1611 3253 1658 motum
3285 1605 3517 1668 efficere,
3548 1617 3635 1670 op.
3664 1611 3705 1660 1.

2242 1723 2253 1734 .
2284 1687 2329 1744 1,
2360 1695 2407 1734 c.
2466 1686 2511 1732 7.

2830 1812 2929 1848 ΙΟῩ
2934 1812 3039 1848 RES.

2158 1909 2271 1971 Quo
2318 1908 2563 1960 discursu
2616 1905 2912 1960 deducatur
2964 1919 3133 1959 unum
3190 1917 3423 1958 movens
3470 1905 3705 1956 immobi-

2222 1985 2289 2044 le.
2321 1996 2409 2050 op.
2440 1989 2487 2046 1,
2523 1986 2558 2036 1.
2594 1989 2642 2046 1,
2678 1996 2725 2035 c.
2758 1987 2809 2034 s.

2908 2140 2959 2208 >i

2795 2335 3077 2374 anemius
3084 2362 3094 2373 .

2164 2434 2289 2496 Quae
2330 2433 2397 2484 sit
2427 2431 2716 2484 necessitas
2746 2429 3126 2494 consequentis
3152 2434 3207 2482 et
3242 2427 3637 2492 consequentia.
3658 2435 3703 2480 et

2228 2507 2442 2574 quando
2470 2507 2763 2559 libertatem
2796 2507 2960 2567 tollat,
2988 2519 3076 2571 op.
3102 2510 3149 2568 1,
3182 2504 3219 2556 l.
3243 2509 3291 2568 1,
3318 2517 3369 2558 c.
3396 2509 3443 2556 3.

2912 2659 2970 2726 Ο

2768 2844 2925 2883 oven
2954 2843 3078 2882 nom
3089 2869 3102 2880 .

2159 2948 2283 3074 nge
2308 2947 2411 2998 sint
2436 2958 2600 3010 opera
2621 2944 2950 3005 mortificata,
2978 2950 3256 2996 mot-tuave
3276 2947 3373 2994 aut
3392 2941 3526 3002 viva,
3552 2954 3632 3004 op.
3656 2948 3696 2996 5.

2262 3023 2360 3087 isp.
2392 3025 2439 3083 1,
2471 3027 2600 3074 sect.
2632 3024 2676 3071 1.

2916 3151 2963 3219 11

2844 3312 3021 3353 unns
3028 3338 3039 3349 .

2159 3415 2255 3477 Qui
2286 3414 2461 3465 Patres
2483 3418 2721 3479 pugnent
2740 3417 2926 3465 contra
2956 3410 3233 3477 physicam
3276 3406 3697 3474 praedetermina-

2152 3557 2169 3567 ἢ
2224 3491 2421 3543 tionem
2444 3490 2625 3558 gratiae
2646 3488 2939 3549 excitantis,
2964 3500 3053 3552 op.
3087 3490 3134 3551 1,
3172 3485 3207 3536 l.
3240 3489 3288 3547 8,
3324 3498 3372 3537 c.
3406 3490 3453 3535 9.

2838 3618 3048 3657 tucrum

2166 3720 2380 3771 Pactum
2418 3718 2729 3784 requisitum
2762 3714 2831 3769 ad
2866 3716 3221 3781 aequalitatem
3246 3714 3471 3781 justitiae
3497 3711 3705 3777 propn'ae

2226 3802 2280 3847 et
2310 3794 2571 3860 perfectae,
2592 3792 2865 3859 quomodo
2894 3791 3226 3858 praecesserit
3258 3790 3511 3843 meritum
3532 3789 3703 3841 Christi

2228 3884 2327 3937 pro
2359 3870 2599 3923 Patribus
2620 3868 2814 3923 veteris
2839 3868 3179 3929 Testamenti,
3205 3879 3292 3934 op.
3316 3872 3368 3929 θ,
3392 3871 3524 3919 sect.
3548 3871 3593 3916 2.

2805 3996 3075 4037 necatur.

2162 4099 2299 4151 Deus
2322 4110 2433 4151 non
2456 4097 2679 4163 imputat
2704 4094 2909 4150 homini
2934 4108 3000 4147 ea
3022 4106 3143 4160 quae
3170 4093 3383 4155 racemi,
3408 4106 3501 4158 op.
3523 4099 3571 4153 1,
3604 4094 3639 4144 1.
3668 4098 3707 4153 1,

2222 4186 2270 4227 c.
2296 4178 2373 4225 ts.

2162 4250 2265 4303 Cur
2287 4248 2695 4315 permissionem
2722 4246 2919 4312 peccati
2948 4252 3203 4311 sequatur
3231 4244 3527 4297 infallibilis
3546 4244 3711 4297 scien-

2226 4326 2297 4376 tia
2324 4324 2409 4376 Dei
2446 4323 2515 4375 de
2548 4322 2725 4376 futuro
2760 4328 2995 4386 peccato,
3024 4334 3113 4386 op.
3151 4324 3198 4383 1,
3228 4320 3265 4371 l.
3300 4324 3351 4379 2r
3384 4333 3430 4372 c.
3464 4326 3509 4370 5.

2161 4400 2429 4462 Quatenus
2452 4396 2784 4463 complaceat
2814 4396 3023 4448 neusin
3054 4400 3175 4447 actu
3205 4394 3411 4461 peccati
3436 4396 3540 4459 jam
3574 4405 3707 4459 prae-

2222 4476 2355 4533 viso,
2382 4473 2454 4525 ib.

2162 4550 2299 4603 Deus
2352 4561 2462 4601 non
2508 4546 2698 4600 excitat
2726 4552 2817 4598 aut
2850 4551 3141 4609 praemovet
3177 4546 3247 4598 ad
3284 4552 3463 4598 actum
3502 4542 3706 4609 peccati.

2224 4624 2381 4677 etiam
2408 4636 2507 4689 pro
2534 4622 2816 4685 materiali,
2845 4621 2936 4684 ih„
2966 4634 3013 4673 c.
3047 4627 3093 4671 8.

2160 4698 2297 4751 Deus
2322 4711 2429 4751 non
2458 4704 2635 4751 movet
2657 4697 2725 4749 :td
2756 4704 2931 4749 actum
2961 4696 3163 4749 bonum
3190 4702 3281 4747 aut
3307 4694 3701 4747 indifferentem.

2220 4788 2285 4827 ea
2307 4774 2599 4827 intentione
2618 4782 2675 4827 ut
2698 4772 2824 4825 inde
2844 4772 3180 4825 occasionem
3203 4779 3383 4824 sumat
3408 4773 3567 4823 homo
3588 4770 3701 4820 mali

2220 4850 2419 4916 operis,
2452 4849 2521 4900 ih.

2158 4926 2327 4977 Homo
2356 4938 2464 4979 non
2490 4924 2985 4990 prae-determinatur
3024 4924 3093 4975 ad
3128 4930 3281 4977 actus
3310 4922 3500 4985 malos,
3540 4922 3699 4973 adhuc

2222 5014 2320 5066 pro
2350 5000 2625 5062 materiali,
2654 4999 2723 5051 ib.

2159 5075 2299 5128 Dens
2328 5087 2438 5127 non
2468 5074 2633 5126 utitur
2654 5074 2831 5139 pravis
2858 5074 3237 5133 voluntatibus,
3267 5086 3361 5126 eas
3406 5070 3696 5124 inclinando

2221 5150 2287 5201 ad
2314 5150 2485 5201 malos
2518 5157 2683 5211 actuS,
2710 5156 2761 5201 et
2784 5150 3065 5213 exponitur
3086 5149 3429 5215 Augustinus,
3458 5150 3527 5199 ih.

2160 5229 2296 5279 Deus
2322 5240 2429 5279 non
2461 5232 2541 5279 est
2568 5224 2828 5278 dicendus
2850 5234 3033 5278 auctor
3058 5226 3215 5278 unius
3248 5226 3447 5289 peccati
3468 5224 3605 5291 quod
3625 5230 3693 5273 est

2220 5302 2271 5352 in
2310 5314 2513 5366 paenam
2536 5300 2772 5360 alteriuS‚
2800 5302 2872 5353 ih.

2152 5377 2315 5429 Deum
2340 5388 2448 5427 non
2470 5388 2591 5428 esse
2616 5388 2833 5429 causam
2865 5376 3063 5441 peccati
3094 5375 3163 5427 de
3182 5374 3289 5427 tide
3308 5382 3409 5437 est,
3434 5374 3519 5435 ib„
3546 5386 3588 5425 c.
3616 5378 3658 5424 1.

2152 5451 2231 5505 Ad
2294 5452 2491 5503 realem
2556 5454 2829 5505 entitatem
2896 5450 3099 5519 peccati
3160 5450 3379 5517 physice
3436 5450 3679 5502 concurrit

2214 5530 2371 5591 DeuS,
2397 5528 2468 5583 ib.
