3850 6225
482 412 603 473 522

482 518 581 581 cui
606 518 713 598 jus
738 535 925 579 suum
958 524 1053 581 est
1088 520 1378 599 proprius
1412 526 1479 583 et
1511 521 1825 601 perfectus
1852 522 2044 583 affec-

479 618 604 686 tus,
653 611 759 693 qui
786 612 993 673 locum
1022 613 1210 675 habet
1240 614 1301 675 in
1332 616 1497 687 Deo;
1538 613 1885 677 formaliter
1912 632 2042 676 nou

481 704 631 767 dicit
674 704 1103 769 collectionem
1158 707 1439 768 omnium
1491 708 1789 769 virtutum
1836 726 2044 770 mora-

479 798 657 871 lium,
700 804 771 859 ut
794 817 913 879 per
947 817 1017 860 se
1044 806 1263 861 notum
1290 806 1421 875 est;
1464 818 1671 879 neque
1700 800 1889 862 etiam
1916 801 2040 861 for·

480 893 727 955 maliter
748 892 895 955 dicit
928 894 1223 957 affectum
1250 894 1715 966 misericordiae,
1751 901 1861 957 aut
1890 894 2042 957 libe-

478 987 762 1059 ralitatis,
812 992 883 1047 ut
922 1006 1001 1049 ex
1048 987 1307 1067 objectis
1356 987 1505 1067 ipsis
1548 988 1729 1049 facile
1774 994 2038 1049 constat.

479 1082 745 1143 Necesse
776 1086 873 1142 est
896 1098 1049 1159 ergo
1068 1081 1395 1141 admittere
1426 1080 1491 1141 in
1518 1082 1645 1141 Deo
1672 1079 1930 1159 aliquod
1955 1086 2046 1143 at·

476 1174 777 1235 tributum
806 1174 1141 1255 peculiare,
1183 1172 1353 1253 quod
1381 1173 1635 1253 propria
1664 1174 1905 1253 justitia
1935 1174 2038 1235 sit.

554 1268 657 1328 23.
705 1264 1065 1331 Orcum-iton·
1094 1266 1279 1331 alter-i
1300 1266 1637 1347 objectioni.
1676 1298 1758 1313 —
1800 1268 2044 1329 Βωιιιηι

480 1360 763 1424 collatum
785 1378 857 1423 ιω
874 1358 1007 1423 sola
1026 1360 1319 1439 fidelitate
1340 1364 1537 1441 potest
1558 1378 1683 1425 erse
1700 1361 2044 1444 munitum

480 1460 539 1517 et
562 1469 681 1513 nou
708 1470 783 1515 co
795 1451 1076 1533 jutitia.
1102 1484 1185 1499 -
1210 1452 1388 1526 Quod
1414 1454 1669 1516 tandem
1696 1452 2036 1515 attendisse

476 1544 769 1606 videntur
822 1544 969 1606 dicti
1022 1550 1311 1608 auctores
1333 1590 1353 1621 ,
1404 1552 1469 1609 et
1518 1548 1663 1609 ideo
1718 1546 2036 1609 addidisse

478 1636 648 1698 aliud
682 1637 1041 1717 exemplum
1072 1637 1421 1713 fidelitatis,
1458 1658 1599 1721 quos
1638 1647 1735 1702 est
1766 1640 2038 1719 speciale

476 1730 843 1793 attributum
882 1732 1217 1795 voluntatis
1258 1734 1408 1796 Dei:
1462 1752 1587 1814 quo
1620 1733 1909 1813 exemplo
1957 1733 2040 1795 si-

478 1822 777 1904 gnificare
814 1822 1107 1886 videntur
1134 1826 1439 1906 justitiam
1480 1844 1619 1888 esse
1650 1826 1921 1906 speciale
1952 1831 2042 1887 at-

478 1918 801 1991 tributum,
832 1917 947 1979 sed
970 1936 1099 1980 non
1126 1920 1297 1981 aliud
1320 1938 1356 1981 a
1386 1919 1707 1994 fidelitate,
1748 1937 1889 2000 quie
1926 1938 2042 1981 no-

478 2028 627 2073 men
659 2011 913 2090 justitiis
964 2012 1153 2073 habet
1194 2020 1451 2092 propter
1491 2030 1892 2075 communem
1939 2030 2042 2075 ra-

476 2105 715 2167 tionem
746 2104 941 2166 debiti
978 2106 1061 2166 ad
1102 2106 1392 2183 alterum,
1438 2125 1567 2169 uon
1601 2124 1753 2169 vero
1782 2112 2040 2186 propter

476 2196 665 2259 aliam
688 2198 889 2277 magis
910 2200 1267 2277 specialem.
1294 2200 1419 2263 Sed
1444 2200 1591 2263 licet
1606 2200 2034 2274 admittamus,

479 2295 545 2352 et
580 2308 795 2351 verum
840 2292 919 2353 sit
952 2290 1315 2355 fidelitatem
1352 2293 1476 2355 dici
1508 2312 1694 2373 posse
1727 2292 2036 2372 justitiam

478 2383 839 2464 quamdam,
872 2390 1181 2463 quatenus
1202 2392 1297 2447 est
1319 2387 1674 2465 potentialis
1698 2404 1843 2469 pars
1870 2385 2038 2447 illius

478 2477 741 2549 virtutis,
770 2477 997 2539 falsum
1018 2484 1231 2541 tamen
1256 2484 1353 2541 est
1370 2497 1595 2543 omnes
1614 2480 2034 2559 operationes»,

476 2588 615 2650 quae
658 2572 787 2633 Deo
816 2572 1169 2650 specialiter
1206 2573 1582 2634 conveniunt
1626 2573 1867 2635 ratione
1908 2590 2040 2633 sum

470 2666 727 2746 justitiae
768 2668 1034 2745 proprioe
1072 2670 1137 2728 et
1173 2668 1583 2747 particularis,
1628 2686 1815 2747 posse
1845 2668 1911 2728 in
1942 2684 2038 2728 so·

476 2760 603 2821 lam
642 2758 1008 2821 fidelitatem
1050 2760 1305 2833 reduci;
1347 2761 1517 2841 quod
1555 2762 1619 2823 in
1650 2762 1816 2822 dicta
1844 2760 2050 2821 etiam·

474 2850 833 2914 Relectione
883 2852 1009 2914 late
1046 2854 1339 2933 probavi.
1404 2856 1481 2917 Et
1535 2856 1695 2915 ratio
1750 2853 2038 2933 quiedam

476 2946 627 3006 mihi
652 2962 903 3025 semper
926 2946 1059 3007 visa
1102 2953 1199 3009 est
1224 2949 1463 3021 efficax,
1504 2954 1751 3029 sumpta
1778 2966 1855 3011 ex
1884 2964 2038 3026 quo·

476 3038 623 3100 dam
652 3038 957 3120 principio
980 3048 1151 3103 certo
1182 3042 1246 3101 in
1271 3042 1612 3122 Theologia
1640 3086 1657 3116 ,
1700 3043 1845 3122 quia
1876 3058 2037 3122 quae-

476 3133 621 3194 dam
652 3135 820 3195 Deus
846 3134 1027 3196 nobis
1052 3135 1245 3198 donat
1270 3137 1483 3216 gratis,
1515 3136 1639 3197 alia
1662 3155 1793 3198 non
1818 3135 2036 3216 gratis,

476 3226 648 3306 quod
668 3226 967 3290 fundatur
995 3228 1059 3288 in
1088 3229 1279 3290 Paulo
1304 3229 1547 3290 dicente
1574 3248 1589 3290 :
1624 3229 1706 3294 Si
1731 3228 1942 3310 qratia
1971 3245 2042 3290 3&

476 3319 783 3400 operibus,
827 3339 967 3404 erqo
1000 3323 1209 3403 qratia
1238 3323 1373 3397 iam
1402 3341 1521 3385 eon
1552 3329 1647 3387 m
1686 3323 1895 3404 qratia
1935 3321 2044 3399 (ad

475 3413 655 3474 Rom.
691 3416 827 3493 1⁴);
858 3415 1027 3476 unde
1052 3416 1273 3495 gloria,
1300 3435 1437 3497 quae
1464 3435 1543 3477 ex
1569 3415 1809 3478 meritis
1828 3416 2032 3486 datur,

472 3505 619 3568 licet
654 3514 911 3588 propter
934 3509 1233 3580 radicem,
1268 3527 1461 3589 quam
1488 3510 1679 3571 habet
1708 3509 1773 3570 in
1808 3509 2034 3589 gratia,

474 3597 789 3660 interdum
808 3600 997 3662 etiam
1022 3603 1221 3680 gratia
1243 3604 1615 3683 appelletur,
1645 3605 1709 3664 in
1732 3621 1801 3664 se
1825 3609 2038 3664 tamen

474 3709 607 3752 non
634 3699 729 3753 est
756 3693 981 3772 gratia,
1021 3694 1085 3756 id
1114 3701 1231 3770 cst,
1268 3697 1605 3776 gratuitum
1640 3696 1899 3758 donum.
1951 3697 2042 3756 Ex

475 3783 575 3844 his
614 3802 765 3864 ergo
822 3786 1214 3849 concluditur
1260 3791 1462 3850 ratio:
1508 3807 1657 3850 nam
1696 3809 1877 3870 opu-s,
1926 3805 2043 3850 seu

474 3875 713 3938 donum
744 3879 1039 3940 collatum
1072 3900 1109 3941 a
1136 3883 1267 3944 Deo
1294 3900 1373 3944 ex
1408 3882 1705 3944 fidelitate
1736 3883 1893 3956 sola,
1926 3899 2038 3944 seu

478 3969 740 4050 simplici
787 3973 1201 4051 promissione
1226 4019 1243 4048 ,
1294 3975 1701 4038 nihilominus
1752 3980 1848 4038 est
1888 3993 2040 4037 vera

476 4066 699 4144 gratia,
742 4084 855 4128 seu
880 4067 1139 4130 donatio
1168 4070 1363 4149 gratis
1386 4071 1573 4143 facta,
1604 4077 1675 4132 ut
1704 4077 1800 4132 est
1826 4071 2044 4132 certis-

476 4158 703 4219 simum
726 4158 807 4220 de
834 4161 1205 4224 remissione
1234 4162 1497 4241 peccati,
1528 4170 1591 4224 et
1614 4163 1813 4243 prima
1840 4163 2042 4243 gratia

476 4250 927 4326 sanctificante,
954 4271 1147 4333 quam
1172 4257 1343 4316 Deus
1368 4257 1559 4336 gratis
1578 4255 1794 4332 donat,
1825 4273 2042 4335 quam-

473 4345 569 4406 vis
614 4361 755 4406 eam
794 4347 1151 4425 promiserit
1196 4349 1529 4428 agentibus
1572 4349 2030 4428 poenitentiam.

476 4437 861 4501 Beneficium
904 4440 1093 4500 etiam
1136 4441 1587 4504 Incarnationis
1631 4441 1801 4502 Deus
1842 4441 2037 4520 gratis

472 4531 711 4594 mundo
760 4530 909 4593 fecit
950 4575 969 4605 ,
1028 4533 1317 4612 quamvis
1370 4534 1435 4595 id
1488 4533 1845 4614 promiserit
1886 4541 2034 4596 ante

472 4629 759 4704 tempora
782 4625 1130 4700 saecularia,
1172 4633 1241 4690 ut
1270 4628 1361 4690 ait
1386 4627 1615 4690 Paulus
1642 4628 1717 4706 (2
1742 4629 1900 4690 Tim.
1936 4636 1961 4690 1
1987 4630 2028 4706 ).

474 4717 599 4779 Sed
628 4725 857 4797 praeter
886 4719 1019 4781 hoec
1044 4719 1211 4782 dona
1240 4727 1387 4783 sunt
1412 4721 1557 4795 alia,
1590 4739 1731 4802 quai
1755 4722 1839 4784 ita
1868 4725 2036 4784 Deus

472 4810 715 4874 confert
752 4812 1111 4874 hominibus
1142 4819 1401 4894 propter
1441 4833 1635 4895 opera
1682 4833 1926 4888 eorum,
1967 4821 2038 4876 nt

466 4903 603 4984 jam
632 4923 761 4966 non
789 4907 981 4986 gratis
1010 4907 1321 4983 conferat,
1352 4909 1467 4970 sed
1492 4909 1765 4971 reddens
1794 4909 2036 4970 unicui·-

472 5015 597 5078 que
626 4998 733 5077 jus
774 5017 981 5074 suum,
1030 4999 1203 5080 quod
1234 5002 1507 5063 maxime
1546 5010 1753 5064 servat
1786 5001 1852 5062 in
1892 5001 2032 5063 red-

474 5090 697 5152 dendis
724 5092 999 5171 praemiis
1030 5093 1427 5173 propriorum
1452 5095 1847 5168 meritorum3
1880 5111 2032 5174 ergo

470 5183 539 5244 iu
584 5185 705 5246 hoc
740 5203 973 5266 genere
1022 5205 1286 5266 operum
1336 5187 1447 5249 Dei
1490 5188 1825 5250 intervenit
1864 5189 2035 5250 aliud

476 5295 677 5358 genus
714 5279 971 5359 justitiae
1014 5281 1201 5359 louge
1257 5279 1575 5342 diversum
1622 5299 1661 5343 a
1706 5281 2030 5344 fidelitate.

476 5371 623 5444 Quis
652 5374 821 5434 enim
846 5391 975 5436 non
1010 5375 1219 5436 videat
1248 5375 1665 5437 redditionem
1706 5379 1799 5452 (ut
1824 5375 1909 5436 ita
1939 5376 2036 5436 di-

476 5467 639 5542 cam)
688 5465 829 5526 talis
868 5467 1053 5546 J'nris,
1098 5485 1213 5529 seu
1252 5467 1469 5541 debiti,
1512 5485 1651 5548 quai
1687 5467 2036 5530 formaliter

476 5557 749 5628 excludit
786 5559 1095 5626 rationem
1134 5561 1421 5644 gratuite
1464 5561 1843 5646 donationis,
1892 5579 2032 5624 esse

1430 418 1639 473 OPUSC.
1676 420 1760 473 Vl.
1804 420 2172 473 inspuunt)
2201 420 2285 473 DE
2313 420 2592 475 Jus‘rrrla
2623 420 2744 473 nm.

2123 522 2428 585 moralem
2455 523 2790 596 actionem,
2839 522 3028 603 longe
3057 522 3376 585 diversam
3411 522 3495 583 ab
3521 524 3689 583 omni

2123 616 2392 696 gratuita
2429 616 2790 687 donatione,
2831 614 3216 695 habereque,
3253 616 3320 675 in
3356 614 3578 677 ordine
3609 616 3688 675 ad

2121 716 2359 771 rectam
2385 708 2718 783 rationem,
2753 708 3250 771 conformitatem
3275 726 3396 769 seu
3423 710 3690 769 necessi-
3822 688 3823 721 ³

2122 809 2314 865 tatem
2343 804 2530 881 longe
2556 802 2917 863 diversam?
2947 801 3220 864 Pertinet
3247 819 3405 881 ergo
3434 800 3559 860 hoc
3585 820 3690 879 ge·
3822 816 3823 863 ἕ

2123 914 2245 959 nus
2281 897 2510 977 operis,
2557 896 2622 957 id
2657 901 2772 971 est,
2819 894 3146 956 retributio
3185 894 3588 963 meritorum,
3629 894 3692 953 in
3822 924 3823 981 3

2124 1008 2250 1069 qua
2279 1008 2447 1051 nnnc
2477 1006 2803 1051 versamur
2825 1032 2842 1061 ,
2891 987 2972 1049 ad
2997 988 3316 1068 propriam
3347 984 3692 1066 quamdam
3822 1036 3823 1063 ἶ

2117 1082 2422 1163 justitiam
2473 1082 2608 1156 Dei,
2663 1100 2804 1162 quae
2859 1086 2956 1141 est
2997 1080 3270 1159 speciale
3320 1078 3692 1141 attributum
3719 1148 3736 1167 .
3822 1066 3823 1127 ἶ

2123 1177 2272 1251 Dei,
2317 1196 2354 1237 a
2385 1175 2682 1237 fidelitate
2727 1174 2916 1236 etiam
2963 1173 3347 1235 distinctum.
3387 1171 3576 1244 Quod
3615 1172 3694 1231 ad

2123 1270 2444 1331 hominem
2481 1268 2910 1341 confirmatur,
2953 1284 3104 1328 nam
3139 1266 3334 1327 iidem
3369 1272 3688 1337 auctores,
3822 1322 3823 1337 ἢ

2123 1363 2230 1443 qui
2293 1364 2666 1443 impugnant
2729 1360 3009 1421 divinam
3064 1360 3376 1440 J'ustitiam
3417 1402 3442 1434 ‚
3499 1358 3693 1419 futen·

2119 1464 2224 1517 tur
2267 1458 2473 1517 Deum
2518 1456 2772 1535 proprie
2815 1460 2878 1517 et
2921 1472 3050 1515 non
3092 1472 3210 1534 per
3251 1453 3694 1531 metaphoram
3822 1462 3823 1527 ζ

2121 1568 2260 1613 esse
2275 1552 2538 1631 justum,
2571 1549 2718 1629 quia
2737 1548 3154 1628 aequalitatem
3181 1552 3392 1609 servat
3417 1547 3587 1607 inter
3607 1545 3694 1605 di·
3822 1562 3823 1579 *

2118 1644 2422 1722 gnitatem
2467 1641 2836 1704 meritorum
2877 1648 2940 1703 et
2983 1641 3290 1720 praemia3
3341 1641 3486 1699 haec
3527 1637 3694 1699 enim
3822 1650 3823 1673 l

2119 1738 2276 1799 ratio
2301 1736 2628 1815 operandi,
2657 1752 2800 1814 quae
2833 1734 3270 1796 honestissima
3295 1739 3418 1806 est,
3453 1732 3697 1811 specia-

2119 1830 2196 1891 lis
2231 1837 2360 1902 est,
2405 1836 2468 1891 et
2495 1829 2784 1891 distincta
2813 1846 2850 1889 a
2883 1829 3126 1889 ratione
3165 1825 3477 1907 operandi
3507 1826 3696 1885 mise-
3822 1798 3823 1875 s

2118 1924 2425 1997 ricordioe,
2461 1922 2873 1997 liberalitatis,
2907 1928 3024 1983 etc.
3071 1921 3250 1985 Unde
3278 1936 3498 1998 neque
3525 1938 3700 1981 com·
3822 1958 3823 1969 η

2119 2034 2380 2079 munem
2410 2017 2720 2078 rationem
2753 2014 3074 2077 constituit
3105 2058 3124 2083 ,
3177 2032 3390 2093 neque
3451 2012 3538 2075 ad
3587 2013 3701 2072 ali-
3732 2000 3746 2013 ‘

2119 2128 2310 2189 quam
2337 2110 2526 2172 aliam
2555 2110 2894 2189 specialem
2917 2108 3188 2188 pertinet
3208 2152 3225 2179 ‚
3261 2124 3480 2185 neque
3507 2106 3700 2167 etiam

2119 2201 2200 2263 ad
2227 2202 2592 2265 fidelitatem
2621 2222 2638 2275 ;
2689 2202 2859 2280 quia,
2905 2200 3095 2262 etiam
3137 2194 3386 2261 seclusa
3431 2200 3702 2279 promis·

2117 2297 2316 2368 sione,
2353 2302 2564 2376 posset
2589 2296 2758 2357 Deus
2786 2295 3144 2374 aequitatem
3179 2309 3442 2353 servare
3472 2292 3560 2352 ob
3587 2292 3702 2351 ho-
3822 2330 3823 2385 3

2119 2394 2432 2451 nestatem
2453 2389 2594 2451 talis
2621 2388 2850 2467 operis.
2883 2390 3016 2449 Imo
3041 2387 3107 2447 in
3125 2384 3560 2447 satisfactione
3587 2402 3696 2463 pro
3822 2430 3823 2447 2

2117 2490 2396 2565 peccato,
2437 2483 2656 2545 dicunt
2687 2482 2776 2544 illi
2805 2488 3094 2543 auctores
3121 2480 3330 2541 Deum
3359 2497 3444 2539 ex
3477 2495 3696 2539 neces—

2120 2578 2298 2639 sitate
2344 2583 2672 2656 acceptare
2723 2574 3102 2653 condignam
3151 2571 3650 2634 satisfactionem
3674 2617 3689 2643 ,
3822 2594 3823 2603 ¹

2119 2671 2360 2733 seclusa
2385 2670 2558 2731 omni
2575 2668 2986 2749 promissione
3009 2688 3026 2740 ;
3055 2668 3157 2727 illa
3177 2672 3396 2727 autem
3423 2664 3696 2725 necessi·
3822 2658 3823 2707 ἲ

2117 2770 2235 2841 tas,
2277 2764 2326 2825 si
2353 2769 2470 2837 est,
2499 2763 2656 2823 nihil
2681 2762 2851 2824 aliud
2879 2758 3020 2823 esse
3045 2765 3250 2839 potest
3291 2776 3494 2839 quam
3527 2776 3692 2835 quae-
3822 2768 3823 2773 ’

2083 2922 2096 2933 ,
2117 2859 2264 2921 dam
2297 2856 2604 2920 rectitudo
2633 2856 2970 2917 veluntatis
2995 2853 3318 2923 divinaeo'n
3359 2852 3474 2913 tali
3507 2869 3690 2930 opere
3822 2924 3823 2941 ἵ

2119 2950 2498 3033 praestando,
2545 2966 2687 3029 quoe
2733 2966 2862 3010 non
2893 2954 2989 3009 est
3019 2946 3292 3009 fidelitas
3313 2992 3330 3013 ,
3381 2962 3534 3005 cum
3573 2950 3698 3003 non·
3822 2966 3823 3021 ῃ

2119 3050 2432 3126 supponat
2457 3042 2970 3124 promissionem3
3003 3055 3212 3118 neque
3241 3040 3439 3100 etiam
3463 3044 3566 3097 est
3589 3039 3694 3097 mi-
3822 3042 3823 3085 3

2119 3137 2478 3210 sericordia,
2511 3142 2620 3199 aut
2647 3136 2768 3197 alia
2794 3136 3026 3215 quaevis
3045 3133 3266 3196 similis
3285 3131 3574 3212 gratuita
3593 3131 3692 3192 do-

2119 3232 2314 3305 natio,
2339 3236 2412 3292 ut
2435 3247 2550 3311 per
2583 3247 2650 3291 se
2683 3235 2948 3303 constat,
2997 3228 3148 3308 quia
3171 3228 3234 3287 in
3265 3225 3370 3286 his
3397 3225 3578 3284 nulla
3607 3231 3694 3284 est

2121 3327 2494 3398 necessitas3
2539 3329 2634 3385 est
2665 3341 2816 3403 ergo
2845 3323 3054 3402 aliqua
3075 3321 3319 3403 justitia
3343 3319 3608 3400 propria
3635 3324 3690 3380 et

2119 3419 2509 3500 particularis
2535 3418 2644 3478 Dei
2679 3463 2695 3492 ,
2733 3435 2772 3478 a
2799 3416 3096 3478 fidelitate
3121 3421 3184 3476 et
3213 3414 3356 3475 aliis
3381 3413 3690 3474 attributis
3822 3463 3823 3508 3

2119 3513 2430 3574 distincta.

2198 3608 2302 3668 24.
2333 3603 2654 3678 Remitter-
2683 3604 2848 3666 aliu
2889 3619 3104 3666 mue
3132 3600 3581 3682 respons-ionis.
3611 3629 3688 3643 -

2124 3702 2326 3779 Atque
2355 3715 2436 3759 ex
2458 3697 2556 3758 his
2585 3696 2792 3758 statim
2833 3701 3100 3776 apparet
3131 3713 3245 3774 per
3271 3711 3344 3754 se
3379 3692 3688 3770 improba·

2121 3793 2260 3856 bilis
2299 3792 2458 3854 alius
2499 3807 2722 3852 sensus
2769 3789 2986 3852 ultimo
3033 3787 3308 3868 positus,
3361 3785 3678 3856 nimirum,

2121 3886 2290 3968 quod
2327 3884 2580 3964 propria
2623 3883 2862 3964 justitia
2905 3883 2986 3944 sit
3029 3881 3399 3942 attributum
3445 3875 3563 3940 Dei
3607 3878 3680 3938 ab

2121 3980 2260 4040 aliis
2305 3977 2548 4040 ratione
2596 3976 2950 4039 distinctum
2999 3981 3064 4036 et
3109 3973 3530 4035 nihilominus
3579 3971 3682 4030 ha-

2119 4073 2269 4134 beat
2297 4087 2698 4132 communem
2721 4070 3032 4130 rationem
3056 4067 3340 4147 justitiae,
3373 4083 3508 4126 non
3541 4081 3682 4125 vero

2121 4167 2400 4246 aliquam
2436 4163 2794 4243 specialem.
2825 4160 3130 4224 Videntur
3161 4161 3330 4222 enim
3384 4161 3526 4220 haec
3561 4159 3680 4220 duo

2121 4258 2518 4320 manifestam
2543 4257 2856 4319 involvere
2883 4255 3392 4335 repugnantiam,
3421 4254 3574 4333 quia
3598 4252 3678 4312 di-

2118 4355 2262 4414 vina
2289 4351 2604 4422 attributa,
2639 4354 2953 4428 quatenus
2981 4347 3422 4427 concipiuntur
3442 4347 3678 4407 ratione

2115 4447 2428 4518 distincta,
2453 4443 2811 4504 necessario
2833 4441 3072 4520 concipi
3095 4441 3330 4501 debent
3353 4445 3428 4500 ut
3449 4439 3684 4499 haben-

2115 4539 2202 4600 tia
2229 4539 2516 4618 proprias
2565 4541 2630 4596 et
2663 4535 2844 4615 quasi
2887 4534 3214 4614 specificas
3245 4534 3532 4594 rationes
3565 4533 3680 4594 for·

2115 4634 2336 4703 males,
2367 4629 2714 4692 secundum
2743 4645 2900 4708 quas
2927 4627 3168 4688 ratione
3188 4626 3674 4706 distinguantur.

2114 4725 2190 4788 Et
2213 4726 2278 4786 in
2307 4725 2404 4786 his
2433 4723 2746 4784 attributis
2783 4739 2924 4800 qum
2957 4720 3406 4800 intelliguntur
3441 4737 3584 4781 esse
3621 4719 3678 4778 in

2115 4818 2434 4880 voluntate
2459 4815 2669 4877 divina
2697 4832 2814 4894 per
2835 4813 3092 4875 modum
3113 4813 3543 4892 qum-amdam
3567 4814 3684 4872 vir-

2115 4916 2320 4972 tutum
2359 4909 2716 4982 moralium,
2749 4923 3010 4969 necesse
3059 4913 3156 4968 est
3187 4913 3258 4967 ut
3281 4906 3538 4984 singula
3581 4907 3680 4966 ba-

2113 5004 2306 5066 beant
2353 5001 2605 5084 propria
2657 5001 2904 5080 objecta
2947 4999 3234 5062 formalia
3248 5047 3267 5074 ,
3331 4999 3676 5062 secundum

2115 5109 2256 5178 quae
2286 5097 2572 5177 proprias
2609 5101 2671 5156 et
2719 5093 3044 5174 specificas
3079 5093 3486 5172 operationes
3515 5111 3678 5153 exer-

2115 5193 2341 5262 ceant;
2373 5189 2521 5269 quia
2569 5204 2778 5267 neque
2819 5187 3102 5266 operatio
3145 5186 3212 5247 fit
3259 5185 3575 5248 absh-acte
3621 5191 3673 5245 et

2113 5283 2182 5344 in
2207 5282 2546 5354 communi,
2573 5280 2780 5342 sedin
2809 5279 3042 5359 specie,
3081 5284 3146 5341 et
3172 5279 3238 5339 in
3281 5279 3668 5359 particulam

2113 5393 2322 5455 neque
2361 5375 2550 5436 etiam
2579 5379 2843 5453 possunt
2869 5373 3047 5434 aliter
3079 5371 3238 5433 tales
3269 5373 3536 5434 virtutes
3563 5373 3672 5434 dis-

2111 5467 2314 5546 tingui
2361 5467 2424 5528 in
2463 5465 2686 5527 ordine
2715 5464 2798 5527 ad
2845 5463 3325 5542 operationem;
3357 5483 3514 5543 ergo
3553 5482 3666 5524 non

2113 5565 2320 5650 potest
2359 5559 2622 5652 intelligi
2663 5559 2726 5620 in
2767 5559 2898 5622 Deo
2938 5557 3194 5646 propria
3215 5557 3484 5644 Justitia,
3515 5575 3663 5643 quae,
