3850 6225
480 364 601 427 268

480 468 964 547 Theologorum,
1008 472 1069 529 et
1110 473 1207 527 est
1236 466 1471 545 optima
1518 464 1946 544 interpretatio
1975 463 2048 524 il-

482 562 601 623 lius
630 560 749 622 loci
780 559 975 629 Pauli,
1012 562 1035 619 l
1079 559 1163 620 ad
1190 559 1348 621 Tim.
1377 560 1417 620 2
1448 576 1462 619 :
1492 558 1658 623 Deus
1682 556 1815 619 vult
1848 572 2048 619 omnes

482 655 745 719 homines
773 654 975 716 salvos
988 652 1168 729 fieri‚·
1192 670 1343 731 ergo
1371 652 1507 711 haec
1527 652 1817 712 voluntas
1838 667 2049 727 aequa-

480 750 557 811 lis
586 755 680 810 est
708 753 997 827 respectu
1040 747 1321 807 omnium
1367 746 1731 818 hominum;
1764 744 1874 805 sed
1916 762 2046 803 non

484 850 581 905 est
618 842 837 903 efficax
864 846 1157 920 respectu
1185 840 1467 900 omnium
1506 839 1859 910 hominum;
1892 855 2044 915 ergo

482 955 602 998 nec
630 940 919 1014 respectu
960 934 1333 1013 aliquorum.
1378 932 1813 1016 Respondetur
1842 930 2044 1010 primo

481 1030 779 1090 habuisse
838 1030 1038 1089 Deum
1094 1028 1261 1089 illam
1315 1027 1698 1088 voluntatem
1752 1030 2044 1104 respectu

484 1123 787 1193 omnium,
840 1127 904 1183 et
954 1140 1031 1183 ex
1084 1121 1143 1181 vi
1188 1121 1353 1181 illius
1396 1120 1694 1192 voluisse,
1736 1125 1799 1179 et
1838 1118 2048 1196 dispo·

484 1217 681 1277 suisse
732 1216 835 1275 illa
893 1214 1211 1294 generalia
1270 1212 1500 1285 media,
1558 1230 1698 1291 quae
1753 1210 2047 1273 omnibus

484 1309 839 1369 communia
878 1314 1023 1369 sunt
1058 1308 1267 1387 quoad
1298 1307 1756 1368 sufficientiam.
1807 1304 2046 1366 Deinde

482 1421 634 1463 vero
680 1401 801 1462 alia
836 1401 1089 1480 speciali
1140 1400 1459 1462 voluntate
1500 1399 1737 1461 efficaci
1778 1399 2044 1477 elegisse

486 1515 643 1575 quos
672 1496 886 1568 voluit,
920 1496 1109 1557 etiam
1132 1502 1279 1557 ante
1308 1496 1570 1576 praevisa
1604 1494 1851 1557 merita.
1880 1498 2048 1553 etex

482 1591 547 1651 vi
574 1590 737 1651 illius
776 1589 1157 1667 disposuisse
1188 1590 1483 1668 specialia
1512 1594 1576 1650 et
1607 1586 1883 1649 efficacia
1914 1604 2048 1647 me-

484 1683 587 1745 dia
611 1690 673 1745 et
708 1682 958 1754 auxilia,
1008 1701 1147 1762 qute
1198 1682 1325 1742 suis
1364 1681 1603 1743 confert
1640 1680 1873 1741 clectiS.
1917 1680 2046 1741 Nec

484 1776 805 1855 Theologi‚
829 1781 1135 1854 ponentes
1163 1776 1435 1854 priorem
1464 1773 1873 1844 voluntatem,
1904 1789 2045 1850 pos·

484 1870 777 1931 teriorem
833 1868 1191 1941 excludunt,
1251 1868 1361 1931 sed
1398 1868 1603 1948 potius
1643 1866 1775 1927 fere
1823 1882 2044 1925 omnes

484 1961 655 2023 illam
692 1961 1061 2033 admittunt;
1098 1978 1303 2037 neque
1332 1962 1519 2022 ctiam
1543 1961 1661 2021 illae
1692 1959 2046 2019 voluntates

486 2056 647 2117 inter
678 2074 745 2117 se
775 2059 1081 2134 pugnant,
1132 2061 1201 2114 ut
1244 2070 1358 2132 per
1396 2071 1466 2113 se
1512 2056 1793 2123 constat;
1836 2066 2044 2128 neque

486 2150 673 2211 etiam
707 2150 992 2211 videntur
1020 2150 1373 2228 superfluae,
1422 2166 1565 2208 cum
1606 2146 1883 2207 habeant
1919 2145 2048 2204 dis-

483 2243 674 2304 tincta
702 2244 947 2323 objecta
977 2247 1039 2302 et
1075 2242 1354 2302 diversos
1398 2240 1675 2301 effectus.
1726 2238 2038 2309 Secundo,

484 2334 710 2397 dicitur
730 2337 1115 2397 voluntatem
1146 2334 1621 2395 antecedentem
1648 2333 1739 2409 (ut
1766 2332 1829 2392 in
1856 2350 2044 2409 supe-

482 2430 751 2491 rioribus
782 2431 971 2491 etiam
998 2429 1197 2508 attigi,
1234 2446 1311 2495 ex
1338 2427 1619 2488 doctrina
1648 2424 2040 2501 Damasceni)

482 2540 611 2583 non
643 2540 891 2601 semper
932 2542 1069 2585 esse
1100 2522 1509 2593 inefficacem,
1560 2518 1671 2579 sed
1704 2516 2044 2597 aliquando

485 2636 621 2681 esse
654 2618 1025 2697 beneplaciti
1045 2623 1106 2679 et
1134 2617 1483 2678 absolutam
1506 2620 1859 2675 nostrorum
1892 2630 2043 2690 ope-

482 2730 655 2784 rum;
688 2730 895 2789 neque
925 2712 1114 2773 ctiam
1152 2729 1290 2771 esse
1326 2710 1403 2771 de
1434 2709 1676 2769 ratione
1708 2705 2044 2769 voluntatis

484 2805 913 2867 antecedentis
954 2812 1023 2865 ut
1070 2804 1149 2865 sit
1198 2804 1439 2874 efficax,
1486 2801 1599 2862 sed
1639 2819 1823 2881 posse
1853 2800 2042 2861 etiam

482 2916 619 2959 esse
658 2899 1003 2977 simplicem
1046 2899 1373 2967 affectum,
1420 2902 1489 2956 ut
1528 2914 1643 2975 per
1686 2912 1754 2955 sc
1802 2894 2042 2953 clarum

481 2997 595 3055 est.
630 2992 779 3052 Dico
812 3008 961 3071 ergo
995 2992 1262 3052 voluisse
1303 2989 1559 3069 quidem
1598 2990 1793 3049 Deum
1820 3004 2043 3047 omnes

478 3086 765 3148 homines
792 3085 997 3146 salvos
1022 3083 1229 3146 facere
1270 3082 1663 3144 antecedenti
1698 3080 2038 3152 voluntate,

476 3197 603 3239 non
644 3186 859 3240 tamen
897 3197 1117 3239 omnes
1166 3177 1385 3238 eadem
1428 3177 1527 3236 vel
1568 3175 1831 3254 aequali;
1866 3171 2040 3232 nulla

476 3279 573 3335 est
606 3275 773 3334 enim
802 3273 905 3333 illa
950 3272 1439 3350 consequentia;
1484 3287 1653 3341 nam,
1699 3268 1841 3328 licet
1875 3268 2040 3326 Deus

478 3365 923 3428 antecedenter
950 3366 1217 3426 voluerit
1258 3363 1494 3426 efficaci
1522 3363 1841 3422 voluntate
1872 3361 2042 3420 salu-

476 3467 604 3522 tem
642 3459 1081 3538 quorumdam,
1135 3458 1399 3520 aliorum
1444 3475 1594 3518 vero
1644 3455 1847 3516 solum
1897 3455 2041 3516 sim·

476 3553 619 3634 plici
671 3553 935 3622 affectu,
989 3551 1394 3612 nihilominus
1450 3567 1669 3610 verum
1724 3553 1819 3608 est
1877 3547 2039 3608 velle

476 3647 757 3708 omnium
783 3645 1048 3706 salutem
1088 3645 1405 3706 voluntate
1446 3642 1861 3704 antecedenti.
1910 3643 2037 3702 Nec

474 3739 773 3820 Theologi
798 3739 966 3801 aliud
987 3739 1221 3810 dicunt,
1257 3737 1371 3798 sed
1394 3736 1743 3816 generatim
1770 3736 2038 3814 loquun-

472 3837 597 3895 tur.
648 3835 724 3894 Et
774 3838 1039 3911 utraque
1090 3829 1413 3909 responsio
1462 3829 1801 3908 probabilis
1828 3833 1923 3889 est
1977 3835 2038 3889 et

476 3925 831 3998 sufficiens;
866 3943 1004 4002 quae
1036 3930 1247 3984 autem
1274 3923 1481 3984 verior
1507 3924 1606 3994 sit,
1641 3921 1867 3988 dicam.
1905 3923 2036 3983 Deo

475 4020 687 4094 dante,
736 4019 801 4080 in
842 4018 1098 4096 speciali
1126 4022 1389 4078 tractatu
1434 4016 1511 4077 de
1550 4015 2046 4078 Praedestinatio-

474 4131 577 4188 ne,
614 4130 805 4190 quem
831 4131 959 4193 prae
988 4111 1281 4172 manibus
1312 4109 1538 4170 habeo.

557 4209 657 4268 ⁴3.
690 4205 995 4278 Secunda,
1025 4222 1097 4266 σω
1124 4203 1411 4285 analogia
1430 4203 1513 4265 ad
1532 4202 1900 4266 voluntatem
1931 4203 2045 4264 hu·

473 4317 741 4362 manam-
789 4331 869 4346 —
918 4297 1221 4362 Solvitur.
1257 4327 1337 4342 -—
1375 4294 1663 4356 Secunda
1710 4295 1868 4356 ratio
1914 4300 2038 4367 est,

474 4393 623 4473 quia
649 4393 727 4453 de
774 4391 983 4452 divina
1030 4391 1369 4462 voluntate,
1408 4393 1473 4450 et
1518 4388 1737 4450 ordine
1786 4394 2042 4450 actuum

477 4486 615 4564 ejus
641 4482 1069 4564 philosophari
1098 4483 1403 4542 debemus
1432 4499 1544 4561 per
1572 4481 1932 4560 analogiam
1961 4481 2042 4542 ad

471 4578 857 4639 voluntatem
912 4577 1279 4647 humanam,
1332 4575 1480 4654 quia
1527 4593 1657 4636 non
1705 4591 2044 4653 possumus

472 4669 653 4731 aliter
681 4670 1007 4748 concipere
1056 4669 1442 4730 voluntatem
1484 4667 1784 4741 divinam,
1830 4684 2040 4747 neque

472 4761 537 4822 in
562 4762 671 4822 illa
721 4762 1033 4822 invenitur
1078 4760 1427 4822 secundum
1456 4779 1524 4821 se
1568 4758 1711 4821 talis
1752 4760 1905 4822 ordo
1935 4779 2042 4822 ac-

472 4859 675 4927 tuum,
720 4854 833 4916 sed
860 4873 898 4915 a
940 4855 1122 4915 nobis
1172 4855 1519 4934 concipitur
1566 4861 1822 4934 propter
1868 4855 2039 4916 illam

473 4950 573 5010 vel
602 4949 870 5010 similem
898 4948 1253 5027 analogiam
1280 4966 1293 5009 τ
1319 4949 1455 5023 sed,
1488 4949 1537 5008 si
1560 4951 1727 5009 inter
1753 4949 2042 5010 homines

476 5042 901 5121 intelligamus
962 5041 1307 5120 principem
1375 5059 1726 5120 proponere
1786 5041 2044 5121 aliquod

476 5136 801 5216 praemium
829 5135 993 5196 bene
1023 5135 1425 5206 certantibuS,
1456 5141 1565 5196 aut
1587 5134 2037 5208 laborantibuS,

474 5229 574 5290 vel
616 5227 767 5307 quid
806 5227 1029 5300 simile,
1080 5234 1142 5288 et
1188 5225 1391 5288 stabili
1422 5227 1674 5290 decreto
1726 5228 1875 5288 velit
1915 5233 2044 5288 sta-

478 5327 653 5383 tuere
688 5326 759 5381 ut
804 5321 955 5381 nulli
989 5321 1175 5382 detur
1202 5320 1323 5381 tale
1360 5321 1712 5400 pusiniam,
1762 5320 1879 5381 nisi
1931 5322 2042 5380 lia-

477 5416 649 5477 benti
692 5416 837 5475 talia
866 5415 1087 5476 merita
1114 5461 1130 5488 ,
1178 5415 1315 5476 fieri
1362 5433 1491 5476 uon
1536 5419 1739 5492 potest
1788 5419 1857 5474 ut
1902 5413 2042 5476 talis

478 5511 789 5592 princeps,
826 5510 1111 5572 absoluta
1140 5509 1482 5582 voluntate,
1503 5507 1649 5569 velit
1674 5507 1855 5570 alicui
1888 5509 2040 5572 dare

1312 368 1525 423 OPUSC.
1560 369 1599 431 1,
1636 366 1755 421 Lm.
1790 366 1874 420 m.
1910 366 1994 417 nt:
2024 364 2298 419 Auxtms
2333 364 2564 419 1)leAE
2595 364 2864 420 enum.

2127 463 2282 525 illud
2306 463 2636 543 praemium
2673 482 2800 525 non
2839 468 3278 545 cognoscendo
3307 467 3374 528 in
3412 466 3512 528 illo
3529 467 3652 529 talia

2129 575 2342 636 opera,
2375 557 2494 617 nisi
2537 564 2737 619 mutet
2773 558 3046 638 priorem
3093 562 3500 633 voluntatem,
3531 564 3652 639 quia

2128 650 2246 711 illae
2271 650 2622 713 voluntates
2653 652 2980 713 contrariae
3013 660 3162 715 sunt
3186 674 3202 726 ;
3225 654 3394 716 idem
3423 671 3558 731 ergo
3591 654 3652 716 de

2127 744 2258 803 Deo
2287 744 2684 805 sentiendum
2717 752 2831 818 est,
2877 764 3026 807 nam
3055 754 3150 807 est
3177 746 3404 807 eadem
3435 764 3655 823 propor-

2125 837 2375 897 tionalis
2401 838 2579 899 ratio.
2613 839 2984 917 Respondeo
3015 841 3080 900 in
3111 840 3326 919 aliquo
3359 857 3492 899 esse
3515 840 3656 899 simi-

2125 930 2453 993 litudinem
2495 932 2656 993 inter
2687 934 2886 993 Deum
2935 940 2999 995 et
3039 935 3404 1005 hominem,
3455 950 3580 1011 quae
3605 933 3654 993 in

2123 1031 2499 1103 argumento
2525 1025 2909 1100 declaratur;
2963 1028 3026 1087 in
3071 1028 3196 1087 alio
3243 1045 3398 1088 vero
3434 1044 3558 1086 esse
3585 1026 3657 1085 di-

2125 1118 2504 1193 versitatem,
2537 1138 2676 1198 quae
2705 1120 2980 1182 notanda
3025 1128 3144 1194 est,
3179 1121 3328 1200 quia
3377 1120 3444 1179 iu
3469 1138 3537 1179 eo
3571 1120 3658 1179 dc-

2125 1210 2255 1274 ficit
2282 1212 2610 1292 analogia;
2641 1213 2934 1273 nimirum
2965 1214 3030 1275 in
3053 1215 3174 1275 hoc
3203 1212 3380 1294 quod
3409 1212 3660 1271 voluntas

2128 1306 2314 1365 unius
2341 1305 2612 1367 hominis
2643 1324 2772 1367 non
2801 1313 2896 1367 est
2921 1307 3006 1367 ita
3035 1308 3240 1385 posita
3279 1306 3344 1367 in
3373 1305 3658 1367 voluntate

2129 1403 2192 1458 et
2217 1402 2520 1476 potestate
2547 1400 2825 1473 alterius,
2857 1405 2928 1460 ut
2957 1390 3294 1463 efficaciter
3329 1398 3436 1459 vel
3474 1398 3661 1459 infalli-

2125 1491 2332 1552 biliter
2359 1495 2554 1571 possit
2589 1493 2670 1553 ab
2711 1512 2787 1555 eo
2815 1494 3054 1554 moveri
3101 1512 3213 1573 pro
3257 1492 3511 1553 arbitrio
3545 1510 3658 1563 suo,

2127 1586 2274 1662 quia
2297 1605 2420 1647 nec
2439 1604 2556 1666 per
2581 1587 2944 1665 potentiam,
2965 1604 3086 1647 nec
3105 1604 3218 1665 per
3235 1584 3662 1665 praescientiam

2127 1678 2319 1742 habet
2345 1680 2510 1741 hanc
2551 1679 3005 1753 efficacitatem‚
3051 1680 3154 1741 vel
3191 1678 3544 1758 physicam,
3585 1679 3664 1737 vel

2125 1774 2466 1844 moralem;
2513 1792 2621 1833 cor
2665 1780 2876 1834 autem
2923 1774 3193 1835 hominis
3237 1774 3304 1834 in
3347 1790 3540 1832 manu
3573 1774 3662 1833 Dei

2127 1874 2242 1939 est,
2275 1874 2336 1929 et
2366 1885 2765 1948 quocumque
2791 1868 3057 1929 voluerit
3089 1872 3292 1929 vertet
3333 1865 3488 1927 illud
3515 1866 3665 1925 infal-

2125 1960 2398 2037 libiliter,
2449 1961 2770 2041 supposita
2809 1961 3232 2023 conditionata
3275 1960 3660 2039 praescientia,

2123 2062 2194 2116 ut
2243 2056 2310 2115 in
2358 2054 2788 2134 superioribus
2837 2055 3226 2116 declaratum
3265 2060 3384 2117 est.
3441 2054 3666 2132 Propter

2125 2150 2286 2209 hanc
2317 2167 2468 2227 ergo
2507 2148 2930 2209 diversitatem
2959 2148 3328 2228 responderi
3369 2154 3574 2227 posset
3597 2148 3663 2207 ad

2125 2248 2566 2319 argumentum
2595 2242 2886 2322 negando
2915 2242 3278 2321 simpliciter
3305 2241 3657 2319 analogiam.

2123 2336 2186 2397 Si
2225 2342 2438 2396 tamen
2465 2353 2596 2397 non
2623 2336 2702 2397 sit
2739 2354 2946 2397 sermo
2983 2336 3062 2397 de
3091 2336 3415 2396 voluntate
3453 2334 3662 2394 efficaci

2122 2446 2270 2490 cum
2313 2428 2689 2505 aequalitate,
2755 2428 2869 2489 sed
2919 2446 3062 2489 cum
3115 2428 3542 2507 proportione,
3593 2427 3662 2485 sic

2123 2520 2473 2600 respondeo
2519 2522 2812 2599 negando
2863 2523 3192 2583 minorem.
3253 2522 3474 2583 Posset
3517 2520 3664 2579 enim

2125 2614 2224 2677 ille
2255 2614 2568 2693 princeps,
2613 2623 2918 2694 quantum
2959 2614 3024 2676 in
3057 2634 3126 2676 se
3169 2620 3286 2687 est,
3319 2614 3476 2675 velle
3505 2618 3572 2673 ut
3587 2612 3664 2671 fa-

2125 2709 2382 2769 miliaris
2421 2726 2568 2769 suus
2613 2709 2808 2785 (verbi
2850 2709 3074 2788 gratia)
3132 2708 3234 2768 vel
3289 2708 3565 2777 amicuS,
3612 2706 3664 2765 in

2123 2821 2250 2882 quo
2301 2802 2544 2864 nullum
2593 2802 2800 2862 adhuc
2861 2802 3181 2881 cognoscit
3235 2801 3533 2861 meritum
3579 2800 3664 2858 vel

2123 2914 2304 2975 opUS,
2355 2901 2774 2972 consequatur
2799 2894 2954 2955 illud
2984 2896 3335 2973 praemium,
3385 2911 3514 2953 non
3547 2892 3666 2971 qui-

2124 2989 2270 3049 dem
2295 2990 2380 3049 ita
2411 2995 2479 3051 ut
2522 3008 2936 3069 perseverans
2964 2990 3099 3049 sine
3143 2988 3368 3049 merito
3395 2988 3549 3048 illud
3575 2988 3666 3047 ob·

2120 3082 2348 3155 tineat3
2403 3083 2516 3144 sed
2567 3082 2652 3144 ita
2697 3088 2768 3144 ut
2819 3088 3282 3162 consequenter
3331 3082 3478 3143 velit
3509 3082 3666 3142 illum

2125 3177 2356 3236 habere
2383 3177 2602 3238 merita
2627 3177 3096 3254 proportionata
3131 3177 3224 3236 illi
3250 3177 3531 3256 praemio,
3579 3193 3668 3235 ea-

2123 3289 2244 3350 que
2275 3271 2356 3330 illi
2391 3289 2747 3348 procurare,
2783 3277 3086 3350 quantum
3112 3271 3178 3331 in
3209 3271 3346 3350 ipso
3377 3277 3510 3342 est;
3537 3287 3666 3330 nam

2119 3366 2239 3427 hoc
2273 3367 2462 3426 modo
2489 3365 2608 3426 illae
2635 3366 2988 3426 voluntates
3011 3384 3144 3425 non
3167 3369 3316 3426 sunt
3333 3383 3666 3443 repugnan-

2119 3465 2254 3530 tes;
2285 3477 2434 3519 nam
2471 3477 2582 3538 per
2611 3477 2806 3519 unam
2839 3459 3128 3520 statuitur
3167 3460 3272 3519 lex
3299 3459 3378 3519 de
3407 3458 3586 3518 modo
3616 3465 3666 3517 ct

2119 3553 2218 3614 via
2249 3552 2569 3614 obtinendi
2599 3551 2750 3612 illud
2775 3553 3142 3630 praemium;
3175 3571 3290 3630 per
3321 3553 3506 3612 aliam
3531 3569 3664 3612 vero

2119 3645 2461 3706 intenditur
2485 3644 2652 3705 idem
2687 3646 3012 3724 proemium
3051 3645 3238 3706 alicui
3277 3661 3561 3722 personae
3609 3649 3665 3702 ut

2119 3739 2634 3819 consequendum
2667 3759 2782 3819 per
2831 3740 3056 3802 eadem
3095 3740 3330 3811 media,
3381 3758 3505 3800 non
3537 3739 3664 3816 quia

2117 3834 2182 3894 in
2209 3834 2312 3894 illa
2353 3851 2622 3912 persona
2651 3841 3244 3912 praesupponantur‚
3271 3834 3388 3894 sed
3423 3833 3564 3912 quia
3590 3832 3664 3892 illi

2126 3927 2461 3998 dabuntur,
2501 3933 2562 3987 et
2585 3926 3176 4006 praeordinabuntur
3203 3946 3283 3987 ex
3307 3927 3371 3986 vi
3399 3926 3558 3986 illius
3583 3927 3667 3984 in-

2124 4020 2437 4081 tentionis.
2459 4021 2618 4080 Nam
2659 4019 2780 4080 hoc
2812 4019 3001 4080 modo
3044 4025 3252 4098 potest
3276 4020 3548 4098 ipsemet
3569 4019 3666 4077 ho-

2123 4131 2252 4186 mo,
2273 4119 2611 4192 antequam
2627 4113 2858 4173 habeat
2875 4112 3118 4184 merita,
3138 4112 3475 4173 efficaciter
3487 4113 3666 4172 inten-

2123 4207 2274 4268 dere
2291 4206 2588 4284 consequi
2619 4205 2798 4266 illum
2827 4204 3042 4276 finem,
3087 4224 3218 4266 non
3247 4205 3497 4284 quidem
3547 4205 3664 4263 sine

2123 4300 2381 4371 meritiS,
2416 4299 2529 4360 sed
2555 4299 2950 4378 procurando
2979 4299 3086 4358 illa
3109 4317 3188 4358 ex
3213 4299 3276 4358 vi
3301 4299 3464 4359 illius
3487 4298 3664 4357 inten-

2121 4394 2328 4455 tioniS.
2357 4393 2532 4454 Idem
2553 4411 2702 4472 ergo
2721 4393 2948 4470 poterit
2963 4392 3292 4470 princeps3
3317 4392 3488 4452 nulla
3513 4394 3664 4452 enim

2123 4487 2440 4548 sufficiens
2479 4485 2640 4547 ratio
2677 4486 3044 4547 differentiae
3085 4486 3466 4565 assignatur,
3509 4485 3664 4562 quid-

2123 4579 2275 4659 quid
2293 4579 2398 4640 alii
2417 4579 2653 4640 dicant.
2681 4578 2860 4650 Quod
2887 4577 3068 4640 facile
3100 4579 3361 4657 patebit,
3393 4578 3444 4638 si
3472 4577 3532 4638 in
3559 4585 3665 4638 ter-

2122 4672 2208 4734 tia
2251 4691 2521 4752 persona
2581 4671 2937 4751 exemplum
2999 4671 3435 4734 adhibeamus.
3479 4673 3664 4733 Potest

2123 4767 2292 4826 enim
2337 4766 2592 4846 quidam
2633 4767 2814 4839 alius,
2847 4764 3174 4827 distinctus
3201 4784 3240 4826 a
3279 4767 3554 4846 principe
3585 4766 3663 4825 in·

2120 4858 2378 4920 tendere
2409 4859 2764 4932 efficaciter,
2779 4859 3170 4938 quantumin
3193 4877 3263 4920 se
3295 4867 3412 4932 est,
3435 4865 3504 4920 ut
3523 4859 3662 4919 alius

2123 4959 2545 5032 consequatur
2575 4951 2730 5012 illud
2755 4951 3113 5030 praemium,
3128 4953 3278 5014 licet
3305 4953 3372 5013 in
3399 4953 3504 5014 illo
3529 4970 3662 5012 non-

2123 5044 2275 5104 dum
2317 5043 2540 5106 vIderit
2567 5045 2884 5117 meritum,
2915 5063 3046 5105 non
3079 5051 3294 5106 tamen
3321 5045 3580 5108 volendo
3607 5051 3662 5104 ut

2123 5136 2258 5197 sinc
2290 5137 2512 5198 merito
2542 5137 2696 5198 illud
2739 5137 3038 5210 obtineat,
3069 5137 3183 5198 sed
3225 5143 3662 5216 consequenter

2121 5231 2388 5292 volendo
2413 5235 2606 5291 totam
2625 5249 2803 5290 suam
2825 5231 3194 5291 industriam
3215 5238 3277 5292 et
3301 5230 3660 5309 diligentiam

2122 5323 2443 5395 adhibere,
2485 5329 2552 5384 ut
2571 5323 2674 5384 ille
2703 5323 2936 5385 habeat
2962 5325 3185 5384 merita
3213 5325 3662 5404 proportionata

2122 5416 2210 5476 illi
2233 5416 2510 5495 praemio.
2553 5416 2734 5488 Quod
2765 5422 2960 5478 totum
2989 5418 3054 5478 in
3099 5419 3464 5496 hujusmodi
3507 5417 3662 5479 tertia

2123 5527 2392 5590 persona
2421 5511 2582 5574 circa
2609 5511 2794 5574 aliam
2825 5517 2920 5574 est
2937 5511 3194 5574 liberale
3225 5517 3290 5572 et
3318 5513 3656 5592 gratuitum,
