3850 6225
705 410 875 466 SECT.
910 414 949 467 1.
984 412 1199 467 UTRUH
1230 410 1465 467 namn
1495 406 1854 465 vlvmca'rA
1887 407 2179 467 VALEANT
2211 414 2296 470 An
2330 410 2660 477 alterumn,
2693 410 2830 467 mc.

504 656 815 722 Conclusio
845 658 1033 722 totius
1062 658 1396 721 discursus.

238 885 343 947 49.
391 886 481 944 Ex
510 884 605 945 his
632 902 785 962 ergo
815 884 927 962 (ut
954 883 1035 944 ad
1072 890 1357 946 nostrum
1383 883 1734 945 institutum

141 984 553 1039 revertamur
581 980 601 1055 )
648 978 799 1039 satis
855 981 1101 1038 constat
1172 976 1503 1038 essentiale
1580 996 1732 1055 prae·

144 1073 383 1144 mium,
424 1071 593 1149 quod
634 1071 698 1131 in
746 1070 957 1131 futura
1008 1070 1135 1131 vita
1178 1088 1507 1150 speramus
1537 1117 1551 1143 ,
1604 1088 1733 1131 non

146 1182 299 1226 esse
352 1164 989 1225 commensurandum
1014 1209 1029 1238 ‚
1076 1164 1141 1223 in
1180 1163 1563 1241 perfectione
1616 1182 1730 1223 sua

145 1258 493 1329 intensiva,
534 1256 644 1317 uni
686 1256 847 1319 actui
896 1257 1222 1318 intensiori
1249 1302 1265 1330 ,
1304 1275 1493 1336 quem
1540 1258 1731 1317 homo

145 1352 219 1412 in
272 1354 397 1413 hac
434 1353 559 1412 vita
595 1352 875 1412 exercuit
926 1351 991 1411 in
1022 1369 1100 1413 eo
1136 1356 1301 1411 statu
1353 1351 1567 1431 gratiae
1595 1396 1611 1425 ‚
1664 1351 1729 1411 in

147 1460 285 1521 quo
340 1442 595 1504 tandem
630 1450 919 1504 mortuus
944 1450 1071 1516 est;
1108 1442 1219 1503 sed
1266 1444 1455 1503 etiam
1508 1461 1733 1505 secun·—

146 1538 311 1598 dum
356 1537 815 1598 multitudinem
878 1555 1145 1616 operum
1199 1536 1567 1598 habentium
1621 1536 1732 1597 ali-

146 1648 351 1709 quam
406 1630 895 1706 condignitatem
936 1629 1019 1689 ad
1072 1628 1227 1689 illu-d
1263 1630 1607 1708 praemium.
1642 1630 1732 1690 Ex

148 1742 283 1803 quo
330 1725 595 1785 ulterius
622 1723 951 1784 manifeste
986 1723 1397 1795 concluditur,
1433 1739 1576 1783 cum
1602 1740 1733 1783 me-

144 1819 271 1878 rita
298 1818 535 1891 omnia,
562 1815 931 1877 mortificata
950 1834 1064 1895 per
1090 1824 1438 1895 peccatum,
1461 1834 1575 1895 per
1597 1833 1728 1896 poe-

146 1910 491 1972 nitentium
530 1911 1021 1989 subsequentem
1063 1910 1129 1969 in
1176 1928 1251 1969 eo
1296 1915 1455 1970 statu
1505 1908 1729 1971 consti-

146 2010 439 2077 tuantur,
472 2009 541 2066 ut
564 2004 699 2082 jam
746 2002 887 2064 viva
916 2001 1041 2063 sint
1081 2003 1250 2082 apud
1278 2004 1501 2076 Deum,
1536 2008 1601 2064 et
1640 2002 1729 2063 di-

142 2116 273 2177 gna
309 2098 629 2159 essentiali
657 2096 915 2176 proemio
948 2097 968 2174 (
998 2102 1067 2157 ut
1087 2097 1221 2175 jam
1252 2098 1585 2175 probatum
1607 2102 1723 2169 est,

146 2198 213 2252 et
257 2192 343 2250 ab
378 2189 767 2263 auctoribus,
798 2207 943 2250 cum
989 2190 1217 2267 quibus
1252 2208 1419 2251 nunc
1454 2190 1733 2269 disputa·-

144 2302 318 2355 muS,
352 2302 487 2345 non
515 2289 786 2363 negatur
811 2286 857 2361 )‚
882 2283 1294 2356 concluditur,
1328 2284 1607 2362 inquam,
1632 2302 1732 2345 re-

144 2378 460 2438 viviscere
490 2378 625 2437 hoec
663 2394 857 2456 opera
886 2376 969 2437 ad
1002 2376 1329 2456 proprium
1360 2383 1422 2438 et
1438 2378 1731 2457 speciale

146 2470 489 2548 praemium
531 2468 865 2531 essentiale
890 2518 907 2544 ,
942 2470 1005 2530 id
1038 2477 1151 2542 est,
1185 2469 1266 2530 ad
1290 2470 1563 2549 aliquem
1595 2488 1733 2551 gra·-

150 2565 309 2623 dum
343 2562 563 2641 gloriae
586 2608 606 2638 ,
645 2569 707 2625 et
742 2563 1147 2624 beatitudinis
1176 2563 1526 2625 essentialis
1553 2570 1595 2637 ,'
1624 2565 1729 2644 qui

149 2677 283 2716 nou
332 2657 595 2717 claretur
638 2655 787 2716 huic
832 2657 1067 2717 homini
1112 2657 1443 2736 poenitenti
1478 2665 1733 2737 propter

148 2750 617 2829 poenitentiam,
652 2754 716 2811 et
740 2748 952 2809 omnia
996 2750 1218 2811 merita
1262 2749 1601 2828 postillam
1630 2768 1731 2810 ex-

150 2843 379 2913 hibita,
416 2842 470 2901 si
496 2860 622 2901 non
670 2842 991 2904 habuisset
1022 2843 1245 2903 merita
1287 2843 1723 2922 praecedentia.

152 2938 335 2996 Patet
368 2954 447 2995 ex
475 2934 675 3007 dictis,
721 2935 869 3012 quia
900 2934 1003 2994 illa
1044 2935 1296 3014 propria
1326 2936 1548 2997 merita
1594 2936 1727 3015 jam

148 3030 467 3089 vivificata
494 3075 509 3102 ,
572 3030 907 3108 conjuncta
964 3048 1109 3090 cum
1150 3030 1675 3109 subsequentibus
1706 3076 1721 3104 ,

150 3128 553 3201 componunt
594 3123 901 3202 majorem
946 3123 1265 3183 cumulum
1307 3123 1673 3185 meritorum
1704 3167 1724 3199 ,

148 3218 211 3276 in
248 3235 383 3296 quo
412 3222 476 3279 et
504 3223 601 3278 est
629 3222 759 3278 tota
792 3215 1121 3277 multitudo
1150 3222 1211 3277 et
1252 3215 1551 3293 perfectio
1582 3233 1725 3296 ope-

146 3329 297 3371 rum
343 3329 483 3390 quae
527 3316 669 3390 post
699 3309 1135 3389 poenitentiam
1172 3309 1508 3370 subsecuta
1554 3314 1721 3384 sunt,

146 3411 215 3465 et
254 3411 407 3464 sunt
430 3409 731 3483 praeterea
764 3401 885 3463 alia
918 3403 1113 3464 multa
1148 3419 1339 3482 opera
1382 3402 1723 3478 meritoria,

147 3515 297 3576 quae
328 3503 565 3576 augent
607 3496 1071 3557 multitudinem
1101 3515 1117 3568 3
1172 3496 1309 3569 sed,
1350 3496 1592 3557 caeteris
1616 3515 1729 3576 pa-

146 3591 359 3666 ribuS‚
390 3607 469 3650 ex
512 3590 912 3652 multitudine
944 3589 1311 3651 meritorum
1338 3595 1605 3669 augetur
1632 3591 1728 3650 in-

146 3685 399 3745 tensive
452 3683 785 3745 essentiale
836 3683 1216 3762 praemium;
1266 3701 1417 3763 ergo
1482 3683 1724 3744 ratione

144 3778 525 3838 meritorum
556 3795 694 3857 quse
724 3775 1135 3847 vivificantur,
1165 3777 1403 3838 caeteris
1442 3778 1722 3856 paribuS,

145 3872 344 3932 datur
372 3873 579 3950 majus
609 3870 942 3932 essentiale
992 3871 1319 3949 praemium
1356 3889 1547 3950 quam
1588 3871 1723 3932 sine

144 3964 259 4024 illa
314 3963 611 4036 duretam
662 3969 727 4024 et
778 3964 899 4024 hoc
953 3969 1047 4024 est
1100 3963 1205 4024 illa
1260 3981 1591 4044 resurgere
1644 3963 1725 4024 ad

144 4058 481 4137 proprium
519 4058 845 4136 praemium
876 4057 1230 4118 essentiale.

230 4154 335 4212 50.
380 4149 693 4214 Judioium
739 4155 937 4231 serim·
994 4151 1063 4214 de
1118 4149 1248 4213 alia
1296 4151 1619 4214 sententia.
1642 4181 1724 4196 —

144 4244 397 4306 Deinde
432 4245 579 4304 satis
608 4244 795 4306 etiam
825 4261 903 4306 ex
928 4243 1109 4306 dietis
1132 4249 1375 4304 constat
1402 4243 1553 4322 quid
1581 4261 1721 4304 sen·

141 4340 439 4401 tiendum
464 4339 543 4398 sit
572 4338 651 4398 de
680 4339 785 4399 illa
824 4337 1101 4400 secunda
1140 4338 1475 4412 sententia,
1502 4343 1563 4398 et
1592 4355 1721 4398 om-

142 4433 339 4494 nibus
402 4431 743 4492 corollariis
813 4448 955 4510 quae
1026 4429 1354 4492 inferebat.
1408 4429 1721 4508 Quidquid

146 4529 323 4588 enim
354 4527 433 4586 sit
452 4525 531 4586 de
560 4532 899 4604 augmento
928 4525 1255 4586 habituum
1281 4525 1625 4586 infusorum
1656 4525 1721 4584 in

145 4621 271 4680 hac
302 4620 431 4679 vita
469 4635 583 4696 per
612 4624 786 4678 actus
826 4618 1203 4691 meritorioS,
1236 4617 1437 4698 magis
1470 4617 1569 4678 vel
1606 4617 1724 4678 mi-

144 4733 275 4774 nus
318 4714 600 4774 intensos
654 4719 763 4774 aut
794 4711 1106 4791 perfectos
1126 4757 1142 4785 ,
1184 4713 1313 4773 sive
1358 4729 1609 4791 semper
1633 4713 1721 4772 vi-

150 4825 293 4878 vOS,
327 4805 459 4866 sive
487 4810 627 4884 post
654 4804 1199 4866 mortificationem
1228 4803 1610 4877 vivificatos3
1642 4804 1720 4866 de

149 4915 283 4977 quo
306 4903 513 4977 potest
540 4915 681 4960 esse
709 4897 1051 4977 probabilis
1078 4898 1525 4971 controversia,
1559 4905 1620 4960 et
1646 4915 1723 4958 ex

146 4998 425 5070 utraque
440 4996 618 5070 parte
636 4991 899 5064 ineerta,
926 5007 1116 5069 quam
1129 4989 1295 5051 infra
1314 4991 1713 5072 attingemus;

148 5085 460 5165 quidquid
504 5085 653 5144 item
694 5083 773 5143 sit
812 5081 891 5144 de
926 5084 1275 5162 quantitate
1320 5084 1420 5144 vel
1461 5101 1721 5164 propor-

148 5179 325 5237 tione
350 5175 697 5237 seeundum
728 5193 919 5254 quam
942 5193 1263 5238 meremur
1288 5195 1401 5256 per
1428 5181 1603 5238 actus
1632 5179 1721 5238 in-

152 5277 369 5331 tensos
406 5271 509 5331 vel
544 5270 841 5331 remissos
884 5269 1249 5331 inferiorum
1304 5271 1403 5331 vel
1444 5271 1721 5350 superio-

148 5383 293 5424 rum
324 5364 649 5438 virtutum,
682 5363 853 5442 quod
898 5363 981 5423 ad
1021 5369 1404 5443 praesentem
1441 5364 1723 5444 disputa-

152 5458 391 5518 tionem
446 5455 605 5516 nihil
658 5455 849 5518 refert
874 5474 889 5528 ;
913 5457 1085 5535 quod
1116 5462 1358 5536 spectat
1403 5457 1481 5518 ad
1530 5458 1720 5520 ratio-

152 5567 301 5612 nem
346 5550 659 5628 merendi,
702 5555 765 5610 et
794 5549 1156 5612 conferendi
1198 5551 1529 5613 essentiale
1558 5570 1719 5632 prae-

3255 402 3374 469 477

1809 514 2033 591 mium,
2065 533 2256 595 quam
2289 516 2390 577 illa
2423 514 2732 577 sententia
2765 514 3056 593 proponit
3081 521 3145 576 et
3169 516 3380 575 decla-

1808 612 1927 681 rat,
1967 610 2150 671 nobis
2177 609 2360 671 valde
2401 608 2686 687 displicet
2717 614 2971 687 propter
3001 610 3212 670 omnia
3239 624 3381 687 quae

1809 702 1877 761 in
1908 702 2046 781 ejus
2099 703 2562 763 examinatione
2613 701 3023 771 adduximus;
3063 706 3125 763 et
3161 718 3380 763 revera

1814 801 2114 856 extenuat
2140 796 2408 857 multum
2439 794 2772 856 essentiale
2811 793 3138 873 praemium
3164 794 3383 855 beato-

1812 906 1978 961 rum,
2022 890 2348 969 magisque
2388 888 2710 949 constituit
2737 888 3068 967 praemium
3100 886 3168 947 in
3203 886 3382 966 ipsis-

1813 986 1945 1041 met
1970 982 2228 1057 meritis,
2263 1000 2452 1062 quam
2485 982 2548 1041 in
2575 982 2786 1060 aliquo
2809 981 2976 1042 bono
3019 980 3189 1057 quod
3211 981 3380 1041 Deus

1812 1082 2070 1153 propter
2089 1076 2196 1135 illa
2226 1074 2527 1136 conserat.
2561 1074 2764 1147 Quod,
2793 1074 2938 1134 licet
2963 1072 3024 1133 in
3055 1072 3383 1151 superiori-

1810 1168 1931 1227 bus
1975 1173 2208 1230 tactum
2251 1168 2360 1241 sit,
2419 1166 2861 1246 respondendo
2903 1166 2986 1227 ad
3035 1166 3244 1227 omnia
3283 1185 3384 1227 ar-

1813 1268 2112 1340 gumenta
2141 1267 2203 1322 et
2231 1260 2544 1340 exempla,
2575 1278 2716 1339 quoe
2749 1259 2830 1321 ab
2869 1258 2992 1319 illis
3023 1258 3382 1319 auctoribus

1812 1354 2235 1429 insinuantur,
2285 1353 2634 1414 evidentius
2674 1350 2804 1413 fiet.
2847 1352 2933 1413 De
2969 1350 3380 1413 fundamento

1816 1466 1966 1525 ergo
1995 1448 2322 1528 principali
2350 1447 2450 1507 hic
2471 1446 2626 1507 nihil
2647 1446 2934 1522 dicimuS,
2954 1446 3069 1507 nisi
3100 1446 3180 1507 ad
3211 1464 3382 1507 sum-

1812 1558 1990 1601 mum
2019 1541 2366 1620 procedere
2405 1540 2484 1601 de
2515 1544 2856 1618 augmento
2887 1538 3078 1619 huJ'us
3102 1538 3268 1611 vitae,
3297 1540 3377 1601 de

1812 1651 1938 1713 quo
1968 1641 2210 1713 postea,
2251 1652 2382 1693 non
2423 1651 2574 1695 vero
2601 1633 2678 1693 de
2725 1632 2876 1711 ipsis
2915 1634 3187 1706 meritis;
3232 1623 3384 1694 nani

1811 1728 1944 1788 haec
1981 1744 2109 1787 non
2139 1728 2466 1805 requirunt
2493 1726 2768 1803 aliquam
2797 1725 3292 1805 dispositionem,
3311 1733 3381 1787 ut

1812 1820 1903 1881 eis
1934 1820 2254 1899 proprium
2311 1819 2642 1899 praemium
2675 1817 3012 1893 debeatur,
3061 1818 3112 1879 si
3145 1819 3378 1897 alioqui

1812 1915 1953 1974 viva
1981 1914 2077 1973 vel
2111 1913 2420 1975 vivificata
2447 1914 2580 1993 jam
2611 1912 2764 1984 sint;
2799 1912 3128 1991 praemium
3169 1920 3380 1974 autem

1809 2008 1873 2069 in
1908 2006 2119 2069 futura
2155 2007 2282 2068 vita
2318 2007 2600 2068 dandum
2637 2005 2736 2067 vel
2793 2023 2922 2065 non
2969 2005 3230 2084 requirit
3261 2006 3381 2067 dis-

1812 2101 2186 2180 positionem
2232 2108 2464 2180 proeter
2492 2101 2630 2179 ipsa
2672 2098 2895 2159 merita
2943 2104 3005 2159 et
3039 2098 3378 2159 carentiam

1812 2195 2018 2256 omnis
2049 2193 2248 2273 culpae
2279 2200 2340 2255 et
2361 2200 2574 2255 reatus
2597 2210 2836 2273 poenae3
2870 2195 2982 2252 aut
3009 2192 3058 2252 si
3089 2190 3258 2251 illam
3287 2209 3382 2253 re-

1812 2288 2023 2367 quirit,
2049 2286 2302 2347 dabitur
2329 2286 2538 2347 statim
2576 2286 2639 2345 in
2669 2284 2922 2345 instanti
2954 2284 3170 2345 mortis
3198 2300 3382 2363 prop-

1811 2385 1909 2441 ter
1977 2378 2200 2441 eadem
2253 2379 2478 2441 merita
2499 2423 2514 2452 ‚
2575 2382 2646 2439 ut
2702 2377 2890 2439 latius
2957 2377 3232 2439 sectione
3287 2394 3381 2438 se-

1810 2473 2052 2553 quenti.

1973 2712 2306 2797 Responsio
2328 2714 2410 2777 ad
2447 2714 2844 2795 fundamenta
2875 2711 3208 2777 contraria.

1890 2942 1992 3001 51.
2041 2940 2210 3007 Visio
2235 2945 2431 3022 potest
2470 2956 2730 3002 crescere
2755 2956 2843 3012 re,
2869 2939 3016 3018 quin
3049 2943 3281 3001 crescat
3307 2942 3380 2999 ut

1801 3033 2148 3114 praemium.
2180 3064 2262 3079 —
2287 3033 2383 3093 Ad
2411 3032 2516 3092 illa
2545 3050 2694 3093 vero
2744 3031 2953 3092 omnia
3001 3031 3232 3109 quibus
3271 3030 3376 3091 illa

1810 3128 2020 3206 opinio
2076 3128 2354 3189 declarat
2400 3147 2582 3208 posse
2639 3128 2862 3188 merita
2910 3145 3240 3206 resurgere
3295 3127 3376 3187 ad

1806 3221 2014 3300 majus
2043 3222 2397 3300 praemium,
2422 3221 2567 3282 licet
2593 3239 2724 3280 non
2759 3225 3047 3296 resurgat
3075 3218 3155 3278 ad
3183 3218 3377 3296 majo·

1806 3331 1944 3374 rem
1973 3314 2304 3389 visionem,
2326 3313 2594 3375 dicimus
2617 3312 2944 3392 imprimis,
2967 3311 3212 3373 etiamsi
3241 3329 3376 3371 om·-

1808 3405 1915 3466 nia
1967 3405 2478 3479 concederemuS‚
2524 3412 2727 3468 totum
2773 3401 2930 3466 illud
2965 3410 3376 3485 augmentum

1809 3517 1950 3561 esse
1991 3501 2174 3562 valde
2221 3500 2736 3571 accidenter-ium,
2769 3505 2830 3560 et
2868 3499 3250 3560 insufficiens
3294 3498 3376 3559 ad

1801 3592 2038 3672 justam
2077 3599 2142 3654 et
2177 3593 2556 3674 condignam
2607 3591 3082 3654 retributionem
3126 3593 3376 3652 merito-

1806 3703 1974 3758 rum,
2027 3693 2096 3747 ut
2149 3687 2213 3746 in
2261 3685 2688 3765 superioribus
2720 3691 3046 3746 ostensum
3087 3691 3204 3746 est.
3261 3685 3376 3745 De·

1806 3779 1954 3840 inde
1975 3779 2262 3840 addimus
2297 3778 2468 3840 aliud
2511 3796 2651 3840 esse
2675 3777 2977 3839 visionem
2993 3795 3178 3857 posse
3208 3795 3376 3838 cres-

1806 3889 1956 3934 cere
1987 3873 2050 3932 in
2077 3872 2318 3932 ratione
2338 3871 2593 3932 visionis
2623 3876 2684 3932 et
2701 3871 3126 3945 beatitudinis,
3155 3889 3376 3950 quam-

1802 3965 1897 4027 vis
1926 3983 2057 4026 non
2087 3944 2328 4026 crescat
2357 3966 2420 4025 in
2451 3965 2691 4026 ratione
2727 3965 2989 4044 proemii,
3018 3964 3190 4025 aliud
3223 3982 3372 4025 vero

1805 4075 1840 4120 e
1902 4059 2216 4120 contrario
2261 4057 2552 4118 eamdem
2609 4057 2912 4118 visionem
2967 4075 3152 4136 posse
3207 4075 3374 4118 cres·

1804 4171 1950 4214 cere
1971 4153 2035 4212 in
2055 4151 2297 4215 ratione
2317 4152 2582 4232 praemii,
2609 4151 2752 4213 licet
2776 4169 2904 4211 non
2925 4157 3162 4212 crescat
3183 4151 3248 4211 in
3277 4168 3373 4212 ra·

1804 4247 1974 4308 tione
2033 4246 2308 4307 visioniS.
2347 4245 2494 4317 Quae
2529 4245 2654 4305 duo
2701 4263 2739 4304 a
2790 4245 2971 4306 dictis
3008 4241 3370 4305 auctoribus

1804 4339 2294 4413 confunduntur,
2337 4345 2402 4400 et
2425 4338 2694 4400 latenter
2713 4337 2782 4399 fit
2807 4339 3106 4399 transitus
3133 4338 3216 4398 ab
3241 4355 3370 4398 uno

1804 4435 1885 4495 ad
1916 4433 2182 4495 alterum
2213 4451 2356 4494 cum
2389 4451 2618 4513 magna
2657 4431 3144 4511 aequivocatione
3171 4449 3187 4505 3
3231 4447 3372 4510 quae

1804 4545 1883 4588 ex
1912 4545 1990 4588 eo
2019 4527 2206 4588 etiam
2238 4531 2525 4604 augetur,
2565 4525 2737 4604 quod
2777 4525 3094 4586 interdum
3119 4543 3371 4604 compa·

1802 4626 2022 4681 rantur
2053 4619 2324 4680 visiones
2357 4619 2705 4680 secundum
2749 4617 3070 4678 distinctos
3101 4617 3368 4697 gradus,

1802 4731 2073 4799 quorum
2115 4712 2307 4792 aliqui
2347 4712 2758 4774 conferuntur
2793 4717 3052 4791 propter
3092 4711 3316 4773 merita
3347 4756 3363 4785 ‚

1802 4807 1905 4867 alii
1957 4823 2106 4866 vero
2149 4823 2323 4876 non;
2373 4812 2435 4866 et.
2477 4804 2623 4865 inde
2663 4804 2733 4865 fit
2787 4807 3230 4884 argumentum
3289 4803 3372 4864 ad

1805 4899 2095 4961 eamdem
2133 4898 2438 4959 visionem
2486 4897 2834 4958 secundum
2856 4915 2924 4958 se
2951 4900 3172 4971 totam,
3201 4897 3370 4977 quod

1801 4993 2098 5054 nimirum
2132 4991 2274 5066 illa,
2327 4990 2550 5054 eadem
2581 5007 2960 5070 permanens
3011 4991 3076 5051 in
3126 4991 3370 5054 ratione

1800 5087 2078 5160 visioniS,
2115 5087 2310 5166 possit
2349 5103 2632 5146 crescere
2677 5087 2741 5146 in
2793 5085 3032 5146 ratione
3091 5086 3368 5164 praemii;

1804 5187 1866 5241 et
1900 5181 2018 5240 hoc
2061 5186 2156 5240 est
2183 5179 2488 5257 imprimis
2525 5178 2588 5238 in
2623 5185 2751 5240 toto
2792 5179 2910 5240 hoc
2946 5178 3228 5238 discursu
3264 5179 3371 5239 ad·

1804 5271 2197 5334 vertendum.
2235 5275 2311 5333 Et
2360 5277 2661 5351 praeterea
2715 5271 2884 5349 quod
2928 5270 3264 5349 aliquando
3301 5269 3370 5332 fit

1800 5367 2184 5446 comparatio
2223 5366 2286 5426 in
2331 5383 2460 5425 una
2503 5371 2566 5424 et
2620 5363 2844 5426 eadem
2893 5381 3162 5443 persona
3191 5409 3206 5436 ,
3258 5364 3371 5424 ali·

1798 5459 2053 5538 qnando
2091 5477 2245 5520 vero
2283 5459 2352 5518 in
2406 5458 2687 5530 diversiS,
2733 5475 2876 5517 cum
2913 5463 3150 5517 tamen·
3181 5455 3368 5536 longe

1798 5552 2048 5614 diversa
2075 5554 2156 5614 sit
2180 5553 2362 5614 ratio.
2411 5550 2560 5624 Quae
2587 5551 2798 5612 omnia
2827 5550 3104 5613 breviter
3132 5550 3220 5611 sic
3255 5551 3370 5614 de·-
