3850 6225
581 393 701 454 sto

537 515 556 530 ·
576 502 796 578 postea
817 514 956 558 esse
971 495 1394 556 necessariam
1411 495 1598 557 aliam
1621 497 2145 576 acceptationem,

583 593 694 654 sed
723 593 858 670 ipsa
899 589 1208 651 solutione
1241 607 1445 669 poenae
1475 589 1612 669 ipso
1646 590 1812 651 facto
1849 590 1981 652 tolli
2010 609 2151 650 rea-

581 691 747 756 tum;
781 683 832 744 si
873 684 992 744 hoc
1033 683 1368 762 (inquam)
1407 683 1671 756 dicatur,
1705 701 1834 744 non
1883 684 2150 745 multum

579 777 970 858 repugnabo,
1020 775 1224 838 habeo
1263 777 1432 837 enim
1479 776 1648 854 quod
1697 776 2013 856 praecipue
2054 777 2151 837 in-

579 873 792 934 tendo.
821 870 930 932 Illa
961 869 1130 930 enim
1159 869 1260 930 lex
1287 869 1548 931 includit
1573 877 1825 949 pactum
1855 871 1973 932 sub
2004 887 2151 931 con-

579 967 812 1028 ditione
842 964 983 1026 talis
1013 965 1242 1043 operiS‚
1270 949 1567 1024 nimirum
1593 963 2149 1042 quod'voluntarie

581 1059 926 1122 assumenti
953 1057 1018 1118 in
1042 1057 1160 1118 hac
1178 1059 1302 1120 vita
1325 1056 1510 1118 talem
1534 1075 1788 1138 poenam
1813 1077 1941 1119 nou
1965 1057 2151 1119 datur

578 1153 644 1214 in
673 1151 1032 1232 purgatorio
1061 1149 1218 1222 alia;
1263 1156 1326 1212 et
1353 1152 1515 1211 hanc
1553 1169 1850 1212 vocamus
1883 1150 2151 1230 promis-

581 1245 822 1306 sionem
855 1262 968 1304 seu
1008 1251 1284 1323 pactum,
1331 1261 1538 1323 neque
1583 1249 1680 1306 est
1705 1243 1784 1306 de
1816 1261 1969 1306 voce
1998 1263 2149 1305 con-

581 1337 990 1398 tendendum.
1027 1339 1264 1398 Rursus
1303 1337 1610 1398 habemus
1659 1355 1916 1416 poenarn
1959 1338 2147 1416 hujus

579 1430 742 1502 vitae,
777 1429 1096 1510 supposito
1126 1430 1232 1491 tali
1263 1437 1466 1509 pacto,
1507 1449 1644 1492 esse
1677 1431 2057 1510 condignam
2085 1435 2149 1492 et

577 1523 884 1602 aqualem
923 1522 1003 1583 ad
1029 1522 1376 1584 tollendum
1403 1529 1648 1584 reatum
1689 1541 1890 1602 poenae
1921 1541 2148 1604 purga-

581 1615 744 1688 torii,
775 1615 944 1696 quod
973 1615 1109 1676 sine
1137 1615 1300 1678 dicta
1327 1617 1468 1696 lege
1499 1623 1562 1677 et
1587 1623 1769 1696 pacto
1797 1633 1924 1676 non
1958 1615 2147 1676 habe-

579 1715 694 1772 ret.
729 1709 1010 1788 Denique
1055 1709 1384 1783 habemus,
1417 1708 1686 1770 exhibita
1733 1709 1840 1770 tali
1865 1709 2144 1770 satisfac-

577 1803 746 1865 tione
771 1803 890 1864 sub
913 1809 1118 1884 pacto,
1143 1805 1273 1882 jam
1297 1822 1426 1865 non
1448 1822 1631 1910 posse
1655 1804 1878 1876 Deum,
1905 1803 2143 1866 utendo

570 1895 832 1976 justitia,
857 1897 1047 1956 talem
1075 1897 1392 1958 hominem
1421 1896 1642 1976 punire
1665 1897 1728 1959 in
1753 1897 2139 1978 purgatorio,

579 1990 725 2051 licet
752 1997 820 2050 ut
871 2006 1200 2068 supremus
1241 1988 1534 2052 dominus
1561 1991 1756 2070 possit
1783 1991 1959 2050 illum
1989 1989 2145 2052 affli-

581 2101 730 2164 gere
761 2069 946 2162 pr’out
975 2083 1152 2156 velit3
1181 2089 1246 2144 at
1270 2101 1444 2157 vero,
1477 2083 1526 2144 si
1557 2091 1808 2163 pactum
1835 2102 1965 2145 non
1992 2102 2147 2165 prae-

581 2177 892 2249 cessisset,
925 2177 1229 2255 potuisset
1255 2179 1448 2252 DeuS,
1475 2177 1664 2240 etiam
1695 2183 1764 2238 ut
1789 2177 2009 2258 judex,
2034 2195 2146 2258 pu-

581 2271 716 2332 nire
761 2271 950 2331 talem
987 2271 1306 2332 hominem
1347 2271 1412 2333 in
1453 2272 1838 2352 purgatorio,
1869 2290 1999 2332 non
2033 2271 2147 2332 ob-

581 2364 888 2426 stantibus
918 2363 1152 2425 eisdem
1195 2365 1400 2444 poenis
1449 2365 1530 2426 ab
1579 2383 1656 2426 eo
1701 2364 2037 2443 assumptis
2078 2363 2143 2424 in

581 2457 699 2518 hac
726 2457 882 2530 vita3
923 2463 986 2520 et
1018 2458 1182 2520 hanc
1219 2475 1516 2520 vocamus
1555 2458 2053 2538 acceptationem
2082 2463 2147 2518 et

579 2549 1036 2623 remissionem,
1082 2569 1220 2630 quae
1267 2558 1360 2614 est
1408 2553 1766 2613 necessaria
1821 2549 2143 2630 supposito

581 2647 787 2724 pact0‚
823 2651 886 2706 et
927 2662 1054 2704 non
1085 2645 1219 2706 sine
1255 2643 1384 2706 illo.

659 2739 762 2800 ⁴9.
809 2737 1092 2816 Demque
1129 2755 1258 2798 non
1292 2737 1474 2800 video
1513 2756 1625 2801 cur
1657 2737 1780 2800 hoc
1819 2755 1947 2798 non
1976 2735 2145 2796 suffi-

579 2831 700 2892 ciat
747 2829 828 2890 ad
877 2830 1254 2910 condignam
1285 2831 1770 2894 satisfactionem
1803 2831 2139 2910 justorum,

581 2943 768 3004 quam
800 2943 949 2986 vera
979 2923 1258 2985 doctrina
1289 2923 1493 2997 docet,
1523 2943 1666 2986 cum
1709 2925 1772 2984 in
1807 2923 2031 2984 merito
2063 2921 2143 2982 de

581 3019 890 3099 condigno
947 3017 1166 3080 similis
1211 3017 1437 3080 modus
1487 3017 1789 3093 sufficiat,
1829 3023 1898 3077 ut
1954 3016 2143 3076 etiam

579 3111 918 3175 adversarii
951 3111 1264 3185 fau-ntur,
1307 3111 1418 3191 qui
1471 3111 1680 3175 nescio
1707 3130 1902 3191 quam
1942 3110 2145 3190 majo-

575 3226 712 3269 rem
754 3208 878 3267 vim
929 3207 996 3267 in
1047 3204 1468 3269 satisfactione
1495 3250 1512 3279 ,
1555 3222 1748 3285 quam
1799 3204 1862 3265 in
1917 3202 2141 3265 merito

571 3302 888 3381 justorum
917 3299 1166 3379 fingunt
1184 3345 1201 3373 ,
1234 3300 1475 3379 absque
1503 3300 1634 3361 ulla
1675 3296 1910 3359 efficaci
1956 3296 2143 3357 ratio-

579 3412 657 3453 nc
705 3394 802 3455 vel
849 3392 1242 3471 probatione.
1279 3391 1496 3455 Solum
1547 3392 1718 3455 enim
1767 3391 1953 3453 video
2000 3408 2143 3451 eam

579 3486 994 3548 differentiam
1037 3486 1374 3567 excogitari
1421 3504 1630 3565 posse,
1661 3485 1831 3565 quod
1863 3484 1931 3545 in
1970 3484 2143 3545 satis·

579 3578 846 3641 factione
887 3598 1018 3639 non
1055 3578 1394 3659 requiritur
1417 3597 1582 3641 nova
1621 3578 1784 3641 actio
1837 3598 1913 3640 ex
1964 3584 2141 3659 parte

579 3672 716 3749 Dei,
767 3690 882 3733 seu
925 3671 1172 3733 collatio
1219 3674 1366 3733 novi
1397 3672 1686 3735 beneficii
1729 3672 1997 3751 positivi,
2030 3670 2141 3733 sed

581 3766 712 3827 sola
755 3765 1030 3827 carentia
1079 3784 1192 3827 seu
1219 3784 1348 3827 non
1377 3766 1616 3846 punitio
1647 3767 1710 3827 in
1737 3766 1884 3846 igne
1913 3783 2141 3845 purga·

579 3859 743 3932 torii,
771 3876 908 3937 quoe
933 3864 1144 3921 tamen
1181 3878 1308 3920 non
1335 3858 1592 3921 estsine
1627 3858 1949 3919 voluntate
1976 3858 2144 3937 posi-

577 3950 703 4012 tiva
729 3950 860 4025 Dei,
891 3968 1042 4011 nam
1083 3958 1178 4013 est
1203 3952 1290 4012 illi
1333 3950 1608 4031 perfecte
1635 3951 1854 4025 libera,
1895 3970 2011 4013 seu
2038 3970 2143 4013 vo·

578 4044 876 4118 luntaria;
909 4044 972 4103 in
1013 4044 1422 4105 retributione
1463 4062 1614 4107 vero
1653 4050 1748 4107 est
1783 4062 1947 4106 nova
1978 4045 2139 4107 actio

577 4136 690 4198 Dei
721 4154 836 4216 per
863 4152 1053 4215 quam
1089 4137 1328 4199 confert
1355 4138 1726 4217 praemium;
1765 4139 1945 4217 cujus
1982 4138 2139 4199 ratio

581 4234 698 4303 est,
729 4230 876 4308 quia
907 4230 970 4289 in
997 4228 1439 4304 satisfactione,
1496 4230 1602 4309 qui
1649 4230 1852 4305 solvit,
1885 4236 1981 4291 est
2028 4232 2139 4291 ho-

579 4340 708 4396 mo,
743 4324 806 4382 in
855 4322 1262 4383 retributione
1315 4341 1462 4385 vero
1501 4324 1690 4397 Deus,
1721 4328 1790 4383 ut
1817 4322 2023 4401 attigit
2048 4321 2141 4383 di-

579 4432 696 4475 vus
723 4414 1020 4490 Thomas,
1051 4416 1088 4477 3
1114 4422 1301 4495 part.,
1331 4421 1556 4495 quaest.
1589 4417 1652 4489 8,
1673 4416 1850 4477 artic.
1881 4416 1940 4475 3.
1974 4414 2145 4475 Nihi-

579 4506 852 4569 lominus
903 4514 1116 4569 tamen
1163 4508 1228 4567 in
1273 4514 1538 4588 utraque
1593 4526 1772 4587 teque
1809 4508 2143 4569 intervenit

581 4606 644 4661 et
689 4600 1046 4661 necessaria
1081 4608 1174 4661 est
1217 4600 1428 4662 divina
1455 4600 1812 4681 promissio,
1843 4608 1914 4662 ut
1940 4600 2019 4661 sit
2046 4600 2143 4661 in-

577 4692 882 4765 fallibilis;
929 4711 1080 4755 nam
1121 4694 1280 4755 sicut
1327 4698 1540 4774 posset
1589 4694 1758 4757 Deus
1811 4711 1937 4755 non
1988 4692 2139 4755 dare

577 4786 902 4865 praemium
929 4804 1042 4865 pro
1064 4805 1254 4866 opere
1283 4786 1452 4847 bono
1481 4787 1597 4847 nisi
1625 4786 2034 4868 promisisset,
2054 4786 2141 4847 ita

579 4880 768 4941 etiam
813 4885 1047 4958 posset,
1093 4898 1220 4941 non
1251 4880 1538 4943 obstante
1571 4900 1760 4959 opere
1791 4880 2139 4942 sufficiente

577 4971 661 5032 ad
691 4972 1197 5046 satisfactionem,
1243 4972 1470 5035 inferre
1512 4991 1768 5054 poenam
1805 4972 1989 5053 ignis,
2022 4972 2139 5034 nisi

579 5066 966 5145 promisisset
1003 5084 1072 5127 se
1103 5085 1230 5129 non
1257 5066 1592 5141 facturum,
1639 5075 1710 5130 ut
1754 5068 1904 5129 satis
1932 5068 2141 5130 decla-

577 5160 730 5221 ravi.
783 5160 858 5220 Et
908 5159 1073 5221 addo
1115 5159 1396 5235 ulterius„
1452 5162 1616 5223 hanc
1655 5162 2139 5224 satisfactionem

577 5252 767 5313 talem
805 5270 966 5327 esse,
1005 5259 1260 5332 tamque
1304 5255 1676 5329 absolutam,
1709 5262 1780 5317 ut
1809 5274 1884 5316 ex
1911 5256 1971 5315 vi
2002 5256 2141 5334 ejus

577 5364 704 5407 non
749 5352 956 5424 posset
991 5346 1182 5419 Deus,
1229 5346 1400 5408 salva
1435 5349 1697 5427 justitia,
1743 5348 1977 5409 inferre
2004 5366 2139 5407 ma·

576 5439 706 5501 lum
745 5439 918 5515 illud,
951 5458 1078 5501 non
1119 5440 1322 5501 solum
1361 5440 1702 5501 formaliter
1743 5440 1862 5503 sub
1893 5442 2137 5503 ratione

576 5552 802 5617 poenae,
837 5554 1057 5598 verum
1089 5554 1204 5599 nec
1246 5535 1364 5597 sub
1426 5536 1570 5611 alia,
1601 5537 1788 5597 ctiam
1827 5536 2005 5597 titulo
2032 5554 2137 5595 su-

1525 395 1736 450 OPUSC.
1773 397 1857 450 vl.
1893 395 2263 450 nlsrnvmo
2298 397 2379 452 ΒΕ
2408 399 2685 454 ῙῑῐὸΤΙΤΙΑ
2718 400 2838 453 nst.

2229 499 2433 576 premi
2460 498 2755 573 dominii;
2794 500 2953 560 sicut
2988 498 3175 560 etiam
3208 496 3339 558 tale
3380 503 3471 558 est
3494 501 3727 565 meritum

2232 591 2310 653 de
2350 592 2688 672 condigno,
2734 599 2824 664 ut,
2862 597 3067 653 stante
3094 591 3199 652 illo
3228 591 3297 652 in
3334 608 3447 652 sua
3472 591 3558 664 vi,
3586 606 3725 674 prout

2230 703 2399 746 nunc
2446 691 2563 758 est,
2606 704 2735 746 non
2771 685 2967 766 possit
2992 687 3159 746 Deus
3196 702 3441 763 negare
3464 690 3723 762 premium

2232 779 2403 838 salva
2434 797 2549 839 sua
2594 777 2855 858 justitia,
2898 777 3133 858 alioqui
3170 795 3303 838 non
3343 795 3601 840 essemus
3630 800 3724 842 om-

2230 873 2381 934 nino
2432 873 2585 934 certi
2631 873 2711 934 de
2754 871 3104 934 redditione
3132 871 3405 950 praemii,
3438 879 3539 931 aut
3560 877 3725 936 remis—

2230 967 2407 1029 sione
2444 967 2593 1028 mali
2638 985 2880 1047 poenae3
2937 967 3069 1027 baec
3101 969 3319 1027 autem
3374 967 3642 1029 certitudo
3684 976 3726 1032 ot

2230 1060 2632 1122 infallibilitas
2658 1067 2787 1122 tam
2818 1059 3129 1131 absoluta,
3156 1075 3373 1138 neque
3398 1059 3627 1139 intelligi
3652 1082 3725 1141 po-

2228 1160 2349 1216 test
2380 1155 2516 1216 sine
2544 1154 2957 1234 promissione
2984 1153 3094 1214 Dei
3118 1171 3135 1225 ;
3166 1171 3324 1234 ergo
3354 1158 3477 1213 tam
3504 1171 3725 1218 necessa-

2226 1247 2321 1308 ria
2350 1253 2445 1308 est
2488 1247 2553 1308 in
2604 1246 3023 1310 satisfactione
3056 1245 3373 1326 condigna
3394 1289 3410 1318 ,
3454 1263 3579 1324 quae
3606 1267 3723 1310 nunc

2228 1341 2559 1405 exhibetur
2598 1359 2635 1403 a
2678 1341 2889 1420 justis,
2932 1339 3091 1402 sicut
3128 1339 3193 1400 in
3246 1339 3469 1400 merito
3516 1339 3583 1401 de
3616 1359 3724 1404 con-

2226 1434 2439 1516 digno.

2226 1670 2533 1753 Rejicitur
2570 1671 2768 1736 altera
2814 1671 3015 1735 illatio
3066 1667 3547 1735 adversariorum
3580 1673 3635 1733 do
3654 1691 3723 1736 sa-

2684 1764 3031 1846 tisfactione
3058 1762 3321 1827 Christi.

2306 1991 2407 2052 50.
2434 1991 2609 2053 Circa
2642 1989 2829 2052 aliam
2860 1991 3279 2052 assertionem
3312 2009 3425 2052 seu
3448 1991 3721 2056 illationem

2226 2082 2307 2144 de
2342 2084 2561 2144 Christi
2588 2083 3033 2158 satisfactione,
3069 2085 3171 2146 hic
3200 2085 3411 2146 solum
3444 2085 3722 2160 advertam,

2224 2177 2277 2236 si
2302 2176 2577 2255 proedicti
2604 2183 2893 2238 auctores
2910 2177 3105 2238 velint
3126 2177 3300 2238 clare
3320 2183 3385 2238 et
3410 2195 3723 2257 consequen·

2222 2274 2321 2330 ter
2346 2269 2540 2349 loqui,
2577 2286 2705 2330 nou
2747 2269 2951 2330 solum
2984 2270 3161 2348 sequi
3200 2270 3507 2332 Christum
3532 2290 3637 2332 non
3658 2291 3723 2334 sa-

2224 2361 2525 2424 tisfecisse
2554 2381 2669 2442 pro
2712 2363 2895 2426 nobis
2934 2364 3289 2424 secundum
3317 2365 3608 2444 propriam
3628 2369 3721 2446 J‘us·

2224 2457 2449 2531 titiam,
2498 2455 2609 2518 sed
2648 2456 2839 2518 etiam
2891 2475 3101 2537 neque
3142 2457 3493 2519 secundum
3528 2461 3721 2536 aequali

2226 2556 2419 2612 tatem
2444 2550 2731 2612 absolute
2756 2559 2819 2612 et
2848 2552 3253 2631 simpliciter·
3232 2595 3253 2626 ‚
3288 2551 3457 2630 quod
3482 2571 3637 2631 quam
3664 2555 3718 2614 sit

2226 2643 2501 2704 alienum
2544 2662 2581 2704 a
2622 2644 2843 2704 Christi
2870 2643 3195 2724 dignitate,
3248 2652 3314 2706 et
3338 2663 3377 2705 a
3412 2644 3716 2724 perfectione

2224 2744 2287 2798 et
2330 2737 2635 2816 sapientia
2672 2737 2932 2798 remedii
2963 2737 3419 2817 redemptionis
3448 2743 3651 2808 nostra,
3672 2745 3713 2800 ct

2224 2847 2257 2890 a
2314 2829 2503 2890 modo
2542 2829 2841 2908 loquendi
2880 2830 3247 2910 Scripturas,
3288 2831 3638 2898 Pontificum,
3674 2837 3715 2890 et

2224 2923 2489 2984 aliorum
2520 2924 2799 2996 Pati-um,
2819 2922 2999 2984 facile
3028 2941 3255 2984 omnes
3280 2921 3619 3003 intelligunt.
3636 2925 3713 2985 Se*

2224 3017 2411 3096 quela
2436 3033 2589 3076 vero
2618 3020 2808 3096 patet,
2857 3015 3005 3095 quia
3049 3017 3099 3076 si
3134 3017 3419 3078 Christus
3462 3035 3559 3095 per
3578 3035 3650 3090 se,
3672 3023 3713 3076 et

2224 3128 2303 3171 ex
2330 3108 2393 3169 vi
2428 3126 2687 3171 suorum
2726 3126 3023 3189 operum,
3072 3108 3473 3171 satisfecisset
3510 3111 3639 3171 Patri
3656 3109 3710 3171 ad

2224 3202 2645 3282 aequalitatem
2668 3248 2686 3277 ,
2736 3201 2980 3263 seclusa
3032 3205 3205 3265 omni
3258 3204 3633 3283 promissione
3670 3211 3711 3263 et

2222 3295 2673 3375 acceptatione,
2704 3294 2871 3357 facta
2926 3302 3094 3359 esset
3136 3298 3385 3377 justitia
3404 3342 3421 3371 ,
3452 3316 3581 3359 uam
3612 3298 3709 3358 ine-

2222 3388 2491 3468 qualitas
2516 3394 2681 3449 esset
2728 3389 2812 3452 ad
2864 3389 3297 3467 :equalitatem
3322 3391 3607 3461 restitum
3630 3390 3709 3449 hoe

2222 3484 2435 3543 autem
2460 3499 2589 3543 uon
2616 3481 2703 3543 ita
2730 3481 2966 3543 factum
2996 3488 3111 3557 est,
3148 3489 3219 3543 ut
3260 3484 3645 3563 supponimus,
3668 3488 3707 3541 et

2224 3593 2415 3654 supra
2440 3581 2535 3637 est
2561 3574 2933 3655 probatum
2968 3568 3121 3656 ergo
3164 3577 3415 3655 signum
3444 3582 3527 3637 est
3548 3576 3707 3639 christi

2222 3686 2415 3749 opera
2442 3686 2519 3729 ex
2572 3686 2641 3730 se
2680 3687 2807 3729 non
2852 3669 3149 3733 habuisse
3174 3671 3309 3733 vim
3359 3670 3436 3732 ad
3460 3670 3707 3749 hujusne

2224 3761 2285 3821 di
2320 3760 2804 3823 satisfactionem
2832 3763 3142 3841 aequalem
3168 3763 3531 3825 faciendam.
3560 3766 3621 3823 At
3638 3778 3707 3821 ve-

2222 3872 2293 3915 ro
2340 3854 2689 3915 extrinseca
2730 3855 3061 3933 promissio
3110 3856 3213 3917 vel
3264 3856 3582 3937 acceptatio
3618 3870 3703 3915 non

2224 3948 2399 4009 addit
2440 3948 2561 4008 illis
2602 3948 2897 4029 operibus
2924 3949 3054 4009 vim
3083 3949 3365 4027 aliquam
3398 3950 3489 4010 vel
3512 3946 3705 4027 dignita-

2228 4046 2355 4103 tem
2400 4040 2483 4101 ad
2520 4040 2941 4121 aequalitatem
2983 4042 3243 4122 justitiae
3290 4042 3620 4115 faciendam,
3658 4044 3703 4097 ut

2224 4135 2415 4196 iidem
2441 4140 2729 4197 auctores
2778 4153 2893 4214 pro
2938 4142 3265 4215 comperto
3319 4136 3560 4207 habent;
3598 4150 3702 4210 ergo

2226 4230 2413 4291 etiam
2442 4246 2571 4289 non
2600 4234 2698 4290 est
2728 4228 3051 4309 equalitas
3094 4230 3157 4291 in
3196 4230 3311 4291 tali
3340 4228 3698 4291 satisfactione.

2224 4322 2303 4384 Ut
2356 4325 2567 4383 autem
2622 4320 2767 4383 dicti
2824 4327 3115 4385 auctores
3166 4322 3291 4385 hoc
3334 4323 3583 4383 absolute
3612 4334 3701 4377 non

2224 4416 2597 4490 concedant,
2626 4418 2877 4479 tacitam
2930 4417 3271 4495 quamdam
3324 4414 3699 4479 distinctionem

2222 4510 2521 4583 indicant,
2552 4510 2833 4571 dicentes
2858 4510 2923 4571 in
2944 4511 3163 4573 Christi
3192 4510 3578 4573 satisfactione
3610 4521 3699 4564 non

2220 4603 2411 4665 fuisse
2438 4602 2860 4683 aequalitatem
2880 4603 3137 4683 justitiae
3170 4604 3454 4685 propria,
3486 4600 3575 4663 sed
3595 4596 3697 4658 fuis·

2221 4714 2290 4758 se
2340 4696 2763 4774 aequalitatem
2824 4696 3263 4777 condignitatis
3330 4696 3541 4765 meriti;
3576 4687 3695 4770 quod

2220 4788 2480 4868 quidem
2506 4834 2523 4863 ,
2561 4790 2745 4871 juxta
2774 4789 3057 4869 ipsorum
3083 4795 3381 4865 mentem,
3410 4786 3541 4848 nihil
3574 4778 3693 4842 aliud

2222 4888 2317 4943 est
2344 4898 2535 4961 quam
2582 4880 2817 4955 dicere,
2868 4880 3355 4944 satisfactionem
3386 4877 3575 4941 Christi
3602 4890 3689 4933 non

2220 4976 2413 5037 fuisse
2442 4974 2855 5037 sufficientem
2892 4974 2975 5037 ad
3004 4975 3423 5037 reducendam
3446 4972 3516 5033 ad
3540 4984 3691 5045 aqua-

2218 5070 2457 5131 litatem
2486 5070 2654 5129 illam
2674 5068 3185 5148 inaequalitatem,
3208 5086 3393 5148 quam
3415 5068 3572 5127 homo
3592 5076 3687 5138 pec·

2220 5162 2423 5225 cando
2464 5162 2721 5233 fecerat,
2754 5160 2903 5223 licet
2928 5162 2997 5221 in
3026 5162 3320 5241 operibus
3346 5157 3536 5223 Christi
3558 5150 3687 5213 fueiit

2222 5254 2508 5335 quaedam
2540 5254 2837 5335 dignitas,
2868 5254 2951 5315 ob
2978 5272 3169 5335 quam
3206 5258 3367 5317 Deus
3386 5251 3571 5313 merito
3590 5262 3682 5305 mo-

2218 5350 2349 5409 veri
2378 5347 2579 5427 potuit
2614 5346 2696 5407 ad
2722 5348 3177 5427 acceptandam
3206 5347 3368 5409 illam
3402 5338 3681 5405 satisfactio·

2218 5458 2387 5513 nem,
2420 5446 2483 5501 et
2508 5439 3021 5501 dissimulandam
3060 5442 3155 5519 (ut
3194 5442 3279 5501 sic
3316 5439 3513 5513 dicam)
3542 5444 3587 5494 et
3612 5446 3677 5488 re·

2218 5534 2585 5597 mittendam
2630 5533 2950 5613 injuriam,
2994 5552 3125 5595 non
3166 5534 3435 5596 obstante
3468 5530 3553 5591 illa
3574 5526 3675 5585 ina·
3769 5568 3770 5629 ἐ
