3850 6225
558 368 687 434 404

558 478 740 540 dietis
773 478 982 539 verbis
1023 479 1230 554 Pauli,
1278 482 1582 562 quidquid
1635 484 1799 545 Deus
1841 488 2019 545 extra
2058 500 2125 545 se

559 574 714 647 vult,
745 573 904 635 velle
937 576 1006 633 ut
1043 574 1322 636 medium
1354 576 1712 639 ordinatum
1743 575 1822 638 ad
1851 578 2127 656 aliquem

559 664 777 739 finem,
806 685 1034 746 nempe
1059 667 1140 728 ad
1170 669 1468 748 seipsum,
1493 676 1750 750 propter
1777 688 1967 751 quem
1997 688 2128 732 om·

556 760 660 819 nia
691 766 1004 839 operatur,
1036 768 1105 822 ut
1129 762 1394 840 Sapiens
1421 764 1610 823 etiam
1635 763 1807 825 dixit.
1841 766 1983 825 Haec
2012 782 2127 823 au-

562 858 690 914 tem
753 854 1113 915 consecutio
1155 854 1413 915 fundata
1476 862 1572 917 est
1622 856 1689 915 in
1745 856 2125 935 proprietate

565 946 732 1006 illius
769 946 968 1021 verbi,
1017 947 1358 1021 consilium,
1406 967 1580 1027 quoe,
1625 950 1870 1010 seclusa
1899 949 2127 1027 imper-

553 1038 822 1101 fectione
868 1040 1312 1119 inquisitionis»,
1361 1042 1458 1103 vel
1500 1032 1890 1122 ignorantiae,
1934 1060 2126 1123 quam

555 1132 620 1192 in
667 1134 850 1193 nobis
883 1134 1146 1195 includit
1177 1135 1278 1196 vel
1317 1136 1523 1214 potius
1553 1136 1870 1215 supponit,
1899 1154 2125 1198 secun-

557 1224 710 1285 dum
739 1227 948 1286 omnia
979 1226 1125 1301 alia,
1171 1245 1312 1308 quae
1351 1227 1434 1289 ad
1465 1228 1916 1307 perfectionem
1944 1246 2127 1309 spec-

557 1324 713 1393 tant,
755 1338 900 1379 cum
937 1320 1316 1400 proprietate
1363 1320 1772 1402 intelligenda
1817 1330 1935 1399 est,
1978 1340 2125 1385 cum

556 1412 689 1473 Deo
717 1412 1094 1486 attribuitur,
1121 1414 1300 1493 juxta
1343 1416 1631 1495 superius
1660 1415 1844 1477 dicta.
1868 1417 1948 1478 At
1974 1434 2122 1477 vero

557 1505 886 1566 consilium
914 1524 1041 1566 non
1071 1512 1165 1567 est
1195 1507 1273 1569 de
1301 1508 1451 1583 fine,
1477 1508 1590 1571 sed
1620 1508 1698 1570 de
1727 1510 1977 1582 mediis,
2002 1514 2125 1571 tes-

551 1604 613 1659 te
643 1598 996 1671 Aristotele,
1033 1600 1070 1659 3
1107 1600 1408 1675 Ethicor.,
1449 1619 1588 1682 cap.
1627 1602 1694 1676 3,
1730 1608 1794 1665 et
1819 1602 2123 1683 Gregorio

551 1692 792 1753 Nissen.
815 1737 831 1766 ,
871 1692 980 1753 lib.
1029 1695 1068 1754 5
1102 1693 1487 1773 Philosoph.,
1529 1714 1670 1775 cap.
1709 1698 1769 1757 5.
1821 1696 1898 1757 Et
1934 1696 2120 1757 ratio-

552 1802 702 1845 nem
752 1784 956 1847 reddit
991 1787 1064 1847 D.
1116 1788 1390 1849 Thomas
1434 1791 1490 1848 1.
1523 1790 1584 1861 2,
1619 1792 1840 1869 quaest.
1878 1792 1977 1861 14,
2021 1806 2121 1848 ar-

551 1876 658 1937 tic.
692 1877 753 1951 2,
793 1878 940 1957 quia
971 1880 1298 1940 consilium
1327 1885 1423 1941 est
1445 1880 1524 1942 de
1553 1882 1628 1941 iis
1657 1899 1797 1961 quae
1829 1880 2121 1961 eligenda

553 1976 722 2044 sunt,
751 1976 812 2031 et
854 1978 1320 2051 consequenter
1367 1979 1462 2034 est
1505 1974 1694 2035 etiam
1737 1973 1818 2035 de
1851 1974 1927 2035 iis
1977 1992 2117 2054 quae

551 2080 680 2123 non
737 2081 876 2125 sese
928 2064 1199 2126 offerunt
1267 2073 1335 2127 ut
1395 2067 1752 2129 necessario
1809 2067 2118 2141 amanda,

551 2174 700 2216 nam
732 2156 894 2217 eirca
935 2160 1291 2219 necessaria
1323 2178 1508 2221 nemo
1551 2160 1880 2221 consilium
1906 2160 2113 2239 capit3

553 2249 773 2310 electio
800 2255 1012 2311 autem
1065 2257 1128 2312 et
1164 2250 1584 2313 indifferentia
1615 2253 1863 2333 proprie
1913 2259 2007 2314 est
2054 2253 2119 2313 in

549 2342 775 2403 mediis
809 2362 822 2404 :
858 2343 936 2405 de
969 2344 1044 2404 iis
1067 2362 1220 2423 ergo
1251 2350 1346 2406 est
1377 2346 1629 2425 proprie
1662 2346 2014 2423 consilium.
2044 2346 2119 2407 Et

549 2442 872 2515 praeterea,
903 2438 1189 2515 quamvis
1213 2441 1384 2500 Deus
1425 2458 1492 2501 se
1520 2438 1973 2519 perfectissime
2012 2458 2119 2500 vo-

549 2529 822 2591 luntarie
853 2536 1053 2603 amet,
1095 2550 1224 2592 non
1250 2532 1491 2594 dicetur
1537 2550 1604 2593 se
1646 2551 1861 2593 amare
1889 2550 2114 2593 secun-

549 2622 704 2683 dum
735 2622 1057 2684 consilium
1098 2626 1434 2686 voluntatis
1461 2643 1614 2699 suae,
1651 2625 1765 2687 sed
1797 2626 2005 2704 potius
2037 2644 2116 2687 ex

551 2715 823 2777 naturali
871 2718 962 2795 (ut
1000 2718 1088 2780 sic
1119 2719 1347 2798 dicam)
1377 2720 1746 2781 necessitate
1777 2720 2112 2783 voluntatis

551 2827 707 2883 suae,
738 2810 886 2888 quia
915 2830 1044 2872 non
1091 2830 1158 2873 se
1203 2819 1376 2874 amat
1419 2820 1492 2873 ut
1529 2813 1830 2887 medium,
1865 2812 1979 2875 sed
2008 2832 2116 2893 po-

547 2903 672 2965 tius
715 2910 782 2963 ut
809 2904 1098 2965 ultimum
1141 2906 1476 2966 terminum
1507 2906 1604 2967 sui
1633 2907 1886 2979 amoriS,
1932 2906 1987 2967 si
2022 2913 2117 2967 ta-

545 3014 696 3057 men
723 2998 842 3058 hoc
873 2998 1062 3061 modo
1091 2999 1270 3061 nobis
1293 2998 1465 3079 loqui
1489 3000 1656 3063 licet.
1688 3002 1868 3075 Nam,
1901 3006 1971 3061 ut
1994 3000 2115 3061 hoc

549 3092 751 3154 obiter
777 3092 1120 3168 advertam,
1152 3095 1320 3158 Deus
1349 3113 1494 3156 cum
1526 3115 1592 3156 se
1623 3100 1794 3158 amat
1819 3113 2115 3156 necessa-

547 3186 663 3260 rio,
687 3204 816 3247 non
844 3205 910 3247 se
941 3194 1111 3249 amat
1139 3195 1208 3248 ut
1233 3189 1425 3249 finem
1455 3188 1704 3269 proprie
1731 3207 1804 3250 ac
1825 3187 2111 3268 positive,

555 3278 1019 3360 sednegative3
1070 3281 1239 3360 quia,
1271 3283 1432 3342 sicut
1479 3282 1646 3343 Deus
1683 3299 1814 3344 non
1845 3287 1940 3342 est
1966 3299 2003 3340 a
2048 3299 2115 3341 se

549 3373 834 3452 positive,
867 3372 981 3433 sed
1007 3374 1295 3455 negative
1343 3380 1610 3448 tantum,
1637 3379 1951 3453 quatenus
1992 3392 2118 3434 non

559 3472 651 3526 est
688 3465 770 3526 ab
815 3466 962 3540 alic,
991 3467 1078 3526 ita
1113 3485 1242 3528 non
1291 3474 1385 3530 est
1425 3473 1680 3548 propter
1717 3485 1784 3528 se
1828 3466 2115 3546 positive,

551 3559 665 3620 scd
693 3565 938 3620 tantum
991 3561 1279 3637 negative
1311 3605 1325 3632 ,
1357 3561 1504 3640 quia
1557 3579 1687 3621 non
1737 3565 1832 3622 est
1860 3565 2120 3639 propter

549 3653 721 3714 aliud
753 3672 768 3726 ;
837 3660 932 3714 est
983 3653 1149 3714 enim
1203 3653 1439 3733 sibiipsi
1495 3673 1814 3716 summum
1877 3654 2117 3714 bonum

550 3749 932 3827 simpliciter,
990 3753 1048 3809 et
1095 3747 1215 3809 hoc
1263 3747 1453 3810 modo
1505 3767 1572 3810 se
1613 3754 1782 3809 amat
1826 3765 2119 3808 necessa-

551 3841 664 3902 rio.
701 3841 1019 3912 Quatenus
1048 3859 1197 3902 vero
1237 3841 1371 3920 ejus
1416 3858 1593 3903 amor
1621 3859 1686 3902 se
1721 3839 1997 3903 extendit
2036 3839 2117 3901 ad

554 3941 893 4007 creaturas,
924 3939 1092 3994 amat
1121 3952 1186 3994 se
1217 3940 1285 3995 ut
1317 3933 1510 3996 finem
1539 3952 1782 4008 earum,
1807 3940 2118 4013 quatenus

551 4045 660 4088 cas
687 4031 854 4087 amat
889 4033 1146 4106 propter
1175 4027 1474 4106 seipsum,
1503 4028 1566 4088 in
1589 4045 1716 4106 quo
1745 4045 1959 4088 amore
1986 4027 2119 4106 jam

551 4127 846 4200 operatur
873 4119 1222 4182 seeundum
1251 4121 1581 4182 consilium
1605 4119 1939 4180 voluntatis
1960 4138 2115 4194 suae,

553 4213 698 4292 quia
735 4214 868 4294 jam
903 4219 1192 4274 versatur
1233 4214 1396 4275 circa
1439 4213 1646 4276 media
1683 4211 1750 4272 in
1789 4211 2007 4274 ordine
2037 4213 2117 4274 ad

551 4305 766 4367 finem.

634 4401 1054 4466 Processiom
1105 4401 1189 4464 ad
1221 4400 1394 4465 intra
1433 4415 1554 4462 nou
1597 4403 1745 4462 runt
1794 4399 2119 4463 secundum

553 4493 874 4556 consilium
923 4493 1257 4558 volumtatis
1308 4492 1441 4556 Dei.
1475 4525 1558 4540 -
1583 4493 1659 4553 Et
1681 4493 1816 4571 pari
1850 4493 2115 4567 ratione,

557 4586 738 4646 Pater
801 4593 1072 4648 aeternus
1119 4605 1244 4648 non
1293 4591 1554 4666 generat
1613 4585 1837 4647 Filium
1893 4605 2120 4648 secun-

554 4677 706 4738 dum
747 4678 1078 4740 consilium
1123 4679 1457 4740 voluntatis
1497 4697 1648 4752 suae,
1689 4697 1807 4740 nec
1835 4679 2019 4741 Pater
2056 4685 2119 4741 et

555 4769 744 4832 Filius
789 4771 1144 4850 producunt
1197 4772 1490 4853 Spiritum
1545 4773 1846 4834 Sanctum
1900 4790 2120 4833 secun-

555 4863 706 4924 dum
749 4864 1076 4926 consilium
1119 4865 1473 4940 voluntatis,
1509 4865 1762 4926 etiamsi
1795 4865 2117 4928 voluntate

555 4955 732 5016 illum
782 4957 1176 5036 producant,
1223 4957 1368 5036 quia
1423 4975 1630 5036 neque
1679 4957 1852 5018 illum
1903 4962 2121 5018 amant

557 5055 626 5111 ut
653 5049 952 5125 medium,
983 5071 1188 5132 neque
1219 5071 1295 5114 ex
1320 5069 1534 5113 amore
1559 5051 1910 5114 mediorum
1942 5052 2117 5113 illum

557 5143 932 5222 producunt,
962 5145 1076 5206 sed
1120 5163 1198 5205 ex
1247 5163 1460 5206 amore
1493 5144 1612 5218 sui,
1665 5144 1764 5206 vel
1795 5163 1872 5206 ex
1900 5163 2115 5206 amore

555 5238 745 5298 totius
792 5237 1147 5312 Trinitatis,
1205 5244 1514 5316 quatenus
1566 5255 1766 5300 unum
1799 5255 2117 5300 summum

555 5331 792 5392 bonum
849 5337 982 5404 est;
1029 5329 1197 5391 unde
1239 5348 1366 5391 non
1419 5329 1636 5404 libere,
1697 5329 1810 5392 sed
1845 5331 2119 5392 naturali

558 5426 925 5486 necessitate
953 5423 1328 5504 producunt.
1357 5423 1576 5502 Neque.
1627 5430 1957 5503 propterea
2005 5424 2118 5486 ali-

557 5517 708 5596 quid
751 5517 1094 5598 excipimus
1137 5535 1174 5578 a
1217 5515 1498 5597 generali
1532 5515 1846 5579 locutione
1885 5517 2057 5579 Pauli
2096 5535 2111 5578 :

1067 372 1280 433 OPUSC.
1317 376 1401 435 15¹.
1437 374 1743 437 sanctio
1775 374 1856 435 DE
1887 376 2239 437 manure
2274 376 2663 436 votumxrls
2694 376 2943 436 mvmAE.
2980 374 3217 435 msru‘r.
3252 378 3289 434 l.

2214 482 2334 556 Qui
2370 488 2655 564 operatur
2698 482 2919 557 omnia,
2966 488 3113 554 etc„
3156 499 3303 541 nam
3340 482 3749 545 emanationes

2208 574 2433 636 divina»,
2466 574 2547 638 ad
2596 576 2782 648 intra,
2806 576 2983 655 juxta
3014 576 3329 637 sincerum
3360 578 3429 637 et
3458 576 3749 654 proprium

2206 666 2507 747 loquendi
2555 669 2817 730 modum
2862 669 3193 748 Scripturae
3232 674 3297 729 et
3338 668 3619 739 Pati-um,
3644 689 3751 729 non

2210 767 2655 843 computantur
2710 764 2872 824 inter
2912 781 3105 844 opera
3144 762 3299 835 Dei;
3351 760 3511 841 quia
3564 780 3749 825 revera

2210 857 2607 936 operationes
2644 875 2771 917 non
2804 862 2969 927 sunt,
2998 856 3125 918 imo
3162 873 3379 935 neque
3408 854 3677 915 actiones
3702 858 3749 917 in

2206 954 2337 1010 toto
2374 950 2561 1011 etiam
2592 948 3021 1029 metaphysico
3060 950 3306 1029 rigore;
3342 946 3497 1027 quia
3544 948 3747 1010 nullam

2206 1041 2536 1123 includunt
2582 1061 2797 1104 veram
2827 1042 3343 1121 dependentiam,
3387 1058 3535 1119 quae
3562 1046 3649 1101 est
3686 1041 3747 1102 de

2204 1135 2445 1197 ratione
2476 1135 2739 1197 actionis
2778 1142 2839 1197 et
2882 1136 3265 1215 operationis
3294 1134 3602 1215 propriae;
3630 1142 3747 1195 sunt

2204 1246 2357 1308 ergo
2402 1229 2718 1309 simplices
2766 1230 3221 1305 emanationes,
3277 1247 3394 1289 scu
3434 1230 3745 1307 processio-

2204 1340 2320 1383 nes
2354 1322 2595 1385 altioris
2622 1322 2889 1395 ordinis;
2922 1323 3289 1385 voluntariae
3332 1320 3617 1402 quidem,
3645 1340 3743 1384 non

2206 1420 2417 1477 tamen
2456 1416 2697 1493 liberae,
2749 1422 2811 1479 et
2854 1416 2995 1479 ideo
3026 1436 3156 1479 non
3206 1436 3285 1479 ex
3340 1415 3627 1489 consilio,
3656 1418 3743 1478 sed

2206 1506 2297 1585 (ut
2324 1510 2413 1570 sic
2441 1509 2671 1589 dicam)
2702 1528 2781 1571 ex
2808 1508 3219 1571 foecunditate
3256 1508 3493 1570 divina»,
3520 1514 3741 1583 naturae,

2204 1600 2466 1681 ejusque
2502 1602 2857 1665 intellectus
2890 1620 2963 1663 ac
2996 1602 3337 1664 voluntatis
3368 1601 3677 1681 profeetae.

2324 1834 2573 1901 Amatne
2608 1839 2773 1902 Deus
2813 1836 3050 1920 aliquid
3086 1855 3291 1901 amoro
3330 1837 3642 1901 amicitiai.

2286 2063 2385 2123 16.
2424 2064 2774 2124 Occurrunt
2824 2068 3041 2124 autem
3082 2062 3207 2125 hoc
3250 2060 3395 2124 loco
3448 2062 3589 2123 duae
3632 2062 3739 2124 aliae

2201 2155 2596 2217 difficultates
2660 2176 2883 2237 graves
2940 2156 3105 2217 eirca
3158 2156 3569 2218 corollarium
3616 2158 3735 2231 hoc,

2202 2266 2469 2327 quarum
2514 2250 2963 2311 resolutionem
3010 2250 3379 2310 brevissime
3414 2248 3735 2310 insinuabo.

2203 2343 2405 2404 Prima
2442 2348 2567 2415 est,
2625 2343 2773 2423 quia
2824 2362 2901 2403 ex
2944 2343 3109 2403 dicta
3152 2342 3440 2403 illatione
3496 2344 3736 2423 sequitur

2198 2435 2400 2497 Deum
2428 2436 2667 2497 nullam
2698 2442 3049 2497 creaturam
3074 2455 3291 2496 amare
3320 2437 3579 2515 proprio
3598 2456 3735 2497 amo-

2196 2547 2265 2589 re
2296 2528 2605 2602 amieitioe‚
2652 2548 2765 2590 seu
2812 2529 3001 2590 etiam
3040 2528 3549 2601 benevolentiae;
3596 2531 3731 2607 quod

2197 2620 2654 2683 admittendum
2684 2622 2857 2682 nullo
2894 2622 3081 2683 modo
3114 2628 3231 2699 est,
3274 2640 3431 2682 nam
3462 2630 3730 2703 repugnat

2193 2714 2418 2776 rationi
2456 2716 2797 2788 charitatis,
2832 2734 3023 2795 quam
3064 2716 3235 2777 Deus
3264 2716 3348 2777 ad
3392 2734 3609 2777 omnes
3642 2718 3727 2776 ha-

2193 2809 2344 2869 bere
2416 2808 2661 2871 dicitur.
2730 2810 3067 2889 Repugnat
3129 2810 3319 2870 etiam
3382 2808 3513 2869 illis
3560 2808 3729 2869 verbis

2194 2902 2417 2964 Christi
2451 2921 2466 2963 ε
2494 2904 2641 2966 Jam
2668 2921 2787 2965 non
2812 2904 3009 2967 dicam
3042 2920 3146 2966 vos
3191 2920 3427 2978 servos,
3478 2903 3583 2965 sed
3608 2902 3729 2964 ami-

2197 3014 2313 3060 cos.
2348 3000 2677 3077 Repugnat
2718 2998 2907 3058 etiam
2942 2998 3288 3057 innumeris
3314 2997 3639 3076 Scripturae
3660 2996 3733 3055 lo·
3799 3010 3800 3073 ᾗ

2198 3090 2307 3165 eiS,
2342 3090 2403 3150 in
2444 3090 2671 3170 quibus
2716 3090 2817 3152 hic
2869 3090 2987 3152 Dei
3040 3108 3219 3150 amor
3276 3108 3431 3171 erga
3484 3090 3729 3150 homines
3799 3076 3800 3086 ¹

2195 3183 2425 3244 mirum
2454 3183 2519 3244 in
2546 3182 2803 3245 modum
2838 3189 3275 3263 exaggeratur.
3307 3183 3581 3262 Sequela
3614 3202 3731 3243 vero

2196 3276 2519 3361 probatur,
2552 3277 2699 3356 quia
2721 3277 2801 3338 de
2830 3277 3074 3338 ratione
3104 3277 3337 3338 amoris
3357 3277 3638 3337 amicitia}
3660 3283 3731 3336 est

2198 3365 2357 3429 velle
2394 3369 2633 3430 bonum
2662 3370 2840 3430 alteri
2878 3375 3135 3450 propter
3184 3369 3497 3448 seipsum,
3530 3377 3585 3430 et
3618 3370 3731 3429 ideo

2198 3468 2510 3542 repugnat
2550 3481 2831 3523 amorem
2870 3462 3081 3539 medii,
3120 3467 3192 3521 ut
3245 3461 3357 3537 sic,
3408 3482 3551 3525 esse
3596 3481 3731 3522 amo-
3797 3480 3798 3495 ¹

2197 3573 2334 3614 rem
2362 3555 2685 3628 amicitiae;
2723 3573 2869 3616 nam
2903 3555 2971 3615 id
3001 3555 3173 3634 quod
3200 3562 3294 3617 est
3324 3556 3605 3618 medium
3630 3573 3727 3614 non

2199 3654 2450 3709 amatur
2478 3653 2735 3728 propter
2760 3666 2850 3722 se,
2896 3648 3007 3709 sed
3046 3653 3303 3729 propter
3330 3648 3565 3722 finem;
3594 3646 3731 3726 quod

2200 3741 2249 3801 si
2280 3739 2533 3820 aliquod
2560 3741 2799 3802 bonum
2854 3748 3100 3802 amatur
3137 3741 3347 3804 medio
3376 3749 3451 3804 ut
3494 3742 3727 3803 medium

2200 3840 2317 3906 est,
2360 3853 2488 3896 non
2540 3840 2669 3896 tam
2712 3840 2962 3897 amatur
2988 3833 3099 3908 illi,
3142 3852 3331 3912 quam
3375 3835 3490 3896 fini
3520 3842 3729 3916 propter
3795 3827 3796 3903 ᾗ

2204 3945 2394 4008 quem
2424 3933 2625 3990 totum
2666 3933 2931 3989 amatur.
2980 3927 3159 3991 Unde
3191 3930 3264 3989 D.
3308 3931 3582 3990 Thomas
3612 3933 3654 3988 l.
3678 3929 3721 4000 Ξ,

2202 4023 2419 4102 quaest.
2462 4023 2565 4094 26,
2600 4022 2777 4082 artic.
2820 4023 2883 4096 4,
2926 4017 3240 4101 duplicem
3291 4031 3639 4102 respectum
3676 4021 3723 4080 in

2200 4133 2415 4176 amore
2450 4114 2795 4194 distinguit,
2838 4116 2985 4196 quia
3012 4134 3128 4195 per
3164 4135 3447 4178 amorem
3480 4116 3721 4177 volumus

2197 4209 2435 4271 bonum
2480 4209 2663 4270 alicui
2703 4227 2715 4268 :
2748 4227 2897 4270 nam
2928 4227 3141 4270 amare
3186 4215 3282 4271 est
3320 4210 3485 4271 velle
3530 4210 3721 4270 bonum

2200 4309 2432 4377 amato,
2450 4307 2521 4364 ut
2544 4302 2695 4363 dixit
2710 4301 3096 4376 Aristoteles,
3124 4303 3166 4362 2
3190 4303 3477 4377 aneton,
3510 4321 3633 4381 cap.
3660 4301 3717 4371 ἐς

2198 4403 2491 4476 respectu
2546 4413 2700 4476 ergo
2760 4395 2907 4456 boni
2964 4395 3137 4476 quod
3192 4402 3443 4458 amatur
3464 4442 3481 4470 ,
3540 4396 3725 4455 dicitur

2200 4509 2379 4553 amor
2408 4489 2959 4569 concupiscentiam
2994 4497 3281 4570 respectu
3314 4509 3469 4552 vero
3498 4490 3620 4569 ejus
3646 4487 3721 4548 cui

2200 4591 2469 4658 amatur,
2512 4583 2739 4645 dicitur
2778 4600 2956 4643 amor
2990 4582 3307 4654 amicitiae3
3342 4601 3495 4664 ergo
3522 4581 3722 4662 quoties

2198 4679 2439 4740 bonum
2468 4675 2724 4756 aliquod
2750 4681 2997 4736 amatur
3024 4675 3226 4747 alteri,
3246 4695 3375 4736 non
3390 4681 3589 4756 potest
3614 4691 3721 4736 esse
3791 4701 3792 4717 ³

2201 4789 2379 4832 amor
2420 4770 2705 4831 amicitiae
2745 4789 2761 4842 ;
2804 4787 2947 4830 cum
2986 4787 3136 4849 ergo
3186 4769 3471 4830 medium
3520 4771 3722 4830 ametur

2199 4863 2332 4938 fini,
2364 4881 2692 4942 nunquam
2726 4869 2973 4924 amatur
3010 4881 3087 4922 ex
3124 4861 3435 4936 amicitia,
3476 4863 3594 4922 imo
3640 4877 3719 4919 ne

2198 4975 2321 5037 quc
2366 4975 2442 5018 ex
2492 4954 2951 5030 benevolentia,
2990 4955 3045 5016 si
3083 4955 3335 5036 proprie
3382 4953 3715 5034 loquamur;
3789 5025 3790 5028 Ἴ

2198 5067 2350 5110 nam
2398 5067 2575 5110 amor
2630 5047 3081 5110 benevolentiae
3122 5048 3242 5108 hoc
3298 5046 3505 5109 solum
3556 5045 3719 5108 differt
3788 5055 3790 5125 1

2200 5145 2282 5205 ab
2312 5161 2527 5205 amore
2548 5142 2857 5218 amicitiae,
2876 5140 3047 5221 quod
3072 5141 3173 5202 hic
3199 5141 3462 5204 includit
3480 5159 3585 5202 seu
3606 5155 3719 5199 con-

2198 5245 2375 5300 notat
2402 5241 2691 5298 mutuum
2712 5254 2989 5297 amorem
3012 5237 3077 5296 in
3098 5236 3319 5311 altero,
3340 5253 3456 5296 seu
3478 5234 3719 5296 redama·
3786 5279 3788 5282 Α

2198 5334 2458 5406 tionem,
2493 5338 2561 5393 ut
2594 5332 2803 5402 aiunt;
2843 5349 3020 5391 amor
3054 5335 3263 5391 autem
3308 5324 3715 5391 benevolentis

2202 5425 2447 5500 dicitur,
2477 5443 2621 5486 cum
2663 5424 2840 5486 alteri
2886 5423 3177 5484 volumus
3226 5423 3468 5484 bonum
3510 5425 3717 5501 propter

2198 5519 2503 5599 seipsum,
2534 5517 2663 5579 sive
2712 5517 2791 5578 ab
2832 5516 2953 5576 alio
2983 5515 3249 5578 vicissim
3278 5533 3581 5586 amemur,
3614 5511 3711 5572 sive
