3850 6225
530 378 649 440 430

858 581 1095 656 Quintae
1132 584 1447 664 objectioni
1466 588 1545 666 fit
1583 589 1764 652 satis.

611 771 709 831 16.
754 771 845 833 De
882 770 1049 832 modo
1087 769 1507 851 per-missionis
1536 772 1775 853 peccati
1811 791 2097 855 quorum-

532 865 671 925 dam
712 864 1032 926 sententia.
1087 894 1170 909 --
1222 865 1293 924 In
1336 881 1461 942 qua
1499 865 1848 944 objectione
1898 867 2095 928 multa

530 956 949 1029 involvuntur,
981 975 1119 1036 quae
1148 957 1517 1037 explicanda
1546 965 1711 1032 sunt,
1743 968 1804 1022 et
1824 961 2096 1040 singula·

531 1049 643 1110 tim
663 1050 1073 1129 expedienda.
1105 1051 1329 1112 Dicunt
1356 1069 1507 1132 ergo
1534 1053 1747 1132 aliqui,
1768 1055 1978 1134 quoad
2001 1056 2098 1114 in-

529 1143 855 1204 fallibilem
890 1145 1421 1220 consecutionem,
1447 1151 1578 1206 tam
1610 1149 1967 1210 necessario
1996 1167 2096 1209 se-

530 1237 637 1317 qui
667 1241 995 1316 peccatum
1034 1255 1173 1298 esse
1200 1237 1503 1313 futurum,
1534 1241 1585 1300 si
1624 1242 1792 1302 Deus
1818 1241 2096 1302 decrevit

530 1349 765 1410 negare
816 1329 1113 1390 auxilium
1156 1331 1375 1393 efficax
1422 1331 1503 1394 ad
1548 1334 1872 1394 vitandum
1913 1335 2089 1407 illud,

530 1425 690 1484 sicut
740 1425 1042 1502 sequitur,
1072 1424 1272 1503 posita
1320 1425 1457 1505 ejus
1508 1427 1940 1507 praefinitione,
1979 1447 2092 1491 seu

527 1519 1203 1598 praedeterminatione.
1238 1520 1516 1598 Cumque
1545 1521 1610 1583 hi
1651 1529 1939 1584 auctores
1979 1542 2094 1602 po-

529 1615 682 1672 nant
710 1611 1189 1690 permissionem
1214 1615 1453 1691 peccati
1492 1614 1557 1674 in
1595 1616 1930 1694 negatione
1974 1617 2094 1676 hu-

524 1705 804 1784 jusmodi
838 1705 1047 1766 auxilii
1079 1705 1371 1779 efficaciS,
1402 1708 1547 1768 hinc
1578 1709 1982 1784 concludunt,
2015 1727 2092 1770 ex

528 1799 845 1860 voluntate
888 1798 1285 1876 permittendi
1319 1805 1672 1879 peccatum,
1711 1802 1869 1862 illud
1912 1801 2089 1882 sequi

528 1892 953 1966 infallibiliter,
992 1910 1119 1952 non
1160 1893 1401 1954 ratione
1441 1895 1844 1973 praescientiae
1876 1895 2094 1956 condi-

527 1986 803 2060 tionatae,
858 2003 1049 2065 quam
1103 1985 1167 2046 hi
1220 1991 1529 2062 auctores„
1560 1988 1660 2049 vel
1704 2007 1833 2050 non
1867 2007 2092 2069 agnos-

530 2086 701 2152 cunt,
730 2079 830 2140 vel
872 2080 1035 2141 illius
1085 2080 1472 2141 mentionem
1510 2100 1637 2143 non
1670 2081 1927 2155 faciunt,
1979 2082 2092 2142 sed

529 2191 605 2233 ex
632 2173 693 2233 vi
728 2172 870 2233 talis
908 2172 1245 2234 voluntatis
1273 2173 1676 2252 permissivae.
1714 2176 1847 2236 Imo
1891 2175 2090 2249 aiunt,

526 2267 591 2327 in
612 2268 732 2328 hac
760 2267 1079 2328 voluntate
1104 2265 1375 2346 negandi
1401 2269 1619 2329 efficax
1648 2269 1978 2342 auxilium,
2003 2269 2094 2329 in-

524 2360 859 2422 fallibiliter
884 2361 1174 2440 cognosci
1204 2367 1479 2424 creatam
1513 2363 1899 2424 voluntatem
1949 2380 2086 2424 esse

526 2455 865 2534 lapsuram.
912 2453 1089 2526 Quod
1142 2455 1193 2514 si
1246 2455 1592 2536 interroges
1640 2456 1961 2534 quodnam
2011 2454 2090 2517 sit

525 2549 678 2611 illud
706 2547 1007 2608 auxilium
1037 2548 1277 2622 efficax,
1312 2567 1387 2610 ex
1420 2549 1598 2628 cujus
1626 2549 1961 2628 negatione
1991 2568 2090 2610 se—

524 2643 734 2722 quitur
753 2639 1153 2702 infallibiliter
1171 2647 1519 2720 peccatum,
1538 2642 1923 2720 respondent
1949 2661 2086 2704 esse

524 2735 842 2798 efficacem
870 2733 980 2794 Dei
1022 2735 1387 2808 motionem,
1419 2754 1545 2814 qua
1586 2738 1756 2796 Deus
1809 2743 2088 2798 creatam

521 2830 904 2890 voluntatem
932 2827 1442 2905 praedeterminat
1456 2829 1789 2891 efficaciter
1816 2829 1895 2890 ad
1922 2830 2086 2890 bene

524 2921 917 3001 operandum
954 2920 1020 2980 in
1065 2921 1329 2982 materia
1365 2922 1643 2994 virtutis3
1699 2941 1891 3002 quam
1941 2941 2085 2984 cum

522 3020 690 3080 Deus
719 3021 931 3095 negat,
976 3015 1263 3076 voluntas
1294 3023 1501 3077 creata
1546 3017 1948 3078 infallibiliter
1974 3017 2086 3078 de-

522 3109 653 3171 ficit
693 3116 753 3171 et
800 3115 1035 3189 peccat.
1088 3111 1236 3171 Haec
1283 3128 1433 3171 vero
1486 3109 1765 3177 doctrina
1799 3129 1916 3172 nec
1969 3111 2084 3172 sibi

525 3208 820 3265 constans
862 3220 979 3264 nec
1017 3203 1259 3264 veritati
1289 3222 1567 3265 consona
1604 3203 1849 3265 videtur
1880 3206 2088 3283 (Ban-

526 3316 663 3371 nez,
709 3300 735 3357 1
789 3302 977 3375 part„
1007 3302 1227 3374 quaest.
1264 3300 1362 3369 14,
1397 3304 1511 3358 art.
1560 3300 1619 3370 5,
1666 3298 1814 3358 dub.
1861 3303 1917 3371 1,
1974 3316 2088 3378 per

524 3396 745 3463 totum,
777 3390 1119 3469 praesertim
1150 3394 1311 3469 post.
1352 3392 1392 3451 4
1428 3409 1633 3463 coac„
1672 3409 1804 3471 arg.
1843 3395 1903 3465 2,
1939 3410 2084 3453 cum

532 3483 887 3562 solutione).

603 3578 701 3637 17.
744 3576 1060 3657 Proedicta
1098 3579 1399 3641 sententia
1437 3578 1837 3660 improbatur.
1860 3610 1944 3625 ——
1974 3574 2088 3643 Oc-

524 3672 802 3735 curritur
852 3670 1249 3753 responsioni.
1294 3702 1374 3719 —-
1428 3672 1605 3744 Quod
1656 3674 1743 3735 sic
1796 3673 2083 3747 ostendo,

472 3769 481 3780 “
523 3782 673 3824 nam
720 3764 817 3825 vel
864 3764 931 3825 hi
978 3774 1264 3827 auctores
1294 3765 1377 3827 ad
1410 3766 1805 3827 efficiendum
1850 3767 2088 3827 bonum

525 3866 735 3919 actum
765 3858 1057 3931 liberum,
1096 3864 1158 3920 et
1196 3859 1523 3931 moralem,
1554 3866 1617 3921 et
1646 3860 1881 3923 ordinis
1910 3865 2088 3919 natu-

532 3950 702 4022 νεῶς-3,
752 3952 1083 4030 requirunt
1122 3952 1835 4031 praedeterminationem
1878 3953 2088 4013 effica-

522 4062 660 4105 cem
680 4047 791 4105 Dei
822 4046 965 4122 (vel,
998 4052 1068 4107 ut
1088 4046 1189 4106 alii
1215 4046 1578 4125 loquuntur,
1611 4046 1986 4126 physicam),
2011 4064 2090 4107 ex

520 4138 1139 4291 viffrdinationis
1162 4139 1496 4201 voluntatis
1520 4146 1769 4213 nostra,
1803 4143 1870 4200 ut
1897 4157 2088 4200 causa

516 4248 585 4293 se
714 4230 796 4290 da
832 4238 949 4306 est,
988 4233 1069 4293 ad
1114 4232 1333 4305 Deum,
1374 4238 1443 4295 ut
1484 4250 1740 4293 causam
1780 4232 2078 4311 primam;

519 4323 619 4385 vel
644 4341 722 4384 ex
750 4324 959 4403 aliquo
995 4325 1249 4404 speciali
1280 4325 1458 4386 titulo
1494 4330 1555 4385 et
1584 4325 1835 4386 motivo·
1866 4326 1931 4387 Si
1957 4324 2084 4405 pri-

518 4434 691 4477 mum
741 4416 971 4492 dicant,
1004 4436 1260 4481 necesse
1292 4425 1387 4481 est
1426 4417 1741 4479 fateantur
1792 4419 2080 4479 eamdem

516 4510 1233 4591 praedeterminationem
1286 4511 1519 4591 requiri
1572 4512 1656 4573 ad
1716 4511 2080 4573 efficiendos

518 4609 696 4664 actus
726 4603 956 4676 malos;
988 4604 1105 4665 nisi
1148 4605 1360 4667 dicant
1384 4605 1784 4667 voluntatem·
1796 4611 2076 4665 nostram

520 4695 767 4757 efficere
796 4696 997 4757 malos
1034 4702 1211 4758 actus
1244 4698 1379 4759 sine
1410 4698 1830 4778 dependentia
1852 4704 1911 4759 et
1938 4698 2080 4759 sub-

514 4788 905 4851 ordinatione
950 4789 1033 4851 ad
1078 4791 1282 4851 Deum
1307 4835 1324 4865 ,
1370 4798 1441 4853 ut
1480 4810 1739 4853 causam
1774 4792 2074 4870 primam3

515 4882 685 4962 quod
708 4901 837 4943 non
867 4882 1098 4957 dicent,
1131 4904 1275 4947 cum
1306 4904 1641 4951 erroneum
1676 4887 1788 4959 sit;
1822 4904 1973 4965 ergo
2004 4904 2084 4946 ex

518 4975 651 5037 sola
688 4976 1007 5038 voluntate
1052 4996 1177 5057 qua
1202 4980 1369 5040 Deus
1400 4979 1675 5040 decrevit
1715 4997 1843 5039 non
1872 4978 2078 5039 deter-

512 5070 753 5131 minare
773 5070 1159 5133 voluntatem
1184 5073 1453 5135 hominis
1475 5071 1557 5133 ad
1576 5077 1787 5133 actum
1815 5071 2076 5146 bonum,

512 5180 641 5223 non
682 5169 888 5242 potest
922 5164 1324 5227 infallibiliter
1358 5166 1561 5243 sequi,
1594 5164 1763 5245 quod
1790 5165 2080 5227 voluntas

504 5256 791 5318 humana
838 5258 1357 5321 determinabitur
1402 5260 1484 5321 ad
1530 5265 1739 5321 actum
1795 5258 2074 5332 malum;

512 5350 663 5429 quia
692 5351 994 5413 existente
1024 5352 1127 5413 illa
1156 5352 1513 5433 negatione,
1544 5371 1673 5413 non
1701 5357 1905 5431 potest
1943 5352 2078 5431 ipsa

511 5444 599 5505 sic
628 5442 1031 5506 determinari
1059 5445 1139 5507 ad
1168 5452 1379 5509 actum
1404 5446 1665 5519 malum,
1692 5444 1809 5505 nisi
1836 5444 2078 5524 praede·

508 5536 879 5601 terminetur
913 5557 926 5598 :
965 5543 1173 5621 potest
1220 5545 1431 5603 autem
1474 5558 1604 5601 non
1649 5538 2079 5619 praedetermi-

1086 387 1296 440 OPUSC.
1332 389 1372 452 1,
1410 391 1524 444 LlB.
1562 391 1621 445 11.
1657 393 1739 445 DE
1770 390 2092 446 coNcURsU
2125 393 2228 446 nm
2261 395 2344 446 An
2377 393 2578 447 Ac'rus
2609 393 2856 447 oamms
2887 392 3176 446 NATURAE.

2175 495 2312 556 nari
2331 495 2415 556 ad
2441 495 2680 558 malum
2701 541 2718 568 ,
2741 494 2983 555 etiamsi
3007 511 3138 554 non
3165 491 3696 572 praedeterminctur

2175 587 2258 648 ad
2285 587 2556 661 bonum;
2592 588 2738 665 quia
2767 592 3104 665 utrumque
3136 585 3266 646 Deo
3309 584 3568 647 liberum
3605 597 3694 652 est.

2178 679 2356 752 Quod
2393 682 2442 741 si
2483 683 2644 742 farte
2676 681 2908 754 dicant,
2947 679 3094 740 licet
3135 679 3214 741 de
3249 681 3524 760 potentia
3555 682 3698 744 abso·

2175 773 2308 834 luta
2335 774 2454 836 hoc
2479 775 2556 836 sit
2586 774 2901 855 possibile,
2927 779 3140 834 tamen
3161 791 3236 834 ex
3255 775 3567 834 communi
3587 776 3698 856 lege

2175 867 2578 946 providentiae
2607 887 2736 929 non
2759 868 2846 928 ita
2864 867 3134 944 relinqui
3157 866 3504 928 humanam
3521 869 3698 929 volun-

2174 966 2368 1022 tatem
2421 979 2826 1041 suspensam;
2882 961 2994 1022 sed
3049 961 3168 1020 hoc
3211 960 3348 1039 ipso
3399 961 3560 1040 quod
3601 981 3698 1024 non

2176 1055 2764 1134 praedeterminatur
2796 1054 2878 1116 ad
2904 1054 3176 1125 bonum,
3206 1053 3700 1133 praedeterminan'

2175 1149 2258 1209 ad
2296 1149 2556 1222 malum,
2589 1148 2642 1210 si
2669 1149 2756 1210 ita
2785 1148 3112 1227 (inquam)
3137 1145 3578 1226 respondeant,
3601 1167 3700 1208 non

2175 1241 2488 1302 occultent
2533 1242 2930 1313 sententiam,
2965 1239 3080 1300 sed
3119 1239 3330 1301 dicant
3375 1245 3582 1320 aperte
3625 1261 3702 1302 co·

2174 1335 2390 1416 gnosci
2445 1341 2772 1414 peccatum
2818 1333 3098 1394 futurum
3149 1333 3215 1394 in
3265 1351 3344 1394 ea
3385 1334 3700 1407 voluntate,

2175 1445 2300 1506 qua
2339 1429 2506 1489 Deus
2547 1427 2742 1489 voluit
2774 1427 3325 1507 praedeterminare
3354 1426 3700 1487 voluntatem
3790 1439 3792 1444 ’

2173 1521 2442 1583 hominis
2473 1520 2554 1584 ad
2581 1526 2790 1583 actum
2821 1521 3080 1595 malum,
3111 1520 3334 1581 saltem
3382 1538 3499 1599 pro
3547 1527 3703 1582 mate-

2171 1615 2334 1688 riali,
2389 1622 2450 1676 et
2497 1616 2562 1675 in
2609 1614 2920 1676 materiali
2976 1613 3064 1674 sic
3103 1613 3313 1674 futuro
3355 1630 3438 1674 ex
3485 1613 3542 1673 vi
3593 1615 3702 1674 talis

2173 1707 2838 1788 praedetermmationis
2869 1708 3161 1788 cognosci
3203 1707 3492 1768 formale.
3541 1707 3704 1777 Quam
3790 1703 3792 1706 ’

2171 1820 2320 1864 vero
2355 1802 2476 1864 hoc
2501 1801 2729 1862 falsum
2757 1802 2856 1876 sit,
2901 1801 3052 1862 satis
3088 1806 3334 1862 constat
3359 1820 3444 1862 ex
3473 1799 3634 1860 dictis
3657 1803 3702 1862 in

2173 1895 2618 1976 superioribus,
2667 1895 2843 1958 Unde
2894 1895 3100 1956 Sancti
3154 1895 3368 1956 Patres
3415 1912 3702 1972 nunquam

2172 1989 2390 2052 dicunt
2449 1994 2776 2069 peccatum
2829 1988 3108 2049 futurum
3167 1989 3342 2066 prius
3391 1987 3612 2048 cadere
3655 1989 3702 2047 in

2173 2084 2558 2145 voluntatem
2597 2083 2734 2156 Dei,
2766 2101 2957 2162 quam
3003 2083 3066 2143 in
3109 2082 3588 2162 praescientiam,
3621 2083 3704 2142 sed

2173 2178 2378 2257 potius
2411 2196 2444 2238 e
2477 2195 2802 2249 cumeram,
2837 2183 2908 2238 ut
2938 2180 3113 2256 patet
3139 2193 3216 2236 ex
3242 2175 3610 2254 Augustino,
3643 2175 3702 2234 de

2174 2269 2532 2355 Praedestin.
2589 2277 2652 2331 et
2695 2275 2880 2350 grat„
2935 2269 3120 2348 capit.
3153 2270 3215 2342 6,
3249 2275 3312 2329 et
3353 2273 3534 2329 tract.
3569 2271 3636 2328 53
3659 2270 3705 2326 in

2170 2363 2504 2436 Joannem,
2537 2369 2602 2423 et
2637 2381 2714 2422 ex
2757 2362 2893 2423 aliis
2933 2379 3120 2440 supra
3165 2361 3478 2422 adductis,
3507 2361 3706 2422 Deinde

2170 2475 2299 2518 non
2342 2462 2437 2517 est
2475 2475 2587 2516 cur
2640 2457 2704 2516 hi
2745 2461 3034 2516 auctores
3081 2455 3146 2516 in
3191 2455 3312 2516 hoc
3359 2455 3708 2516 constituant

2171 2549 2585 2612 differentiam
2615 2549 2778 2610 inter
2808 2554 3016 2610 actum
3062 2548 3300 2609 honum
3346 2554 3410 2609 et
3465 2548 3703 2619 malum;

2171 2643 2304 2716 sed,
2333 2643 2470 2722 pari
2487 2643 2754 2714 ratione,
2783 2643 2992 2704 dicere
3019 2641 3250 2702 debent
3280 2642 3490 2702 Deum
3513 2659 3708 2720 cogno-

2171 2754 2346 2796 scere
2374 2741 2585 2797 actum
2615 2735 2854 2796 bonum
2894 2735 3198 2808 futurum,
3241 2737 3362 2795 hoc
3391 2735 3532 2814 ipso
3569 2734 3709 2812 quod

2169 2830 2382 2891 statuit
2395 2847 2522 2890 non
2545 2829 2982 2908 proedetermin
2989 2845 3097 2888 are
3111 2829 3506 2888 voluntatem
3519 2829 3710 2886 huma-

2165 2942 2313 2986 nam
2345 2921 2424 2982 ad
2457 2925 2668 2982 actum
2708 2922 2981 2994 malum;
3015 2922 3164 3001 quia
3203 2922 3296 2982 ex'
3319 2922 3635 2982 communi
3663 2927 3708 2982 et

2166 3016 2370 3077 stabili
2394 3016 2535 3096 lege
2573 3015 2976 3094 providentias
3001 3015 3188 3076 etiam
3217 3021 3547 3094 sequetur,
3579 3033 3711 3094 prae-

2165 3109 2725 3171 determinaturum
2765 3107 2938 3169 illam
2989 3108 3072 3171 ad
3100 3109 3363 3181 bonum,
3411 3108 3562 3187 quia
3607 3128 3712 3169 non

2166 3203 2476 3281 relinquet
2502 3202 2674 3263 illam
2711 3220 3106 3281 suspensam.

2253 3294 2408 3369 Quot
2456 3296 2718 3359 absurda
2758 3296 3041 3358 oriantur
3093 3314 3170 3359 em
3214 3298 3526 3361 sententia
3576 3313 3712 3357 asse—

2163 3395 2330 3453 rente
2357 3388 3038 3472 proedecerminationem
3066 3390 3393 3471 physicam
3443 3391 3532 3453 ad
3561 3390 3712 3451 bonos

2165 3490 2361 3559 actus,
2405 3484 2487 3545 ad
2517 3482 2711 3545 malos
2747 3488 3024 3565 myante.
3049 3514 3132 3527 —
3155 3483 3219 3543 Si
3273 3488 3493 3543 autem
3531 3482 3712 3541 dicant

2165 3574 2882 3655 proedeterminationem
2921 3574 3247 3653 physicam
3275 3576 3512 3655 requiri
3537 3576 3616 3635 ad
3633 3594 3714 3634 ac·

2169 3676 2268 3731 tus
2303 3671 2525 3743 honoS,
2561 3675 2625 3731 et
2651 3686 2778 3729 non
2815 3668 2896 3729 ad
2933 3669 3157 3742 malm,
3199 3669 3472 3749 ideoque
3503 3688 3628 3731 non
3653 3686 3714 3729 ex

2169 3764 2446 3844 generali
2475 3762 2795 3823 influentia
2824 3762 3042 3841 primae
3073 3781 3279 3825 causae
3323 3782 3466 3825 esse
3519 3781 3717 3823 neces-

2168 3858 2432 3930 sariam,
2475 3860 2824 3935 sequuntur
2875 3854 2996 3915 alia
3039 3855 3314 3917 absurda
3363 3875 3442 3917 ex
3485 3856 3716 3916 illorum

2169 3951 2498 4012 sententia.
2547 3950 2847 4021 Primum,
2879 3949 3051 4027 quod
3087 3950 3398 4029 explicare
3427 3970 3562 4011 non
3593 3968 3720 4029 pos-

2171 4048 2318 4105 sunt
2360 4044 2510 4123 quid
2547 4044 2626 4104 sit
2663 4042 2838 4115 illud,
2871 4048 3126 4121 propter
3158 4043 3329 4121 quod
3357 4043 3463 4104 illa
3497 4043 3718 4123 praede-

2169 4136 2522 4199 terminatio
2577 4141 2671 4197 est
2714 4136 2780 4196 in
2817 4136 3045 4197 talibus
3089 4137 3332 4224 actibus
3379 4138 3718 4217 specialiter

2167 4232 2554 4305 necessaria;
2600 4230 2843 4310 agimus
2879 4231 3047 4291 enim
3085 4230 3166 4293 de
3211 4233 3455 4293 actibus
3483 4231 3718 4293 morali-

2167 4326 2286 4388 bus
2313 4324 2798 4406 proportionatis
2825 4332 3090 4399 naturae,
3133 4344 3284 4386 nam
3311 4326 3376 4387 hi
3415 4328 3720 4387 sufficiunt

2159 4419 2534 4499 regulariter
2571 4418 2653 4479 ad
2701 4418 3024 4480 vitandum
3065 4425 3398 4497 peccatum
3443 4417 3718 4479 commis-

2162 4511 2392 4584 sionis;
2427 4518 2490 4573 at
2526 4530 2675 4573 vero
2720 4511 2854 4573 sola
2883 4512 3140 4573 moralis
3179 4511 3428 4574 bonitas
3475 4530 3606 4571 non
3635 4515 3720 4571 est

2161 4605 2475 4666 sufficiens
2522 4604 2680 4667 ratio
2731 4604 2922 4684 hujus
2980 4605 3372 4667 necessitatis
3393 4651 3413 4680 ,
3461 4624 3612 4665 cum
3653 4604 3720 4661 sit

2159 4699 2630 4777 proportionata
2661 4704 2722 4759 et
2751 4698 3176 4759 connaturalis
3201 4698 3530 4761 voluntati.
3557 4696 3720 4760 Unde

2161 4790 2444 4867 sequitur
2494 4791 2845 4852 secundum
2871 4792 3341 4853 incommodum
3361 4838 3378 4865 ‚
3403 4792 3716 4859 nimirum,

2161 4882 2481 4944 hominem
2521 4901 2648 4944 non
2681 4902 2866 4963 posse
2913 4886 3161 4963 operari
3208 4886 3482 4964 aliquem
3519 4890 3719 4945 actum

2159 4976 2398 5037 bonum
2459 4977 2778 5039 moraliter
2838 4996 2983 5040 cum
3033 4980 3350 5040 communi
3403 4978 3720 5049 influentia
3794 4970 3795 4973 ’

2160 5070 2379 5150 primae
2421 5088 2652 5145 causae,
2685 5089 2876 5151 quam
2903 5072 3282 5133 sententiam
3322 5071 3442 5151 ipsi
3475 5072 3542 5131 in
3581 5072 3722 5131 Gre-
3794 5068 3795 5073 ’

2161 5164 2338 5243 gorio
2385 5164 2580 5225 Arim.
2629 5164 3036 5227 vehementer
3074 5164 3405 5239 damnant,
3453 5171 3517 5227 et
3557 5171 3720 5225 certe

2158 5257 2316 5317 falsa
2369 5263 2498 5330 est;
2557 5258 2906 5335 praesertim
2957 5276 3102 5319 cum
3153 5258 3326 5319 idem
3389 5256 3722 5319 dicendum

2161 5356 2618 5429 consequenter
2659 5350 2736 5411 sit
2765 5350 2842 5411 de
2872 5352 3126 5412 homine
3167 5350 3233 5413 in
3272 5356 3440 5412 statu
3465 5350 3722 5428 integrm

2159 5450 2433 5518 naturae3
2469 5443 2618 5523 quia
2647 5443 2762 5523 ipsi
2788 5444 3074 5505 absolute
3115 5464 3256 5508 eam
3301 5444 3722 5506 conditionem
3794 5468 3795 5497 z

2157 5536 2502 5598 attribuunt
2557 5536 2862 5599 voluntati
2909 5537 3227 5612 humanae,
3265 5538 3396 5599 imo
3435 5534 3724 5599 videntur
3794 5576 3795 5631 Ξ
