3850 6225
908 386 1045 438 cAP.
1083 387 1146 438 11.
1180 384 1636 438 Excmmm‘run
1670 383 1795 436 Duo
1828 383 2006 434 PALSl
2039 383 2190 437 mom
2223 385 2611 444 EXPLICANDI.
2649 385 2783 437 E‘m.
3411 385 3450 444 9

236 490 449 552 omnia
494 506 669 552 mere
717 485 965 567 passive
1020 505 1091 546 se
1142 485 1361 546 habet.
1418 485 1615 546 Sentit
1652 502 1801 564 ergo

234 590 453 664 aperte
522 581 867 644 Concilium
940 579 1427 641 indifferentiam
1499 577 1802 640 libertatis

234 697 366 740 non
396 696 535 740 esse
565 675 837 756 positam
875 673 939 734 in
968 673 1246 753 potentia
1288 671 1538 752 passiva
1564 677 1634 733 ut
1661 689 1802 751 pas—

238 773 371 833 siva
396 779 510 845 est,
528 771 627 832 vel
647 789 787 850 quae
812 769 895 830 ad
918 767 1179 830 modum
1205 768 1467 848 passivae
1490 786 1557 829 se
1584 767 1797 838 habet,

237 865 449 944 quoad
512 865 859 926 motionem
916 881 1032 924 seu
1086 861 1672 922 determinationem
1723 859 1804 920 ab

240 958 384 1029 alio,
412 958 523 1020 sed
548 959 611 1018 in
636 957 917 1036 potentia
945 955 1209 1036 agendi;
1245 960 1309 1016 et
1332 955 1453 1015 hoc
1480 952 1668 1014 modo
1694 953 1803 1013 de-

236 1050 397 1121 finit,
444 1069 583 1112 can.
626 1053 687 1120 5.
740 1068 867 1113 esse
916 1051 985 1111 in
1010 1053 1309 1132 potestate
1366 1045 1625 1111 hominis
1670 1045 1803 1110 vias

232 1161 382 1205 suas
414 1143 615 1205 malas
640 1146 856 1221 faeere.

316 1239 378 1296 4.
412 1237 523 1298 Ea·
568 1235 1086 1317 Scriptura—Et
1118 1233 1401 1295 similiter
1442 1251 1594 1325 usus
1620 1233 1801 1294 liberi

238 1328 475 1390 arbitrii
506 1345 760 1406 semper
796 1329 861 1388 in
899 1329 1123 1388 divinis
1150 1327 1485 1405 Scripturis
1514 1345 1629 1405 per
1664 1345 1803 1386 mo-

238 1424 393 1483 dum
437 1422 699 1483 actionis
740 1421 931 1501 ipsius
962 1438 1247 1500 persona}
1278 1420 1489 1480 liherae
1518 1419 1800 1480 declara-

241 1522 366 1588 tur,
412 1520 481 1575 ut
525 1515 781 1576 Zachar.
828 1516 887 1587 1,
917 1514 1075 1576 Joel.
1124 1515 1211 1574 2:
1264 1511 1692 1576 Convertimini
1724 1513 1808 1576 ad

239 1629 363 1685 me,
400 1610 624 1688 quibus
661 1608 867 1669 verbis
893 1655 908 1680 ,
940 1609 1243 1672 tiber-tatis
1272 1613 1498 1670 nostroe
1532 1608 1802 1670 admone-

235 1722 397 1775 mur,
424 1708 495 1762 ut
522 1702 673 1763 dixit
696 1703 867 1762 idem
888 1703 1268 1774 Concilium
1305 1707 1366 1762 et
1394 1700 1576 1761 simili
1610 1701 1800 1762 modo

238 1796 446 1856 dicere
474 1813 807 1874 possumus
837 1795 1158 1856 admoneri
1186 1813 1303 1855 nos
1332 1794 1571 1855 eisdem
1598 1795 1803 1854 verbis

239 1893 467 1948 nostrae
518 1888 781 1948 actionis
815 1907 929 1948 seu
964 1888 1445 1966 cooperationis,
1489 1887 1635 1966 quia
1675 1905 1803 1947 non

234 1987 495 2041 vocatur
522 1981 747 2059 aliquis
776 1980 857 2041 ad
891 1981 1281 2061 patiendum,
1314 1980 1427 2040 sed
1456 1979 1796 2059 agendum.

238 2072 419 2143 Quod
448 2074 501 2133 si
522 2073 837 2134 interdum
860 2073 937 2133 de
969 2072 1348 2134 sustinendis
1374 2079 1482 2133 aut
1506 2073 1583 2133 de
1615 2073 1805 2133 suffe-

236 2167 453 2228 rendis
478 2169 874 2246 passionibus
904 2168 1338 2240 admonemur,
1374 2167 1437 2228 id
1468 2169 1672 2229 solum
1710 2173 1804 2228 est

234 2265 547 2340 quatenus
602 2267 831 2322 nostrae
889 2262 1227 2322 voluntatis
1278 2279 1657 2322 consensum
1714 2262 1803 2320 eis

234 2372 572 2432 possumus
602 2354 973 2434 adjungere,
1024 2355 1194 2433 quod
1235 2372 1363 2414 non
1414 2353 1530 2414 nisi
1570 2353 1803 2432 aliquid

234 2447 485 2526 agendo
524 2454 917 2527 praestamus.
971 2449 1101 2509 Hoc
1142 2449 1349 2527 ipsum
1398 2449 1651 2527 egregie
1694 2447 1805 2506 dc-

234 2541 511 2602 claratur
550 2542 755 2602 verbis
788 2541 909 2602 illis
934 2542 1243 2621 Sapientis
1266 2542 1615 2620 (EcclesiaS.
1646 2543 1747 2620 31)
1784 2559 1797 2600 :

240 2633 361 2708 Qui
376 2633 580 2716 potuit
606 2637 977 2718 transyredi,
1001 2641 1058 2699 et
1095 2653 1217 2697 non
1241 2641 1333 2700 est
1356 2641 1797 2717 transyressas,

234 2733 433 2808 faeere
472 2729 659 2798 mala,
702 2732 761 2791 et
808 2746 929 2790 non
966 2730 1111 2810 feeit
1138 2754 1160 2788 .·
1188 2729 1316 2791 ideo
1344 2729 1623 2791 stabilita
1659 2732 1804 2790 sunt

236 2821 391 2882 bona
418 2821 595 2883 illias
616 2821 683 2882 in
704 2823 981 2884 Domino.
1012 2822 1327 2883 Laudatur
1352 2840 1502 2901 ergo
1529 2820 1609 2882 de
1634 2821 1802 2882 bono

240 2931 359 2972 usu
392 2913 711 2990 potestatis
754 2914 981 2992 agendi
1036 2921 1099 2975 et
1145 2934 1275 2976 non
1303 2914 1571 2994 agendi;
1604 2914 1668 2973 in
1695 2914 1803 2974 illa

242 3025 417 3085 erg0‚
461 3012 531 3066 ut
558 3007 699 3067 talis
722 3013 839 3080 est,
869 3007 1291 3069 indifferentia
1324 3008 1627 3069 libertatis
1650 3025 1800 3068 con-

241 3099 421 3160 sistit.

323 3194 620 3273 Idemque
662 3194 1035 3255 confirmant
1063 3195 1255 3255 verba
1282 3195 1389 3255 illa
1427 3193 1647 3254 Christi
1681 3194 1800 3253 Do-

236 3286 391 3347 mini
427 3288 665 3364 (Matth.
713 3290 849 3369 12):
882 3286 1013 3352 Aut
1048 3290 1237 3365 facite
1268 3290 1537 3351 arborem
1566 3288 1793 3362 bonam,

236 3386 297 3443 et
338 3386 609 3459 fructum
650 3384 784 3461 ejus
829 3382 1075 3456 bonum,
1142 3388 1250 3445 aut
1300 3384 1489 3457 facite
1535 3383 1801 3445 arborem

236 3474 463 3537 matam
494 3479 551 3537 et
575 3478 844 3553 fractum
870 3476 1002 3553 ejas
1037 3476 1285 3538 matam.
1336 3475 1483 3547 Quae
1527 3478 1802 3535 tractans

239 3567 669 3644 Aug-ustinuS,
714 3567 798 3627 ait
853 3566 996 3644 (lib.
1051 3573 1215 3629 cont.
1265 3568 1497 3643 Adim„
1542 3585 1595 3628 o.
1658 3568 1796 3646 26),

234 3659 304 3719 in
332 3660 669 3723 voluntatis
714 3664 1009 3741 potestate
1045 3662 1319 3741 positum
1362 3680 1488 3724 esse
1530 3662 1625 3723 ita
1668 3680 1803 3723 mu-

236 3752 387 3823 tari,
429 3757 505 3815 at
548 3754 764 3816 bonum
808 3753 1007 3835 possit
1054 3755 1311 3833 operari.
1356 3754 1531 3825 Quod
1568 3753 1802 3815 dictum

233 3846 301 3904 in
329 3846 877 3908 retractationibus
908 3846 1055 3924 (lib.
1105 3852 1161 3917 1,
1201 3865 1256 3908 c.
1304 3849 1444 3927 21),
1470 3866 1803 3928 recognos-

235 3957 409 4011 cens,
443 3940 563 4000 ait:
596 3940 742 4005 Non
770 3948 859 4003 est
887 3945 1098 4005 contra
1140 3943 1411 4023 qratiam
1450 3942 1587 4014 Dei,
1620 3959 1801 4021 quam

228 4031 635 4112 praedicamus
648 4057 674 4105 ;
704 4034 773 4094 in
812 4038 1109 4115 potestate
1150 4034 1367 4115 quippe
1408 4033 1665 4097 hominis
1712 4040 1805 4097 est

232 4129 470 4189 mutare
504 4124 573 4187 in
596 4126 815 4188 melias
858 4125 1249 4199 volantatem,
1289 4128 1397 4189 sed
1432 4144 1501 4189 ea
1535 4130 1803 4206 potestas

231 4218 411 4280 malla
435 4222 547 4289 est,
576 4219 703 4281 nisi
733 4237 771 4281 a
790 4220 915 4281 Deo
952 4220 1150 4291 detur,
1183 4222 1251 4283 de
1272 4238 1387 4299 quo
1414 4221 1642 4282 dictum
1670 4226 1761 4284 est
1778 4245 1804 4281 .-

232 4311 417 4374 Dedit
438 4311 525 4373 eis
555 4316 910 4391 potestatem
933 4311 1099 4394 filios
1128 4313 1241 4375 Dei
1269 4312 1427 4387 fieri.
1466 4312 1615 4376 C'wm
1642 4314 1799 4375 enim

230 4404 339 4466 hoo
376 4403 463 4466 sit
496 4406 567 4465 in
600 4410 920 4485 potestate,
965 4408 1123 4486 qaod
1162 4425 1297 4469 cam
1324 4406 1597 4468 volamus
1642 4406 1800 4484 faei-

228 4514 389 4573 mus,
431 4496 589 4559 nihil
614 4502 741 4560 tam
782 4497 849 4558 in
872 4502 1169 4577 potestate
1196 4516 1375 4579 qaam
1408 4498 1549 4581 ipsa
1588 4500 1793 4561 volun·

230 4592 331 4650 tas
372 4592 485 4663 est,
524 4590 632 4650 sed
668 4594 1069 4669 praeparatur
1108 4592 1391 4653 voluntas
1434 4608 1473 4653 a
1512 4590 1791 4652 Domino.

228 4680 539 4740 Notentur
578 4680 825 4760 singula
860 4683 1076 4756 verba,
1120 4688 1181 4743 et
1214 4684 1536 4744 evidenter
1565 4683 1795 4744 intelli-

228 4778 415 4849 getur
440 4792 679 4852 ponere
723 4776 1141 4853 Augustinum
1186 4776 1544 4837 libertatem
1594 4777 1657 4836 in
1688 4795 1795 4856 po·-

146 4902 151 4905 -
224 4868 451 4927 testate
476 4868 725 4944 agendi.
748 4868 991 4931 Mutare
1030 4870 1200 4930 enim
1227 4870 1295 4930 in
1320 4872 1545 4931 molius
1572 4871 1795 4931 volun-

223 4964 445 5032 tatem,
477 4960 719 5021 effectio
770 4968 833 5021 et
865 4980 1095 5042 magna
1134 4963 1376 5024 effectio
1427 4968 1541 5038 est,
1592 4968 1655 5024 et
1694 4968 1791 5025 ta-

225 5070 377 5111 men
404 5053 593 5132 hujus
633 5054 723 5115 rei
752 5059 1125 5132 potestatem
1164 5056 1377 5116 tribuit
1406 5055 1791 5135 Augustinus

224 5144 491 5216 homini,
523 5151 841 5225 receptam
869 5153 1084 5209 tamen
1111 5166 1149 5208 a
1177 5149 1471 5220 Domin03
1512 5149 1793 5210 similiter

223 5244 505 5318 potestas
535 5240 763 5319 agendi
807 5247 874 5302 et
918 5241 1170 5302 volendi
1198 5242 1398 5303 activa
1437 5247 1550 5302 est.
1607 5244 1788 5303 Deni-

1884 485 2158 546 tendisse
2181 485 2663 547 indifferentiam
2688 485 2988 547 libertatis
3014 483 3078 545 in
3103 483 3445 560 voluntate,

1884 583 1953 640 ut
1981 563 2178 642 active
2209 598 2274 641 se
2299 580 2540 643 reducit
2573 581 2640 641 in
2667 586 2897 654 actum,
2931 579 3451 642 considerandam

1883 691 2045 746 esse,
2071 691 2202 734 non
2228 692 2378 734 vero
2406 681 2474 735 ut
2500 674 2744 754 passive
2779 678 2982 753 potest
3010 673 3090 733 ad
3118 674 3322 735 varios
3351 692 3452 735 ac-

1882 773 1986 828 tus
2013 766 2093 827 ab
2123 768 2334 847 aliquo
2371 774 2598 847 agente
2631 768 2981 830 extrinseco
3013 766 3439 829 determinari.

1883 863 1958 922 Et
1985 862 2068 922 ita
2101 863 2376 924 sentiunt
2413 862 2713 924 Catholici
2742 880 2961 923 omnes
2989 861 3096 940 qui
3141 861 3220 922 de
3247 861 3446 922 libero

1884 957 2138 1019 arbitrio
2191 959 2494 1019 hactenus
2545 958 2928 1036 scripserunt
2955 1003 2972 1031 ,
3026 974 3183 1036 quos
3241 956 3446 1036 capite

1883 1051 2065 1111 tertio
2119 1051 2556 1112 indicabimus
2613 1051 2895 1128 Denique
2949 1048 3348 1124 AristoteleS‚
3411 1052 3436 1109 1

1882 1145 2047 1224 Mag.
2101 1146 2320 1207 Moral.
2346 1195 2363 1221 ,
2401 1146 2586 1224 capit.
2623 1147 2684 1218 9,
2717 1145 2836 1205 hac
2887 1144 3128 1204 ratione
3178 1143 3331 1205 dixit
3381 1143 3448 1204 in

1883 1243 2096 1299 nostro
2155 1239 2407 1300 arbitrio
2454 1257 2593 1299 esse
2655 1237 2823 1298 bona
2877 1237 3167 1316 malaque
3210 1237 3440 1298 facere.

1884 1331 1903 1410 (
1934 1332 2204 1411 Legatur
2245 1332 2413 1393 idem
2445 1333 2630 1412 Aug„
2660 1334 2699 1393 5
2729 1331 2810 1392 de
2853 1331 3008 1404 Civ.‚
3040 1349 3096 1390 c.
3139 1333 3208 1392 61
3236 1349 3252 1403 ;
3285 1330 3328 1390 1.
3367 1332 3444 1392 83

1882 1433 2126 1504 quaest„
2153 1445 2214 1506 q.
2239 1428 2414 1500 2431.
2438 1429 2475 1487 3
2496 1427 2572 1488 de
2589 1425 2720 1487 Lib.
2741 1425 2903 1498 arb„
2919 1442 2974 1485 c.
2996 1428 3024 1485 1
3051 1425 3443 1499 ;Anselmus,

1884 1520 1964 1579 de
1996 1520 2300 1581 Concord.
2335 1525 2492 1600 grat.
2539 1525 2601 1581 et
2626 1519 2734 1579 lib.
2763 1518 2924 1591 arb.;
2961 1520 3144 1580 Bern.
3181 1517 3442 1598 optime,

1880 1613 1923 1672 1.
1956 1613 2033 1674 de
2062 1613 2232 1675 Grat.
2268 1619 2330 1674 et
2355 1614 2463 1674 lib.
2497 1613 2630 1675 arb.
2659 1613 2679 1692 )

1964 1799 2254 1880 Refertur
2293 1799 2552 1862 secanda
2604 1801 2906 1862 sententia
2941 1797 3359 1862 recentiorum.

1965 1984 2024 2043 5.
2082 1982 2287 2043 Altera
2317 1982 2624 2043 sententia
2661 1987 2752 2043 est
2783 1981 3201 2061 quorumdam
3227 1999 3448 2041 reccu-

1882 2075 2112 2136 tiorum
2147 2076 2630 2156 Theologorum,
2673 2076 2778 2155 qui
2825 2076 3182 2136 libertatem
3230 2075 3447 2136 volun-

1883 2171 2027 2231 tatis
2052 2170 2434 2230 constituunt
2459 2169 2522 2229 in
2546 2171 2677 2230 sola
2699 2169 3114 2230 indifferentia
3137 2169 3229 2246 (ut
3248 2168 3445 2248 aiunt)

1878 2262 2098 2340 judicii
2129 2261 2412 2335 rationiS,
2460 2251 2588 2323 non
2620 2263 2791 2341 quod
2827 2264 3033 2342 ipsum
3061 2261 3318 2322 rationis
3349 2260 3448 2339 ju-

1885 2357 2118 2416 dicium
2158 2355 2501 2417 formaliter
2554 2356 2916 2417 indifferens
2965 2355 3080 2428 sit,
3127 2356 3239 2416 sed
3277 2354 3448 2434 quod

1883 2467 1998 2528 per
2047 2449 2252 2528 ipsum
2294 2449 2612 2529 judicetur
2636 2449 3055 2510 indifferentia
3102 2466 3291 2527 quam
3340 2449 3447 2508 ob-

1878 2545 2118 2623 jectum
2143 2544 2242 2604 vel
2269 2544 2548 2604 medium
2574 2545 2766 2605 habet
2786 2550 3078 2623 respectu
3109 2543 3447 2604 voluntatis

1884 2639 1986 2699 vel
2015 2639 2179 2698 finiS.
2205 2638 2382 2700 Unde
2413 2657 2538 2698 uno
2569 2638 2758 2699 verbo
2799 2637 2918 2699 dici
2959 2640 3164 2716 potest
3187 2638 3325 2698 haec
3351 2637 3448 2696 in-

1886 2731 2260 2804 differentia,
2293 2731 2602 2810 objectiva.
2657 2733 2737 2794 Ut
2778 2732 2946 2791 enim
2993 2731 3281 2791 voluntas
3332 2748 3445 2790 sua

1885 2826 2084 2886 libera
2150 2823 2442 2884 facultate
2491 2829 2704 2885 utatur
2735 2870 2750 2897 ,
2812 2841 3070 2884 necesse
3125 2828 3217 2884 est
3259 2827 3329 2882 ut
3367 2823 3446 2883 ab

1884 2919 2206 2981 intellectu
2234 2918 2554 2998 judicante
2601 2923 2661 2978 et
2713 2921 3100 2998 proponente
3132 2917 3447 2996 objectum

1884 3019 2233 3075 moveatur.
2263 3011 2524 3083 Quando
2570 3028 2720 3091 ergo
2775 3010 3128 3072 intellectus
3175 3010 3298 3070 tale
3339 3009 3446 3070 ob·

1875 3106 2112 3188 jectum
2164 3105 2468 3167 voluntati
2515 3105 2846 3183 proponit,
2902 3103 3134 3184 talique
3185 3101 3444 3164 rationis

1881 3199 2290 3275 advertentia,
2309 3204 2380 3260 ut
2405 3198 2719 3259 sufficiens
2743 3216 2870 3258 non
2901 3198 2979 3259 sit
3006 3197 3444 3257 necessitatem

1880 3294 2110 3355 inferre
2139 3291 2466 3364 voluntati,
2499 3291 2611 3352 sed
2639 3291 2722 3351 ita
2754 3308 2917 3364 eam,
2953 3289 3344 3369 quantumin
3375 3308 3442 3349 se

1884 3393 2004 3463 est,
2043 3386 2504 3446 indifferentem
2541 3385 2876 3464 relinquat,
2920 3390 2988 3447 ut
3013 3384 3163 3445 velit
3189 3390 3298 3445 aut
3330 3402 3445 3443 no-

1882 3480 1985 3545 lit.
2017 3485 2168 3541 tune
2207 3478 2403 3539 libere
2441 3478 2732 3539 voluntas
2768 3484 3076 3539 movetur.
3119 3480 3284 3557 Ergo
3335 3475 3442 3535 illa

1887 3574 2303 3635 indifferentia
2333 3572 2560 3652 objecti
2590 3573 2678 3633 sic
2704 3573 3002 3653 propositi
3046 3573 3194 3633 satis
3231 3572 3346 3633 erit
3375 3574 3443 3630 ut

1884 3672 2093 3728 motus
2129 3666 2467 3727 voluntatis
2509 3666 2670 3727 liber
2699 3669 2797 3737 sit,
2829 3666 3132 3745 quidquid
3165 3672 3444 3726 anteces-

1884 3761 2054 3841 serit,
2100 3758 2202 3819 vel
2237 3759 2583 3831 comitetur,
2618 3758 2720 3819 vel
2755 3759 3188 3839 supervenerit
3217 3757 3297 3818 ad
3340 3776 3445 3817 ac-

1881 3858 2014 3914 tum
2042 3838 2401 3913 voluntatis.
2426 3854 2583 3914 Nam
2615 3858 2745 3914 tota
2774 3853 3031 3914 libertas
3051 3852 3335 3933 provenit
3362 3851 3442 3911 ab

1884 3946 1992 4005 illo
2016 3945 2290 4025 judicio;
2323 3962 2473 4025 ergo
2501 3944 2780 4007 definitio
2811 3952 2986 4007 actus
3009 3946 3187 4006 liberi
3226 3950 3340 4015 est,
3373 3947 3444 4004 ut

1885 4040 1966 4097 sit
2009 4044 2218 4098 motus
2267 4037 2604 4100 voluntatis
2649 4056 2726 4099 ex
2774 4038 2882 4098 tali
2923 4037 3158 4116 judicio
3200 4036 3436 4097 factus:

1884 4149 2060 4209 erg0‚
2112 4130 2416 4210 quidquid
2467 4131 2869 4209 superveniat
2903 4130 3229 4203 voluntati,
3267 4130 3318 4190 si
3348 4134 3442 4189 ta-

1882 4242 2032 4283 men
2073 4242 2150 4284 ex
2177 4224 2284 4283 tali
2311 4223 2547 4303 judicio
2592 4225 2744 4297 vult,
2779 4230 2995 4285 manet
3020 4224 3265 4304 integra
3293 4222 3443 4284 defi-

1878 4316 2032 4376 nitio
2078 4322 2254 4376 actus
2295 4316 2476 4378 liberi
2511 4336 2525 4377 :
2559 4334 2709 4397 ergo
2751 4324 2813 4377 ct
2851 4317 3107 4378 libertas
3157 4316 3436 4378 actualis.

1879 4409 2079 4487 Hujus
2111 4409 2435 4470 sententiae
2467 4414 2804 4470 sectatores
2827 4428 2975 4491 §eam
3027 4410 3205 4470 aliter
3231 4408 3444 4469 decla-

1877 4506 2041 4571 rant,
2083 4502 2230 4579 quia
2271 4502 2688 4563 indifferentia
2724 4502 3029 4563 libertatis
3057 4520 3187 4563 non
3227 4508 3321 4563 cst
3344 4502 3441 4561 in-

1878 4594 2227 4655 differentia
2256 4595 2576 4673 potentiae,
2605 4595 2716 4655 sed
2747 4596 2973 4675 objecti
2998 4614 3013 4669 ;
3041 4595 3208 4656 unde
3235 4594 3284 4656 si
3311 4612 3442 4655 ma-

1876 4694 2026 4747 neat
2067 4687 2483 4748 indifferentia
2531 4688 2788 4767 objecti,
2830 4689 3114 4767 quamvis
3163 4688 3439 4767 potentia

1877 4781 1955 4840 sit
1982 4780 2417 4853 determinata,
2449 4786 2627 4842 actus
2656 4781 2774 4842 erit
2811 4781 2992 4842 liber.
3036 4783 3440 4860 Assumptum
3513 4834 3529 4852 ,

1876 4872 2242 4933 declaratur
2273 4872 2337 4932 in
2374 4872 2583 4934 divina
2619 4873 2960 4948 voluntate,
2999 4891 3140 4952 quae
3190 4892 3316 4933 non
3348 4878 3443 4934 est

1876 4965 2241 5026 indifferens
2295 4982 2372 5026 ex
2429 4972 2605 5045 parte
2669 4966 2998 5045 potentiae;
3057 4972 3220 5027 esset
3271 4967 3440 5027 enim

1878 5060 2014 5119 haec
2067 5058 2455 5137 imperfectio
2520 5065 2580 5120 et
2626 5060 3081 5139 potentialitas;
3137 5058 3304 5120 unde
3361 5059 3442 5119 ab

1876 5158 2110 5213 aeterno
2163 5159 2256 5213 est
2305 5153 2718 5214 determinata
2766 5153 2846 5213 ad
2894 5171 3134 5213 unum:
3183 5157 3394 5214 tamen
3421 5198 3437 5225 ,

1874 5246 2022 5324 quia
2063 5245 2163 5325 obj
2177 5251 2310 5307 ecta
2360 5253 2572 5308 creata
2606 5247 2704 5307 vel
2751 5247 3044 5308 creabilia
3077 5246 3442 5325 judicantur

223 5350 375 5411 que,
408 5338 660 5393 notetur
698 5333 901 5395 obiter
924 5352 1053 5395 non
1090 5334 1299 5396 dicere
1331 5336 1783 5413 Augustinum:
1870 5338 2311 5412 indifferentia,
2359 5345 2420 5399 et
2449 5358 2578 5400 non
2617 5346 3060 5419 proponuntur
3085 5338 3202 5418 ipsi
3231 5344 3301 5399 ut
3326 5356 3441 5398 ne-

220 5425 691 5487 Determinatur
714 5426 1002 5488 voluntas
1032 5446 1069 5487 a
1093 5428 1380 5500 Domino,
1414 5427 1525 5488 sed
1541 5446 1791 5510 proepa-
1870 5431 2141 5491 cessario
2204 5430 2524 5511 diligibilia
2559 5477 2574 5506 ‚
2619 5432 2762 5495 ideo
2817 5432 3179 5512 simpliciter
3225 5435 3320 5491 est
3365 5430 3441 5489 li-

218 5525 425 5582 ratar.
458 5520 549 5581 De
588 5537 713 5599 qua
754 5539 823 5582 re
859 5519 1158 5592 inferius3
1192 5520 1342 5582 satis
1380 5539 1547 5582 nunc
1576 5521 1655 5583 sit
1692 5540 1789 5583 os·
1867 5523 2043 5585 bera.
2093 5524 2194 5587 Sic
2235 5542 2384 5607 ergo
2416 5525 2900 5587 existimandum
2931 5530 3026 5586 est
3059 5521 3344 5583 accidere
3372 5522 3437 5583 in
