3850 6225
716 351 852 403 CAP.
889 352 974 403 xl.
1011 350 1376 403 SOLVUNTUR
1409 350 1755 404 NONNULLAE
1786 349 2193 404 omac‘rloNsss
2225 352 2489 415 CONTRA,
2524 352 2659 405 ETC.

175 463 326 545 prima
355 461 528 519 movet
558 468 794 517 causam
849 453 1168 516 sectandam
1188 497 1204 526 ‚
1251 452 1529 533 applicat·
1565 452 1646 515 il-

177 560 280 628 tam,
304 552 497 632 praebet
533 548 628 609 illi
651 564 1008 610 concursum
1048 546 1140 608 vel
1183 546 1486 609 auxilium
1509 552 1649 611 tan-

177 645 558 730 quamprimum
578 658 811 703 movens
828 666 856 713 ,·
897 640 995 699 hae
1026 644 1239 701 autem
1263 658 1450 701 voces
1476 646 1646 701 recte

175 738 368 816 intelligi
393 742 448 797 et
467 733 681 812 exponi
710 737 997 812 possunt,
1035 732 1274 812 absque
1305 734 1432 793 ulla
1463 734 1648 795 actio-

171 853 226 895 ne
247 830 438 911 praevia
458 830 520 888 in
547 844 798 887 causam
827 826 1194 901 secundam,
1225 834 1295 888 ut
1333 846 1524 907 supra
1555 832 1650 889 te-

175 928 265 1005 tigi,
289 928 340 983 et
362 940 514 981 nunc
535 920 722 981 latius
751 920 976 981 dicam.

225 1023 272 1080 4.
310 1015 506 1090 &tibus
537 1015 728 1077 modic
775 1017 1012 1077 asserat
1047 1015 1128 1075 D.
1165 1014 1426 1077 Thomas
1454 1016 1648 1077 Deum

172 1120 508 1178 create-arum
551 1109 798 1189 effectus
851 1108 1108 1189 operari.
1160 1142 1243 1156 —
1279 1108 1646 1171 Concursum

171 1204 516 1284 cnisoeprimoe
539 1218 672 1262 cum
695 1202 976 1275 secunda,
999 1199 1178 1281 quasi
1187 1201 1650 1283 applicationem

171 1300 406 1383 appellere
428 1296 501 1357 D.
529 1294 795 1359 stoma-s
832 1296 1003 1357 colet.
1031 1326 1112 1343 —
1150 1295 1391 1357 Deinde
1433 1295 1650 1356 adver-

169 1393 364 1455 tendum
383 1394 466 1449 est
492 1388 550 1449 S.
578 1388 889 1447 Thomam
907 1406 1142 1467 ponere
1171 1389 1377 1449 varios
1401 1388 1645 1463 modos,

171 1487 335 1565 quibus
365 1499 534 1541 causa
571 1482 780 1558 prima
813 1487 1108 1560 operatur
1138 1482 1394 1541 effectus
1437 1498 1652 1541 causa·

171 1598 268 1640 rum
291 1574 701 1637 secundarum.
745 1574 986 1635 Primus
1013 1578 1109 1635 est
1140 1619 1155 1646 ,
1197 1574 1406 1635 dando
1447 1574 1652 1635 causis

173 1670 390 1733 secundis
431 1668 690 1728 virtutes
743 1667 825 1728 ad
869 1668 1208 1747 agendum,
1257 1686 1370 1728 seu
1416 1669 1651 1729 formas

173 1786 250 1847 per
265 1782 390 1843 quas
415 1767 642 1839 agant;
687 1761 1001 1821 secundus
1050 1767 1179 1833 est,
1222 1760 1652 1823 conservando

175 1878 246 1919 eas
265 1857 314 1915 in
341 1872 460 1915 esse
492 1872 507 1925 ;
561 1854 812 1927 tertiae,
842 1854 1018 1932 quasi
1066 1852 1438 1931 applicando
1467 1854 1656 1913 virtu-

174 1960 234 2013 tes
256 1956 300 2011 et
317 1949 522 2008 formas
563 1964 906 2007 causarum
934 1947 1352 2007 secundarum
1395 1946 1476 2007 ad
1505 1964 1657 2026 ope-

171 2042 390 2101 rationes
443 2040 604 2111 Quos
667 2045 795 2101 tres
855 2040 1076 2101 modos
1127 2040 1337 2119 posuit
1369 2045 1392 2100 1
1448 2046 1608 2119 part.
1635 2083 1652 2113 ,

173 2141 328 2215 quaest.
367 2135 491 2201 105.
525 2139 650 2193 art.
687 2137 746 2193 5.
787 2132 975 2194 Addit
1010 2133 1198 2193 etiam
1226 2138 1518 2212 quartum
1547 2150 1659 2209 ge-

178 2248 258 2286 nus
287 2227 539 2287 movendi
580 2244 708 2305 per
733 2226 992 2287 modum
1020 2226 1161 2286 finis
1185 2272 1200 2297 ,
1249 2226 1356 2305 qui
1391 2226 1471 2287 ad
1523 2244 1659 2287 rem

175 2324 462 2400 praesentem
492 2338 620 2379 non
663 2324 922 2398 spectat.
948 2320 1100 2380 Etin
1130 2321 1310 2381 tertio
1339 2320 1528 2380 modo
1551 2337 1661 2380 no-

175 2415 308 2474 tanda
340 2420 418 2474 est
451 2414 552 2473 illa
581 2413 922 2492 particula,
971 2414 1182 2495 quasi,
1229 2433 1368 2493 quae
1415 2413 1661 2475 videtur

177 2526 269 2568 esse
293 2506 528 2567 conditio
561 2506 968 2579 diminuens;
997 2525 1128 2567 non
1159 2506 1324 2567 enim
1351 2506 1496 2567 dicit
1519 2506 1663 2565 sirn-

178 2602 350 2679 pliciter
373 2601 726 2680 applicans,
777 2600 910 2673 sed,
966 2601 1145 2681 quasi
1195 2600 1511 2682 applicans
1539 2646 1554 2673 ,
1601 2605 1663 2661 et

180 2696 348 2755 ratione
379 2696 556 2774 hujus
583 2695 1028 2775 applicationis
1051 2694 1202 2755 dicit
1223 2695 1491 2773 prImam
1521 2712 1666 2755 cau-

181 2807 269 2847 sam
289 2806 504 2849 movere
533 2788 890 2849 secundam
919 2787 1000 2848 ad
1041 2787 1356 2866 agendum
1385 2835 1402 2861 ,
1464 2792 1526 2848 et
1565 2804 1662 2847 se·

183 2882 372 2941 tundam
411 2900 594 2962 agere
627 2883 703 2943 in
733 2883 958 2943 virtute
989 2882 1228 2961 primae.
1279 2883 1350 2943 In
1392 2887 1520 2943 toto
1552 2900 1665 2941 au-

188 2976 363 3034 temilto
388 2994 652 3056 corpore
691 2976 934 3037 articuli
957 2976 1197 3035 nullam
1221 2974 1368 3036 facit
1399 2975 1470 3034 D.
1498 2976 1664 3035 Tho-

187 3086 271 3128 mas
295 3070 658 3131 mentionem
708 3070 877 3131 illius
923 3087 1264 3131 concursus
1304 3086 1429 3149 quo
1473 3070 1664 3145 DeuS,

183 3169 224 3221 ut
242 3165 394 3240 prima
421 3183 630 3236 causa,
673 3163 1034 3226 immediate
1077 3163 1390 3224 concurrit
1432 3163 1512 3223 ad
1565 3181 1667 3224 ac-

181 3255 344 3314 tionem
367 3263 687 3330 creaturae,
718 3257 790 3316 in
817 3257 1024 3337 ipsum
1055 3257 1345 3318 effectum
1385 3257 1666 3334 proxime

179 3355 219 3406 et
253 3348 563 3412 immediate
604 3350 980 3422 influen1103
1037 3350 1192 3412 etin
1225 3349 1533 3410 solutione
1581 3339 1663 3410 ad

178 3441 218 3501 3.
239 3442 284 3500 in
303 3461 587 3504 summam
614 3443 858 3522 redigit
887 3449 1084 3504 totam
1123 3443 1470 3503 doctrinam
1521 3442 1662 3504 arti-

175 3536 276 3604 culi,
315 3537 396 3594 his
417 3537 660 3598 verbis:
695 3537 1034 3600 Dicendum
1057 3537 1214 3618 quod
1231 3537 1394 3599 Dm
1421 3555 1540 3598 non
1569 3553 1660 3598 co-

171 3627 260 3687 lm
283 3631 370 3690 dat
388 3638 612 3709 (omas
638 3631 844 3702 rebus,
881 3631 988 3692 scd
1025 3631 1206 3692 etiam
1248 3634 1558 3693 conservat
1584 3629 1658 3690 il-

170 3719 236 3782 las
253 3721 304 3782 in
325 3741 434 3784 csse
458 3728 514 3786 ct
535 3724 824 3806 applicat
867 3741 968 3785 cac
1003 3723 1088 3786 ad
1113 3723 1404 3805 aymdum
1426 3769 1445 3796 ,
1477 3727 1538 3784 ct
1572 3727 1663 3786 est

171 3813 274 3882 fiais
289 3814 523 3876 omnivm
565 3819 884 3878 actionum
906 3860 926 3889 ,
964 3819 1038 3878 ut
1061 3814 1291 3878 dictum
1319 3820 1430 3877 cst.
1482 3813 1660 3876 Unde

171 3902 380 3965 doctrina
394 3906 548 3967 illius
566 3907 820 3968 articuli
843 3906 1134 3967 coincidit
1147 3925 1291 3967 cum
1317 3906 1443 3981 illa,
1473 3923 1663 3986 quam

172 4013 264 4072 cap.
291 4001 340 4070 6,
370 4019 440 4060 ex
461 4005 514 4060 1.
533 4002 597 4074 2,
631 4005 861 4081 quaest.
895 4001 1240 4062 centesima
1263 4018 1430 4061 nona
1457 4000 1666 4062 decla-

169 4091 390 4152 mimus.
425 4093 666 4166 Solum,
706 4094 828 4154 boc
873 4093 1202 4172 posteriori
1245 4095 1386 4154 loco
1415 4141 1431 4167 ‚
1478 4094 1666 4156 effec-

171 4181 340 4242 tionem
375 4191 430 4245 ct
457 4187 1002 4256 conservationem
1039 4186 1286 4248 virtutis
1326 4188 1540 4248 activae
1585 4187 1666 4250 ad

171 4292 310 4334 unum
346 4285 518 4356 caput
559 4279 838 4352 reduxit,
873 4285 938 4340 et
967 4279 1254 4358 quodibi
1283 4281 1526 4342 vocavit
1553 4299 1666 4341 au-

169 4365 328 4426 xilium
353 4371 447 4430 Dei
479 4371 816 4445 moventis,
857 4372 958 4432 hic
1009 4371 1255 4432 vocavit
1305 4372 1668 4453 applicatio-

169 4477 290 4519 nem.
312 4462 506 4543 Neque
555 4465 736 4526 enim
775 4463 1046 4526 dubitari
1098 4471 1302 4545 potest
1351 4466 1502 4544 quin
1554 4483 1668 4544 per

172 4550 289 4611 hane
329 4557 796 4634 applicationem
848 4560 920 4619 D.
967 4559 1243 4620 Thomas
1297 4557 1668 4620 intellexerit

173 4642 348 4721 aliquid
377 4648 736 4714 distinctum
763 4651 846 4712 ab
873 4651 1199 4712 effectione
1245 4658 1308 4713 et
1339 4669 1668 4714 conserva-

177 4735 294 4797 tione
329 4742 556 4804 virtutis
615 4762 824 4806 causae
866 4745 1160 4807 secundae
1187 4793 1204 4822 ,
1251 4751 1316 4807 ut
1353 4765 1430 4806 ex
1463 4745 1666 4806 verbis

173 4827 390 4894 adductis
419 4843 688 4898 constat.
723 4839 909 4916 Ergo,
957 4838 1058 4899 vel
1107 4838 1518 4900 asserendum
1572 4843 1666 4898 est

177 4920 224 4977 D.
249 4925 516 4988 Thomam
543 4931 871 5010 ignorasse
905 4931 1084 4991 illum
1137 4947 1510 4993 concursum
1553 4947 1668 5009 per

179 5012 538 5082 immediatum
562 5023 872 5084 influxum
904 5024 972 5084 in
993 5025 1200 5104 ipsum
1225 5025 1543 5098 effectum,
1567 5023 1669 5084 vel

178 5125 258 5182 Per
279 5111 421 5174 illam
457 5117 640 5194 quasi
685 5117 1160 5197 applicationem
1196 5118 1362 5178 hunc
1412 5135 1670 5178 concur-

181 5215 280 5260 sum
307 5204 688 5271 intellexisse.
733 5211 1009 5270 Primum
1057 5209 1180 5272 dici
1234 5229 1362 5270 non
1419 5214 1665 5287 potest;

183 5297 276 5353 tum
303 5300 434 5374 quia
459 5308 624 5364 esset
649 5303 969 5384 imponere
991 5305 1062 5364 D.
1093 5305 1346 5365 Thomae
1383 5302 1672 5362 intolera-

187 5382 332 5448 bilem
361 5409 642 5455 errorem
673 5401 824 5466 :tum
871 5395 1058 5456 etiam
1101 5397 1244 5474 quia
1297 5395 1552 5468 ibidem,
1607 5395 1671 5454 in

185 5479 322 5540 solut.
353 5485 424 5543 ad
450 5489 509 5558 2,
539 5507 617 5548 ex
645 5488 924 5550 doctrina
951 5489 1192 5550 articuli
1222 5488 1454 5568 colligit
1480 5503 1672 5548 unam

435 5621 516 5670 n.

3209 351 3290 413 49

1730 459 1793 515 et
1817 454 2108 515 eamdem
2138 454 2450 517 actionem
2480 474 2618 517 esse
2669 455 2871 535 primo
2916 461 2978 517 et
3012 458 3289 519 secundo

1730 550 1982 627 agente,
2011 547 2181 626 quod
2234 566 2361 608 non
2402 554 2568 609 esset
2598 566 2841 621 verum,
2871 549 2989 609 nisi
3018 550 3289 629 primum

1731 658 1929 719 agens
1955 639 2315 701 immediate
2340 640 2630 701 influeret
2656 642 2719 701 in
2744 642 3037 703 effectum
3068 662 3294 703 secun-

1730 734 1790 793 di
1819 734 2085 812 agentiS.
2118 734 2279 813 Ergo
2318 752 2434 813 per
2478 734 2649 795 illam
2676 736 3159 813 applicationem
3195 736 3293 797 ni-

1729 826 1817 887 hil
1842 826 2015 887 aliud
2044 827 2245 904 potuit
2268 827 2372 887 illo
2400 828 2533 898 loco
2574 829 2646 889 D.
2678 830 2951 889 Thomas
2988 828 3295 909 intellige-

1726 938 1820 995 re,
1853 920 1973 980 nisi
2020 938 2395 981 concursum
2458 921 2629 981 illum
2666 965 2683 995 ,
2724 940 2913 999 quem
2962 922 3099 983 aliis
3139 923 3292 985 locis

1729 1014 2029 1073 auxilium
2067 1014 2181 1074 Dei
2218 1016 2525 1075 moventis
2552 1016 2817 1089 vocavit,
2844 1022 2915 1075 ut
2942 1034 3080 1096 cap.
3118 1018 3159 1078 6
3192 1035 3295 1077 os-

1725 1107 1922 1168 tendi.
1956 1107 2073 1170 Ubi
2119 1108 2305 1169 etiam
2346 1108 2654 1168 rationem
2696 1107 2937 1168 reddidi
2975 1122 3087 1169 cur
3128 1108 3295 1171 hunc

1729 1218 2128 1274 concursum,
2158 1202 2479 1263 motionem
2504 1202 2842 1273 vocaverit,
2876 1206 2939 1262 et
2990 1201 3073 1263 ob
3122 1220 3295 1263 enm-

1731 1295 1878 1355 dem
1917 1294 2121 1373 potuit
2164 1312 2391 1355 vocare
2427 1294 2605 1375 quasi
2642 1295 3102 1376 applicationem
3132 1341 3147 1367 ‚
3203 1304 3291 1368 ut,

1733 1388 2050 1459 nimirum,
2088 1386 2469 1467 signiticaret
2508 1388 2675 1447 hunc
2720 1405 3119 1461 concursum,
3155 1389 3299 1450 licet

1733 1482 1810 1541 sit
1835 1499 1951 1560 per
1976 1480 2235 1541 modurn
2268 1482 2657 1542 simultaneae
2696 1482 3172 1559 cooperationiS,
3211 1488 3300 1545 ta-

1731 1593 1882 1635 men
1909 1593 1946 1633 a
1976 1574 2177 1654 prima
2208 1594 2397 1637 causa
2428 1575 2561 1635 dari
2591 1581 2661 1635 ut
2690 1592 2727 1635 a
2756 1576 3086 1653 superiori,
3110 1596 3146 1637 a
3172 1594 3298 1656 qua

1734 1667 1991 1729 inferior
2014 1669 2267 1747 pendet,
2318 1675 2381 1729 et
2406 1686 2535 1729 non
2570 1686 2603 1729 e
2648 1686 2974 1729 convers0.
3024 1670 3177 1731 Item
3232 1675 3301 1729 ut

1735 1761 2039 1822 indicaret
2068 1760 2201 1821 dari
2230 1780 2305 1821 ex
2332 1763 2391 1822 vi
2419 1762 2583 1822 illius
2604 1761 3033 1841 providentiae,
3070 1780 3195 1843 qua
3218 1760 3303 1823 ad

1733 1855 2001 1933 primam
2058 1871 2315 1915 causam
2364 1856 2635 1933 pertinet
2680 1854 3033 1933 gubernare
3083 1874 3303 1917 secun-

1736 1947 1871 2019 das,
1915 1964 2149 2025 easque
2176 1947 2257 2007 ad
2286 1966 2433 2007 suos
2474 1947 2635 2008 fines
2683 1964 2955 2025 suasque
2982 1949 3303 2027 {operatio-

1736 2059 1850 2101 nes
1879 2040 2226 2119 perducere
2248 2060 2263 2114 ;
2287 2041 2407 2102 hoc
2436 2040 2607 2101 enim
2636 2045 2732 2101 est
2760 2040 3076 2119 quoddam
3106 2041 3307 2121 appli-

1739 2132 2001 2193 cationis
2062 2152 2303 2211 genus;
2364 2132 2615 2193 tandem
2668 2139 2737 2193 ut
2798 2132 3157 2195 ostenderet
3208 2134 3305 2193 in-

1739 2213 1937 2287 fluere
1965 2228 2167 2287 Deum
2195 2228 2259 2287 in
2306 2225 2615 2287 actionem
2654 2244 2860 2286 causae
2894 2225 3185 2287 secundat
3214 2226 3307 2285 in-

1743 2320 1916 2392 time,
1966 2326 2027 2381 et
2068 2319 2413 2380 secundum
2440 2336 2693 2379 omnem
2722 2320 3028 2381 rationem
3060 2320 3219 2397 ejuS.

1822 2414 1883 2473 5.
1940 2413 2171 2495 Duplex
2216 2410 2645 2497 applicationis
2683 2414 2910 2475 modus.
2942 2445 3025 2459 —
3048 2413 3139 2475 Dc
3184 2416 3307 2491 for-

1739 2506 1891 2569 mali
1959 2506 2363 2585 applicatione
2404 2506 2582 2567 divus
2624 2506 2883 2568 Thomas
2937 2506 3195 2569 locutus.
3224 2538 3307 2552 —

1745 2596 2106 2661 Occurritur
2134 2598 2469 2679 objectioni.
2505 2598 2777 2670 —Ouod
2820 2599 2903 2659 ita
2944 2605 3149 2679 potest
3172 2618 3307 2659 am·-

1744 2692 1908 2771 plius
1946 2691 2275 2763 declarari,
2315 2710 2462 2751 nam
2496 2692 2729 2770 duplex
2772 2692 3103 2773 applicati-o
3158 2712 3309 2755 cau-

1747 2804 1831 2847 sae
1872 2786 1956 2846 ad
2018 2786 2335 2865 agendum
2391 2786 2685 2865 distingui
2733 2794 2959 2865 potest.
3018 2788 3155 2850 Una
3214 2792 3309 2849 est

1744 2880 1971 2959 praevia
2014 2878 2095 2939 ad
2124 2879 2435 2939 actionem
2466 2883 2767 2958 tanquam
2796 2880 3065 2941 conditio
3104 2882 3310 2961 requi·

1748 2975 1885 3045 sita,
1919 2991 2059 3051 qum
2088 2990 2215 3031 non
2243 2971 2435 3032 habet
2454 2971 2661 3032 locum
2690 2973 2751 3032 in
2773 2973 3101 3051 praesenti;
3132 2992 3301 3047 nam,

1747 3074 1818 3129 ut
1847 3067 1994 3140 dixi,
2026 3065 2341 3145 loquimur
2371 3064 2449 3126 de
2490 3082 2681 3127 causa
2726 3066 3005 3128 secunda
3034 3066 3307 3130 habente

1741 3161 1874 3240 jam
1917 3177 2170 3219 omnem
2210 3158 2679 3238 dispositionem
2732 3160 3132 3222 intrinsecam
3171 3179 3311 3242 per·

1749 3259 2134 3324 manentem,
2158 3251 2581 3313 necessariam
2595 3252 2677 3314 ad
2706 3253 3019 3332 agendum
3046 3273 3062 3328 ς
3098 3262 3159 3315 et
3174 3272 3312 3315 ma-

1744 3347 1993 3418 teriam,
2025 3345 2153 3406 sive
2185 3363 2465 3423 passum,
2501 3344 2627 3405 sive
2656 3345 2971 3423 objectum
3002 3345 3312 3408 sufficien-

1743 3445 1840 3500 ter
1885 3439 2267 3518 applicatum
2299 3443 2360 3499 et
2402 3438 2833 3518 propositum;
2881 3457 3071 3518 quam
3110 3440 3309 3519 appli-

1744 3534 2053 3595 cationem
2084 3533 2495 3612 supponimus
2526 3533 2753 3593 factam
2784 3551 2923 3594 esse
2966 3539 3031 3595 et
3058 3552 3310 3595 conser-

1742 3632 1949 3688 vatam
1976 3645 2015 3686 a
2042 3627 2195 3699 Deo,
2226 3625 2325 3686 vel
2344 3644 2456 3704 per
2476 3643 2565 3698 se,
2593 3626 2693 3686 vel
2724 3633 3135 3690 concurrente
3164 3643 3310 3689 cum

1743 3720 1953 3799 aliqua
1998 3737 2189 3780 causa
2218 3717 2516 3780 secunda.
2578 3720 2777 3780 Causa
2830 3725 3039 3782 autem
3090 3739 3311 3782 secun-

1743 3813 1824 3874 da
1853 3815 1986 3892 ,iam
2022 3811 2109 3872 sic
2144 3817 2493 3890 praeparata
2529 3814 2593 3874 et
2626 3812 2931 3891 applicata
2976 3831 3103 3874 non
3156 3813 3311 3874 indi·

1747 3911 1852 3986 get
1888 3923 2051 3966 nova
2094 3903 2509 3983 applicatione
2571 3923 2684 3984 per
2723 3923 2960 3966 novum
3002 3906 3311 3968 influxum

1745 3999 1939 4060 solius
1964 3999 2183 4077 primae
2211 4015 2441 4074 causae,
2488 4003 2555 4059 ut
2598 3997 2663 4058 in
2708 3997 3135 4077 superioribus
3184 3997 3309 4060 late

1745 4093 2078 4172 probatum
2100 4097 2215 4152 est.
2249 4091 2386 4151 Alia
2414 4109 2565 4170 ergo
2592 4094 2799 4170 potest
2822 4090 3085 4171 intelligi
3111 4091 3316 4171 appli-

1746 4186 1906 4248 catio
1941 4186 2253 4260 t'ormalis,
2302 4203 2441 4264 quae
2472 4185 2739 4264 ipsamet
2774 4184 3021 4246 actione
3058 4183 3149 4257 fit,
3182 4203 3308 4264 quo

1746 4279 1935 4339 modo
1974 4284 2177 4358 potest
2208 4278 2350 4357 quis
2388 4278 2508 4338 dici
2540 4277 2835 4356 applicari
2862 4276 2943 4337 ad
2972 4295 3127 4356 opus
3158 4278 3309 4338 dum

1748 4378 2079 4453 operatum
2114 4380 2176 4435 et
2196 4374 2485 4435 voluntas
2506 4373 2802 4451 applicari
2828 4374 2915 4434 ad
2941 4372 3305 4446 amandum,

1747 4469 1898 4529 dum
1926 4474 2135 4538 amat3
2168 4483 2309 4546 quae
2340 4467 2669 4544 applicatio
2699 4483 2827 4527 non
2874 4471 2968 4528 est
3012 4465 3185 4527 aliud
3230 4466 3311 4525 ab

1748 4561 1886 4640 ipso
1930 4579 2166 4632 amore,
2202 4561 2301 4620 vel
2350 4561 2470 4619 alia
2501 4559 2687 4619 simili
2732 4559 3014 4631 actione;
3050 4558 3163 4620 sed
3202 4577 3313 4638 ap·-

1746 4653 2220 4734 plicatiovocari
2248 4657 2477 4733 potest,
2506 4652 2655 4730 quia
2682 4651 2834 4711 dum
2864 4669 3061 4730 agens
3088 4669 3313 4730 opera·

1746 4748 1799 4808 ri
1843 4747 2078 4826 incipit,
2116 4744 2519 4824 conjungitur
2570 4742 3035 4820 quodammodo
3086 4742 3313 4805 actioni

1747 4859 1903 4916 suae,
1932 4839 2031 4901 vel
2060 4857 2172 4918 per
2197 4839 2366 4899 illam
2398 4837 2801 4916 conjungitur
2826 4837 3105 4898 materiae
3148 4836 3314 4898 circa

1749 4951 1941 5013 qnam
1980 4934 2297 5012 operatur.
2342 4931 2417 4991 Et
2449 4930 2584 4990 haec
2635 4929 2968 5008 applicatio
3007 4929 3093 4990 ita
3146 4927 3220 4990 fit
3274 4947 3311 4990 a

1751 5045 1943 5088 causa
1974 5025 2275 5095 secunda,
2300 5024 2459 5084 sicut
2488 5027 2553 5084 et
2578 5023 2715 5101 ipsa
2754 5022 2953 5096 actio;
3000 5029 3063 5082 et
3090 5021 3314 5084 eodem

1749 5120 1939 5181 modo
1986 5117 2055 5180 fit
2088 5136 2125 5178 a
2159 5135 2351 5178 causa
2383 5115 2585 5196 prima
2613 5161 2629 5188 ,
2690 5133 2817 5176 non
2860 5116 2993 5176 sola
3030 5133 3147 5176 nec
3203 5132 3318 5193 per

1753 5213 2063 5275 actionem
2090 5211 2425 5290 praeviam,
2468 5209 2579 5270 sed
2612 5225 2758 5269 cum
2795 5209 2929 5287 ipsa
2972 5226 3163 5267 causa
3218 5225 3318 5266 se·-

1753 5306 1959 5368 cunda
1991 5349 2007 5372 .
2054 5311 2114 5365 et
2146 5321 2259 5383 per
2298 5319 2674 5364 concursum
2735 5300 3263 5361 concomitantem
3296 5344 3312 5373 ,

1753 5420 1877 5481 quo
1907 5417 2053 5462 cum
2090 5398 2199 5458 illa
2222 5395 2559 5457 concurrit.
2600 5397 2729 5455 Hoc
2769 5411 2919 5472 ergo
2950 5392 3139 5452 modo
3168 5409 3317 5451 vere

1755 5495 1979 5558 dicitur
2010 5507 2199 5553 causa
2242 5488 2517 5550 secunda
2546 5485 2843 5568 applicari
2872 5484 2955 5545 ad
2996 5484 3319 5564 agendum

2958 5591 2997 5654 4
