<?xml version="1.0" encoding="UTF-8"?>
<!DOCTYPE html PUBLIC "-//W3C//DTD XHTML 1.0 Transitional//EN"
    "http://www.w3.org/TR/xhtml1/DTD/xhtml1-transitional.dtd">
<html xmlns="http://www.w3.org/1999/xhtml" xml:lang="en" lang="en">
 <head>
  <title>
</title>
<meta http-equiv="Content-Type" content="text/html;charset=utf-8" />
  <meta name='ocr-system' content='tesseract 3.04.00' />
  <meta name='ocr-capabilities' content='ocr_page ocr_carea ocr_par ocr_line ocrx_word'/>
</head>
<body>
  <div class='ocr_page' id='page_1' title='image "./rpfranciscisuar01duvagoog_0521.png"; bbox 0 0 3850 6225; ppageno 0'>
   <div class='ocr_carea' id='block_1_1' title="bbox 597 424 2826 488">
    <p class='ocr_par' dir='ltr' id='par_1_1' title="bbox 597 424 2826 488">
     <span class='ocr_line' id='line_1_1' title="bbox 597 424 2826 488; baseline -0.004 -2"><span class='ocrx_word' id='word_1_1' title='bbox 597 432 765 487; x_wconf 83' lang='lat' dir='ltr'>SECT.</span> <span class='ocrx_word' id='word_1_2' title='bbox 802 434 885 486; x_wconf 85' lang='lat'>111.</span> <span class='ocrx_word' id='word_1_3' title='bbox 924 430 1135 485; x_wconf 72' lang='lat' dir='ltr'><strong>n&#39;muu</strong></span> <span class='ocrx_word' id='word_1_4' title='bbox 1167 431 1333 483; x_wconf 76' lang='lat' dir='ltr'>TOTA</span> <span class='ocrx_word' id='word_1_5' title='bbox 1364 431 1599 484; x_wconf 60' lang='lat' dir='ltr'><strong>altaria</strong></span> <span class='ocrx_word' id='word_1_6' title='bbox 1637 431 1757 483; x_wconf 73' lang='lat' dir='ltr'><strong>Pan</strong></span> <span class='ocrx_word' id='word_1_7' title='bbox 1796 430 2124 485; x_wconf 72' lang='lat' dir='ltr'><strong>PEccA&#39;ruu</strong></span> <span class='ocrx_word' id='word_1_8' title='bbox 2156 426 2378 481; x_wconf 58' lang='lat' dir='ltr'><strong>Atussa</strong></span> <span class='ocrx_word' id='word_1_9' title='bbox 2411 425 2656 488; x_wconf 79' lang='lat' dir='ltr'><strong>STATIM,</strong></span> <span class='ocrx_word' id='word_1_10' title='bbox 2691 424 2826 477; x_wconf 73' lang='lat' dir='ltr'><strong>mc,</strong></span> 
     </span>
    </p>
   </div>
   <div class='ocr_carea' id='block_1_2' title="bbox 126 534 1679 5653">
    <p class='ocr_par' dir='ltr' id='par_1_2' title="bbox 126 534 1674 879">
     <span class='ocr_line' id='line_1_2' title="bbox 134 534 1663 613; baseline 0 -19"><span class='ocrx_word' id='word_1_11' title='bbox 134 534 299 595; x_wconf 83' lang='lat' dir='ltr'><strong>sariis</strong></span> <span class='ocrx_word' id='word_1_12' title='bbox 334 535 417 595; x_wconf 88' lang='lat' dir='ltr'><strong>ad</strong></span> <span class='ocrx_word' id='word_1_13' title='bbox 452 536 743 597; x_wconf 89' lang='lat' dir='ltr'><strong>meritum</strong></span> <span class='ocrx_word' id='word_1_14' title='bbox 764 580 779 607; x_wconf 93' lang='lat'><strong>,</strong></span> <span class='ocrx_word' id='word_1_15' title='bbox 832 538 903 594; x_wconf 83' lang='lat' dir='ltr'><strong>ut</strong></span> <span class='ocrx_word' id='word_1_16' title='bbox 930 552 1181 613; x_wconf 84' lang='lat' dir='ltr'><strong>semper</strong></span> <span class='ocrx_word' id='word_1_17' title='bbox 1234 534 1663 613; x_wconf 77' lang='lat' dir='ltr'><strong>supponimus,</strong></span> 
     </span>
     <span class='ocr_line' id='line_1_3' title="bbox 133 628 1674 707; baseline 0 -20"><span class='ocrx_word' id='word_1_18' title='bbox 133 628 295 698; x_wconf 84' lang='lat' dir='ltr'><strong>Quod</strong></span> <span class='ocrx_word' id='word_1_19' title='bbox 322 646 400 689; x_wconf 85' lang='lat' dir='ltr'><strong>ex</strong></span> <span class='ocrx_word' id='word_1_20' title='bbox 434 634 611 707; x_wconf 89' lang='lat' dir='ltr'><strong>parte</strong></span> <span class='ocrx_word' id='word_1_21' title='bbox 642 629 897 707; x_wconf 84' lang='lat' dir='ltr'><strong>probavi</strong></span> <span class='ocrx_word' id='word_1_22' title='bbox 924 629 985 688; x_wconf 90' lang='lat' dir='ltr'><strong>in</strong></span> <span class='ocrx_word' id='word_1_23' title='bbox 1024 628 1299 689; x_wconf 79' lang='lat' dir='ltr'><strong>sectione</strong></span> <span class='ocrx_word' id='word_1_24' title='bbox 1331 628 1529 707; x_wconf 89' lang='lat' dir='ltr'><strong>prima</strong></span> <span class='ocrx_word' id='word_1_25' title='bbox 1554 628 1674 687; x_wconf 88' lang='lat' dir='ltr'><strong>hu-</strong></span> 
     </span>
     <span class='ocr_line' id='line_1_4' title="bbox 126 721 1671 802; baseline 0 -21"><span class='ocrx_word' id='word_1_26' title='bbox 126 723 219 801; x_wconf 86' lang='lat' dir='ltr'><strong>jus</strong></span> <span class='ocrx_word' id='word_1_27' title='bbox 272 721 706 800; x_wconf 80' lang='lat' dir='ltr'><strong>disputationis</strong></span> <span class='ocrx_word' id='word_1_28' title='bbox 730 768 745 795; x_wconf 93' lang='lat'><strong>‚</strong></span> <span class='ocrx_word' id='word_1_29' title='bbox 806 728 869 783; x_wconf 88' lang='lat' dir='ltr'><strong>et</strong></span> <span class='ocrx_word' id='word_1_30' title='bbox 920 741 997 785; x_wconf 84' lang='lat' dir='ltr'><strong>ex</strong></span> <span class='ocrx_word' id='word_1_31' title='bbox 1040 721 1321 802; x_wconf 82' lang='lat' dir='ltr'><strong>professo</strong></span> <span class='ocrx_word' id='word_1_32' title='bbox 1378 738 1491 782; x_wconf 90' lang='lat' dir='ltr'><strong>suo</strong></span> <span class='ocrx_word' id='word_1_33' title='bbox 1533 721 1671 781; x_wconf 92' lang='lat' dir='ltr'><strong>loco</strong></span> 
     </span>
     <span class='ocr_line' id='line_1_5' title="bbox 131 817 649 879; baseline -0.004 0"><span class='ocrx_word' id='word_1_34' title='bbox 131 817 508 879; x_wconf 85' lang='lat' dir='ltr'><strong>tractandum</strong></span> <span class='ocrx_word' id='word_1_35' title='bbox 539 820 649 879; x_wconf 88' lang='lat' dir='ltr'><strong>est.</strong></span> 
     </span>
    </p>

    <p class='ocr_par' dir='ltr' id='par_1_3' title="bbox 132 908 1679 5653">
     <span class='ocr_line' id='line_1_6' title="bbox 202 908 1679 993; baseline -0.002 -18"><span class='ocrx_word' id='word_1_36' title='bbox 202 914 296 975; x_wconf 73' lang='grc'><strong>46.</strong></span> <span class='ocrx_word' id='word_1_37' title='bbox 344 910 743 993; x_wconf 73' lang='lat' dir='ltr'><strong>Assumptum</strong></span> <span class='ocrx_word' id='word_1_38' title='bbox 776 916 1003 975; x_wconf 74' lang='lat' dir='ltr'><strong>certum</strong></span> <span class='ocrx_word' id='word_1_39' title='bbox 1038 914 1130 974; x_wconf 78' lang='lat' dir='ltr'><strong>est</strong></span> <span class='ocrx_word' id='word_1_40' title='bbox 1176 911 1243 975; x_wconf 79' lang='lat' dir='ltr'><strong>in</strong></span> <span class='ocrx_word' id='word_1_41' title='bbox 1294 910 1525 975; x_wconf 75' lang='lat' dir='ltr'><strong>actibus</strong></span> <span class='ocrx_word' id='word_1_42' title='bbox 1571 908 1679 991; x_wconf 69' lang='lat' dir='ltr'><strong>qui</strong></span> 
     </span>
     <span class='ocr_line' id='line_1_7' title="bbox 132 1004 1677 1071; baseline -0.005 0"><span class='ocrx_word' id='word_1_43' title='bbox 132 1027 239 1071; x_wconf 76' lang='lat' dir='ltr'><strong>m</strong></span> <span class='ocrx_word' id='word_1_44' title='bbox 273 1012 417 1069; x_wconf 68' lang='lat' dir='ltr'><strong>mc</strong></span> <span class='ocrx_word' id='word_1_45' title='bbox 458 1024 499 1068; x_wconf 82' lang='lat' dir='ltr'><strong>a</strong></span> <span class='ocrx_word' id='word_1_46' title='bbox 546 1008 865 1069; x_wconf 70' lang='lat' dir='ltr'><strong>charitate.</strong></span> <span class='ocrx_word' id='word_1_47' title='bbox 890 1038 969 1051; x_wconf 92' lang='lat'><strong>—</strong></span> <span class='ocrx_word' id='word_1_48' title='bbox 989 1007 1079 1066; x_wconf 92' lang='lat' dir='ltr'><strong>De</strong></span> <span class='ocrx_word' id='word_1_49' title='bbox 1125 1004 1365 1065; x_wconf 86' lang='lat' dir='ltr'><strong>actibus</strong></span> <span class='ocrx_word' id='word_1_50' title='bbox 1395 1004 1677 1064; x_wconf 89' lang='lat' dir='ltr'><strong>omnium</strong></span> 
     </span>
     <span class='ocr_line' id='line_1_8' title="bbox 136 1097 1675 1177; baseline -0.005 -13"><span class='ocrx_word' id='word_1_51' title='bbox 136 1104 377 1165; x_wconf 84' lang='lat' dir='ltr'><strong>aliarum</strong></span> <span class='ocrx_word' id='word_1_52' title='bbox 400 1099 701 1161; x_wconf 85' lang='lat' dir='ltr'><strong>virtutum</strong></span> <span class='ocrx_word' id='word_1_53' title='bbox 720 1116 832 1177; x_wconf 89' lang='lat' dir='ltr'><strong>pro</strong></span> <span class='ocrx_word' id='word_1_54' title='bbox 862 1102 1033 1159; x_wconf 88' lang='lat' dir='ltr'><strong>certo</strong></span> <span class='ocrx_word' id='word_1_55' title='bbox 1064 1097 1267 1159; x_wconf 86' lang='lat' dir='ltr'><strong>habeo</strong></span> <span class='ocrx_word' id='word_1_56' title='bbox 1289 1116 1417 1159; x_wconf 90' lang='lat' dir='ltr'><strong>non</strong></span> <span class='ocrx_word' id='word_1_57' title='bbox 1446 1097 1675 1159; x_wconf 89' lang='lat' dir='ltr'><strong>mereri</strong></span> 
     </span>
     <span class='ocr_line' id='line_1_9' title="bbox 134 1186 1677 1275; baseline -0.003 -19"><span class='ocrx_word' id='word_1_58' title='bbox 134 1199 526 1275; x_wconf 85' lang='lat' dir='ltr'><strong>augmentum</strong></span> <span class='ocrx_word' id='word_1_59' title='bbox 560 1194 772 1272; x_wconf 82' lang='lat' dir='ltr'><strong>gratiae</strong></span> <span class='ocrx_word' id='word_1_60' title='bbox 801 1188 1149 1254; x_wconf 88' lang='lat' dir='ltr'><strong>secundum</strong></span> <span class='ocrx_word' id='word_1_61' title='bbox 1178 1194 1369 1253; x_wconf 86' lang='lat' dir='ltr'><strong>totam</strong></span> <span class='ocrx_word' id='word_1_62' title='bbox 1400 1186 1677 1252; x_wconf 85' lang='lat' dir='ltr'><strong>latitudi-</strong></span> 
     </span>
     <span class='ocr_line' id='line_1_10' title="bbox 136 1284 1677 1365; baseline -0.003 -14"><span class='ocrx_word' id='word_1_63' title='bbox 136 1308 265 1351; x_wconf 87' lang='lat' dir='ltr'><strong>nem</strong></span> <span class='ocrx_word' id='word_1_64' title='bbox 288 1304 413 1349; x_wconf 84' lang='lat' dir='ltr'><strong>suae</strong></span> <span class='ocrx_word' id='word_1_65' title='bbox 444 1286 812 1349; x_wconf 84' lang='lat' dir='ltr'><strong>intensionis</strong></span> <span class='ocrx_word' id='word_1_66' title='bbox 854 1286 937 1347; x_wconf 85' lang='lat' dir='ltr'><strong>ad</strong></span> <span class='ocrx_word' id='word_1_67' title='bbox 975 1285 1417 1365; x_wconf 74' lang='lat' dir='ltr'><strong>aequalitatem.</strong></span> <span class='ocrx_word' id='word_1_68' title='bbox 1449 1284 1677 1347; x_wconf 85' lang='lat' dir='ltr'><strong>Proba-</strong></span> 
     </span>
     <span class='ocr_line' id='line_1_11' title="bbox 138 1379 1675 1459; baseline -0.004 -15"><span class='ocrx_word' id='word_1_69' title='bbox 138 1392 256 1455; x_wconf 87' lang='lat' dir='ltr'><strong>tur,</strong></span> <span class='ocrx_word' id='word_1_70' title='bbox 304 1380 447 1459; x_wconf 88' lang='lat' dir='ltr'><strong>quia</strong></span> <span class='ocrx_word' id='word_1_71' title='bbox 500 1380 563 1441; x_wconf 91' lang='lat' dir='ltr'><strong>hi</strong></span> <span class='ocrx_word' id='word_1_72' title='bbox 617 1386 791 1441; x_wconf 89' lang='lat' dir='ltr'><strong>actus</strong></span> <span class='ocrx_word' id='word_1_73' title='bbox 835 1381 1222 1441; x_wconf 85' lang='lat' dir='ltr'><strong>diversarum</strong></span> <span class='ocrx_word' id='word_1_74' title='bbox 1270 1379 1568 1439; x_wconf 85' lang='lat' dir='ltr'><strong>virtutum</strong></span> <span class='ocrx_word' id='word_1_75' title='bbox 1612 1380 1675 1438; x_wconf 91' lang='lat' dir='ltr'><strong>in</strong></span> 
     </span>
     <span class='ocr_line' id='line_1_12' title="bbox 138 1470 1667 1554; baseline -0.007 -15"><span class='ocrx_word' id='word_1_76' title='bbox 138 1474 339 1554; x_wconf 71' lang='lat' dir='ltr'><strong>equali</strong></span> <span class='ocrx_word' id='word_1_77' title='bbox 378 1474 733 1535; x_wconf 86' lang='lat' dir='ltr'><strong>intensione</strong></span> <span class='ocrx_word' id='word_1_78' title='bbox 771 1472 949 1545; x_wconf 86' lang='lat' dir='ltr'><strong>facti,</strong></span> <span class='ocrx_word' id='word_1_79' title='bbox 1004 1478 1065 1534; x_wconf 91' lang='lat' dir='ltr'><strong>et</strong></span> <span class='ocrx_word' id='word_1_80' title='bbox 1120 1472 1361 1533; x_wconf 84' lang='lat' dir='ltr'><strong>caeteris</strong></span> <span class='ocrx_word' id='word_1_81' title='bbox 1396 1470 1667 1551; x_wconf 77' lang='lat' dir='ltr'><strong>paribuS,</strong></span> 
     </span>
     <span class='ocr_line' id='line_1_13' title="bbox 138 1564 1675 1645; baseline -0.005 -14"><span class='ocrx_word' id='word_1_82' title='bbox 138 1589 247 1631; x_wconf 91' lang='lat' dir='ltr'><strong>non</strong></span> <span class='ocrx_word' id='word_1_83' title='bbox 286 1572 429 1629; x_wconf 91' lang='lat' dir='ltr'><strong>sunt</strong></span> <span class='ocrx_word' id='word_1_84' title='bbox 464 1584 646 1645; x_wconf 79' lang='lat' dir='ltr'><strong>aeque</strong></span> <span class='ocrx_word' id='word_1_85' title='bbox 678 1566 999 1638; x_wconf 89' lang='lat' dir='ltr'><strong>meritorii,</strong></span> <span class='ocrx_word' id='word_1_86' title='bbox 1045 1565 1173 1625; x_wconf 87' lang='lat' dir='ltr'><strong>sive</strong></span> <span class='ocrx_word' id='word_1_87' title='bbox 1208 1566 1370 1625; x_wconf 87' lang='lat' dir='ltr'><strong>inter</strong></span> <span class='ocrx_word' id='word_1_88' title='bbox 1407 1582 1501 1639; x_wconf 90' lang='lat' dir='ltr'><strong>se,</strong></span> <span class='ocrx_word' id='word_1_89' title='bbox 1546 1564 1675 1623; x_wconf 82' lang='lat' dir='ltr'><strong>sive</strong></span> 
     </span>
     <span class='ocr_line' id='line_1_14' title="bbox 138 1657 1676 1737; baseline -0.004 -16"><span class='ocrx_word' id='word_1_90' title='bbox 138 1680 261 1721; x_wconf 90' lang='lat' dir='ltr'><strong>cum</strong></span> <span class='ocrx_word' id='word_1_91' title='bbox 301 1666 437 1719; x_wconf 88' lang='lat' dir='ltr'><strong>actu</strong></span> <span class='ocrx_word' id='word_1_92' title='bbox 481 1659 687 1720; x_wconf 88' lang='lat' dir='ltr'><strong>elicito</strong></span> <span class='ocrx_word' id='word_1_93' title='bbox 724 1660 1043 1720; x_wconf 84' lang='lat' dir='ltr'><strong>charitatis</strong></span> <span class='ocrx_word' id='word_1_94' title='bbox 1079 1662 1537 1737; x_wconf 79' lang='lat' dir='ltr'><strong>comparentur.</strong></span> <span class='ocrx_word' id='word_1_95' title='bbox 1566 1657 1676 1717; x_wconf 89' lang='lat' dir='ltr'><strong>Pa-</strong></span> 
     </span>
     <span class='ocr_line' id='line_1_15' title="bbox 138 1751 1675 1831; baseline -0.004 -15"><span class='ocrx_word' id='word_1_96' title='bbox 138 1761 230 1825; x_wconf 88' lang='lat' dir='ltr'><strong>tet,</strong></span> <span class='ocrx_word' id='word_1_97' title='bbox 258 1753 397 1831; x_wconf 86' lang='lat' dir='ltr'><strong>quia</strong></span> <span class='ocrx_word' id='word_1_98' title='bbox 440 1753 867 1815; x_wconf 87' lang='lat' dir='ltr'><strong>substantialis</strong></span> <span class='ocrx_word' id='word_1_99' title='bbox 896 1754 1141 1815; x_wconf 84' lang='lat' dir='ltr'><strong>bonitas</strong></span> <span class='ocrx_word' id='word_1_100' title='bbox 1185 1758 1360 1813; x_wconf 88' lang='lat' dir='ltr'><strong>actus</strong></span> <span class='ocrx_word' id='word_1_101' title='bbox 1406 1751 1675 1811; x_wconf 87' lang='lat' dir='ltr'><strong>multum</strong></span> 
     </span>
     <span class='ocr_line' id='line_1_16' title="bbox 138 1845 1677 1919; baseline -0.003 -11"><span class='ocrx_word' id='word_1_102' title='bbox 138 1846 350 1908; x_wconf 84' lang='lat' dir='ltr'><strong>confert</strong></span> <span class='ocrx_word' id='word_1_103' title='bbox 376 1845 457 1905; x_wconf 89' lang='lat' dir='ltr'><strong>ad</strong></span> <span class='ocrx_word' id='word_1_104' title='bbox 498 1846 827 1919; x_wconf 80' lang='lat' dir='ltr'><strong>meritum3</strong></span> <span class='ocrx_word' id='word_1_105' title='bbox 873 1846 987 1908; x_wconf 92' lang='lat' dir='ltr'><strong>sed</strong></span> <span class='ocrx_word' id='word_1_106' title='bbox 1037 1847 1101 1907; x_wconf 94' lang='lat' dir='ltr'><strong>hi</strong></span> <span class='ocrx_word' id='word_1_107' title='bbox 1143 1851 1319 1907; x_wconf 82' lang='lat' dir='ltr'><strong>actus</strong></span> <span class='ocrx_word' id='word_1_108' title='bbox 1362 1864 1487 1905; x_wconf 91' lang='lat' dir='ltr'><strong>non</strong></span> <span class='ocrx_word' id='word_1_109' title='bbox 1532 1848 1677 1905; x_wconf 89' lang='lat' dir='ltr'><strong>sunt</strong></span> 
     </span>
     <span class='ocr_line' id='line_1_17' title="bbox 140 1938 1677 2019; baseline -0.004 -16"><span class='ocrx_word' id='word_1_110' title='bbox 140 1940 385 2019; x_wconf 84' lang='lat' dir='ltr'><strong>aequales</strong></span> <span class='ocrx_word' id='word_1_111' title='bbox 410 1939 473 1999; x_wconf 89' lang='lat' dir='ltr'><strong>in</strong></span> <span class='ocrx_word' id='word_1_112' title='bbox 509 1940 795 2001; x_wconf 84' lang='lat' dir='ltr'><strong>bonitate</strong></span> <span class='ocrx_word' id='word_1_113' title='bbox 828 1939 1259 2012; x_wconf 84' lang='lat' dir='ltr'><strong>substantiali;</strong></span> <span class='ocrx_word' id='word_1_114' title='bbox 1310 1955 1483 2017; x_wconf 86' lang='lat' dir='ltr'><strong>ergo,</strong></span> <span class='ocrx_word' id='word_1_115' title='bbox 1533 1938 1677 1997; x_wconf 82' lang='lat' dir='ltr'><strong>licet</strong></span> 
     </span>
     <span class='ocr_line' id='line_1_18' title="bbox 140 2030 1679 2110; baseline -0.001 -17"><span class='ocrx_word' id='word_1_116' title='bbox 140 2036 242 2093; x_wconf 84' lang='lat' dir='ltr'><strong>sint</strong></span> <span class='ocrx_word' id='word_1_117' title='bbox 274 2031 545 2110; x_wconf 81' lang='lat' dir='ltr'><strong>aequales</strong></span> <span class='ocrx_word' id='word_1_118' title='bbox 605 2034 671 2093; x_wconf 91' lang='lat' dir='ltr'><strong>in</strong></span> <span class='ocrx_word' id='word_1_119' title='bbox 725 2033 1076 2093; x_wconf 88' lang='lat' dir='ltr'><strong>intensione</strong></span> <span class='ocrx_word' id='word_1_120' title='bbox 1104 2076 1119 2105; x_wconf 88' lang='lat'>‚</span> <span class='ocrx_word' id='word_1_121' title='bbox 1170 2050 1299 2092; x_wconf 90' lang='lat' dir='ltr'><strong>non</strong></span> <span class='ocrx_word' id='word_1_122' title='bbox 1352 2030 1679 2091; x_wconf 88' lang='lat' dir='ltr'><strong>habebunt</strong></span> 
     </span>
     <span class='ocr_line' id='line_1_19' title="bbox 142 2124 1675 2205; baseline -0.002 -18"><span class='ocrx_word' id='word_1_123' title='bbox 142 2126 355 2205; x_wconf 69' lang='lat' dir='ltr'><strong>{equale</strong></span> <span class='ocrx_word' id='word_1_124' title='bbox 392 2125 706 2187; x_wconf 88' lang='lat' dir='ltr'><strong>meritum.</strong></span> <span class='ocrx_word' id='word_1_125' title='bbox 740 2128 956 2205; x_wconf 89' lang='lat' dir='ltr'><strong>ltaque</strong></span> <span class='ocrx_word' id='word_1_126' title='bbox 1006 2136 1178 2187; x_wconf 87' lang='lat' dir='ltr'><strong>actus</strong></span> <span class='ocrx_word' id='word_1_127' title='bbox 1223 2124 1541 2186; x_wconf 85' lang='lat' dir='ltr'><strong>charitatis</strong></span> <span class='ocrx_word' id='word_1_128' title='bbox 1566 2124 1675 2185; x_wconf 90' lang='lat' dir='ltr'><strong>Dei</strong></span> 
     </span>
     <span class='ocr_line' id='line_1_20' title="bbox 142 2219 1677 2297; baseline -0.001 -18"><span class='ocrx_word' id='word_1_129' title='bbox 142 2226 197 2279; x_wconf 88' lang='lat' dir='ltr'><strong>ut</strong></span> <span class='ocrx_word' id='word_1_130' title='bbox 229 2224 507 2296; x_wconf 86' lang='lat' dir='ltr'><strong>quatuor,</strong></span> <span class='ocrx_word' id='word_1_131' title='bbox 539 2219 744 2297; x_wconf 84' lang='lat' dir='ltr'><strong>magis</strong></span> <span class='ocrx_word' id='word_1_132' title='bbox 772 2220 1125 2281; x_wconf 89' lang='lat' dir='ltr'><strong>meritorius</strong></span> <span class='ocrx_word' id='word_1_133' title='bbox 1154 2224 1249 2279; x_wconf 90' lang='lat' dir='ltr'><strong>est</strong></span> <span class='ocrx_word' id='word_1_134' title='bbox 1275 2236 1465 2297; x_wconf 86' lang='lat' dir='ltr'><strong>quam</strong></span> <span class='ocrx_word' id='word_1_135' title='bbox 1501 2222 1677 2279; x_wconf 86' lang='lat' dir='ltr'><strong>actus</strong></span> 
     </span>
     <span class='ocr_line' id='line_1_21' title="bbox 142 2311 1677 2392; baseline -0.001 -19"><span class='ocrx_word' id='word_1_136' title='bbox 142 2312 287 2384; x_wconf 78' lang='lat' dir='ltr'><strong>fidei,</strong></span> <span class='ocrx_word' id='word_1_137' title='bbox 313 2312 466 2391; x_wconf 87' lang='lat' dir='ltr'><strong>spei,</strong></span> <span class='ocrx_word' id='word_1_138' title='bbox 511 2317 622 2373; x_wconf 87' lang='lat' dir='ltr'><strong>aut</strong></span> <span class='ocrx_word' id='word_1_139' title='bbox 660 2313 979 2392; x_wconf 83' lang='lat' dir='ltr'><strong>religionis</strong></span> <span class='ocrx_word' id='word_1_140' title='bbox 1020 2320 1087 2373; x_wconf 90' lang='lat' dir='ltr'><strong>ut</strong></span> <span class='ocrx_word' id='word_1_141' title='bbox 1113 2318 1416 2391; x_wconf 69' lang='lat' dir='ltr'><strong>quatuor-3</strong></span> <span class='ocrx_word' id='word_1_142' title='bbox 1453 2318 1513 2372; x_wconf 91' lang='lat' dir='ltr'><strong>et</strong></span> <span class='ocrx_word' id='word_1_143' title='bbox 1536 2311 1677 2372; x_wconf 88' lang='lat' dir='ltr'><strong>talis</strong></span> 
     </span>
     <span class='ocr_line' id='line_1_22' title="bbox 146 2405 1675 2483; baseline 0 -18"><span class='ocrx_word' id='word_1_144' title='bbox 146 2412 297 2465; x_wconf 82' lang='lat' dir='ltr'><strong>actus</strong></span> <span class='ocrx_word' id='word_1_145' title='bbox 338 2405 659 2482; x_wconf 76' lang='lat' dir='ltr'><strong>religionis</strong></span> <span class='ocrx_word' id='word_1_146' title='bbox 714 2406 915 2483; x_wconf 84' lang='lat' dir='ltr'><strong>magis</strong></span> <span class='ocrx_word' id='word_1_147' title='bbox 963 2406 1315 2466; x_wconf 88' lang='lat' dir='ltr'><strong>meritorius</strong></span> <span class='ocrx_word' id='word_1_148' title='bbox 1346 2411 1441 2467; x_wconf 91' lang='lat' dir='ltr'><strong>est</strong></span> <span class='ocrx_word' id='word_1_149' title='bbox 1487 2422 1675 2483; x_wconf 88' lang='lat' dir='ltr'><strong>quam</strong></span> 
     </span>
     <span class='ocr_line' id='line_1_23' title="bbox 148 2498 1670 2579; baseline 0.001 -20"><span class='ocrx_word' id='word_1_150' title='bbox 148 2498 335 2559; x_wconf 88' lang='lat' dir='ltr'><strong>similis</strong></span> <span class='ocrx_word' id='word_1_151' title='bbox 370 2504 547 2559; x_wconf 85' lang='lat' dir='ltr'><strong>actus</strong></span> <span class='ocrx_word' id='word_1_152' title='bbox 578 2499 1008 2579; x_wconf 62' lang='lat' dir='ltr'><strong>temperantiae</strong></span> <span class='ocrx_word' id='word_1_153' title='bbox 1030 2545 1045 2571; x_wconf 89' lang='lat'><strong>‚</strong></span> <span class='ocrx_word' id='word_1_154' title='bbox 1092 2500 1333 2561; x_wconf 61' lang='lat' dir='ltr'><strong>caeteris</strong></span> <span class='ocrx_word' id='word_1_155' title='bbox 1382 2498 1670 2577; x_wconf 87' lang='lat' dir='ltr'><strong>paribus;</strong></span> 
     </span>
     <span class='ocr_line' id='line_1_24' title="bbox 149 2591 1677 2671; baseline 0.001 -20"><span class='ocrx_word' id='word_1_156' title='bbox 149 2593 299 2651; x_wconf 84' lang='lat' dir='ltr'><strong>etsie</strong></span> <span class='ocrx_word' id='word_1_157' title='bbox 324 2591 401 2653; x_wconf 93' lang='lat' dir='ltr'><strong>de</strong></span> <span class='ocrx_word' id='word_1_158' title='bbox 420 2592 582 2652; x_wconf 88' lang='lat' dir='ltr'><strong>aliis.</strong></span> <span class='ocrx_word' id='word_1_159' title='bbox 616 2594 877 2665; x_wconf 77' lang='lat' dir='ltr'><strong>RursuS,</strong></span> <span class='ocrx_word' id='word_1_160' title='bbox 904 2592 1114 2653; x_wconf 88' lang='lat' dir='ltr'><strong>nullus</strong></span> <span class='ocrx_word' id='word_1_161' title='bbox 1142 2598 1317 2653; x_wconf 90' lang='lat' dir='ltr'><strong>actus</strong></span> <span class='ocrx_word' id='word_1_162' title='bbox 1347 2592 1549 2652; x_wconf 89' lang='lat' dir='ltr'><strong>bonus</strong></span> <span class='ocrx_word' id='word_1_163' title='bbox 1570 2610 1677 2671; x_wconf 92' lang='lat' dir='ltr'><strong>po-</strong></span> 
     </span>
     <span class='ocr_line' id='line_1_25' title="bbox 145 2684 1675 2763; baseline 0.001 -19"><span class='ocrx_word' id='word_1_164' title='bbox 145 2690 249 2745; x_wconf 85' lang='lat' dir='ltr'><strong>test</strong></span> <span class='ocrx_word' id='word_1_165' title='bbox 274 2684 493 2746; x_wconf 86' lang='lat' dir='ltr'><strong>mereri</strong></span> <span class='ocrx_word' id='word_1_166' title='bbox 522 2684 741 2762; x_wconf 87' lang='lat' dir='ltr'><strong>plures</strong></span> <span class='ocrx_word' id='word_1_167' title='bbox 785 2684 1018 2762; x_wconf 87' lang='lat' dir='ltr'><strong>gradus</strong></span> <span class='ocrx_word' id='word_1_168' title='bbox 1055 2686 1269 2763; x_wconf 80' lang='lat' dir='ltr'><strong>gratiae</strong></span> <span class='ocrx_word' id='word_1_169' title='bbox 1320 2701 1510 2763; x_wconf 89' lang='lat' dir='ltr'><strong>quam</strong></span> <span class='ocrx_word' id='word_1_170' title='bbox 1540 2684 1675 2763; x_wconf 87' lang='lat' dir='ltr'><strong>ipse</strong></span> 
     </span>
     <span class='ocr_line' id='line_1_26' title="bbox 146 2777 1677 2857; baseline 0.003 -22"><span class='ocrx_word' id='word_1_171' title='bbox 146 2777 364 2849; x_wconf 81' lang='lat' dir='ltr'><strong>habeat,</strong></span> <span class='ocrx_word' id='word_1_172' title='bbox 394 2778 567 2856; x_wconf 90' lang='lat' dir='ltr'><strong>quod</strong></span> <span class='ocrx_word' id='word_1_173' title='bbox 594 2777 837 2839; x_wconf 88' lang='lat' dir='ltr'><strong>videtur</strong></span> <span class='ocrx_word' id='word_1_174' title='bbox 865 2796 979 2856; x_wconf 88' lang='lat' dir='ltr'><strong>per</strong></span> <span class='ocrx_word' id='word_1_175' title='bbox 1006 2796 1073 2839; x_wconf 91' lang='lat' dir='ltr'><strong>se</strong></span> <span class='ocrx_word' id='word_1_176' title='bbox 1104 2784 1345 2850; x_wconf 88' lang='lat' dir='ltr'><strong>notum,</strong></span> <span class='ocrx_word' id='word_1_177' title='bbox 1378 2778 1523 2857; x_wconf 88' lang='lat' dir='ltr'><strong>quia</strong></span> <span class='ocrx_word' id='word_1_178' title='bbox 1546 2796 1677 2839; x_wconf 91' lang='lat' dir='ltr'><strong>om-</strong></span> 
     </span>
     <span class='ocr_line' id='line_1_27' title="bbox 146 2870 1677 2948; baseline 0.001 -21"><span class='ocrx_word' id='word_1_179' title='bbox 146 2870 273 2928; x_wconf 91' lang='lat' dir='ltr'><strong>nino</strong></span> <span class='ocrx_word' id='word_1_180' title='bbox 300 2870 537 2931; x_wconf 82' lang='lat' dir='ltr'><strong>excedit</strong></span> <span class='ocrx_word' id='word_1_181' title='bbox 568 2870 1035 2948; x_wconf 82' lang='lat' dir='ltr'><strong>proportionem</strong></span> <span class='ocrx_word' id='word_1_182' title='bbox 1058 2870 1199 2931; x_wconf 89' lang='lat' dir='ltr'><strong>talis</strong></span> <span class='ocrx_word' id='word_1_183' title='bbox 1226 2876 1423 2941; x_wconf 88' lang='lat' dir='ltr'><strong>actus,</strong></span> <span class='ocrx_word' id='word_1_184' title='bbox 1456 2874 1517 2930; x_wconf 91' lang='lat' dir='ltr'><strong>et</strong></span> <span class='ocrx_word' id='word_1_185' title='bbox 1542 2870 1677 2930; x_wconf 89' lang='lat' dir='ltr'><strong>nul-</strong></span> 
     </span>
     <span class='ocr_line' id='line_1_28' title="bbox 146 2961 1677 3041; baseline 0.003 -22"><span class='ocrx_word' id='word_1_186' title='bbox 146 2961 255 3020; x_wconf 91' lang='lat' dir='ltr'><strong>lum</strong></span> <span class='ocrx_word' id='word_1_187' title='bbox 300 2961 443 3040; x_wconf 85' lang='lat' dir='ltr'><strong>fingi</strong></span> <span class='ocrx_word' id='word_1_188' title='bbox 494 2968 703 3041; x_wconf 88' lang='lat' dir='ltr'><strong>potest</strong></span> <span class='ocrx_word' id='word_1_189' title='bbox 754 2963 1235 3025; x_wconf 89' lang='lat' dir='ltr'><strong>fundamentum</strong></span> <span class='ocrx_word' id='word_1_190' title='bbox 1276 2964 1355 3024; x_wconf 89' lang='lat' dir='ltr'><strong>ad</strong></span> <span class='ocrx_word' id='word_1_191' title='bbox 1405 2962 1469 3023; x_wconf 88' lang='lat' dir='ltr'><strong>id</strong></span> <span class='ocrx_word' id='word_1_192' title='bbox 1508 2982 1677 3024; x_wconf 88' lang='lat' dir='ltr'><strong>asse-</strong></span> 
     </span>
     <span class='ocr_line' id='line_1_29' title="bbox 146 3054 1678 3135; baseline 0.003 -22"><span class='ocrx_word' id='word_1_193' title='bbox 146 3054 411 3127; x_wconf 79' lang='lat' dir='ltr'><strong>rendum3</strong></span> <span class='ocrx_word' id='word_1_194' title='bbox 445 3074 601 3135; x_wconf 83' lang='lat' dir='ltr'><strong>ergo</strong></span> <span class='ocrx_word' id='word_1_195' title='bbox 634 3055 841 3116; x_wconf 89' lang='lat' dir='ltr'><strong>nullus</strong></span> <span class='ocrx_word' id='word_1_196' title='bbox 868 3062 1045 3118; x_wconf 90' lang='lat' dir='ltr'><strong>actus</strong></span> <span class='ocrx_word' id='word_1_197' title='bbox 1072 3055 1313 3118; x_wconf 85' lang='lat' dir='ltr'><strong>virtutis</strong></span> <span class='ocrx_word' id='word_1_198' title='bbox 1338 3055 1497 3117; x_wconf 82' lang='lat' dir='ltr'><strong>infra</strong></span> <span class='ocrx_word' id='word_1_199' title='bbox 1526 3058 1678 3118; x_wconf 88' lang='lat' dir='ltr'><strong>cha-</strong></span> 
     </span>
     <span class='ocr_line' id='line_1_30' title="bbox 146 3148 1678 3228; baseline 0.001 -21"><span class='ocrx_word' id='word_1_200' title='bbox 146 3148 359 3208; x_wconf 84' lang='lat' dir='ltr'><strong>ritatem</strong></span> <span class='ocrx_word' id='word_1_201' title='bbox 384 3153 593 3227; x_wconf 86' lang='lat' dir='ltr'><strong>potest</strong></span> <span class='ocrx_word' id='word_1_202' title='bbox 620 3149 847 3210; x_wconf 90' lang='lat' dir='ltr'><strong>mereri</strong></span> <span class='ocrx_word' id='word_1_203' title='bbox 890 3153 1301 3228; x_wconf 90' lang='lat' dir='ltr'><strong>augmentum</strong></span> <span class='ocrx_word' id='word_1_204' title='bbox 1333 3150 1545 3228; x_wconf 69' lang='lat' dir='ltr'><strong>gratia:</strong></span> <span class='ocrx_word' id='word_1_205' title='bbox 1578 3168 1678 3210; x_wconf 92' lang='lat' dir='ltr'><strong>se-</strong></span> 
     </span>
     <span class='ocr_line' id='line_1_31' title="bbox 147 3241 1677 3321; baseline 0.003 -21"><span class='ocrx_word' id='word_1_206' title='bbox 147 3241 387 3302; x_wconf 86' lang='lat' dir='ltr'><strong>cundum</strong></span> <span class='ocrx_word' id='word_1_207' title='bbox 425 3248 623 3303; x_wconf 88' lang='lat' dir='ltr'><strong>totam</strong></span> <span class='ocrx_word' id='word_1_208' title='bbox 652 3260 832 3303; x_wconf 88' lang='lat' dir='ltr'><strong>suam</strong></span> <span class='ocrx_word' id='word_1_209' title='bbox 872 3242 1267 3302; x_wconf 88' lang='lat' dir='ltr'><strong>latitudinem</strong></span> <span class='ocrx_word' id='word_1_210' title='bbox 1298 3243 1375 3304; x_wconf 86' lang='lat' dir='ltr'><strong>ad</strong></span> <span class='ocrx_word' id='word_1_211' title='bbox 1421 3242 1677 3321; x_wconf 60' lang='lat' dir='ltr'><strong>aequali-</strong></span> 
     </span>
     <span class='ocr_line' id='line_1_32' title="bbox 148 3335 1673 3413; baseline 0.001 -19"><span class='ocrx_word' id='word_1_212' title='bbox 148 3341 329 3394; x_wconf 78' lang='lat' dir='ltr'><strong>tatem.</strong></span> <span class='ocrx_word' id='word_1_213' title='bbox 364 3335 667 3397; x_wconf 82' lang='lat' dir='ltr'><strong>Probatur</strong></span> <span class='ocrx_word' id='word_1_214' title='bbox 712 3338 847 3396; x_wconf 86' lang='lat' dir='ltr'><strong>haec</strong></span> <span class='ocrx_word' id='word_1_215' title='bbox 902 3335 1121 3395; x_wconf 87' lang='lat' dir='ltr'><strong>ultima</strong></span> <span class='ocrx_word' id='word_1_216' title='bbox 1176 3336 1627 3413; x_wconf 83' lang='lat' dir='ltr'><strong>consequentia</strong></span> <span class='ocrx_word' id='word_1_217' title='bbox 1656 3381 1673 3408; x_wconf 95' lang='lat'><strong>,</strong></span> 
     </span>
     <span class='ocr_line' id='line_1_33' title="bbox 144 3428 1676 3508; baseline 0.003 -23"><span class='ocrx_word' id='word_1_218' title='bbox 144 3428 265 3503; x_wconf 89' lang='lat' dir='ltr'><strong>quia</strong></span> <span class='ocrx_word' id='word_1_219' title='bbox 296 3430 343 3488; x_wconf 91' lang='lat' dir='ltr'><strong>si</strong></span> <span class='ocrx_word' id='word_1_220' title='bbox 382 3428 607 3508; x_wconf 89' lang='lat' dir='ltr'><strong>aliquis</strong></span> <span class='ocrx_word' id='word_1_221' title='bbox 630 3435 805 3490; x_wconf 87' lang='lat' dir='ltr'><strong>actus</strong></span> <span class='ocrx_word' id='word_1_222' title='bbox 834 3429 1191 3490; x_wconf 88' lang='lat' dir='ltr'><strong>meritorius</strong></span> <span class='ocrx_word' id='word_1_223' title='bbox 1214 3430 1403 3490; x_wconf 89' lang='lat' dir='ltr'><strong>habet</strong></span> <span class='ocrx_word' id='word_1_224' title='bbox 1431 3433 1676 3490; x_wconf 86' lang='lat' dir='ltr'><strong>tantum</strong></span> 
     </span>
     <span class='ocr_line' id='line_1_34' title="bbox 144 3521 1675 3592; baseline 0.003 -12"><span class='ocrx_word' id='word_1_225' title='bbox 144 3521 406 3592; x_wconf 72' lang='lat' dir='ltr'><strong>valorem,</strong></span> <span class='ocrx_word' id='word_1_226' title='bbox 432 3529 615 3587; x_wconf 85' lang='lat' dir='ltr'><strong>certe.</strong></span> <span class='ocrx_word' id='word_1_227' title='bbox 630 3524 733 3584; x_wconf 91' lang='lat' dir='ltr'><strong>ille</strong></span> <span class='ocrx_word' id='word_1_228' title='bbox 760 3523 875 3584; x_wconf 89' lang='lat' dir='ltr'><strong>erit</strong></span> <span class='ocrx_word' id='word_1_229' title='bbox 897 3526 1073 3583; x_wconf 87' lang='lat' dir='ltr'><strong>actus</strong></span> <span class='ocrx_word' id='word_1_230' title='bbox 1094 3524 1324 3584; x_wconf 87' lang='lat' dir='ltr'><strong>amoris</strong></span> <span class='ocrx_word' id='word_1_231' title='bbox 1344 3523 1454 3584; x_wconf 90' lang='lat' dir='ltr'><strong>Dei</strong></span> <span class='ocrx_word' id='word_1_232' title='bbox 1474 3543 1511 3584; x_wconf 90' lang='lat' dir='ltr'><strong>a</strong></span> <span class='ocrx_word' id='word_1_233' title='bbox 1532 3524 1675 3585; x_wconf 86' lang='lat' dir='ltr'><strong>cha-</strong></span> 
     </span>
     <span class='ocr_line' id='line_1_35' title="bbox 145 3613 1667 3695; baseline 0.003 -24"><span class='ocrx_word' id='word_1_234' title='bbox 145 3613 299 3674; x_wconf 84' lang='lat' dir='ltr'><strong>ritate</strong></span> <span class='ocrx_word' id='word_1_235' title='bbox 326 3615 566 3677; x_wconf 90' lang='lat' dir='ltr'><strong>elieitus</strong></span> <span class='ocrx_word' id='word_1_236' title='bbox 587 3662 602 3689; x_wconf 94' lang='lat'><strong>,</strong></span> <span class='ocrx_word' id='word_1_237' title='bbox 638 3615 745 3695; x_wconf 86' lang='lat' dir='ltr'><strong>qui</strong></span> <span class='ocrx_word' id='word_1_238' title='bbox 778 3621 873 3676; x_wconf 87' lang='lat' dir='ltr'><strong>est</strong></span> <span class='ocrx_word' id='word_1_239' title='bbox 910 3615 1441 3694; x_wconf 56' lang='lat' dir='ltr'><strong>perfectissimum</strong></span> <span class='ocrx_word' id='word_1_240' title='bbox 1477 3615 1667 3690; x_wconf 83' lang='lat' dir='ltr'><strong>unde,</strong></span> 
     </span>
     <span class='ocr_line' id='line_1_36' title="bbox 146 3707 1672 3779; baseline 0.003 -15"><span class='ocrx_word' id='word_1_241' title='bbox 146 3708 187 3764; x_wconf 90' lang='lat' dir='ltr'><strong>si</strong></span> <span class='ocrx_word' id='word_1_242' title='bbox 210 3707 299 3767; x_wconf 90' lang='lat' dir='ltr'><strong>ille</strong></span> <span class='ocrx_word' id='word_1_243' title='bbox 326 3726 447 3768; x_wconf 92' lang='lat' dir='ltr'><strong>non</strong></span> <span class='ocrx_word' id='word_1_244' title='bbox 482 3715 579 3770; x_wconf 88' lang='lat' dir='ltr'><strong>est</strong></span> <span class='ocrx_word' id='word_1_245' title='bbox 607 3709 761 3770; x_wconf 88' lang='lat' dir='ltr'><strong>tanti</strong></span> <span class='ocrx_word' id='word_1_246' title='bbox 796 3709 1024 3779; x_wconf 87' lang='lat' dir='ltr'><strong>meriti,</strong></span> <span class='ocrx_word' id='word_1_247' title='bbox 1060 3727 1097 3768; x_wconf 88' lang='lat' dir='ltr'><strong>a</strong></span> <span class='ocrx_word' id='word_1_248' title='bbox 1126 3708 1367 3769; x_wconf 82' lang='lat' dir='ltr'><strong>fortiori</strong></span> <span class='ocrx_word' id='word_1_249' title='bbox 1408 3727 1527 3769; x_wconf 89' lang='lat' dir='ltr'><strong>nec</strong></span> <span class='ocrx_word' id='word_1_250' title='bbox 1570 3709 1672 3770; x_wconf 92' lang='lat' dir='ltr'><strong>alii</strong></span> 
     </span>
     <span class='ocr_line' id='line_1_37' title="bbox 146 3800 1675 3879; baseline 0.003 -21"><span class='ocrx_word' id='word_1_251' title='bbox 146 3805 323 3872; x_wconf 87' lang='lat' dir='ltr'><strong>erunt;</strong></span> <span class='ocrx_word' id='word_1_252' title='bbox 346 3800 675 3878; x_wconf 75' lang='lat' dir='ltr'><strong>veletiam,</strong></span> <span class='ocrx_word' id='word_1_253' title='bbox 701 3801 985 3879; x_wconf 87' lang='lat' dir='ltr'><strong>quamvis</strong></span> <span class='ocrx_word' id='word_1_254' title='bbox 1008 3807 1183 3861; x_wconf 89' lang='lat' dir='ltr'><strong>aetus</strong></span> <span class='ocrx_word' id='word_1_255' title='bbox 1200 3800 1440 3863; x_wconf 89' lang='lat' dir='ltr'><strong>elicitus</strong></span> <span class='ocrx_word' id='word_1_256' title='bbox 1470 3820 1507 3862; x_wconf 90' lang='lat' dir='ltr'><strong>a</strong></span> <span class='ocrx_word' id='word_1_257' title='bbox 1532 3803 1675 3862; x_wconf 89' lang='lat' dir='ltr'><strong>cha-</strong></span> 
     </span>
     <span class='ocr_line' id='line_1_38' title="bbox 146 3891 1674 3968; baseline 0.004 -18"><span class='ocrx_word' id='word_1_258' title='bbox 146 3891 295 3954; x_wconf 80' lang='lat' dir='ltr'><strong>ritate</strong></span> <span class='ocrx_word' id='word_1_259' title='bbox 333 3895 489 3955; x_wconf 90' lang='lat' dir='ltr'><strong>hanc</strong></span> <span class='ocrx_word' id='word_1_260' title='bbox 516 3895 959 3956; x_wconf 86' lang='lat' dir='ltr'><strong>excellentiam</strong></span> <span class='ocrx_word' id='word_1_261' title='bbox 990 3895 1241 3968; x_wconf 88' lang='lat' dir='ltr'><strong>habeat,</strong></span> <span class='ocrx_word' id='word_1_262' title='bbox 1276 3895 1378 3954; x_wconf 89' lang='lat' dir='ltr'><strong>alii</strong></span> <span class='ocrx_word' id='word_1_263' title='bbox 1404 3913 1531 3954; x_wconf 90' lang='lat' dir='ltr'><strong>non</strong></span> <span class='ocrx_word' id='word_1_264' title='bbox 1560 3895 1674 3956; x_wconf 85' lang='lat' dir='ltr'><strong>ha-</strong></span> 
     </span>
     <span class='ocr_line' id='line_1_39' title="bbox 145 3983 1675 4066; baseline 0.003 -23"><span class='ocrx_word' id='word_1_265' title='bbox 145 3983 365 4058; x_wconf 86' lang='lat' dir='ltr'><strong>bebunt,</strong></span> <span class='ocrx_word' id='word_1_266' title='bbox 384 3987 689 4064; x_wconf 75' lang='lat' dir='ltr'><strong>quianon</strong></span> <span class='ocrx_word' id='word_1_267' title='bbox 729 3993 873 4048; x_wconf 88' lang='lat' dir='ltr'><strong>sunt</strong></span> <span class='ocrx_word' id='word_1_268' title='bbox 896 3987 981 4048; x_wconf 87' lang='lat' dir='ltr'><strong>ita</strong></span> <span class='ocrx_word' id='word_1_269' title='bbox 1004 3987 1262 4066; x_wconf 85' lang='lat' dir='ltr'><strong>perfecti</strong></span> <span class='ocrx_word' id='word_1_270' title='bbox 1290 3988 1353 4048; x_wconf 91' lang='lat' dir='ltr'><strong>in</strong></span> <span class='ocrx_word' id='word_1_271' title='bbox 1384 3988 1675 4048; x_wconf 86' lang='lat' dir='ltr'><strong>substan-</strong></span> 
     </span>
     <span class='ocr_line' id='line_1_40' title="bbox 146 4077 1669 4160; baseline 0.004 -24"><span class='ocrx_word' id='word_1_272' title='bbox 146 4077 251 4136; x_wconf 86' lang='lat' dir='ltr'><strong>tiali</strong></span> <span class='ocrx_word' id='word_1_273' title='bbox 274 4078 561 4142; x_wconf 86' lang='lat' dir='ltr'><strong>bonitate.</strong></span> <span class='ocrx_word' id='word_1_274' title='bbox 580 4080 698 4140; x_wconf 85' lang='lat' dir='ltr'><strong>Vel</strong></span> <span class='ocrx_word' id='word_1_275' title='bbox 721 4097 755 4142; x_wconf 91' lang='lat' dir='ltr'><strong>e</strong></span> <span class='ocrx_word' id='word_1_276' title='bbox 781 4097 1085 4140; x_wconf 87' lang='lat' dir='ltr'><strong>converso</strong></span> <span class='ocrx_word' id='word_1_277' title='bbox 1106 4080 1481 4158; x_wconf 75' lang='lat' dir='ltr'><strong>declaratur,</strong></span> <span class='ocrx_word' id='word_1_278' title='bbox 1501 4081 1669 4160; x_wconf 87' lang='lat' dir='ltr'><strong>qnia,</strong></span> 
     </span>
     <span class='ocr_line' id='line_1_41' title="bbox 146 4169 1675 4253; baseline 0.005 -26"><span class='ocrx_word' id='word_1_279' title='bbox 146 4169 189 4227; x_wconf 86' lang='lat' dir='ltr'><strong>si</strong></span> <span class='ocrx_word' id='word_1_280' title='bbox 208 4176 363 4231; x_wconf 85' lang='lat' dir='ltr'><strong>actus</strong></span> <span class='ocrx_word' id='word_1_281' title='bbox 386 4171 533 4234; x_wconf 88' lang='lat' dir='ltr'><strong>fidei</strong></span> <span class='ocrx_word' id='word_1_282' title='bbox 556 4179 629 4234; x_wconf 89' lang='lat' dir='ltr'><strong>ut</strong></span> <span class='ocrx_word' id='word_1_283' title='bbox 656 4177 927 4251; x_wconf 87' lang='lat' dir='ltr'><strong>quatuor</strong></span> <span class='ocrx_word' id='word_1_284' title='bbox 948 4179 1115 4234; x_wconf 91' lang='lat' dir='ltr'><strong>esset</strong></span> <span class='ocrx_word' id='word_1_285' title='bbox 1141 4173 1494 4234; x_wconf 89' lang='lat' dir='ltr'><strong>meritorius</strong></span> <span class='ocrx_word' id='word_1_286' title='bbox 1524 4192 1675 4253; x_wconf 86' lang='lat' dir='ltr'><strong>qua-</strong></span> 
     </span>
     <span class='ocr_line' id='line_1_42' title="bbox 146 4264 1677 4346; baseline 0.006 -27"><span class='ocrx_word' id='word_1_287' title='bbox 146 4266 263 4321; x_wconf 87' lang='lat' dir='ltr'><strong>tuor</strong></span> <span class='ocrx_word' id='word_1_288' title='bbox 281 4264 577 4342; x_wconf 87' lang='lat' dir='ltr'><strong>graduum</strong></span> <span class='ocrx_word' id='word_1_289' title='bbox 600 4265 837 4344; x_wconf 66' lang='lat' dir='ltr'><strong>gratim,</strong></span> <span class='ocrx_word' id='word_1_290' title='bbox 862 4271 1039 4328; x_wconf 88' lang='lat' dir='ltr'><strong>aetus</strong></span> <span class='ocrx_word' id='word_1_291' title='bbox 1076 4266 1391 4328; x_wconf 87' lang='lat' dir='ltr'><strong>charitatis</strong></span> <span class='ocrx_word' id='word_1_292' title='bbox 1418 4273 1489 4328; x_wconf 90' lang='lat' dir='ltr'><strong>ut</strong></span> <span class='ocrx_word' id='word_1_293' title='bbox 1526 4285 1677 4346; x_wconf 90' lang='lat' dir='ltr'><strong>qua-</strong></span> 
     </span>
     <span class='ocr_line' id='line_1_43' title="bbox 144 4359 1675 4440; baseline 0.006 -28"><span class='ocrx_word' id='word_1_294' title='bbox 144 4359 265 4414; x_wconf 89' lang='lat' dir='ltr'><strong>tuor</strong></span> <span class='ocrx_word' id='word_1_295' title='bbox 282 4364 435 4420; x_wconf 85' lang='lat' dir='ltr'><strong>esset</strong></span> <span class='ocrx_word' id='word_1_296' title='bbox 454 4359 813 4418; x_wconf 85' lang='lat' dir='ltr'><strong>meritorius</strong></span> <span class='ocrx_word' id='word_1_297' title='bbox 826 4359 1101 4436; x_wconf 89' lang='lat' dir='ltr'><strong>plurium</strong></span> <span class='ocrx_word' id='word_1_298' title='bbox 1123 4359 1433 4438; x_wconf 84' lang='lat' dir='ltr'><strong>graduum</strong></span> <span class='ocrx_word' id='word_1_299' title='bbox 1454 4379 1470 4432; x_wconf 88' lang='lat'><strong>;</strong></span> <span class='ocrx_word' id='word_1_300' title='bbox 1490 4379 1675 4440; x_wconf 85' lang='lat' dir='ltr'><strong>repu-</strong></span> 
     </span>
     <span class='ocr_line' id='line_1_44' title="bbox 148 4451 1669 4530; baseline 0.005 -24"><span class='ocrx_word' id='word_1_301' title='bbox 148 4453 273 4524; x_wconf 85' lang='lat' dir='ltr'><strong>gnat</strong></span> <span class='ocrx_word' id='word_1_302' title='bbox 292 4455 489 4510; x_wconf 86' lang='lat' dir='ltr'><strong>autem</strong></span> <span class='ocrx_word' id='word_1_303' title='bbox 522 4456 592 4511; x_wconf 88' lang='lat' dir='ltr'><strong>ut</strong></span> <span class='ocrx_word' id='word_1_304' title='bbox 616 4451 839 4530; x_wconf 86' lang='lat' dir='ltr'><strong>aliquis</strong></span> <span class='ocrx_word' id='word_1_305' title='bbox 868 4455 1066 4523; x_wconf 90' lang='lat' dir='ltr'><strong>actus,</strong></span> <span class='ocrx_word' id='word_1_306' title='bbox 1106 4451 1297 4513; x_wconf 89' lang='lat' dir='ltr'><strong>etiam</strong></span> <span class='ocrx_word' id='word_1_307' title='bbox 1330 4453 1669 4527; x_wconf 83' lang='lat' dir='ltr'><strong>charitatis,</strong></span> 
     </span>
     <span class='ocr_line' id='line_1_45' title="bbox 146 4543 1677 4626; baseline 0.007 -28"><span class='ocrx_word' id='word_1_308' title='bbox 146 4547 423 4602; x_wconf 84' lang='lat' dir='ltr'><strong>mereatur</strong></span> <span class='ocrx_word' id='word_1_309' title='bbox 438 4543 650 4621; x_wconf 88' lang='lat' dir='ltr'><strong>plures</strong></span> <span class='ocrx_word' id='word_1_310' title='bbox 677 4545 909 4622; x_wconf 79' lang='lat' dir='ltr'><strong>gradus</strong></span> <span class='ocrx_word' id='word_1_311' title='bbox 932 4546 1171 4624; x_wconf 69' lang='lat' dir='ltr'><strong>gratim,</strong></span> <span class='ocrx_word' id='word_1_312' title='bbox 1189 4564 1383 4624; x_wconf 86' lang='lat' dir='ltr'><strong>quam</strong></span> <span class='ocrx_word' id='word_1_313' title='bbox 1412 4548 1545 4626; x_wconf 89' lang='lat' dir='ltr'><strong>ipse</strong></span> <span class='ocrx_word' id='word_1_314' title='bbox 1562 4549 1677 4608; x_wconf 89' lang='lat' dir='ltr'><strong>ha-</strong></span> 
     </span>
     <span class='ocr_line' id='line_1_46' title="bbox 146 4629 1670 4716; baseline 0.007 -27"><span class='ocrx_word' id='word_1_315' title='bbox 146 4629 271 4692; x_wconf 86' lang='lat' dir='ltr'><strong>beat</strong></span> <span class='ocrx_word' id='word_1_316' title='bbox 292 4653 413 4695; x_wconf 78' lang='lat' dir='ltr'><strong>suae</strong></span> <span class='ocrx_word' id='word_1_317' title='bbox 449 4635 745 4698; x_wconf 86' lang='lat' dir='ltr'><strong>bonitatis</strong></span> <span class='ocrx_word' id='word_1_318' title='bbox 788 4655 901 4698; x_wconf 85' lang='lat' dir='ltr'><strong>seu</strong></span> <span class='ocrx_word' id='word_1_319' title='bbox 952 4639 1261 4713; x_wconf 87' lang='lat' dir='ltr'><strong>entitatis;</strong></span> <span class='ocrx_word' id='word_1_320' title='bbox 1292 4657 1443 4716; x_wconf 87' lang='lat' dir='ltr'><strong>ergo</strong></span> <span class='ocrx_word' id='word_1_321' title='bbox 1482 4641 1670 4700; x_wconf 84' lang='lat' dir='ltr'><strong>etiam</strong></span> 
     </span>
     <span class='ocr_line' id='line_1_47' title="bbox 146 4731 1670 4804; baseline 0.007 -23"><span class='ocrx_word' id='word_1_322' title='bbox 146 4734 417 4804; x_wconf 83' lang='lat' dir='ltr'><strong>repugnat</strong></span> <span class='ocrx_word' id='word_1_323' title='bbox 454 4735 523 4788; x_wconf 89' lang='lat' dir='ltr'><strong>ut</strong></span> <span class='ocrx_word' id='word_1_324' title='bbox 566 4737 743 4790; x_wconf 74' lang='lat' dir='ltr'><strong>aetus</strong></span> <span class='ocrx_word' id='word_1_325' title='bbox 795 4731 1161 4791; x_wconf 81' lang='lat' dir='ltr'><strong>inferiorum</strong></span> <span class='ocrx_word' id='word_1_326' title='bbox 1202 4731 1503 4792; x_wconf 84' lang='lat' dir='ltr'><strong>virtutum</strong></span> <span class='ocrx_word' id='word_1_327' title='bbox 1532 4749 1670 4792; x_wconf 89' lang='lat' dir='ltr'><strong>me-</strong></span> 
     </span>
     <span class='ocr_line' id='line_1_48' title="bbox 147 4823 1667 4904; baseline 0.009 -31"><span class='ocrx_word' id='word_1_328' title='bbox 147 4826 367 4880; x_wconf 86' lang='lat' dir='ltr'><strong>reantur</strong></span> <span class='ocrx_word' id='word_1_329' title='bbox 390 4823 619 4900; x_wconf 79' lang='lat' dir='ltr'><strong>gradus</strong></span> <span class='ocrx_word' id='word_1_330' title='bbox 650 4825 862 4904; x_wconf 80' lang='lat' dir='ltr'><strong>gratiae</strong></span> <span class='ocrx_word' id='word_1_331' title='bbox 895 4825 1240 4884; x_wconf 87' lang='lat' dir='ltr'><strong>secundum</strong></span> <span class='ocrx_word' id='word_1_332' title='bbox 1264 4831 1457 4886; x_wconf 88' lang='lat' dir='ltr'><strong>totam</strong></span> <span class='ocrx_word' id='word_1_333' title='bbox 1486 4843 1667 4886; x_wconf 88' lang='lat' dir='ltr'><strong>suam</strong></span> 
     </span>
     <span class='ocr_line' id='line_1_49' title="bbox 147 4907 1663 4998; baseline 0.009 -33"><span class='ocrx_word' id='word_1_334' title='bbox 147 4907 495 4974; x_wconf 86' lang='lat' dir='ltr'><strong>latitudinem</strong></span> <span class='ocrx_word' id='word_1_335' title='bbox 528 4916 611 4976; x_wconf 87' lang='lat' dir='ltr'><strong>ad</strong></span> <span class='ocrx_word' id='word_1_336' title='bbox 639 4916 1080 4994; x_wconf 73' lang='lat' dir='ltr'><strong>aequalitatem.</strong></span> <span class='ocrx_word' id='word_1_337' title='bbox 1114 4919 1189 4977; x_wconf 87' lang='lat' dir='ltr'><strong>Et</strong></span> <span class='ocrx_word' id='word_1_338' title='bbox 1228 4918 1387 4978; x_wconf 85' lang='lat' dir='ltr'><strong>ratio</strong></span> <span class='ocrx_word' id='word_1_339' title='bbox 1430 4917 1663 4998; x_wconf 84' lang='lat' dir='ltr'><strong>optima</strong></span> 
     </span>
     <span class='ocr_line' id='line_1_50' title="bbox 146 5002 1667 5087; baseline 0.008 -27"><span class='ocrx_word' id='word_1_340' title='bbox 146 5002 293 5063; x_wconf 86' lang='lat' dir='ltr'><strong>reddi</strong></span> <span class='ocrx_word' id='word_1_341' title='bbox 316 5014 529 5084; x_wconf 85' lang='lat' dir='ltr'><strong>potest,</strong></span> <span class='ocrx_word' id='word_1_342' title='bbox 572 5009 721 5087; x_wconf 87' lang='lat' dir='ltr'><strong>quia</strong></span> <span class='ocrx_word' id='word_1_343' title='bbox 756 5026 977 5069; x_wconf 86' lang='lat' dir='ltr'><strong>omnes</strong></span> <span class='ocrx_word' id='word_1_344' title='bbox 1012 5009 1151 5068; x_wconf 77' lang='lat' dir='ltr'><strong>aliae</strong></span> <span class='ocrx_word' id='word_1_345' title='bbox 1206 5009 1467 5071; x_wconf 85' lang='lat' dir='ltr'><strong>virtutes</strong></span> <span class='ocrx_word' id='word_1_346' title='bbox 1519 5017 1667 5072; x_wconf 88' lang='lat' dir='ltr'><strong>sunt</strong></span> 
     </span>
     <span class='ocr_line' id='line_1_51' title="bbox 149 5093 1667 5180; baseline 0.009 -30"><span class='ocrx_word' id='word_1_347' title='bbox 149 5093 437 5160; x_wconf 81' lang='lat' dir='ltr'><strong>inferiores</strong></span> <span class='ocrx_word' id='word_1_348' title='bbox 476 5103 675 5180; x_wconf 86' lang='lat' dir='ltr'><strong>gratia</strong></span> <span class='ocrx_word' id='word_1_349' title='bbox 717 5107 779 5162; x_wconf 88' lang='lat' dir='ltr'><strong>et</strong></span> <span class='ocrx_word' id='word_1_350' title='bbox 806 5095 1129 5178; x_wconf 80' lang='lat' dir='ltr'><strong>charitate,</strong></span> <span class='ocrx_word' id='word_1_351' title='bbox 1160 5109 1223 5162; x_wconf 91' lang='lat' dir='ltr'><strong>et</strong></span> <span class='ocrx_word' id='word_1_352' title='bbox 1250 5102 1393 5163; x_wconf 89' lang='lat' dir='ltr'><strong>ideo</strong></span> <span class='ocrx_word' id='word_1_353' title='bbox 1420 5121 1548 5164; x_wconf 90' lang='lat' dir='ltr'><strong>non</strong></span> <span class='ocrx_word' id='word_1_354' title='bbox 1574 5109 1667 5164; x_wconf 89' lang='lat' dir='ltr'><strong>est</strong></span> 
     </span>
     <span class='ocr_line' id='line_1_52' title="bbox 150 5193 1667 5273; baseline 0.007 -27"><span class='ocrx_word' id='word_1_355' title='bbox 150 5203 241 5246; x_wconf 88' lang='lat' dir='ltr'><strong>cur</strong></span> <span class='ocrx_word' id='word_1_356' title='bbox 272 5193 595 5254; x_wconf 86' lang='lat' dir='ltr'><strong>secundum</strong></span> <span class='ocrx_word' id='word_1_357' title='bbox 646 5194 875 5254; x_wconf 88' lang='lat' dir='ltr'><strong>dictam</strong></span> <span class='ocrx_word' id='word_1_358' title='bbox 916 5195 1337 5273; x_wconf 73' lang='lat' dir='ltr'><strong>aequalitatem</strong></span> <span class='ocrx_word' id='word_1_359' title='bbox 1380 5213 1667 5256; x_wconf 86' lang='lat' dir='ltr'><strong>merean-</strong></span> 
     </span>
     <span class='ocr_line' id='line_1_53' title="bbox 150 5283 1667 5368; baseline 0.009 -32"><span class='ocrx_word' id='word_1_360' title='bbox 150 5283 251 5340; x_wconf 88' lang='lat' dir='ltr'><strong>tur.</strong></span> <span class='ocrx_word' id='word_1_361' title='bbox 276 5284 669 5347; x_wconf 86' lang='lat' dir='ltr'><strong>Nihilominus</strong></span> <span class='ocrx_word' id='word_1_362' title='bbox 714 5294 931 5348; x_wconf 86' lang='lat' dir='ltr'><strong>tamen</strong></span> <span class='ocrx_word' id='word_1_363' title='bbox 982 5288 1347 5368; x_wconf 85' lang='lat' dir='ltr'><strong>negandum</strong></span> <span class='ocrx_word' id='word_1_364' title='bbox 1390 5307 1521 5348; x_wconf 87' lang='lat' dir='ltr'><strong>non</strong></span> <span class='ocrx_word' id='word_1_365' title='bbox 1574 5294 1667 5350; x_wconf 91' lang='lat' dir='ltr'><strong>est</strong></span> 
     </span>
     <span class='ocr_line' id='line_1_54' title="bbox 151 5373 1670 5454; baseline 0.009 -24"><span class='ocrx_word' id='word_1_366' title='bbox 151 5373 277 5448; x_wconf 89' lang='lat' dir='ltr'><strong>quin</strong></span> <span class='ocrx_word' id='word_1_367' title='bbox 301 5393 404 5454; x_wconf 88' lang='lat' dir='ltr'><strong>per</strong></span> <span class='ocrx_word' id='word_1_368' title='bbox 443 5385 613 5440; x_wconf 87' lang='lat' dir='ltr'><strong>actus</strong></span> <span class='ocrx_word' id='word_1_369' title='bbox 650 5380 839 5441; x_wconf 85' lang='lat' dir='ltr'><strong>etiam</strong></span> <span class='ocrx_word' id='word_1_370' title='bbox 870 5382 1167 5442; x_wconf 87' lang='lat' dir='ltr'><strong>remissos</strong></span> <span class='ocrx_word' id='word_1_371' title='bbox 1218 5382 1441 5442; x_wconf 87' lang='lat' dir='ltr'><strong>harum</strong></span> <span class='ocrx_word' id='word_1_372' title='bbox 1482 5381 1670 5443; x_wconf 85' lang='lat' dir='ltr'><strong>virtu-</strong></span> 
     </span>
     <span class='ocr_line' id='line_1_55' title="bbox 152 5466 1668 5555; baseline 0.007 -29"><span class='ocrx_word' id='word_1_373' title='bbox 152 5466 263 5526; x_wconf 88' lang='lat' dir='ltr'><strong>tum</strong></span> <span class='ocrx_word' id='word_1_374' title='bbox 284 5487 621 5534; x_wconf 89' lang='lat' dir='ltr'><strong>mereamur</strong></span> <span class='ocrx_word' id='word_1_375' title='bbox 645 5481 1057 5552; x_wconf 72' lang='lat' dir='ltr'><strong>augmentum</strong></span> <span class='ocrx_word' id='word_1_376' title='bbox 1082 5475 1296 5555; x_wconf 73' lang='lat' dir='ltr'><strong>gratim</strong></span> <span class='ocrx_word' id='word_1_377' title='bbox 1321 5475 1668 5537; x_wconf 85' lang='lat' dir='ltr'><strong>secundum</strong></span> 
     </span>
     <span class='ocr_line' id='line_1_56' title="bbox 154 5557 1671 5653; baseline 0.007 -31"><span class='ocrx_word' id='word_1_378' title='bbox 154 5557 387 5642; x_wconf 77' lang='lat' dir='ltr'><strong>aliquam</strong></span> <span class='ocrx_word' id='word_1_379' title='bbox 442 5566 903 5652; x_wconf 80' lang='lat' dir='ltr'><strong>proportionem</strong></span> <span class='ocrx_word' id='word_1_380' title='bbox 926 5611 943 5644; x_wconf 91' lang='lat'><strong>,</strong></span> <span class='ocrx_word' id='word_1_381' title='bbox 976 5568 1158 5653; x_wconf 82' lang='lat' dir='ltr'><strong>juxta</strong></span> <span class='ocrx_word' id='word_1_382' title='bbox 1192 5569 1468 5652; x_wconf 84' lang='lat' dir='ltr'><strong>priorem</strong></span> <span class='ocrx_word' id='word_1_383' title='bbox 1524 5587 1671 5632; x_wconf 84' lang='lat' dir='ltr'><strong>sen-</strong></span> 
     </span>
    </p>
   </div>
   <div class='ocr_carea' id='block_1_3' title="bbox 3187 416 3302 477">
    <p class='ocr_par' dir='ltr' id='par_1_4' title="bbox 3187 416 3302 477">
     <span class='ocr_line' id='line_1_57' title="bbox 3187 416 3302 477; baseline -0.017 0"><span class='ocrx_word' id='word_1_384' title='bbox 3187 416 3302 477; x_wconf 79' lang='lat'><strong>507</strong></span> 
     </span>
    </p>
   </div>
   <div class='ocr_carea' id='block_1_4' title="bbox 1752 525 3318 2292">
    <p class='ocr_par' dir='ltr' id='par_1_5' title="bbox 1752 525 3312 966">
     <span class='ocr_line' id='line_1_58' title="bbox 1753 525 3306 611; baseline -0.006 -19"><span class='ocrx_word' id='word_1_385' title='bbox 1753 551 1893 593; x_wconf 89' lang='lat' dir='ltr'><strong>sum</strong></span> <span class='ocrx_word' id='word_1_386' title='bbox 1945 550 2132 611; x_wconf 90' lang='lat' dir='ltr'><strong>supra</strong></span> <span class='ocrx_word' id='word_1_387' title='bbox 2175 528 2581 607; x_wconf 85' lang='lat' dir='ltr'><strong>explicatum;</strong></span> <span class='ocrx_word' id='word_1_388' title='bbox 2615 544 2802 607; x_wconf 87' lang='lat' dir='ltr'><strong>quam</strong></span> <span class='ocrx_word' id='word_1_389' title='bbox 2845 525 3306 605; x_wconf 87' lang='lat' dir='ltr'><strong>proportionem</strong></span> 
     </span>
     <span class='ocr_line' id='line_1_59' title="bbox 1752 618 3304 703; baseline -0.008 -16"><span class='ocrx_word' id='word_1_390' title='bbox 1752 626 1917 687; x_wconf 91' lang='lat' dir='ltr'><strong>Deus</strong></span> <span class='ocrx_word' id='word_1_391' title='bbox 1953 626 2086 703; x_wconf 92' lang='lat' dir='ltr'><strong>ipse</strong></span> <span class='ocrx_word' id='word_1_392' title='bbox 2124 623 2330 695; x_wconf 78' lang='lat' dir='ltr'><strong>novit,</strong></span> <span class='ocrx_word' id='word_1_393' title='bbox 2366 622 2471 701; x_wconf 92' lang='lat' dir='ltr'><strong>qui</strong></span> <span class='ocrx_word' id='word_1_394' title='bbox 2501 621 2761 681; x_wconf 89' lang='lat' dir='ltr'><strong>daturus</strong></span> <span class='ocrx_word' id='word_1_395' title='bbox 2806 625 2900 679; x_wconf 84' lang='lat' dir='ltr'><strong>est</strong></span> <span class='ocrx_word' id='word_1_396' title='bbox 2928 618 3258 697; x_wconf 82' lang='lat' dir='ltr'><strong>praemium</strong></span> <span class='ocrx_word' id='word_1_397' title='bbox 3288 661 3304 689; x_wconf 92' lang='lat'>‚</span> 
     </span>
     <span class='ocr_line' id='line_1_60' title="bbox 1756 707 3312 797; baseline -0.006 -17"><span class='ocrx_word' id='word_1_398' title='bbox 1756 737 1833 780; x_wconf 85' lang='lat' dir='ltr'><strong>ex</strong></span> <span class='ocrx_word' id='word_1_399' title='bbox 1858 719 2120 797; x_wconf 86' lang='lat' dir='ltr'><strong>ejusque</strong></span> <span class='ocrx_word' id='word_1_400' title='bbox 2145 717 2286 795; x_wconf 88' lang='lat' dir='ltr'><strong>lege</strong></span> <span class='ocrx_word' id='word_1_401' title='bbox 2318 718 2380 779; x_wconf 89' lang='lat' dir='ltr'><strong>et</strong></span> <span class='ocrx_word' id='word_1_402' title='bbox 2407 707 2795 775; x_wconf 84' lang='lat' dir='ltr'><strong>ordinatione</strong></span> <span class='ocrx_word' id='word_1_403' title='bbox 2817 708 3070 791; x_wconf 85' lang='lat' dir='ltr'><strong>pendet,</strong></span> <span class='ocrx_word' id='word_1_404' title='bbox 3089 726 3312 789; x_wconf 82' lang='lat' dir='ltr'><strong>quam·</strong></span> 
     </span>
     <span class='ocr_line' id='line_1_61' title="bbox 1754 805 3307 873; baseline -0.006 -1"><span class='ocrx_word' id='word_1_405' title='bbox 1754 812 1847 873; x_wconf 85' lang='lat' dir='ltr'><strong>vis</strong></span> <span class='ocrx_word' id='word_1_406' title='bbox 1873 810 2353 872; x_wconf 86' lang='lat' dir='ltr'><strong>fundamentum</strong></span> <span class='ocrx_word' id='word_1_407' title='bbox 2381 808 2612 869; x_wconf 87' lang='lat' dir='ltr'><strong>habeat</strong></span> <span class='ocrx_word' id='word_1_408' title='bbox 2646 805 2711 867; x_wconf 90' lang='lat' dir='ltr'><strong>in</strong></span> <span class='ocrx_word' id='word_1_409' title='bbox 2739 805 2846 867; x_wconf 87' lang='lat' dir='ltr'><strong>tali</strong></span> <span class='ocrx_word' id='word_1_410' title='bbox 2887 805 3164 865; x_wconf 88' lang='lat' dir='ltr'><strong>bonitate</strong></span> <span class='ocrx_word' id='word_1_411' title='bbox 3206 820 3307 864; x_wconf 89' lang='lat' dir='ltr'><strong>ac-</strong></span> 
     </span>
     <span class='ocr_line' id='line_1_62' title="bbox 1754 904 1961 966; baseline -0.01 0"><span class='ocrx_word' id='word_1_412' title='bbox 1754 904 1961 966; x_wconf 87' lang='lat' dir='ltr'><strong>tionis.</strong></span> 
     </span>
    </p>

    <p class='ocr_par' dir='ltr' id='par_1_6' title="bbox 1755 991 3318 2292">
     <span class='ocr_line' id='line_1_63' title="bbox 1834 991 3314 1072; baseline -0.005 -12"><span class='ocrx_word' id='word_1_413' title='bbox 1834 1000 1938 1060; x_wconf 73' lang='lat'><strong>47.</strong></span> <span class='ocrx_word' id='word_1_414' title='bbox 1990 998 2152 1072; x_wconf 72' lang='lat' dir='ltr'><strong>Quid</strong></span> <span class='ocrx_word' id='word_1_415' title='bbox 2173 997 2544 1061; x_wconf 70' lang='lat' dir='ltr'><strong>sentiendum</strong></span> <span class='ocrx_word' id='word_1_416' title='bbox 2571 996 2661 1057; x_wconf 71' lang='lat' dir='ltr'><strong>sit</strong></span> <span class='ocrx_word' id='word_1_417' title='bbox 2693 995 2761 1058; x_wconf 75' lang='lat' dir='ltr'><strong>de</strong></span> <span class='ocrx_word' id='word_1_418' title='bbox 2785 992 3018 1057; x_wconf 72' lang='lat' dir='ltr'><strong>actibus</strong></span> <span class='ocrx_word' id='word_1_419' title='bbox 3046 991 3314 1055; x_wconf 70' lang='lat' dir='ltr'><strong>charita-</strong></span> 
     </span>
     <span class='ocr_line' id='line_1_64' title="bbox 1759 1078 3316 1175; baseline -0.009 -19"><span class='ocrx_word' id='word_1_420' title='bbox 1759 1090 1861 1155; x_wconf 66' lang='lat' dir='ltr'><strong>tis.</strong></span> <span class='ocrx_word' id='word_1_421' title='bbox 1887 1118 1970 1139; x_wconf 88' lang='lat'><strong>--</strong></span> <span class='ocrx_word' id='word_1_422' title='bbox 2000 1088 2200 1170; x_wconf 79' lang='lat' dir='ltr'><strong>Atque</strong></span> <span class='ocrx_word' id='word_1_423' title='bbox 2231 1090 2374 1151; x_wconf 83' lang='lat' dir='ltr'><strong>hinc</strong></span> <span class='ocrx_word' id='word_1_424' title='bbox 2415 1078 2676 1151; x_wconf 78' lang='lat' dir='ltr'><strong>ulterius</strong></span> <span class='ocrx_word' id='word_1_425' title='bbox 2713 1080 2935 1161; x_wconf 72' lang='lat' dir='ltr'><strong>infero,</strong></span> <span class='ocrx_word' id='word_1_426' title='bbox 2967 1099 3110 1148; x_wconf 85' lang='lat' dir='ltr'><strong>eum</strong></span> <span class='ocrx_word' id='word_1_427' title='bbox 3153 1084 3316 1175; x_wconf 76' lang='lat' dir='ltr'><strong>inter</strong></span> 
     </span>
     <span class='ocr_line' id='line_1_65' title="bbox 1758 1165 3316 1260; baseline -0.007 -11"><span class='ocrx_word' id='word_1_428' title='bbox 1758 1193 1934 1249; x_wconf 84' lang='lat' dir='ltr'><strong>actus</strong></span> <span class='ocrx_word' id='word_1_429' title='bbox 1963 1186 2198 1247; x_wconf 89' lang='lat' dir='ltr'><strong>elicitos</strong></span> <span class='ocrx_word' id='word_1_430' title='bbox 2239 1185 2554 1246; x_wconf 83' lang='lat' dir='ltr'><strong>charitatis</strong></span> <span class='ocrx_word' id='word_1_431' title='bbox 2589 1181 2666 1245; x_wconf 89' lang='lat' dir='ltr'><strong>sit</strong></span> <span class='ocrx_word' id='word_1_432' title='bbox 2705 1184 2894 1245; x_wconf 89' lang='lat' dir='ltr'><strong>etiam</strong></span> <span class='ocrx_word' id='word_1_433' title='bbox 2923 1165 3316 1260; x_wconf 56' lang='lat' dir='ltr'><strong>inaequalitas</strong></span> 
     </span>
     <span class='ocr_line' id='line_1_66' title="bbox 1755 1271 3316 1360; baseline -0.006 -19"><span class='ocrx_word' id='word_1_434' title='bbox 1755 1279 2154 1360; x_wconf 72' lang='lat' dir='ltr'><strong>perfectionis</strong></span> <span class='ocrx_word' id='word_1_435' title='bbox 2184 1278 2624 1351; x_wconf 77' lang='lat' dir='ltr'><strong>substantialia,</strong></span> <span class='ocrx_word' id='word_1_436' title='bbox 2644 1294 2864 1338; x_wconf 88' lang='lat' dir='ltr'><strong>omnes</strong></span> <span class='ocrx_word' id='word_1_437' title='bbox 2885 1274 3046 1347; x_wconf 91' lang='lat' dir='ltr'><strong>illos,</strong></span> <span class='ocrx_word' id='word_1_438' title='bbox 3077 1272 3185 1353; x_wconf 90' lang='lat' dir='ltr'><strong>qui</strong></span> <span class='ocrx_word' id='word_1_439' title='bbox 3210 1271 3316 1332; x_wconf 91' lang='lat' dir='ltr'><strong>de-</strong></span> 
     </span>
     <span class='ocr_line' id='line_1_67' title="bbox 1756 1365 3316 1451; baseline -0.004 -18"><span class='ocrx_word' id='word_1_440' title='bbox 1756 1372 1976 1434; x_wconf 88' lang='lat' dir='ltr'><strong>ficiunt</strong></span> <span class='ocrx_word' id='word_1_441' title='bbox 2012 1392 2048 1434; x_wconf 89' lang='lat' dir='ltr'><strong>a</strong></span> <span class='ocrx_word' id='word_1_442' title='bbox 2089 1372 2478 1435; x_wconf 84' lang='lat' dir='ltr'><strong>substantiali</strong></span> <span class='ocrx_word' id='word_1_443' title='bbox 2519 1371 2898 1451; x_wconf 85' lang='lat' dir='ltr'><strong>perfectione</strong></span> <span class='ocrx_word' id='word_1_444' title='bbox 2935 1368 3184 1449; x_wconf 85' lang='lat' dir='ltr'><strong>optimae</strong></span> <span class='ocrx_word' id='word_1_445' title='bbox 3222 1365 3316 1426; x_wconf 89' lang='lat' dir='ltr'><strong>di-</strong></span> 
     </span>
     <span class='ocr_line' id='line_1_68' title="bbox 1756 1460 3316 1543; baseline -0.004 -16"><span class='ocrx_word' id='word_1_446' title='bbox 1756 1466 2042 1527; x_wconf 85' lang='lat' dir='ltr'><strong>lectionis</strong></span> <span class='ocrx_word' id='word_1_447' title='bbox 2073 1467 2207 1539; x_wconf 89' lang='lat' dir='ltr'><strong>Dei,</strong></span> <span class='ocrx_word' id='word_1_448' title='bbox 2238 1484 2367 1526; x_wconf 91' lang='lat' dir='ltr'><strong>non</strong></span> <span class='ocrx_word' id='word_1_449' title='bbox 2395 1464 2624 1525; x_wconf 88' lang='lat' dir='ltr'><strong>mereri</strong></span> <span class='ocrx_word' id='word_1_450' title='bbox 2658 1469 3067 1543; x_wconf 88' lang='lat' dir='ltr'><strong>augmentum</strong></span> <span class='ocrx_word' id='word_1_451' title='bbox 3102 1460 3316 1539; x_wconf 76' lang='lat' dir='ltr'><strong>gratiae</strong></span> 
     </span>
     <span class='ocr_line' id='line_1_69' title="bbox 1758 1555 3316 1631; baseline -0.005 -11"><span class='ocrx_word' id='word_1_452' title='bbox 1758 1559 2106 1621; x_wconf 89' lang='lat' dir='ltr'><strong>secundum</strong></span> <span class='ocrx_word' id='word_1_453' title='bbox 2135 1566 2326 1620; x_wconf 85' lang='lat' dir='ltr'><strong>totam</strong></span> <span class='ocrx_word' id='word_1_454' title='bbox 2356 1558 2748 1619; x_wconf 79' lang='lat' dir='ltr'><strong>latitudinem</strong></span> <span class='ocrx_word' id='word_1_455' title='bbox 2776 1574 2952 1617; x_wconf 91' lang='lat' dir='ltr'><strong>suam</strong></span> <span class='ocrx_word' id='word_1_456' title='bbox 2988 1555 3068 1615; x_wconf 84' lang='lat' dir='ltr'><strong>ad</strong></span> <span class='ocrx_word' id='word_1_457' title='bbox 3111 1571 3316 1631; x_wconf 83' lang='lat' dir='ltr'><strong>aequa-</strong></span> 
     </span>
     <span class='ocr_line' id='line_1_70' title="bbox 1758 1641 3316 1727; baseline -0.004 -14"><span class='ocrx_word' id='word_1_458' title='bbox 1758 1650 2016 1715; x_wconf 85' lang='lat' dir='ltr'><strong>litatem.</strong></span> <span class='ocrx_word' id='word_1_459' title='bbox 2053 1650 2354 1714; x_wconf 83' lang='lat' dir='ltr'><strong>Probatur</strong></span> <span class='ocrx_word' id='word_1_460' title='bbox 2383 1647 2564 1713; x_wconf 87' lang='lat' dir='ltr'><strong>simili</strong></span> <span class='ocrx_word' id='word_1_461' title='bbox 2595 1644 2866 1723; x_wconf 87' lang='lat' dir='ltr'><strong>ratione,</strong></span> <span class='ocrx_word' id='word_1_462' title='bbox 2897 1666 3044 1709; x_wconf 87' lang='lat' dir='ltr'><strong>nam</strong></span> <span class='ocrx_word' id='word_1_463' title='bbox 3075 1641 3316 1727; x_wconf 77' lang='lat' dir='ltr'><strong>perfec-</strong></span> 
     </span>
     <span class='ocr_line' id='line_1_71' title="bbox 1757 1737 3316 1821; baseline -0.007 -12"><span class='ocrx_word' id='word_1_464' title='bbox 1757 1746 2034 1809; x_wconf 84' lang='lat' dir='ltr'><strong>tissimus</strong></span> <span class='ocrx_word' id='word_1_465' title='bbox 2064 1764 2240 1807; x_wconf 88' lang='lat' dir='ltr'><strong>amor</strong></span> <span class='ocrx_word' id='word_1_466' title='bbox 2263 1747 2373 1807; x_wconf 90' lang='lat' dir='ltr'><strong>Dei</strong></span> <span class='ocrx_word' id='word_1_467' title='bbox 2412 1745 2492 1806; x_wconf 90' lang='lat' dir='ltr'><strong>ad</strong></span> <span class='ocrx_word' id='word_1_468' title='bbox 2517 1756 2828 1805; x_wconf 88' lang='lat' dir='ltr'><strong>summum</strong></span> <span class='ocrx_word' id='word_1_469' title='bbox 2857 1746 3062 1821; x_wconf 90' lang='lat' dir='ltr'><strong>potest</strong></span> <span class='ocrx_word' id='word_1_470' title='bbox 3088 1737 3316 1800; x_wconf 89' lang='lat' dir='ltr'><strong>mereri</strong></span> 
     </span>
     <span class='ocr_line' id='line_1_72' title="bbox 1760 1832 3315 1919; baseline -0.007 -18"><span class='ocrx_word' id='word_1_471' title='bbox 1760 1842 1877 1901; x_wconf 89' lang='lat' dir='ltr'><strong>hoc</strong></span> <span class='ocrx_word' id='word_1_472' title='bbox 1931 1845 2338 1919; x_wconf 85' lang='lat' dir='ltr'><strong>augmentum</strong></span> <span class='ocrx_word' id='word_1_473' title='bbox 2392 1838 2607 1919; x_wconf 81' lang='lat' dir='ltr'><strong>gratiae</strong></span> <span class='ocrx_word' id='word_1_474' title='bbox 2665 1835 3008 1897; x_wconf 88' lang='lat' dir='ltr'><strong>secundum</strong></span> <span class='ocrx_word' id='word_1_475' title='bbox 3085 1832 3315 1893; x_wconf 84' lang='lat' dir='ltr'><strong>dictam</strong></span> 
     </span>
     <span class='ocr_line' id='line_1_73' title="bbox 1758 1926 3318 2013; baseline -0.005 -19"><span class='ocrx_word' id='word_1_476' title='bbox 1758 1932 2214 2012; x_wconf 78' lang='lat' dir='ltr'><strong>aequalitatem3</strong></span> <span class='ocrx_word' id='word_1_477' title='bbox 2251 1948 2400 2012; x_wconf 84' lang='lat' dir='ltr'><strong>ergo</strong></span> <span class='ocrx_word' id='word_1_478' title='bbox 2439 1926 2765 2013; x_wconf 78' lang='lat' dir='ltr'><strong>inferiores</strong></span> <span class='ocrx_word' id='word_1_479' title='bbox 2795 1930 2969 1991; x_wconf 79' lang='lat' dir='ltr'><strong>actus</strong></span> <span class='ocrx_word' id='word_1_480' title='bbox 3009 1938 3136 1989; x_wconf 84' lang='lat' dir='ltr'><strong>non</strong></span> <span class='ocrx_word' id='word_1_481' title='bbox 3172 1936 3318 2005; x_wconf 73' lang='lat' dir='ltr'><strong>pos·</strong></span> 
     </span>
     <span class='ocr_line' id='line_1_74' title="bbox 1758 2014 3318 2103; baseline -0.004 -16"><span class='ocrx_word' id='word_1_482' title='bbox 1758 2030 1903 2087; x_wconf 89' lang='lat' dir='ltr'><strong>sunt</strong></span> <span class='ocrx_word' id='word_1_483' title='bbox 1933 2024 2238 2103; x_wconf 86' lang='lat' dir='ltr'><strong>attingere</strong></span> <span class='ocrx_word' id='word_1_484' title='bbox 2278 2031 2524 2086; x_wconf 87' lang='lat' dir='ltr'><strong>tantum</strong></span> <span class='ocrx_word' id='word_1_485' title='bbox 2571 2024 2886 2097; x_wconf 86' lang='lat' dir='ltr'><strong>meritum,</strong></span> <span class='ocrx_word' id='word_1_486' title='bbox 2933 2014 3163 2101; x_wconf 83' lang='lat' dir='ltr'><strong>alioqui</strong></span> <span class='ocrx_word' id='word_1_487' title='bbox 3213 2034 3318 2081; x_wconf 86' lang='lat' dir='ltr'><strong>ac-</strong></span> 
     </span>
     <span class='ocr_line' id='line_1_75' title="bbox 1757 2114 3314 2199; baseline -0.005 -17"><span class='ocrx_word' id='word_1_488' title='bbox 1757 2127 1858 2182; x_wconf 89' lang='lat' dir='ltr'><strong>tus</strong></span> <span class='ocrx_word' id='word_1_489' title='bbox 1888 2119 2220 2199; x_wconf 83' lang='lat' dir='ltr'><strong>perfectior</strong></span> <span class='ocrx_word' id='word_1_490' title='bbox 2246 2118 2309 2180; x_wconf 90' lang='lat' dir='ltr'><strong>in</strong></span> <span class='ocrx_word' id='word_1_491' title='bbox 2339 2119 2682 2180; x_wconf 87' lang='lat' dir='ltr'><strong>substantia</strong></span> <span class='ocrx_word' id='word_1_492' title='bbox 2721 2118 2981 2179; x_wconf 86' lang='lat' dir='ltr'><strong>deberet</strong></span> <span class='ocrx_word' id='word_1_493' title='bbox 3013 2114 3314 2177; x_wconf 82' lang='lat' dir='ltr'><strong>excedere</strong></span> 
     </span>
     <span class='ocr_line' id='line_1_76' title="bbox 1757 2208 3314 2292; baseline -0.006 -17"><span class='ocrx_word' id='word_1_494' title='bbox 1757 2213 2176 2292; x_wconf 65' lang='lat' dir='ltr'><strong>aequalitatem</strong></span> <span class='ocrx_word' id='word_1_495' title='bbox 2217 2230 2344 2273; x_wconf 81' lang='lat' dir='ltr'><strong>suae</strong></span> <span class='ocrx_word' id='word_1_496' title='bbox 2387 2212 2754 2285; x_wconf 88' lang='lat' dir='ltr'><strong>latitudinis,</strong></span> <span class='ocrx_word' id='word_1_497' title='bbox 2785 2210 2953 2290; x_wconf 89' lang='lat' dir='ltr'><strong>quod</strong></span> <span class='ocrx_word' id='word_1_498' title='bbox 2979 2208 3314 2271; x_wconf 89' lang='lat' dir='ltr'><strong>dicendum</strong></span> 
     </span>
    </p>
   </div>
   <div class='ocr_carea' id='block_1_5' title="bbox 1722 2304 3316 2385">
    <p class='ocr_par' dir='ltr' id='par_1_7' title="bbox 1722 2304 3316 2385">
     <span class='ocr_line' id='line_1_77' title="bbox 1722 2304 3316 2385; baseline -0.004 -16"><span class='ocrx_word' id='word_1_499' title='bbox 1722 2366 1737 2379; x_wconf 63' lang='grc'>,</span> <span class='ocrx_word' id='word_1_500' title='bbox 1758 2326 1884 2369; x_wconf 88' lang='lat' dir='ltr'><strong>non</strong></span> <span class='ocrx_word' id='word_1_501' title='bbox 1908 2313 2022 2368; x_wconf 89' lang='lat' dir='ltr'><strong>est.</strong></span> <span class='ocrx_word' id='word_1_502' title='bbox 2051 2308 2232 2367; x_wconf 69' lang='lat' dir='ltr'><strong>Actus</strong></span> <span class='ocrx_word' id='word_1_503' title='bbox 2250 2324 2398 2384; x_wconf 87' lang='lat' dir='ltr'><strong>ergo</strong></span> <span class='ocrx_word' id='word_1_504' title='bbox 2418 2306 2766 2367; x_wconf 81' lang='lat' dir='ltr'><strong>dilectionis</strong></span> <span class='ocrx_word' id='word_1_505' title='bbox 2787 2304 3048 2385; x_wconf 82' lang='lat' dir='ltr'><strong>proximi</strong></span> <span class='ocrx_word' id='word_1_506' title='bbox 3069 2308 3136 2364; x_wconf 90' lang='lat' dir='ltr'><strong>ut</strong></span> <span class='ocrx_word' id='word_1_507' title='bbox 3159 2320 3316 2383; x_wconf 88' lang='lat' dir='ltr'><strong>qua-</strong></span> 
     </span>
    </p>
   </div>
   <div class='ocr_carea' id='block_1_6' title="bbox 1754 2394 3318 3600">
    <p class='ocr_par' dir='ltr' id='par_1_8' title="bbox 1754 2394 3318 3600">
     <span class='ocr_line' id='line_1_78' title="bbox 1757 2394 3312 2489; baseline -0.005 -28"><span class='ocrx_word' id='word_1_508' title='bbox 1757 2406 1900 2461; x_wconf 92' lang='lat' dir='ltr'><strong>tuor</strong></span> <span class='ocrx_word' id='word_1_509' title='bbox 1935 2418 2063 2460; x_wconf 89' lang='lat' dir='ltr'><strong>non</strong></span> <span class='ocrx_word' id='word_1_510' title='bbox 2103 2404 2376 2489; x_wconf 72' lang='lat' dir='ltr'><strong>meretur</strong></span> <span class='ocrx_word' id='word_1_511' title='bbox 2417 2405 2685 2476; x_wconf 87' lang='lat' dir='ltr'><strong>quatuor</strong></span> <span class='ocrx_word' id='word_1_512' title='bbox 2715 2398 2945 2478; x_wconf 88' lang='lat' dir='ltr'><strong>gradus</strong></span> <span class='ocrx_word' id='word_1_513' title='bbox 2991 2394 3312 2477; x_wconf 83' lang='lat' dir='ltr'><strong>augmenti</strong></span> 
     </span>
     <span class='ocr_line' id='line_1_79' title="bbox 1759 2492 3314 2575; baseline -0.004 -21"><span class='ocrx_word' id='word_1_514' title='bbox 1759 2494 1973 2575; x_wconf 75' lang='lat' dir='ltr'><strong>gratiae</strong></span> <span class='ocrx_word' id='word_1_515' title='bbox 1984 2540 1999 2567; x_wconf 87' lang='lat'><strong>,</strong></span> <span class='ocrx_word' id='word_1_516' title='bbox 2013 2493 2252 2555; x_wconf 89' lang='lat' dir='ltr'><strong>etiamsi</strong></span> <span class='ocrx_word' id='word_1_517' title='bbox 2270 2492 2348 2553; x_wconf 90' lang='lat' dir='ltr'><strong>sit</strong></span> <span class='ocrx_word' id='word_1_518' title='bbox 2367 2493 2607 2554; x_wconf 87' lang='lat' dir='ltr'><strong>elicitus</strong></span> <span class='ocrx_word' id='word_1_519' title='bbox 2623 2512 2660 2553; x_wconf 89' lang='lat' dir='ltr'><strong>a</strong></span> <span class='ocrx_word' id='word_1_520' title='bbox 2675 2494 2973 2554; x_wconf 80' lang='lat' dir='ltr'><strong>charitate</strong></span> <span class='ocrx_word' id='word_1_521' title='bbox 2991 2510 3005 2565; x_wconf 88' lang='grc'>;</span> <span class='ocrx_word' id='word_1_522' title='bbox 3023 2492 3166 2571; x_wconf 88' lang='lat' dir='ltr'><strong>quia</strong></span> <span class='ocrx_word' id='word_1_523' title='bbox 3189 2507 3314 2549; x_wconf 91' lang='lat' dir='ltr'><strong>non</strong></span> 
     </span>
     <span class='ocr_line' id='line_1_80' title="bbox 1756 2578 3316 2666; baseline -0.004 -17"><span class='ocrx_word' id='word_1_524' title='bbox 1756 2593 2000 2649; x_wconf 87' lang='lat' dir='ltr'><strong>tantum</strong></span> <span class='ocrx_word' id='word_1_525' title='bbox 2031 2596 2308 2647; x_wconf 89' lang='lat' dir='ltr'><strong>meretur</strong></span> <span class='ocrx_word' id='word_1_526' title='bbox 2331 2632 2346 2659; x_wconf 93' lang='lat'><strong>,</strong></span> <span class='ocrx_word' id='word_1_527' title='bbox 2390 2594 2692 2666; x_wconf 90' lang='lat' dir='ltr'><strong>quantum</strong></span> <span class='ocrx_word' id='word_1_528' title='bbox 2727 2592 2903 2648; x_wconf 88' lang='lat' dir='ltr'><strong>actus</strong></span> <span class='ocrx_word' id='word_1_529' title='bbox 2951 2582 3180 2646; x_wconf 87' lang='lat' dir='ltr'><strong>amoris</strong></span> <span class='ocrx_word' id='word_1_530' title='bbox 3209 2578 3316 2644; x_wconf 88' lang='lat' dir='ltr'><strong>Dei</strong></span> 
     </span>
     <span class='ocr_line' id='line_1_81' title="bbox 1756 2679 3317 2759; baseline -0.003 -18"><span class='ocrx_word' id='word_1_531' title='bbox 1756 2687 1827 2741; x_wconf 90' lang='lat' dir='ltr'><strong>ut</strong></span> <span class='ocrx_word' id='word_1_532' title='bbox 1857 2686 2144 2759; x_wconf 86' lang='lat' dir='ltr'><strong>quatuor.</strong></span> <span class='ocrx_word' id='word_1_533' title='bbox 2169 2682 2242 2741; x_wconf 82' lang='lat' dir='ltr'><strong>Et</strong></span> <span class='ocrx_word' id='word_1_534' title='bbox 2266 2682 2428 2741; x_wconf 87' lang='lat' dir='ltr'><strong>inter</strong></span> <span class='ocrx_word' id='word_1_535' title='bbox 2455 2687 2630 2741; x_wconf 88' lang='lat' dir='ltr'><strong>actus</strong></span> <span class='ocrx_word' id='word_1_536' title='bbox 2657 2680 2886 2740; x_wconf 88' lang='lat' dir='ltr'><strong>amoris</strong></span> <span class='ocrx_word' id='word_1_537' title='bbox 2905 2679 3038 2749; x_wconf 90' lang='lat' dir='ltr'><strong>Dei,</strong></span> <span class='ocrx_word' id='word_1_538' title='bbox 3066 2679 3114 2739; x_wconf 91' lang='lat' dir='ltr'><strong>si</strong></span> <span class='ocrx_word' id='word_1_539' title='bbox 3141 2683 3317 2738; x_wconf 87' lang='lat' dir='ltr'><strong>actus</strong></span> 
     </span>
     <span class='ocr_line' id='line_1_82' title="bbox 1758 2772 3318 2852; baseline -0.004 -17"><span class='ocrx_word' id='word_1_540' title='bbox 1758 2772 2054 2852; x_wconf 90' lang='lat' dir='ltr'><strong>simplicis</strong></span> <span class='ocrx_word' id='word_1_541' title='bbox 2105 2774 2568 2852; x_wconf 82' lang='lat' dir='ltr'><strong>complacentiae</strong></span> <span class='ocrx_word' id='word_1_542' title='bbox 2613 2778 2706 2834; x_wconf 90' lang='lat' dir='ltr'><strong>est</strong></span> <span class='ocrx_word' id='word_1_543' title='bbox 2757 2773 2964 2833; x_wconf 88' lang='lat' dir='ltr'><strong>minus</strong></span> <span class='ocrx_word' id='word_1_544' title='bbox 3005 2772 3318 2852; x_wconf 80' lang='lat' dir='ltr'><strong>perfectus</strong></span> 
     </span>
     <span class='ocr_line' id='line_1_83' title="bbox 1758 2852 3312 2945; baseline -0.003 -17"><span class='ocrx_word' id='word_1_545' title='bbox 1758 2866 2288 2939; x_wconf 83' lang='lat' dir='ltr'><strong>substantialiter,</strong></span> <span class='ocrx_word' id='word_1_546' title='bbox 2338 2886 2529 2945; x_wconf 89' lang='lat' dir='ltr'><strong>quam</strong></span> <span class='ocrx_word' id='word_1_547' title='bbox 2580 2852 2758 2926; x_wconf 78' lang='lat' dir='ltr'><strong>amor</strong></span> <span class='ocrx_word' id='word_1_548' title='bbox 2825 2883 3015 2945; x_wconf 86' lang='lat' dir='ltr'><strong>super</strong></span> <span class='ocrx_word' id='word_1_549' title='bbox 3063 2864 3312 2937; x_wconf 86' lang='lat' dir='ltr'><strong>omnia,</strong></span> 
     </span>
     <span class='ocr_line' id='line_1_84' title="bbox 1756 2960 3316 3039; baseline -0.001 -18"><span class='ocrx_word' id='word_1_550' title='bbox 1756 2978 1949 3039; x_wconf 86' lang='lat' dir='ltr'><strong>quem</strong></span> <span class='ocrx_word' id='word_1_551' title='bbox 1997 2960 2478 3022; x_wconf 88' lang='lat' dir='ltr'><strong>obedientialem</strong></span> <span class='ocrx_word' id='word_1_552' title='bbox 2529 2966 2796 3033; x_wconf 78' lang='lat' dir='ltr'><strong>vocant,</strong></span> <span class='ocrx_word' id='word_1_553' title='bbox 2828 2960 2932 3021; x_wconf 90' lang='lat' dir='ltr'><strong>ille</strong></span> <span class='ocrx_word' id='word_1_554' title='bbox 2976 2960 3144 3039; x_wconf 88' lang='lat' dir='ltr'><strong>prior</strong></span> <span class='ocrx_word' id='word_1_555' title='bbox 3189 2978 3316 3020; x_wconf 91' lang='lat' dir='ltr'><strong>non</strong></span> 
     </span>
     <span class='ocr_line' id='line_1_85' title="bbox 1759 3051 3317 3134; baseline 0 -20"><span class='ocrx_word' id='word_1_556' title='bbox 1759 3054 1875 3114; x_wconf 90' lang='lat' dir='ltr'><strong>erit</strong></span> <span class='ocrx_word' id='word_1_557' title='bbox 1902 3053 2257 3115; x_wconf 84' lang='lat' dir='ltr'><strong>meritorius</strong></span> <span class='ocrx_word' id='word_1_558' title='bbox 2285 3055 2438 3116; x_wconf 81' lang='lat' dir='ltr'><strong>tanti</strong></span> <span class='ocrx_word' id='word_1_559' title='bbox 2469 3056 2786 3134; x_wconf 89' lang='lat' dir='ltr'><strong>augmenti</strong></span> <span class='ocrx_word' id='word_1_560' title='bbox 2820 3051 3164 3116; x_wconf 89' lang='lat' dir='ltr'><strong>secundum</strong></span> <span class='ocrx_word' id='word_1_561' title='bbox 3193 3051 3317 3114; x_wconf 88' lang='lat' dir='ltr'><strong>dic-</strong></span> 
     </span>
     <span class='ocr_line' id='line_1_86' title="bbox 1758 3147 3283 3227; baseline -0.001 -20"><span class='ocrx_word' id='word_1_562' title='bbox 1758 3151 1885 3207; x_wconf 90' lang='lat' dir='ltr'><strong>tam</strong></span> <span class='ocrx_word' id='word_1_563' title='bbox 1916 3147 2336 3226; x_wconf 77' lang='lat' dir='ltr'><strong>oequalitatem</strong></span> <span class='ocrx_word' id='word_1_564' title='bbox 2365 3154 2617 3227; x_wconf 86' lang='lat' dir='ltr'><strong>propter</strong></span> <span class='ocrx_word' id='word_1_565' title='bbox 2645 3147 2934 3209; x_wconf 87' lang='lat' dir='ltr'><strong>eamdem</strong></span> <span class='ocrx_word' id='word_1_566' title='bbox 2955 3148 3283 3208; x_wconf 86' lang='lat' dir='ltr'><strong>rationem.</strong></span> 
     </span>
     <span class='ocr_line' id='line_1_87' title="bbox 1836 3240 3317 3322; baseline -0.002 -20"><span class='ocrx_word' id='word_1_567' title='bbox 1836 3242 1938 3302; x_wconf 75' lang='lat'><strong>48.</strong></span> <span class='ocrx_word' id='word_1_568' title='bbox 1991 3240 2154 3314; x_wconf 75' lang='lat' dir='ltr'><strong>Quid</strong></span> <span class='ocrx_word' id='word_1_569' title='bbox 2187 3243 2256 3304; x_wconf 75' lang='lat' dir='ltr'><strong>de</strong></span> <span class='ocrx_word' id='word_1_570' title='bbox 2288 3243 2729 3322; x_wconf 59' lang='lat' dir='ltr'><strong>persiccis-simo</strong></span> <span class='ocrx_word' id='word_1_571' title='bbox 2773 3247 2913 3305; x_wconf 80' lang='lat' dir='ltr'><strong>actu</strong></span> <span class='ocrx_word' id='word_1_572' title='bbox 2953 3241 3202 3304; x_wconf 63' lang='lat' dir='ltr'><strong>amoris.</strong></span> <span class='ocrx_word' id='word_1_573' title='bbox 3234 3271 3317 3284; x_wconf 91' lang='lat'><em>-</em></span> 
     </span>
     <span class='ocr_line' id='line_1_88' title="bbox 1759 3333 3317 3412; baseline -0.002 -17"><span class='ocrx_word' id='word_1_574' title='bbox 1759 3334 1972 3395; x_wconf 91' lang='lat' dir='ltr'><strong>Solum</strong></span> <span class='ocrx_word' id='word_1_575' title='bbox 1998 3352 2148 3412; x_wconf 85' lang='lat' dir='ltr'><strong>ergo</strong></span> <span class='ocrx_word' id='word_1_576' title='bbox 2179 3335 2255 3395; x_wconf 92' lang='lat' dir='ltr'><strong>de</strong></span> <span class='ocrx_word' id='word_1_577' title='bbox 2297 3339 2440 3395; x_wconf 90' lang='lat' dir='ltr'><strong>actu</strong></span> <span class='ocrx_word' id='word_1_578' title='bbox 2471 3335 2816 3396; x_wconf 87' lang='lat' dir='ltr'><strong>dilectionis</strong></span> <span class='ocrx_word' id='word_1_579' title='bbox 2847 3334 2961 3395; x_wconf 91' lang='lat' dir='ltr'><strong>Dei</strong></span> <span class='ocrx_word' id='word_1_580' title='bbox 2999 3333 3317 3412; x_wconf 87' lang='lat' dir='ltr'><strong>perfectis-</strong></span> 
     </span>
     <span class='ocr_line' id='line_1_89' title="bbox 1758 3425 3316 3488; baseline -0.001 -2"><span class='ocrx_word' id='word_1_581' title='bbox 1758 3427 1915 3486; x_wconf 88' lang='lat' dir='ltr'><strong>simo</strong></span> <span class='ocrx_word' id='word_1_582' title='bbox 1967 3427 2312 3488; x_wconf 87' lang='lat' dir='ltr'><strong>secundum</strong></span> <span class='ocrx_word' id='word_1_583' title='bbox 2361 3427 2768 3488; x_wconf 86' lang='lat' dir='ltr'><strong>substantiam</strong></span> <span class='ocrx_word' id='word_1_584' title='bbox 2821 3443 2998 3488; x_wconf 86' lang='lat' dir='ltr'><strong>suam</strong></span> <span class='ocrx_word' id='word_1_585' title='bbox 3047 3425 3316 3487; x_wconf 89' lang='lat' dir='ltr'><strong>dubitari</strong></span> 
     </span>
     <span class='ocr_line' id='line_1_90' title="bbox 1754 3520 3318 3600; baseline -0.001 -20"><span class='ocrx_word' id='word_1_586' title='bbox 1754 3525 1982 3600; x_wconf 85' lang='lat' dir='ltr'><strong>potest,</strong></span> <span class='ocrx_word' id='word_1_587' title='bbox 2012 3537 2094 3580; x_wconf 90' lang='lat' dir='ltr'><strong>an</strong></span> <span class='ocrx_word' id='word_1_588' title='bbox 2135 3520 2374 3581; x_wconf 89' lang='lat' dir='ltr'><strong>ratione</strong></span> <span class='ocrx_word' id='word_1_589' title='bbox 2404 3521 2775 3582; x_wconf 88' lang='lat' dir='ltr'><strong>intensionis</strong></span> <span class='ocrx_word' id='word_1_590' title='bbox 2819 3523 3136 3581; x_wconf 85' lang='lat' dir='ltr'><strong>mereatur</strong></span> <span class='ocrx_word' id='word_1_591' title='bbox 3167 3537 3318 3598; x_wconf 88' lang='lat' dir='ltr'><strong>aug-</strong></span> 
     </span>
    </p>
   </div>
   <div class='ocr_carea' id='block_1_7' title="bbox 1754 3613 3424 3692">
    <p class='ocr_par' dir='ltr' id='par_1_9' title="bbox 1754 3613 3424 3692">
     <span class='ocr_line' id='line_1_91' title="bbox 1754 3613 3424 3692; baseline -0.001 -19"><span class='ocrx_word' id='word_1_592' title='bbox 1754 3617 2038 3674; x_wconf 88' lang='lat' dir='ltr'><strong>mentum</strong></span> <span class='ocrx_word' id='word_1_593' title='bbox 2064 3614 2278 3692; x_wconf 81' lang='lat' dir='ltr'><strong>gratioe</strong></span> <span class='ocrx_word' id='word_1_594' title='bbox 2307 3613 2654 3676; x_wconf 89' lang='lat' dir='ltr'><strong>secundum</strong></span> <span class='ocrx_word' id='word_1_595' title='bbox 2685 3619 2878 3674; x_wconf 87' lang='lat' dir='ltr'><strong>totam</strong></span> <span class='ocrx_word' id='word_1_596' title='bbox 2909 3631 3090 3674; x_wconf 85' lang='lat' dir='ltr'><strong>suam</strong></span> <span class='ocrx_word' id='word_1_597' title='bbox 3113 3613 3317 3674; x_wconf 89' lang='lat' dir='ltr'><strong>latitu-</strong></span> <span class='ocrx_word' id='word_1_598' title='bbox 3417 3673 3424 3684; x_wconf 67' lang='grc'><em>,</em></span> 
     </span>
    </p>
   </div>
   <div class='ocr_carea' id='block_1_8' title="bbox 1746 3706 3318 5652">
    <p class='ocr_par' dir='ltr' id='par_1_10' title="bbox 1746 3706 3318 5652">
     <span class='ocr_line' id='line_1_92' title="bbox 1754 3706 3318 3786; baseline 0.001 -20"><span class='ocrx_word' id='word_1_599' title='bbox 1754 3706 1966 3767; x_wconf 89' lang='lat' dir='ltr'><strong>dinem</strong></span> <span class='ocrx_word' id='word_1_600' title='bbox 1998 3707 2078 3768; x_wconf 89' lang='lat' dir='ltr'><strong>ad</strong></span> <span class='ocrx_word' id='word_1_601' title='bbox 2107 3707 2547 3786; x_wconf 63' lang='lat' dir='ltr'><strong>aequalitatem.</strong></span> <span class='ocrx_word' id='word_1_602' title='bbox 2578 3709 2649 3768; x_wconf 90' lang='lat' dir='ltr'><strong>In</strong></span> <span class='ocrx_word' id='word_1_603' title='bbox 2676 3725 2800 3786; x_wconf 91' lang='lat' dir='ltr'><strong>quo</strong></span> <span class='ocrx_word' id='word_1_604' title='bbox 2830 3707 3020 3768; x_wconf 87' lang='lat' dir='ltr'><strong>dubio</strong></span> <span class='ocrx_word' id='word_1_605' title='bbox 3049 3707 3318 3786; x_wconf 90' lang='lat' dir='ltr'><strong>pruden-</strong></span> 
     </span>
     <span class='ocr_line' id='line_1_93' title="bbox 1752 3800 3314 3872; baseline -0.001 -11"><span class='ocrx_word' id='word_1_606' title='bbox 1752 3807 1881 3861; x_wconf 89' lang='lat' dir='ltr'><strong>tem</strong></span> <span class='ocrx_word' id='word_1_607' title='bbox 1908 3800 2359 3861; x_wconf 89' lang='lat' dir='ltr'><strong>resolutionem</strong></span> <span class='ocrx_word' id='word_1_608' title='bbox 2389 3819 2526 3861; x_wconf 88' lang='lat' dir='ltr'><strong>esse</strong></span> <span class='ocrx_word' id='word_1_609' title='bbox 2559 3800 2865 3872; x_wconf 83' lang='lat' dir='ltr'><strong>existim0‚</strong></span> <span class='ocrx_word' id='word_1_610' title='bbox 2901 3801 3142 3863; x_wconf 89' lang='lat' dir='ltr'><strong>nullum</strong></span> <span class='ocrx_word' id='word_1_611' title='bbox 3177 3817 3314 3860; x_wconf 88' lang='lat' dir='ltr'><strong>esse</strong></span> 
     </span>
     <span class='ocr_line' id='line_1_94' title="bbox 1752 3892 3316 3972; baseline -0.002 -18"><span class='ocrx_word' id='word_1_612' title='bbox 1752 3892 2098 3954; x_wconf 87' lang='lat' dir='ltr'><strong>revelatum</strong></span> <span class='ocrx_word' id='word_1_613' title='bbox 2139 3893 2510 3972; x_wconf 87' lang='lat' dir='ltr'><strong>principium</strong></span> <span class='ocrx_word' id='word_1_614' title='bbox 2551 3912 2626 3954; x_wconf 86' lang='lat' dir='ltr'><strong>ex</strong></span> <span class='ocrx_word' id='word_1_615' title='bbox 2671 3911 2794 3971; x_wconf 89' lang='lat' dir='ltr'><strong>quo</strong></span> <span class='ocrx_word' id='word_1_616' title='bbox 2825 3893 3020 3972; x_wconf 89' lang='lat' dir='ltr'><strong>possit</strong></span> <span class='ocrx_word' id='word_1_617' title='bbox 3059 3912 3096 3954; x_wconf 91' lang='lat' dir='ltr'><strong>a</strong></span> <span class='ocrx_word' id='word_1_618' title='bbox 3136 3893 3316 3952; x_wconf 89' lang='lat' dir='ltr'><strong>nobis</strong></span> 
     </span>
     <span class='ocr_line' id='line_1_95' title="bbox 1756 3984 3318 4048; baseline -0.001 -2"><span class='ocrx_word' id='word_1_619' title='bbox 1756 3986 2082 4047; x_wconf 87' lang='lat' dir='ltr'><strong>sufficienti</strong></span> <span class='ocrx_word' id='word_1_620' title='bbox 2125 3985 2494 4047; x_wconf 88' lang='lat' dir='ltr'><strong>certitudine</strong></span> <span class='ocrx_word' id='word_1_621' title='bbox 2539 3985 2806 4046; x_wconf 88' lang='lat' dir='ltr'><strong>definiri.</strong></span> <span class='ocrx_word' id='word_1_622' title='bbox 2844 3987 3000 4048; x_wconf 88' lang='lat' dir='ltr'><strong>Hinc</strong></span> <span class='ocrx_word' id='word_1_623' title='bbox 3029 3985 3199 4045; x_wconf 86' lang='lat' dir='ltr'><strong>enim</strong></span> <span class='ocrx_word' id='word_1_624' title='bbox 3227 3984 3318 4045; x_wconf 81' lang='lat' dir='ltr'><strong>vi-</strong></span> 
     </span>
     <span class='ocr_line' id='line_1_96' title="bbox 1756 4078 3317 4159; baseline -0.002 -18"><span class='ocrx_word' id='word_1_625' title='bbox 1756 4080 1942 4141; x_wconf 90' lang='lat' dir='ltr'><strong>detur</strong></span> <span class='ocrx_word' id='word_1_626' title='bbox 1967 4079 2030 4139; x_wconf 89' lang='lat' dir='ltr'><strong>in</strong></span> <span class='ocrx_word' id='word_1_627' title='bbox 2073 4079 2190 4142; x_wconf 82' lang='lat' dir='ltr'><strong>illo.</strong></span> <span class='ocrx_word' id='word_1_628' title='bbox 2226 4084 2370 4140; x_wconf 87' lang='lat' dir='ltr'><strong>actu</strong></span> <span class='ocrx_word' id='word_1_629' title='bbox 2417 4097 2554 4140; x_wconf 88' lang='lat' dir='ltr'><strong>esse</strong></span> <span class='ocrx_word' id='word_1_630' title='bbox 2601 4079 2914 4140; x_wconf 85' lang='lat' dir='ltr'><strong>sufficiens</strong></span> <span class='ocrx_word' id='word_1_631' title='bbox 2957 4078 3226 4159; x_wconf 86' lang='lat' dir='ltr'><strong>dignitas</strong></span> <span class='ocrx_word' id='word_1_632' title='bbox 3255 4084 3317 4139; x_wconf 92' lang='lat' dir='ltr'><strong>et</strong></span> 
     </span>
     <span class='ocr_line' id='line_1_97' title="bbox 1756 4172 3318 4252; baseline -0.001 -18"><span class='ocrx_word' id='word_1_633' title='bbox 1756 4172 2075 4252; x_wconf 90' lang='lat' dir='ltr'><strong>proportio</strong></span> <span class='ocrx_word' id='word_1_634' title='bbox 2105 4172 2186 4233; x_wconf 89' lang='lat' dir='ltr'><strong>ad</strong></span> <span class='ocrx_word' id='word_1_635' title='bbox 2237 4173 2414 4234; x_wconf 89' lang='lat' dir='ltr'><strong>illum</strong></span> <span class='ocrx_word' id='word_1_636' title='bbox 2456 4173 2714 4234; x_wconf 90' lang='lat' dir='ltr'><strong>modum</strong></span> <span class='ocrx_word' id='word_1_637' title='bbox 2745 4173 2972 4244; x_wconf 86' lang='lat' dir='ltr'><strong>meriti,</strong></span> <span class='ocrx_word' id='word_1_638' title='bbox 3025 4172 3173 4250; x_wconf 90' lang='lat' dir='ltr'><strong>quia</strong></span> <span class='ocrx_word' id='word_1_639' title='bbox 3222 4177 3318 4232; x_wconf 89' lang='lat' dir='ltr'><strong>est</strong></span> 
     </span>
     <span class='ocr_line' id='line_1_98' title="bbox 1757 4265 3317 4347; baseline -0.003 -19"><span class='ocrx_word' id='word_1_640' title='bbox 1757 4266 2264 4346; x_wconf 75' lang='lat' dir='ltr'><strong>perfectissimu8‚</strong></span> <span class='ocrx_word' id='word_1_641' title='bbox 2315 4273 2378 4327; x_wconf 90' lang='lat' dir='ltr'><strong>et</strong></span> <span class='ocrx_word' id='word_1_642' title='bbox 2405 4266 2870 4346; x_wconf 89' lang='lat' dir='ltr'><strong>quodammodo</strong></span> <span class='ocrx_word' id='word_1_643' title='bbox 2905 4265 3188 4347; x_wconf 89' lang='lat' dir='ltr'><strong>ejusdem</strong></span> <span class='ocrx_word' id='word_1_644' title='bbox 3215 4283 3317 4326; x_wconf 90' lang='lat' dir='ltr'><strong>ra-</strong></span> 
     </span>
     <span class='ocr_line' id='line_1_99' title="bbox 1754 4359 3316 4437; baseline 0 -17"><span class='ocrx_word' id='word_1_645' title='bbox 1754 4359 1940 4421; x_wconf 88' lang='lat' dir='ltr'><strong>tionis</strong></span> <span class='ocrx_word' id='word_1_646' title='bbox 1967 4377 2112 4420; x_wconf 90' lang='lat' dir='ltr'><strong>cum</strong></span> <span class='ocrx_word' id='word_1_647' title='bbox 2146 4359 2365 4420; x_wconf 90' lang='lat' dir='ltr'><strong>babitu</strong></span> <span class='ocrx_word' id='word_1_648' title='bbox 2405 4359 2745 4432; x_wconf 77' lang='lat' dir='ltr'><strong>charitati5‚</strong></span> <span class='ocrx_word' id='word_1_649' title='bbox 2779 4359 2885 4437; x_wconf 91' lang='lat' dir='ltr'><strong>qui</strong></span> <span class='ocrx_word' id='word_1_650' title='bbox 2930 4359 3178 4420; x_wconf 87' lang='lat' dir='ltr'><strong>habitus</strong></span> <span class='ocrx_word' id='word_1_651' title='bbox 3219 4359 3316 4420; x_wconf 88' lang='lat' dir='ltr'><strong>in-</strong></span> 
     </span>
     <span class='ocr_line' id='line_1_100' title="bbox 1754 4451 3309 4532; baseline -0.001 -19"><span class='ocrx_word' id='word_1_652' title='bbox 1754 4452 2099 4514; x_wconf 86' lang='lat' dir='ltr'><strong>dissolubili</strong></span> <span class='ocrx_word' id='word_1_653' title='bbox 2137 4452 2385 4512; x_wconf 86' lang='lat' dir='ltr'><strong>vinculo</strong></span> <span class='ocrx_word' id='word_1_654' title='bbox 2416 4471 2560 4513; x_wconf 90' lang='lat' dir='ltr'><strong>cum</strong></span> <span class='ocrx_word' id='word_1_655' title='bbox 2600 4451 2797 4532; x_wconf 87' lang='lat' dir='ltr'><strong>gratia</strong></span> <span class='ocrx_word' id='word_1_656' title='bbox 2835 4469 3156 4513; x_wconf 86' lang='lat' dir='ltr'><strong>connexus</strong></span> <span class='ocrx_word' id='word_1_657' title='bbox 3187 4457 3309 4525; x_wconf 66' lang='grc' dir='ltr'><strong>θεῖς</strong></span> 
     </span>
     <span class='ocr_line' id='line_1_101' title="bbox 1752 4545 3313 4625; baseline -0.001 -19"><span class='ocrx_word' id='word_1_658' title='bbox 1752 4545 1979 4606; x_wconf 90' lang='lat' dir='ltr'><strong>merito</strong></span> <span class='ocrx_word' id='word_1_659' title='bbox 2005 4563 2155 4625; x_wconf 88' lang='lat' dir='ltr'><strong>ergo</strong></span> <span class='ocrx_word' id='word_1_660' title='bbox 2177 4546 2376 4624; x_wconf 88' lang='lat' dir='ltr'><strong>potuit</strong></span> <span class='ocrx_word' id='word_1_661' title='bbox 2397 4548 2564 4607; x_wconf 91' lang='lat' dir='ltr'><strong>Deus</strong></span> <span class='ocrx_word' id='word_1_662' title='bbox 2583 4549 2827 4606; x_wconf 85' lang='lat' dir='ltr'><strong>tantum</strong></span> <span class='ocrx_word' id='word_1_663' title='bbox 2855 4545 3178 4624; x_wconf 70' lang='lat' dir='ltr'><strong>preamium</strong></span> <span class='ocrx_word' id='word_1_664' title='bbox 3201 4563 3313 4623; x_wconf 85' lang='lat' dir='ltr'><strong>pro</strong></span> 
     </span>
     <span class='ocr_line' id='line_1_102' title="bbox 1752 4638 3318 4718; baseline -0.001 -19"><span class='ocrx_word' id='word_1_665' title='bbox 1752 4639 1860 4699; x_wconf 88' lang='lat' dir='ltr'><strong>tali</strong></span> <span class='ocrx_word' id='word_1_666' title='bbox 1889 4644 2032 4698; x_wconf 88' lang='lat' dir='ltr'><strong>actu</strong></span> <span class='ocrx_word' id='word_1_667' title='bbox 2051 4638 2438 4716; x_wconf 85' lang='lat' dir='ltr'><strong>promittere,</strong></span> <span class='ocrx_word' id='word_1_668' title='bbox 2467 4657 2584 4700; x_wconf 91' lang='lat' dir='ltr'><strong>nec</strong></span> <span class='ocrx_word' id='word_1_669' title='bbox 2605 4639 2784 4700; x_wconf 90' lang='lat' dir='ltr'><strong>nobis</strong></span> <span class='ocrx_word' id='word_1_670' title='bbox 2804 4645 3088 4699; x_wconf 86' lang='lat' dir='ltr'><strong>constare</strong></span> <span class='ocrx_word' id='word_1_671' title='bbox 3111 4645 3318 4718; x_wconf 88' lang='lat' dir='ltr'><strong>potest</strong></span> 
     </span>
     <span class='ocr_line' id='line_1_103' title="bbox 1749 4731 3316 4812; baseline 0 -20"><span class='ocrx_word' id='word_1_672' title='bbox 1749 4750 1879 4792; x_wconf 90' lang='lat' dir='ltr'><strong>non</strong></span> <span class='ocrx_word' id='word_1_673' title='bbox 1914 4731 2160 4793; x_wconf 81' lang='lat' dir='ltr'><strong>fecisse.</strong></span> <span class='ocrx_word' id='word_1_674' title='bbox 2211 4734 2426 4812; x_wconf 87' lang='lat' dir='ltr'><strong>Neque</strong></span> <span class='ocrx_word' id='word_1_675' title='bbox 2465 4749 2579 4794; x_wconf 89' lang='lat' dir='ltr'><strong>uos</strong></span> <span class='ocrx_word' id='word_1_676' title='bbox 2607 4738 2846 4794; x_wconf 90' lang='lat' dir='ltr'><strong>terrent</strong></span> <span class='ocrx_word' id='word_1_677' title='bbox 2887 4731 3316 4812; x_wconf 82' lang='lat' dir='ltr'><strong>exaggeratio·</strong></span> 
     </span>
     <span class='ocr_line' id='line_1_104' title="bbox 1748 4826 3314 4906; baseline 0 -20"><span class='ocrx_word' id='word_1_678' title='bbox 1748 4845 1863 4886; x_wconf 91' lang='lat' dir='ltr'><strong>nes</strong></span> <span class='ocrx_word' id='word_1_679' title='bbox 1914 4827 2267 4906; x_wconf 88' lang='lat' dir='ltr'><strong>aliquorum</strong></span> <span class='ocrx_word' id='word_1_680' title='bbox 2311 4829 2798 4900; x_wconf 84' lang='lat' dir='ltr'><strong>Themisturum,</strong></span> <span class='ocrx_word' id='word_1_681' title='bbox 2854 4827 3109 4900; x_wconf 89' lang='lat' dir='ltr'><strong>scilicet,</strong></span> <span class='ocrx_word' id='word_1_682' title='bbox 3169 4826 3314 4905; x_wconf 90' lang='lat' dir='ltr'><strong>quia</strong></span> 
     </span>
     <span class='ocr_line' id='line_1_105' title="bbox 1748 4917 3312 4999; baseline 0 -21"><span class='ocrx_word' id='word_1_683' title='bbox 1748 4917 1893 4979; x_wconf 91' lang='lat' dir='ltr'><strong>hinc</strong></span> <span class='ocrx_word' id='word_1_684' title='bbox 1918 4918 2168 4980; x_wconf 83' lang='lat' dir='ltr'><strong>videtur</strong></span> <span class='ocrx_word' id='word_1_685' title='bbox 2196 4920 2372 4999; x_wconf 91' lang='lat' dir='ltr'><strong>sequi</strong></span> <span class='ocrx_word' id='word_1_686' title='bbox 2400 4921 2621 4999; x_wconf 85' lang='lat' dir='ltr'><strong>ingens</strong></span> <span class='ocrx_word' id='word_1_687' title='bbox 2653 4927 3060 4998; x_wconf 88' lang='lat' dir='ltr'><strong>augmentum</strong></span> <span class='ocrx_word' id='word_1_688' title='bbox 3099 4920 3312 4999; x_wconf 71' lang='lat' dir='ltr'><strong>gratias</strong></span> 
     </span>
     <span class='ocr_line' id='line_1_106' title="bbox 1746 5011 3316 5093; baseline -0.001 -22"><span class='ocrx_word' id='word_1_689' title='bbox 1746 5011 1811 5071; x_wconf 92' lang='lat' dir='ltr'><strong>in</strong></span> <span class='ocrx_word' id='word_1_690' title='bbox 1862 5013 2141 5090; x_wconf 90' lang='lat' dir='ltr'><strong>quolibet</strong></span> <span class='ocrx_word' id='word_1_691' title='bbox 2179 5013 2370 5092; x_wconf 86' lang='lat' dir='ltr'><strong>justo,</strong></span> <span class='ocrx_word' id='word_1_692' title='bbox 2406 5020 2470 5074; x_wconf 86' lang='lat' dir='ltr'><strong>et</strong></span> <span class='ocrx_word' id='word_1_693' title='bbox 2508 5031 2671 5093; x_wconf 91' lang='lat' dir='ltr'><strong>pene</strong></span> <span class='ocrx_word' id='word_1_694' title='bbox 2702 5013 3078 5074; x_wconf 88' lang='lat' dir='ltr'><strong>immensum</strong></span> <span class='ocrx_word' id='word_1_695' title='bbox 3109 5013 3170 5072; x_wconf 90' lang='lat' dir='ltr'><strong>in</strong></span> <span class='ocrx_word' id='word_1_696' title='bbox 3207 5011 3316 5072; x_wconf 88' lang='lat' dir='ltr'><strong>ali-</strong></span> 
     </span>
     <span class='ocr_line' id='line_1_107' title="bbox 1749 5105 3315 5184; baseline 0 -21"><span class='ocrx_word' id='word_1_697' title='bbox 1749 5120 1875 5182; x_wconf 90' lang='lat' dir='ltr'><strong>quo</strong></span> <span class='ocrx_word' id='word_1_698' title='bbox 1906 5105 2426 5166; x_wconf 82' lang='lat' dir='ltr'><strong>excellentissimo</strong></span> <span class='ocrx_word' id='word_1_699' title='bbox 2469 5111 2711 5179; x_wconf 87' lang='lat' dir='ltr'><strong>sancto,</strong></span> <span class='ocrx_word' id='word_1_700' title='bbox 2744 5107 2850 5184; x_wconf 89' lang='lat' dir='ltr'><strong>qui</strong></span> <span class='ocrx_word' id='word_1_701' title='bbox 2888 5121 3139 5182; x_wconf 89' lang='lat' dir='ltr'><strong>semper</strong></span> <span class='ocrx_word' id='word_1_702' title='bbox 3164 5121 3315 5181; x_wconf 90' lang='lat' dir='ltr'><strong>ope-</strong></span> 
     </span>
     <span class='ocr_line' id='line_1_108' title="bbox 1746 5196 3315 5278; baseline 0.001 -22"><span class='ocrx_word' id='word_1_703' title='bbox 1746 5202 1921 5257; x_wconf 88' lang='lat' dir='ltr'><strong>retur</strong></span> <span class='ocrx_word' id='word_1_704' title='bbox 1951 5196 2018 5257; x_wconf 90' lang='lat' dir='ltr'><strong>in</strong></span> <span class='ocrx_word' id='word_1_705' title='bbox 2046 5198 2444 5276; x_wconf 88' lang='lat' dir='ltr'><strong>proportione</strong></span> <span class='ocrx_word' id='word_1_706' title='bbox 2474 5197 2688 5278; x_wconf 89' lang='lat' dir='ltr'><strong>dupla,</strong></span> <span class='ocrx_word' id='word_1_707' title='bbox 2735 5205 2796 5259; x_wconf 92' lang='lat' dir='ltr'><strong>et</strong></span> <span class='ocrx_word' id='word_1_708' title='bbox 2835 5196 3182 5259; x_wconf 90' lang='lat' dir='ltr'><strong>secundum</strong></span> <span class='ocrx_word' id='word_1_709' title='bbox 3223 5201 3315 5257; x_wconf 88' lang='lat' dir='ltr'><strong>to·</strong></span> 
     </span>
     <span class='ocr_line' id='line_1_109' title="bbox 1750 5290 3316 5354; baseline -0.001 -4"><span class='ocrx_word' id='word_1_710' title='bbox 1750 5295 1879 5350; x_wconf 89' lang='lat' dir='ltr'><strong>tam</strong></span> <span class='ocrx_word' id='word_1_711' title='bbox 1935 5290 2324 5351; x_wconf 87' lang='lat' dir='ltr'><strong>latitudinem</strong></span> <span class='ocrx_word' id='word_1_712' title='bbox 2377 5291 2646 5353; x_wconf 82' lang='lat' dir='ltr'><strong>habitus.</strong></span> <span class='ocrx_word' id='word_1_713' title='bbox 2686 5291 2938 5354; x_wconf 85' lang='lat' dir='ltr'><strong>Nullum</strong></span> <span class='ocrx_word' id='word_1_714' title='bbox 2995 5291 3162 5350; x_wconf 90' lang='lat' dir='ltr'><strong>enim</strong></span> <span class='ocrx_word' id='word_1_715' title='bbox 3221 5293 3316 5349; x_wconf 88' lang='lat' dir='ltr'><strong>est</strong></span> 
     </span>
     <span class='ocr_line' id='line_1_110' title="bbox 1750 5383 3316 5464; baseline 0 -22"><span class='ocrx_word' id='word_1_716' title='bbox 1750 5383 2199 5444; x_wconf 83' lang='lat' dir='ltr'><strong>inconveniens</strong></span> <span class='ocrx_word' id='word_1_717' title='bbox 2245 5391 2315 5446; x_wconf 91' lang='lat' dir='ltr'><strong>ut</strong></span> <span class='ocrx_word' id='word_1_718' title='bbox 2364 5404 2664 5464; x_wconf 90' lang='lat' dir='ltr'><strong>magnum</strong></span> <span class='ocrx_word' id='word_1_719' title='bbox 2719 5385 2947 5446; x_wconf 87' lang='lat' dir='ltr'><strong>habeat</strong></span> <span class='ocrx_word' id='word_1_720' title='bbox 2988 5383 3316 5462; x_wconf 81' lang='lat' dir='ltr'><strong>proemium</strong></span> 
     </span>
     <span class='ocr_line' id='line_1_111' title="bbox 1750 5475 3310 5554; baseline 0.001 -20"><span class='ocrx_word' id='word_1_721' title='bbox 1750 5476 1858 5552; x_wconf 89' lang='lat' dir='ltr'><strong>qui</strong></span> <span class='ocrx_word' id='word_1_722' title='bbox 1914 5475 2006 5536; x_wconf 90' lang='lat' dir='ltr'><strong>sic</strong></span> <span class='ocrx_word' id='word_1_723' title='bbox 2057 5477 2270 5538; x_wconf 86' lang='lat' dir='ltr'><strong>dilexit</strong></span> <span class='ocrx_word' id='word_1_724' title='bbox 2327 5479 2564 5554; x_wconf 88' lang='lat' dir='ltr'><strong>Deum,</strong></span> <span class='ocrx_word' id='word_1_725' title='bbox 2620 5496 2764 5539; x_wconf 89' lang='lat' dir='ltr'><strong>cum</strong></span> <span class='ocrx_word' id='word_1_726' title='bbox 2829 5478 3058 5540; x_wconf 89' lang='lat' dir='ltr'><strong>Paulus</strong></span> <span class='ocrx_word' id='word_1_727' title='bbox 3115 5477 3310 5549; x_wconf 89' lang='lat' dir='ltr'><strong>dicat,</strong></span> 
     </span>
     <span class='ocr_line' id='line_1_112' title="bbox 1751 5567 3314 5652; baseline 0.001 -23"><span class='ocrx_word' id='word_1_728' title='bbox 1751 5567 1940 5632; x_wconf 85' lang='lat' dir='ltr'><strong>etiam</strong></span> <span class='ocrx_word' id='word_1_729' title='bbox 1969 5569 2144 5652; x_wconf 85' lang='lat' dir='ltr'><strong>quod</strong></span> <span class='ocrx_word' id='word_1_730' title='bbox 2167 5577 2683 5636; x_wconf 85' lang='lat' dir='ltr'><strong>momentaneum</strong></span> <span class='ocrx_word' id='word_1_731' title='bbox 2717 5577 2812 5634; x_wconf 88' lang='lat' dir='ltr'><strong>est</strong></span> <span class='ocrx_word' id='word_1_732' title='bbox 2852 5577 2916 5632; x_wconf 87' lang='lat' dir='ltr'><strong>et</strong></span> <span class='ocrx_word' id='word_1_733' title='bbox 2943 5571 3104 5644; x_wconf 75' lang='lat' dir='ltr'><strong>leve,</strong></span> <span class='ocrx_word' id='word_1_734' title='bbox 3137 5575 3314 5631; x_wconf 83' lang='lat' dir='ltr'><strong>oeter-</strong></span> 
     </span>
    </p>
   </div>
  </div>
 </body>
</html>
