3850 6225
426 388 548 450 296

427 500 739 574 quatenus
780 494 862 555 ab
899 512 1117 555 carum
1168 494 1407 555 influxu
1447 502 1509 557 et
1546 495 1743 555 libera
1794 494 2003 554 deter-

427 586 769 648 minatione
800 587 1197 665 dependent;
1233 587 1313 649 de
1340 588 1567 668 quibus
1590 587 1813 649 eadem
1842 586 2000 646 ratio

426 686 544 754 est,
576 680 703 741 sive
734 681 1053 759 pendeant
1093 700 1130 741 a
1173 682 1491 743 voluntate
1522 681 1828 761 angelica,
1870 680 2000 740 sive

429 776 509 835 ab
551 775 829 834 humana
860 794 876 847 ;
918 780 1155 849 tamen,
1189 775 1336 854 quia
1366 776 1497 836 haec
1540 774 1847 853 posterior
1884 792 2001 833 no-

430 868 528 929 bis
576 868 941 929 familiarior
990 872 1105 939 est,
1140 875 1203 929 et
1252 870 1481 943 notior,
1520 870 1599 930 de
1654 868 1759 929 illa
1805 884 2000 946 pecu-

428 962 668 1023 liariter
707 962 1042 1040 loquimur.
1078 964 1153 1023 Et
1180 964 1381 1042 primo
1408 962 1749 1023 videndum
1782 968 1876 1023 est
1914 979 1997 1023 an

430 1057 496 1116 in
536 1055 1086 1135 propositionibuS,
1130 1056 1623 1133 significantibus
1668 1055 1747 1118 de
1785 1055 1996 1117 futuro

432 1151 549 1211 hos
566 1152 825 1209 effectus
852 1150 1308 1229 contingenteS,
1338 1150 1418 1211 sit
1444 1150 1855 1211 determinata
1894 1166 2004 1209 ve-

434 1242 605 1316 ritaS,
652 1240 794 1321 qu'ae
838 1243 901 1303 in
928 1244 1018 1303 eis
1046 1243 1337 1323 cognosci
1376 1243 1597 1321 possit,
1631 1246 1695 1303 et
1736 1260 2002 1322 cognos-

432 1342 611 1396 catur
636 1354 673 1395 a
702 1336 867 1409 Deo;
924 1336 1151 1398 deinde
1196 1355 1321 1415 qua
1366 1337 1467 1396 via
1510 1341 1619 1397 aut
1663 1335 1871 1397 medio
1901 1354 2002 1397 co-

432 1430 652 1509 gnosci
681 1432 897 1509 possit,
934 1432 1032 1492 vel
1050 1434 1465 1509 cognoscatur
1492 1449 1529 1491 a
1550 1433 1681 1491 Deo
1707 1449 1723 1502 ;
1756 1450 1833 1492 ex
1862 1430 2002 1509 qui-

432 1526 552 1585 bus
574 1524 831 1585 tandem
859 1526 1167 1587 constabit
1192 1544 1317 1605 quo
1356 1525 1543 1586 modo
1574 1524 2000 1606 contingentia

437 1636 585 1680 cum
618 1618 1009 1699 praescientia
1063 1637 1191 1680 non
1230 1624 1563 1700 repugnat.

1025 1852 1276 1915 CAPUT
1316 1852 1391 1913 11.

436 2074 497 2119 m
540 2074 1045 2121 raomsrrloxmus
1071 2074 1149 2120 DE
1178 2073 1407 2120 turono
1442 2071 1835 2121 commum!
1862 2074 2008 2119 Essa

520 2168 945 2214 summissum
981 2167 1341 2214 vmu'rnlm
1380 2166 1874 2225 DBTBanATAu‚
1904 2166 2010 2213 SE·

520 2262 759 2307 GUNDUH
799 2260 963 2314 QUAM
1003 2261 1046 2308 A
1083 2261 1195 2306 Duo
1232 2260 1514 2307 rnssscnu
1554 2260 1811 2307 rossm'r.

524 2462 581 2519 1.
630 2458 793 2532 Quid
834 2458 1203 2537 requiratur,
1240 2464 1313 2521 ut
1344 2458 1631 2537 objectum
1678 2458 1855 2520 eadat
1894 2456 2006 2519 sub

440 2552 692 2615 scientia
720 2550 950 2615 Dei.—
968 2554 1123 2614 Cum
1149 2552 1311 2613 Deus
1336 2551 1399 2611 in
1426 2551 1595 2612 omni
1624 2549 2008 2629 perfectione

443 2664 556 2705 sua
584 2652 1051 2706 consummatus
1082 2646 1179 2717 sit,
1208 2652 1269 2705 et
1300 2645 1527 2705 habeat
1559 2643 1862 2722 quidquid
1890 2643 2009 2703 sub

442 2756 594 2798 vero
620 2744 926 2817 conceptu
946 2739 1088 2800 talis
1107 2738 1507 2818 perfectionis
1528 2736 1751 2797 cadere
1781 2739 2009 2816 potest,

446 2832 719 2893 dubitari
764 2849 893 2891 non
946 2838 1152 2911 potest
1200 2833 1351 2911 quin
1398 2832 1588 2891 etiam
1634 2830 1699 2890 in
1755 2830 2015 2891 scientia

446 2943 757 2986 summam
801 2930 863 2985 et
910 2926 1218 2985 infinitam
1264 2924 1711 3004 perfectionem
1758 2922 2011 2989 habeat,

908 390 1121 445 OPL'SC.
1156 393 1230 453 n.
1266 392 1382 445 Lm.
1422 396 1458 447 1.
1494 393 1577 445 DE
1610 390 1933 443 ABSOLUTA
1971 388 2250 445 scu-:Nun
2285 394 2596 447 Furnnon.
2635 394 3160 447 commonitum.

2083 512 2228 555 cum
2256 494 2542 559 libertate
2568 494 2886 575 conjungi.
2916 494 3424 556 Fundamentum
3459 492 3632 573 hujus

2085 589 2314 649 erroris
2341 590 2587 651 videtur
2625 590 2909 670 posuisse
2942 588 3334 661 AristoteleS,
3375 592 3396 648 Ι
3443 588 3518 647 de
3549 591 3634 649 Iu-

2081 684 2552 760 terpretatione‚
2575 700 2715 762 cap.
2743 684 2803 755 8,
2837 682 2944 741 ubi
2970 686 3163 761 negat
3193 682 3635 759 propositiones

2081 775 2160 836 de
2204 775 2414 837 futuro
2451 776 2833 855 contingenti
2883 776 3118 835 habere
3163 774 3636 835 determinatam

2080 868 2430 942 veritatem,
2463 868 2664 929 donec
2691 873 3010 946 ponantur
3027 868 3092 927 in
3119 884 3302 937 esse}
3331 884 3482 925 nam
3503 866 3636 927 hinc

2079 962 2436 1024 necessario
2467 963 2750 1042 sequitur
2772 980 2900 1021 non
2930 978 3114 1040 posse
3139 958 3422 1039 praesciri
3451 960 3642 1037 prius-

2079 1071 2270 1131 quam
2291 1056 2610 1127 eveniant3
2639 1054 2787 1134 quia
2817 1054 2985 1133 quod
3009 1072 3136 1114 non
3155 1056 3250 1114 est
3269 1070 3404 1111 non
3427 1052 3636 1123 scitum

2083 1167 2236 1229 ergo
2263 1150 2434 1229 quod
2453 1168 2580 1211 non
2601 1156 2696 1211 est
2719 1167 2938 1210 verum
2952 1166 3083 1209 non
3108 1153 3314 1227 potest
3343 1145 3490 1206 sciri
3515 1163 3642 1205 esse

2081 1260 2302 1303 verum
2331 1262 2348 1317 ;
2388 1244 2500 1305 sed
2531 1243 2870 1323 propositio
2901 1260 3040 1321 quae
3069 1260 3198 1302 non
3223 1244 3321 1301 est
3361 1239 3644 1299 determi-

2081 1342 2227 1397 nate
2261 1355 2433 1414 vera,
2478 1354 2606 1397 non
2641 1341 2734 1397 est
2759 1354 2934 1402 vera.
2967 1334 3115 1414 quia
3143 1334 3353 1395 adhuc
3375 1338 3476 1393 est
3499 1350 3646 1411 qua-

2083 1432 2136 1493 si
2163 1448 2491 1510 suspensa,
2515 1436 2578 1490 et
2601 1430 2963 1491 indifferens
2993 1428 3074 1490 ad
3099 1433 3437 1490 veritatem
3457 1433 3520 1486 et
3545 1426 3650 1487 fal·

2082 1526 2362 1597 sitatem3
2411 1540 2560 1601 ergo
2617 1541 2744 1583 non
2773 1529 2978 1602 potest
3005 1523 3146 1583 sciri
3189 1528 3260 1583 ut
3298 1538 3476 1591 vera,
3503 1520 3652 1581 alio-

2079 1617 2188 1695 qui
2221 1617 2364 1679 talis
2394 1615 2665 1694 cognitio
2707 1622 2874 1677 esset
2909 1614 3216 1677 difformis
3259 1614 3538 1693 objecto,
3595 1619 3654 1674 et

2079 1712 2260 1772 salsa.
2294 1712 2369 1772 Et
2407 1710 2630 1771 eadem
2658 1710 2902 1772 ratione
2929 1728 3058 1771 non
3085 1714 3294 1789 potest
3321 1708 3470 1769 talis
3501 1706 3652 1787 ‘pro-

2081 1804 2306 1885 positio
2343 1804 2636 1884 cognosci
2665 1808 2733 1863 ut
2775 1803 2956 1878 falsa,
2999 1803 3148 1881 quia
3177 1820 3312 1863 non
3341 1806 3442 1862 est
3469 1802 3656 1861 etiam

2083 1898 2498 1960 determinate
2527 1897 2708 1967 falsa,
2742 1897 2855 1958 sed
2891 1895 3280 1957 indifferens.
3325 1897 3494 1973 Ergo
3523 1912 3656 1953 ma-

2087 1997 2196 2054 net
2233 1992 2372 2053 talis
2403 1990 2742 2070 propositio
2779 1990 3306 2069 incognoscibilia,
3345 1986 3655 2065 siquidem

2091 2086 2170 2147 de
2202 2104 2276 2147 ea
2287 2084 2552 2163 judicari
2583 2102 2710 2145 non
2735 2089 2939 2163 potest
2969 2102 3052 2143 an
3075 2100 3224 2144 vera
3249 2082 3354 2143 vel
3377 2080 3542 2142 falsa
3565 2079 3658 2139 fu-

2089 2186 2226 2241 tura
2261 2179 2359 2239 sit.

2173 2276 2230 2335 3.
2288 2272 2453 2337 Unde
2474 2272 2683 2351 probet
2715 2269 3075 2333 Aristoteles
3107 2266 3558 2351 propositiones
3597 2268 3664 2328 de

2089 2366 2187 2428 hie
2207 2366 2446 2439 futuris
2473 2381 2591 2425 non
2605 2382 2731 2426 esee
2757 2364 3146 2427 detes-minate
3167 2380 3368 2425 veras.
3385 2359 3664 2431 —Quod

2091 2466 2301 2521 autem
2333 2457 2672 2538 propositio
2689 2456 2768 2517 de
2785 2458 2996 2516 futuro
3013 2454 3404 2535 contingenti
3431 2472 3562 2511 non
3589 2452 3665 2511 sit

2089 2553 2502 2615 determinate
2521 2570 2670 2612 vcra
2685 2550 2784 2611 vel
2801 2550 2982 2623 salsa,
3002 2550 3305 2630 probatur
3331 2548 3414 2608 ab
3435 2545 3666 2607 Aristo-

2089 2648 2236 2719 tele,
2268 2646 2414 2725 quia
2445 2646 2600 2705 alias
2626 2645 2948 2707 tolleretur
2965 2662 3178 2706 rerum
3205 2640 3662 2719 contingentia,

2095 2748 2158 2803 et
2195 2740 2406 2801 omnia
2435 2738 2792 2800 necessario
2817 2738 3161 2799 evenirent.
3201 2733 3480 2813 Sequela
3519 2750 3666 2811 pro-

2094 2838 2300 2907 batur,
2333 2836 2559 2914 primo,
2593 2835 2766 2912 quia,
2798 2834 2846 2895 si
2879 2834 3018 2894 talis
3053 2830 3398 2911 propositio
3425 2834 3522 2889 est
3557 2826 3668 2886 de-

2094 2928 2425 2992 terminate
2446 2946 2616 3001 vera,
2643 2945 2794 3007 ergo
2823 2944 2950 2987 non
2979 2934 3075 2987 est
3093 2925 3487 2993 indifferenS,
3519 2920 3667 2999 quia

447 3020 605 3080 sicut
632 3018 823 3079 habet
850 3018 913 3078 in
938 3020 1215 3097 potentia
1240 3024 1303 3079 et
1330 3018 1467 3078 aliis
1494 3017 1823 3077 attributis.
1854 3016 2014 3087 Qua·
2073 3022 2460 3083 ,indifferens
2509 3027 2565 3081 et
2609 3021 3094 3080 determinatum
3132 3016 3214 3078 ad
3241 3034 3442 3076 unum
3485 3032 3668 3093 repa-

446 3120 720 3193 propter,
756 3113 913 3174 sicut
944 3114 1005 3174 in
1036 3113 1245 3174 divina
1285 3113 1563 3192 potentia
1590 3131 1731 3172 cum
1764 3109 2018 3190 inquiri-

446 3225 587 3268 mus
618 3225 699 3266 an
728 3206 961 3284 aliquid
1004 3208 1122 3268 sub
1164 3207 1334 3267 illam
1378 3205 1583 3279 cadat,
1618 3223 1745 3265 non
1774 3204 2020 3266 dubita-—

446 3317 588 3360 mus
622 3299 701 3360 de
739 3306 1047 3379 potestate
1086 3319 1162 3362 ex
1190 3306 1368 3379 parte
1400 3300 1533 3372 Dei,
1566 3297 1677 3360 sed
1708 3297 1787 3358 de
1818 3297 2022 3378 possi-

448 3392 685 3454 bilitate
716 3411 794 3454 ex
820 3399 995 3472 parte
1024 3393 1139 3467 rei,
1163 3392 1239 3454 de
1268 3409 1394 3470 qua
1424 3399 1521 3454 est
1546 3392 1805 3470 quaestio
1823 3435 1840 3464 ,
1868 3409 2021 3452 nam

450 3485 501 3546 si
532 3485 637 3546 illa
660 3485 727 3546 in
754 3503 823 3548 se
854 3491 949 3548 est
975 3486 1309 3566 possibilie,
1334 3504 1447 3546 seu
1474 3505 1603 3546 non
1632 3501 2017 3564 repugnans,

448 3597 577 3640 non
608 3585 813 3658 potest
850 3581 1126 3660 effugere
1160 3579 1679 3658 omnipotentiam
1710 3579 1843 3652 Dei,
1875 3595 2020 3639 cum

450 3673 528 3733 sit
552 3673 1023 3750 perfectissima,
1054 3681 1116 3734 et
1144 3672 1385 3733 infinita
1415 3671 1800 3750 simpliciter,
1832 3671 1913 3731 ita
1953 3672 2020 3731 in

449 3767 766 3847 praesenti,
803 3767 885 3828 ad
944 3767 1430 3828 examinandum
1484 3784 1565 3826 an
1619 3767 1757 3826 haec
1808 3765 2018 3827 futura

448 3861 873 3940 contingentia
923 3861 1149 3922 cadant
1199 3861 1318 3921 sub
1371 3860 1697 3921 scientiam
1748 3859 1891 3934 Dei,
1943 3877 2020 3919 ex

448 3959 627 4032 parte
656 3953 935 4033 ipsorum
966 3954 1412 4034 inquirendum
1452 3958 1569 4025 est,
1594 3961 1682 4012 'an
1724 3952 1869 4012 talia
1898 3952 2021 4012 sint

451 4054 519 4108 ut
548 4049 838 4128 cognosci
868 4049 1126 4128 possint.
1156 4050 1337 4119 Nam,
1366 4048 1414 4106 si
1452 4047 1583 4124 ipsa
1617 4047 1851 4106 habent
1876 4046 2024 4105 fun-

450 4142 813 4203 damentum
867 4141 1413 4222 cognoscibilitat-is
1441 4186 1455 4212 ‚
1512 4146 1575 4200 ut
1628 4139 1715 4200 sic
1767 4139 1970 4200 dicam
2001 4183 2017 4212 ,

450 4235 619 4312 quod
668 4241 763 4297 est
808 4235 1116 4309 veritatiS,
1168 4253 1297 4295 non
1345 4233 1645 4313 effugient
1696 4233 2020 4294 scientiam

448 4329 584 4400 Dei,
633 4347 774 4408 qua·
828 4329 1071 4390 infinita
1124 4335 1240 4401 est,
1278 4335 1341 4388 et
1393 4325 1845 4406 perfectissima
1876 4341 2016 4404 quae

452 4423 791 4501 excogitari
830 4427 1055 4501 potest.
1087 4421 1147 4483 Si
1176 4439 1327 4482 vero
1369 4421 1432 4480 in
1464 4420 1553 4481 eis
1582 4420 1754 4480 nulla
1786 4425 1881 4479 est
1911 4437 2019 4479 vo-

450 4516 601 4575 ritas
653 4531 793 4592 quae
842 4515 1133 4593 cognosci
1186 4515 1405 4594 possit,
1454 4513 1684 4574 mirum
1728 4531 1856 4572 non
1904 4511 2022 4572 erit

452 4607 623 4686 quod
650 4607 768 4667 sub
792 4607 1116 4667 scientiam
1139 4607 1253 4667 Dei
1276 4625 1405 4666 non
1434 4606 1683 4676 cadant,
1706 4605 1851 4683 quia
1876 4604 2018 4665 ideo

452 4718 582 4760 non
632 4701 748 4760 erit
798 4701 1001 4779 major
1047 4699 1435 4779 imperfectio
1483 4699 1546 4759 in
1594 4699 1707 4759 Dei
1736 4697 2015 4766 scientia,

453 4811 643 4872 quam
694 4793 774 4853 sit
816 4793 879 4852 in
918 4795 1193 4872 potentia
1235 4811 1363 4853 non
1402 4809 1587 4871 posse
1634 4791 1694 4851 id
1726 4791 1896 4870 quod
1927 4797 2023 4852 cst

458 4886 863 4965 impossibile.

536 4981 595 5039 Ξ.
642 4977 943 5042 Ciceronis
962 4997 1131 5040 error
1155 4979 1223 5041 de
1242 4977 1498 5042 scientia
1512 4981 1863 5056 stetur-orum
1884 4997 2022 5042 con-

458 5073 844 5153 timentium.
876 5101 960 5116 —
994 5071 1283 5132 Nonnulli
1316 5087 1465 5148 ergo
1508 5069 1859 5148 philosophi
1908 5089 2022 5130 nc-

456 5170 685 5240 garunt
710 5181 897 5242 posse
923 5166 1121 5224 Deum
1165 5180 1547 5241 cognoscere
1592 5161 1729 5222 haec
1756 5163 1966 5222 futura
1998 5183 2013 5222 ε

452 5257 693 5330 Cicero,
723 5257 764 5317 1.
787 5256 865 5317 de
885 5257 1059 5326 Fato,
1092 5257 1212 5316 et2
1242 5255 1321 5315 de
1348 5255 1644 5327 Divinat.,
1676 5255 1806 5333 qui,
1836 5261 1903 5315 ut
1933 5255 2021 5316 ait

450 5351 859 5430 Augustinus,
884 5351 923 5410 5
952 5349 1029 5410 de
1050 5349 1328 5420 Civitate‚
1360 5366 1499 5426 cap.
1524 5349 1599 5409 9:
1646 5349 1729 5410 Ut
1756 5349 2021 5411 laomim

446 5450 670 5522 faceret
688 5443 928 5516 liberos,
955 5443 1117 5519 facit
1128 5441 1481 5521 sacrilegos.
1504 5442 1639 5502 Non
1658 5440 1826 5501 enim
1858 5439 2022 5501 exis-

452 5536 689 5598 timavit
720 5535 1174 5616 praescientiam
1200 5535 1425 5595 horum
1452 5533 1809 5596 futurorum
1836 5551 2022 5612 posse

2099 3122 2322 3196 gnant3
2360 3133 2534 3193 erge.
2570 3116 2784 3192 Neque
2807 3117 2901 3174 est
2929 3113 3323 3192 contingenS,
3355 3109 3506 3189 quia
3525 3127 3672 3168 con-

2098 3209 2348 3288 tingens
2393 3213 2456 3268 et
2497 3207 2862 3267 indifferens
2917 3207 3084 3268 idem
3134 3211 3300 3265 sunt.
3349 3201 3670 3268 Secundo,

2101 3303 2271 3382 quia,
2296 3302 2348 3363 si
2375 3301 2597 3362 eadem
2625 3299 2967 3380 propositio
2999 3305 3094 3360 est
3121 3297 3544 3359 determinate
3576 3313 3674 3353 ve-

2101 3415 2194 3468 ra,
2247 3413 2399 3474 ergo
2445 3393 2802 3454 necessario
2832 3409 3018 3464 vera;
3053 3409 3204 3471 ergo
3253 3390 3429 3468 quod
3459 3407 3580 3467 per
3601 3387 3673 3447 il—

2101 3490 2228 3550 lam
2274 3489 2553 3549 futurum
2581 3487 2827 3559 dicitur,
2857 3487 3210 3547 necessario
3240 3484 3524 3544 futurum
3549 3489 3668 3542 est.

2103 3583 2308 3644 Prima
2337 3580 2788 3659 consequentia
2813 3579 3136 3659 probatur,
3177 3577 3328 3656 quia
3357 3576 3408 3636 si
3443 3593 3672 3654 propo-

2102 3676 2238 3736 sitio
2269 3672 2348 3735 de
2365 3673 2576 3734 futuro
2606 3671 2802 3733 semel
2825 3679 2920 3733 est
2943 3691 3116 3747 vera,
3147 3671 3287 3731 fieri
3307 3687 3440 3730 non
3463 3673 3674 3747 potest

2101 3770 2254 3849 quin
2302 3768 2512 3848 aliquo
2539 3773 2819 3845 tempore
2851 3766 3238 3838 verificetur;
3278 3781 3451 3836 nam,
3483 3763 3534 3822 si
3563 3779 3674 3821 ve-

2099 3861 2400 3924 rificanda
2427 3879 2555 3920 non
2581 3865 2770 3934 esset,
2803 3877 3054 3938 semper
3075 3859 3295 3919 {uisset
3313 3856 3497 3917 falsa.
3519 3857 3670 3916 Ter-

2101 3957 2210 4030 tio,
2259 3955 2404 4034 quia
2457 3953 2506 4013 si
2547 3953 2686 4014 talis
2727 3952 3068 4032 propositio
3112 3957 3208 4012 est
3249 3949 3671 4011 determinat&¹

2101 4067 2272 4123 vera,
2307 4065 2458 4126 ergo
2485 4053 2579 4107 est
2601 4065 2748 4107 vera
2777 4046 3124 4106 secundum
3145 4045 3302 4105 illud
3327 4063 3472 4104 esse
3501 4043 3672 4122 quod

2103 4142 2292 4202 habet
2343 4147 2683 4218 antequam
2733 4139 2875 4212 fiat;
2933 4140 3080 4218 quia
3123 4139 3360 4200 veritas
3413 4139 3480 4197 in
3527 4155 3670 4196 esse

2101 4235 2432 4306 fundatum
2463 4233 2577 4293 sed
2605 4239 2750 4293 tunc
2775 4251 2903 4292 non
2923 4233 3113 4292 habet
3143 4249 3282 4292 esse
3303 4231 3424 4292 nisi
3454 4231 3521 4290 in
3541 4231 3672 4288 suis

2099 4329 2338 4399 causis;
2363 4345 2513 4406 ergo
2543 4327 2607 4387 in
2637 4327 2725 4386 eis
2751 4327 2943 4387 habet
2969 4327 3175 4406 potius
3203 4325 3672 4386 determinatio-

2101 4441 2246 4484 nem
2271 4421 2352 4481 ad
2379 4439 2514 4480 esse
2543 4438 2730 4498 quam
2755 4419 2834 4480 ad
2861 4438 2985 4480 non
3014 4437 3194 4490 esse;
3225 4437 3382 4498 ergo
3407 4436 3537 4478 non
3561 4417 3669 4475 ha-

2097 4517 2206 4576 bet
2233 4514 2753 4585 indifferentiam;
2789 4531 2939 4591 crgo
2985 4531 3102 4574 nec
3147 4512 3669 4592 contingentiam,

2103 4607 2216 4669 sed
2256 4607 2714 4672 necessitatem.
2765 4607 2912 4684 quia
2945 4605 3098 4665 illud
3128 4605 3356 4666 dicitur
3383 4622 3674 4665 necessa-

2101 4701 2286 4774 rium,
2317 4699 2488 4778 quod
2511 4705 2605 4760 est
2635 4699 2716 4759 ad
2745 4717 2937 4758 unum
2963 4698 3480 4759 determinatum.

2180 4797 2240 4856 4.
2286 4793 2592 4856 Proescire
2623 4793 2816 4855 Dewm
2848 4796 3068 4869 futura
3094 4789 3510 4873 contingentia
3529 4809 3674 4870 pro-

2101 4889 2281 4950 batur
2319 4903 2394 4949 em
2451 4885 2828 4970 Scriptum.
2857 4919 2938 4930 —-
2965 4886 3114 4947 Dico
3165 4886 3410 4964 primo:
3471 4887 3672 4944 Deum

2105 4979 2394 5059 prtescire
2425 4984 2486 5039 et
2515 4997 3026 5058 praecognoscere
3055 4979 3266 5039 futura
3303 4980 3674 5055 contingen-

2102 5073 2207 5144 tia,
2241 5077 2335 5132 est
2363 5071 2443 5132 de
2473 5071 2619 5144 fide,
2658 5075 2722 5131 et
2761 5089 3054 5150 expresse
3077 5072 3347 5133 habetur
3370 5074 3438 5133 in
3463 5071 3670 5131 multis

2099 5165 2252 5226 locis
2297 5165 2647 5244 Scripturoe.
2689 5165 2853 5224 Eccl.
2895 5147 3014 5224 23⁶:
3047 5167 3306 5227 Domino
3337 5167 3464 5226 Deo
3505 5169 3674 5228 ante-

2101 5277 2278 5339 quam
2313 5263 2613 5328 creentur,
2647 5257 2847 5320 omnia
2871 5265 3018 5321 sunt
3041 5258 3288 5338 cognita
3303 5283 3328 5330 ;
3375 5264 3440 5318 et
3469 5256 3672 5335 loqui-

2099 5357 2204 5412 tur
2241 5349 2598 5430 specialiter
2617 5349 2696 5410 de
2727 5351 2967 5410 actibus
2985 5351 3302 5425 humaniS,
3337 5351 3419 5411 de
3445 5352 3672 5429 quihus

2105 5441 2266 5502 Psal.
2319 5443 2470 5502 138:
2531 5441 2908 5505 Intellexisti
2961 5442 3350 5526 coqitationee
3397 5461 3568 5506 meas
3607 5445 3673 5506 de

2101 5535 2313 5617 lonqe;
2343 5535 2492 5614 Sap.
2531 5535 2604 5595 8:
2643 5534 2846 5616 Siqua
2889 5541 2948 5600 et
2972 5541 3250 5599 monstra
3297 5535 3444 5610 ecit,
3503 5543 3671 5600 ante-
