<?xml version="1.0" encoding="UTF-8"?>
<!DOCTYPE html PUBLIC "-//W3C//DTD XHTML 1.0 Transitional//EN"
    "http://www.w3.org/TR/xhtml1/DTD/xhtml1-transitional.dtd">
<html xmlns="http://www.w3.org/1999/xhtml" xml:lang="en" lang="en">
 <head>
  <title>
</title>
<meta http-equiv="Content-Type" content="text/html;charset=utf-8" />
  <meta name='ocr-system' content='tesseract 3.04.00' />
  <meta name='ocr-capabilities' content='ocr_page ocr_carea ocr_par ocr_line ocrx_word'/>
</head>
<body>
  <div class='ocr_page' id='page_1' title='image "./rpfranciscisuar01duvagoog_0274.png"; bbox 0 0 3850 6225; ppageno 0'>
   <div class='ocr_carea' id='block_1_1' title="bbox 521 362 2908 429">
    <p class='ocr_par' dir='ltr' id='par_1_1' title="bbox 521 362 2908 429">
     <span class='ocr_line' id='line_1_1' title="bbox 521 362 2908 429; baseline -0.001 -8"><span class='ocrx_word' id='word_1_1' title='bbox 521 362 641 423; x_wconf 73' lang='lat'>260</span> <span class='ocrx_word' id='word_1_2' title='bbox 1364 366 1573 420; x_wconf 83' lang='lat' dir='ltr'><strong>OPUSC.</strong></span> <span class='ocrx_word' id='word_1_3' title='bbox 1612 370 1649 429; x_wconf 86' lang='lat'>1,</span> <span class='ocrx_word' id='word_1_4' title='bbox 1684 368 1802 419; x_wconf 79' lang='lat' dir='ltr'>un.</span> <span class='ocrx_word' id='word_1_5' title='bbox 1837 366 1920 419; x_wconf 84' lang='lat'>111.</span> <span class='ocrx_word' id='word_1_6' title='bbox 1959 367 2040 419; x_wconf 78' lang='lat' dir='ltr'>m:</span> <span class='ocrx_word' id='word_1_7' title='bbox 2074 364 2348 420; x_wconf 75' lang='lat' dir='ltr'>Anlens</span> <span class='ocrx_word' id='word_1_8' title='bbox 2381 369 2612 421; x_wconf 74' lang='lat' dir='ltr'>mvmAE</span> <span class='ocrx_word' id='word_1_9' title='bbox 2643 368 2908 421; x_wconf 77' lang='lat' dir='ltr'>GRATIAE.</span> 
     </span>
    </p>
   </div>
   <div class='ocr_carea' id='block_1_2' title="bbox 482 466 2098 5584">
    <p class='ocr_par' dir='ltr' id='par_1_2' title="bbox 516 466 2092 1649">
     <span class='ocr_line' id='line_1_2' title="bbox 524 466 2092 549; baseline -0.003 -18"><span class='ocrx_word' id='word_1_10' title='bbox 524 472 793 549; x_wconf 86' lang='lat' dir='ltr'>positum</span> <span class='ocrx_word' id='word_1_11' title='bbox 834 472 989 532; x_wconf 87' lang='lat' dir='ltr'><strong>nihil</strong></span> <span class='ocrx_word' id='word_1_12' title='bbox 1029 478 1125 533; x_wconf 86' lang='lat' dir='ltr'>est</span> <span class='ocrx_word' id='word_1_13' title='bbox 1170 468 1365 543; x_wconf 88' lang='lat' dir='ltr'>aliud,</span> <span class='ocrx_word' id='word_1_14' title='bbox 1396 486 1589 549; x_wconf 89' lang='lat' dir='ltr'>quam</span> <span class='ocrx_word' id='word_1_15' title='bbox 1626 466 1797 547; x_wconf 88' lang='lat' dir='ltr'>quod</span> <span class='ocrx_word' id='word_1_16' title='bbox 1836 485 1954 527; x_wconf 90' lang='lat' dir='ltr'>nos</span> <span class='ocrx_word' id='word_1_17' title='bbox 1981 485 2092 547; x_wconf 89' lang='lat' dir='ltr'>ap—</span> 
     </span>
     <span class='ocr_line' id='line_1_3' title="bbox 520 560 2084 643; baseline -0.004 -19"><span class='ocrx_word' id='word_1_18' title='bbox 520 564 828 643; x_wconf 82' lang='lat' dir='ltr'>pellamus</span> <span class='ocrx_word' id='word_1_19' title='bbox 856 566 1227 627; x_wconf 79' lang='lat' dir='ltr'>electionem</span> <span class='ocrx_word' id='word_1_20' title='bbox 1252 580 1366 642; x_wconf 89' lang='lat' dir='ltr'>per</span> <span class='ocrx_word' id='word_1_21' title='bbox 1390 562 1649 623; x_wconf 90' lang='lat' dir='ltr'>modum</span> <span class='ocrx_word' id='word_1_22' title='bbox 1678 560 2038 621; x_wconf 90' lang='lat' dir='ltr'>intentionis</span> <span class='ocrx_word' id='word_1_23' title='bbox 2071 577 2084 618; x_wconf 91' lang='lat'>:</span> 
     </span>
     <span class='ocr_line' id='line_1_4' title="bbox 522 653 2090 737; baseline -0.004 -18"><span class='ocrx_word' id='word_1_24' title='bbox 522 675 673 737; x_wconf 89' lang='lat' dir='ltr'>crgo</span> <span class='ocrx_word' id='word_1_25' title='bbox 718 658 913 719; x_wconf 87' lang='lat' dir='ltr'>altera</span> <span class='ocrx_word' id='word_1_26' title='bbox 952 658 1195 729; x_wconf 90' lang='lat' dir='ltr'>electi0,</span> <span class='ocrx_word' id='word_1_27' title='bbox 1244 673 1435 734; x_wconf 88' lang='lat' dir='ltr'>quam</span> <span class='ocrx_word' id='word_1_28' title='bbox 1484 654 1631 715; x_wconf 90' lang='lat' dir='ltr'>dicit</span> <span class='ocrx_word' id='word_1_29' title='bbox 1669 653 1966 731; x_wconf 82' lang='lat' dir='ltr'>subsequi</span> <span class='ocrx_word' id='word_1_30' title='bbox 2013 671 2090 713; x_wconf 84' lang='lat' dir='ltr'>ex</span> 
     </span>
     <span class='ocr_line' id='line_1_5' title="bbox 520 746 2086 830; baseline -0.004 -19"><span class='ocrx_word' id='word_1_31' title='bbox 520 750 639 811; x_wconf 79' lang='lat' dir='ltr'>hoc</span> <span class='ocrx_word' id='word_1_32' title='bbox 669 753 1007 830; x_wconf 85' lang='lat' dir='ltr'>proposito,</span> <span class='ocrx_word' id='word_1_33' title='bbox 1034 749 1391 810; x_wconf 87' lang='lat' dir='ltr'>necessario</span> <span class='ocrx_word' id='word_1_34' title='bbox 1420 746 1827 826; x_wconf 85' lang='lat' dir='ltr'>intelligenda</span> <span class='ocrx_word' id='word_1_35' title='bbox 1856 752 1954 807; x_wconf 88' lang='lat' dir='ltr'>est</span> <span class='ocrx_word' id='word_1_36' title='bbox 1973 763 2086 825; x_wconf 90' lang='lat' dir='ltr'>per</span> 
     </span>
     <span class='ocr_line' id='line_1_6' title="bbox 518 838 2088 918; baseline -0.003 -15"><span class='ocrx_word' id='word_1_37' title='bbox 518 843 775 903; x_wconf 88' lang='lat' dir='ltr'>modum</span> <span class='ocrx_word' id='word_1_38' title='bbox 818 843 1220 905; x_wconf 75' lang='lat' dir='ltr'>executionis,</span> <span class='ocrx_word' id='word_1_39' title='bbox 1252 840 1533 901; x_wconf 86' lang='lat' dir='ltr'>Tandem</span> <span class='ocrx_word' id='word_1_40' title='bbox 1562 840 1645 900; x_wconf 89' lang='lat' dir='ltr'>ibi</span> <span class='ocrx_word' id='word_1_41' title='bbox 1680 840 1765 900; x_wconf 90' lang='lat' dir='ltr'>ait</span> <span class='ocrx_word' id='word_1_42' title='bbox 1794 838 2088 918; x_wconf 79' lang='lat' dir='ltr'>Augusti-</span> 
     </span>
     <span class='ocr_line' id='line_1_7' title="bbox 518 933 2088 1015; baseline -0.001 -20"><span class='ocrx_word' id='word_1_43' title='bbox 518 955 661 1009; x_wconf 87' lang='lat' dir='ltr'>nus,</span> <span class='ocrx_word' id='word_1_44' title='bbox 693 936 956 1015; x_wconf 90' lang='lat' dir='ltr'>loquens</span> <span class='ocrx_word' id='word_1_45' title='bbox 986 937 1063 997; x_wconf 91' lang='lat' dir='ltr'>de</span> <span class='ocrx_word' id='word_1_46' title='bbox 1096 935 1332 997; x_wconf 88' lang='lat' dir='ltr'>Jacob:</span> <span class='ocrx_word' id='word_1_47' title='bbox 1361 934 1507 998; x_wconf 78' lang='lat' dir='ltr'>Non</span> <span class='ocrx_word' id='word_1_48' title='bbox 1534 933 1751 997; x_wconf 71' lang='lat' dir='ltr'>electus</span> <span class='ocrx_word' id='word_1_49' title='bbox 1778 938 1869 995; x_wconf 76' lang='lat' dir='ltr'>est</span> <span class='ocrx_word' id='word_1_50' title='bbox 1893 940 1966 995; x_wconf 79' lang='lat' dir='ltr'>ut</span> <span class='ocrx_word' id='word_1_51' title='bbox 1987 934 2088 1012; x_wconf 78' lang='lat' dir='ltr'>fie-</span> 
     </span>
     <span class='ocr_line' id='line_1_8' title="bbox 518 1022 2090 1109; baseline -0.004 -19"><span class='ocrx_word' id='word_1_52' title='bbox 518 1038 611 1091; x_wconf 80' lang='lat' dir='ltr'>ret</span> <span class='ocrx_word' id='word_1_53' title='bbox 640 1030 844 1104; x_wconf 75' lang='lat' dir='ltr'>bonus,</span> <span class='ocrx_word' id='word_1_54' title='bbox 870 1031 977 1091; x_wconf 77' lang='lat' dir='ltr'>sed</span> <span class='ocrx_word' id='word_1_55' title='bbox 998 1030 1181 1091; x_wconf 76' lang='lat' dir='ltr'><em>bonus</em></span> <span class='ocrx_word' id='word_1_56' title='bbox 1206 1032 1407 1100; x_wconf 72' lang='lat' dir='ltr'>factus</span> <span class='ocrx_word' id='word_1_57' title='bbox 1436 1027 1581 1109; x_wconf 70' lang='lat' dir='ltr'>eliyi</span> <span class='ocrx_word' id='word_1_58' title='bbox 1599 1027 1825 1107; x_wconf 79' lang='lat' dir='ltr'>potuit,</span> <span class='ocrx_word' id='word_1_59' title='bbox 1854 1026 1919 1085; x_wconf 92' lang='lat' dir='ltr'>in</span> <span class='ocrx_word' id='word_1_60' title='bbox 1950 1022 2090 1103; x_wconf 89' lang='lat' dir='ltr'>qui-</span> 
     </span>
     <span class='ocr_line' id='line_1_9' title="bbox 518 1117 2087 1205; baseline -0.004 -22"><span class='ocrx_word' id='word_1_61' title='bbox 518 1121 637 1183; x_wconf 82' lang='lat' dir='ltr'>bus</span> <span class='ocrx_word' id='word_1_62' title='bbox 666 1121 1029 1205; x_wconf 24' lang='lat' dir='ltr'>verbis-non</span> <span class='ocrx_word' id='word_1_63' title='bbox 1058 1121 1260 1181; x_wconf 89' lang='lat' dir='ltr'>solum</span> <span class='ocrx_word' id='word_1_64' title='bbox 1290 1118 1535 1180; x_wconf 84' lang='lat' dir='ltr'>videtur</span> <span class='ocrx_word' id='word_1_65' title='bbox 1562 1117 1894 1179; x_wconf 82' lang='lat' dir='ltr'>excludere</span> <span class='ocrx_word' id='word_1_66' title='bbox 1924 1117 2087 1178; x_wconf 91' lang='lat' dir='ltr'>elec-</span> 
     </span>
     <span class='ocr_line' id='line_1_10' title="bbox 517 1210 2084 1293; baseline -0.003 -18"><span class='ocrx_word' id='word_1_67' title='bbox 517 1216 751 1275; x_wconf 85' lang='lat' dir='ltr'>tionem</span> <span class='ocrx_word' id='word_1_68' title='bbox 780 1214 863 1275; x_wconf 89' lang='lat' dir='ltr'>ad</span> <span class='ocrx_word' id='word_1_69' title='bbox 888 1214 1174 1293; x_wconf 85' lang='lat' dir='ltr'>gloriam,</span> <span class='ocrx_word' id='word_1_70' title='bbox 1199 1213 1313 1274; x_wconf 87' lang='lat' dir='ltr'>sed</span> <span class='ocrx_word' id='word_1_71' title='bbox 1342 1214 1532 1274; x_wconf 87' lang='lat' dir='ltr'>etiam</span> <span class='ocrx_word' id='word_1_72' title='bbox 1560 1213 1643 1273; x_wconf 89' lang='lat' dir='ltr'>ad</span> <span class='ocrx_word' id='word_1_73' title='bbox 1671 1211 1960 1291; x_wconf 82' lang='lat' dir='ltr'>gratiam,</span> <span class='ocrx_word' id='word_1_74' title='bbox 1983 1210 2084 1273; x_wconf 79' lang='lat' dir='ltr'>vel</span> 
     </span>
     <span class='ocr_line' id='line_1_11' title="bbox 521 1305 2083 1385; baseline -0.001 -18"><span class='ocrx_word' id='word_1_75' title='bbox 521 1307 601 1367; x_wconf 86' lang='lat' dir='ltr'>ad</span> <span class='ocrx_word' id='word_1_76' title='bbox 636 1307 859 1380; x_wconf 77' lang='lat' dir='ltr'>tidem3</span> <span class='ocrx_word' id='word_1_77' title='bbox 892 1314 957 1367; x_wconf 90' lang='lat' dir='ltr'>at</span> <span class='ocrx_word' id='word_1_78' title='bbox 990 1312 1233 1368; x_wconf 88' lang='lat' dir='ltr'>constat</span> <span class='ocrx_word' id='word_1_79' title='bbox 1268 1325 1396 1367; x_wconf 88' lang='lat' dir='ltr'>non</span> <span class='ocrx_word' id='word_1_80' title='bbox 1429 1306 1703 1385; x_wconf 85' lang='lat' dir='ltr'>potuisse</span> <span class='ocrx_word' id='word_1_81' title='bbox 1743 1305 1807 1365; x_wconf 89' lang='lat' dir='ltr'>id</span> <span class='ocrx_word' id='word_1_82' title='bbox 1843 1308 2083 1383; x_wconf 84' lang='lat' dir='ltr'>Augus·</span> 
     </span>
     <span class='ocr_line' id='line_1_12' title="bbox 518 1398 2084 1478; baseline -0.004 -15"><span class='ocrx_word' id='word_1_83' title='bbox 518 1403 717 1463; x_wconf 89' lang='lat' dir='ltr'>tinum</span> <span class='ocrx_word' id='word_1_84' title='bbox 746 1400 952 1461; x_wconf 88' lang='lat' dir='ltr'>dicere</span> <span class='ocrx_word' id='word_1_85' title='bbox 998 1400 1075 1461; x_wconf 91' lang='lat' dir='ltr'>de</span> <span class='ocrx_word' id='word_1_86' title='bbox 1106 1400 1411 1461; x_wconf 86' lang='lat' dir='ltr'>electione</span> <span class='ocrx_word' id='word_1_87' title='bbox 1439 1417 1553 1478; x_wconf 91' lang='lat' dir='ltr'>per</span> <span class='ocrx_word' id='word_1_88' title='bbox 1584 1399 1842 1460; x_wconf 92' lang='lat' dir='ltr'>modum</span> <span class='ocrx_word' id='word_1_89' title='bbox 1879 1398 2084 1459; x_wconf 90' lang='lat' dir='ltr'>inten-</span> 
     </span>
     <span class='ocr_line' id='line_1_13' title="bbox 516 1491 2084 1572; baseline -0.003 -17"><span class='ocrx_word' id='word_1_90' title='bbox 516 1494 734 1566; x_wconf 87' lang='lat' dir='ltr'>tionis;</span> <span class='ocrx_word' id='word_1_91' title='bbox 771 1512 919 1571; x_wconf 87' lang='lat' dir='ltr'>ergo</span> <span class='ocrx_word' id='word_1_92' title='bbox 950 1494 1155 1554; x_wconf 90' lang='lat' dir='ltr'>solum</span> <span class='ocrx_word' id='word_1_93' title='bbox 1182 1493 1267 1554; x_wconf 85' lang='lat' dir='ltr'>ibi</span> <span class='ocrx_word' id='word_1_94' title='bbox 1299 1492 1577 1554; x_wconf 86' lang='lat' dir='ltr'>declarat</span> <span class='ocrx_word' id='word_1_95' title='bbox 1613 1491 2084 1572; x_wconf 86' lang='lat' dir='ltr'>dispositionem</span> 
     </span>
     <span class='ocr_line' id='line_1_14' title="bbox 518 1588 919 1649; baseline 0 0"><span class='ocrx_word' id='word_1_96' title='bbox 518 1588 919 1649; x_wconf 79' lang='lat' dir='ltr'>executioniS.</span> 
     </span>
    </p>

    <p class='ocr_par' dir='ltr' id='par_1_3' title="bbox 482 1676 2098 5584">
     <span class='ocr_line' id='line_1_15' title="bbox 594 1676 2077 1761; baseline -0.004 -18"><span class='ocrx_word' id='word_1_97' title='bbox 594 1683 655 1743; x_wconf 81' lang='lat'>6.</span> <span class='ocrx_word' id='word_1_98' title='bbox 700 1683 1117 1761; x_wconf 75' lang='lat' dir='ltr'>Eoeponuntur</span> <span class='ocrx_word' id='word_1_99' title='bbox 1156 1680 1284 1744; x_wconf 83' lang='lat' dir='ltr'>alia</span> <span class='ocrx_word' id='word_1_100' title='bbox 1334 1676 1669 1761; x_wconf 71' lang='lat' dir='ltr'>Auynstini</span> <span class='ocrx_word' id='word_1_101' title='bbox 1716 1676 2077 1741; x_wconf 73' lang='lat' dir='ltr'>testimonia.</span> 
     </span>
     <span class='ocr_line' id='line_1_16' title="bbox 514 1770 2085 1852; baseline -0.002 -16"><span class='ocrx_word' id='word_1_102' title='bbox 514 1808 595 1822; x_wconf 91' lang='grc'>--</span> <span class='ocrx_word' id='word_1_103' title='bbox 626 1774 700 1835; x_wconf 85' lang='lat' dir='ltr'>Et</span> <span class='ocrx_word' id='word_1_104' title='bbox 728 1776 857 1835; x_wconf 88' lang='lat' dir='ltr'>haec</span> <span class='ocrx_word' id='word_1_105' title='bbox 890 1775 1115 1835; x_wconf 89' lang='lat' dir='ltr'>solutio</span> <span class='ocrx_word' id='word_1_106' title='bbox 1154 1774 1511 1834; x_wconf 83' lang='lat' dir='ltr'>satisfacere</span> <span class='ocrx_word' id='word_1_107' title='bbox 1540 1772 1799 1852; x_wconf 90' lang='lat' dir='ltr'>quidem</span> <span class='ocrx_word' id='word_1_108' title='bbox 1836 1770 2085 1833; x_wconf 82' lang='lat' dir='ltr'>videtur</span> 
     </span>
     <span class='ocr_line' id='line_1_17' title="bbox 513 1863 2084 1948; baseline -0.004 -18"><span class='ocrx_word' id='word_1_109' title='bbox 513 1868 803 1948; x_wconf 80' lang='lat' dir='ltr'>praedicto</span> <span class='ocrx_word' id='word_1_110' title='bbox 848 1866 1245 1937; x_wconf 85' lang='lat' dir='ltr'>testimonio;</span> <span class='ocrx_word' id='word_1_111' title='bbox 1278 1872 1513 1938; x_wconf 87' lang='lat' dir='ltr'>tamen,</span> <span class='ocrx_word' id='word_1_112' title='bbox 1560 1864 1641 1925; x_wconf 86' lang='lat' dir='ltr'>ad</span> <span class='ocrx_word' id='word_1_113' title='bbox 1677 1863 2084 1944; x_wconf 88' lang='lat' dir='ltr'>intelligenda</span> 
     </span>
     <span class='ocr_line' id='line_1_18' title="bbox 513 1958 2084 2042; baseline -0.003 -21"><span class='ocrx_word' id='word_1_114' title='bbox 513 1962 693 2042; x_wconf 87' lang='lat' dir='ltr'>plura</span> <span class='ocrx_word' id='word_1_115' title='bbox 734 1961 856 2023; x_wconf 91' lang='lat' dir='ltr'>alia</span> <span class='ocrx_word' id='word_1_116' title='bbox 884 1960 1021 2021; x_wconf 91' lang='lat' dir='ltr'>loca</span> <span class='ocrx_word' id='word_1_117' title='bbox 1053 1960 1384 2038; x_wconf 86' lang='lat' dir='ltr'>Augustini</span> <span class='ocrx_word' id='word_1_118' title='bbox 1432 1965 1493 2019; x_wconf 90' lang='lat' dir='ltr'>et</span> <span class='ocrx_word' id='word_1_119' title='bbox 1522 1958 1785 2019; x_wconf 89' lang='lat' dir='ltr'>aliorum</span> <span class='ocrx_word' id='word_1_120' title='bbox 1830 1958 2084 2019; x_wconf 88' lang='lat' dir='ltr'>Sancto-</span> 
     </span>
     <span class='ocr_line' id='line_1_19' title="bbox 482 2050 2077 2127; baseline -0.004 -12"><span class='ocrx_word' id='word_1_121' title='bbox 482 2054 675 2127; x_wconf 83' lang='lat' dir='ltr'>&#39;rum,</span> <span class='ocrx_word' id='word_1_122' title='bbox 695 2053 1222 2115; x_wconf 87' lang='lat' dir='ltr'>considerandum</span> <span class='ocrx_word' id='word_1_123' title='bbox 1246 2058 1309 2112; x_wconf 87' lang='lat' dir='ltr'>et</span> <span class='ocrx_word' id='word_1_124' title='bbox 1332 2051 1765 2111; x_wconf 86' lang='lat' dir='ltr'>annotandum</span> <span class='ocrx_word' id='word_1_125' title='bbox 1787 2050 2077 2121; x_wconf 89' lang='lat' dir='ltr'>occurrit,</span> 
     </span>
     <span class='ocr_line' id='line_1_20' title="bbox 513 2142 2076 2223; baseline -0.003 -16"><span class='ocrx_word' id='word_1_126' title='bbox 513 2148 683 2208; x_wconf 90' lang='lat' dir='ltr'>aliud</span> <span class='ocrx_word' id='word_1_127' title='bbox 712 2166 849 2207; x_wconf 89' lang='lat' dir='ltr'>esse</span> <span class='ocrx_word' id='word_1_128' title='bbox 872 2147 1193 2207; x_wconf 90' lang='lat' dir='ltr'>hominem</span> <span class='ocrx_word' id='word_1_129' title='bbox 1220 2146 1385 2223; x_wconf 80' lang='lat' dir='ltr'>eligi,</span> <span class='ocrx_word' id='word_1_130' title='bbox 1412 2143 1583 2203; x_wconf 90' lang='lat' dir='ltr'>aliud</span> <span class='ocrx_word' id='word_1_131' title='bbox 1610 2142 1747 2204; x_wconf 88' lang='lat' dir='ltr'>fieri</span> <span class='ocrx_word' id='word_1_132' title='bbox 1776 2143 2076 2213; x_wconf 76' lang='lat' dir='ltr'>electum3</span> 
     </span>
     <span class='ocr_line' id='line_1_21' title="bbox 514 2233 2086 2317; baseline -0.006 -15"><span class='ocrx_word' id='word_1_133' title='bbox 514 2241 676 2302; x_wconf 89' lang='lat' dir='ltr'>sicut</span> <span class='ocrx_word' id='word_1_134' title='bbox 718 2240 890 2301; x_wconf 86' lang='lat' dir='ltr'>aliud</span> <span class='ocrx_word' id='word_1_135' title='bbox 932 2245 1025 2300; x_wconf 86' lang='lat' dir='ltr'>est</span> <span class='ocrx_word' id='word_1_136' title='bbox 1071 2256 1209 2299; x_wconf 91' lang='lat' dir='ltr'>esse</span> <span class='ocrx_word' id='word_1_137' title='bbox 1253 2237 1511 2317; x_wconf 88' lang='lat' dir='ltr'>dignum</span> <span class='ocrx_word' id='word_1_138' title='bbox 1554 2236 1880 2307; x_wconf 81' lang='lat' dir='ltr'>electione,</span> <span class='ocrx_word' id='word_1_139' title='bbox 1912 2233 2086 2295; x_wconf 87' lang='lat' dir='ltr'>aliud</span> 
     </span>
     <span class='ocr_line' id='line_1_22' title="bbox 522 2328 2082 2411; baseline -0.006 -16"><span class='ocrx_word' id='word_1_140' title='bbox 522 2352 659 2395; x_wconf 90' lang='lat' dir='ltr'>esse</span> <span class='ocrx_word' id='word_1_141' title='bbox 688 2336 780 2411; x_wconf 89' lang='lat' dir='ltr'>(ut</span> <span class='ocrx_word' id='word_1_142' title='bbox 809 2332 897 2393; x_wconf 89' lang='lat' dir='ltr'>sic</span> <span class='ocrx_word' id='word_1_143' title='bbox 926 2332 1153 2409; x_wconf 87' lang='lat' dir='ltr'>dicam)</span> <span class='ocrx_word' id='word_1_144' title='bbox 1176 2330 1461 2390; x_wconf 84' lang='lat' dir='ltr'>electioni</span> <span class='ocrx_word' id='word_1_145' title='bbox 1488 2328 1906 2402; x_wconf 81' lang='lat' dir='ltr'>conformem3</span> <span class='ocrx_word' id='word_1_146' title='bbox 1934 2344 2082 2387; x_wconf 88' lang='lat' dir='ltr'>nam</span> 
     </span>
     <span class='ocr_line' id='line_1_23' title="bbox 514 2421 2084 2502; baseline -0.006 -14"><span class='ocrx_word' id='word_1_147' title='bbox 514 2430 665 2489; x_wconf 83' lang='lat' dir='ltr'>csse&#39;</span> <span class='ocrx_word' id='word_1_148' title='bbox 712 2426 1013 2487; x_wconf 85' lang='lat' dir='ltr'>electione</span> <span class='ocrx_word' id='word_1_149' title='bbox 1064 2424 1323 2502; x_wconf 88' lang='lat' dir='ltr'>dignum</span> <span class='ocrx_word' id='word_1_150' title='bbox 1370 2422 1677 2501; x_wconf 83' lang='lat' dir='ltr'>significat</span> <span class='ocrx_word' id='word_1_151' title='bbox 1716 2421 2084 2501; x_wconf 87' lang='lat' dir='ltr'>dignitatem</span> 
     </span>
     <span class='ocr_line' id='line_1_24' title="bbox 512 2516 2086 2589; baseline -0.005 -8"><span class='ocrx_word' id='word_1_152' title='bbox 512 2520 685 2581; x_wconf 86' lang='lat' dir='ltr'>illam</span> <span class='ocrx_word' id='word_1_153' title='bbox 710 2518 1083 2581; x_wconf 82' lang='lat' dir='ltr'>antecedere</span> <span class='ocrx_word' id='word_1_154' title='bbox 1112 2518 1504 2589; x_wconf 85' lang='lat' dir='ltr'>electionem,</span> <span class='ocrx_word' id='word_1_155' title='bbox 1530 2522 1590 2577; x_wconf 81' lang='lat' dir='ltr'>et</span> <span class='ocrx_word' id='word_1_156' title='bbox 1610 2534 1747 2577; x_wconf 82' lang='lat' dir='ltr'>esse</span> <span class='ocrx_word' id='word_1_157' title='bbox 1776 2516 2086 2576; x_wconf 87' lang='lat' dir='ltr'>rationem</span> 
     </span>
     <span class='ocr_line' id='line_1_25' title="bbox 512 2608 2086 2693; baseline -0.004 -19"><span class='ocrx_word' id='word_1_158' title='bbox 512 2616 680 2693; x_wconf 87' lang='lat' dir='ltr'>ejus;</span> <span class='ocrx_word' id='word_1_159' title='bbox 728 2630 864 2673; x_wconf 86' lang='lat' dir='ltr'>esse</span> <span class='ocrx_word' id='word_1_160' title='bbox 906 2630 1055 2672; x_wconf 87' lang='lat' dir='ltr'>vero</span> <span class='ocrx_word' id='word_1_161' title='bbox 1098 2610 1387 2671; x_wconf 89' lang='lat' dir='ltr'>electioni</span> <span class='ocrx_word' id='word_1_162' title='bbox 1434 2609 1841 2682; x_wconf 85' lang='lat' dir='ltr'>conformem,</span> <span class='ocrx_word' id='word_1_163' title='bbox 1883 2608 2086 2669; x_wconf 89' lang='lat' dir='ltr'>solum</span> 
     </span>
     <span class='ocr_line' id='line_1_26' title="bbox 509 2694 2079 2781; baseline -0.004 -13"><span class='ocrx_word' id='word_1_164' title='bbox 509 2712 602 2769; x_wconf 88' lang='lat' dir='ltr'>est</span> <span class='ocrx_word' id='word_1_165' title='bbox 644 2707 833 2767; x_wconf 88' lang='lat' dir='ltr'>talem</span> <span class='ocrx_word' id='word_1_166' title='bbox 889 2704 1023 2765; x_wconf 76' lang='lat' dir='ltr'>fieri</span> <span class='ocrx_word' id='word_1_167' title='bbox 1070 2708 1177 2764; x_wconf 87' lang='lat' dir='ltr'>aut</span> <span class='ocrx_word' id='word_1_168' title='bbox 1224 2722 1384 2777; x_wconf 89' lang='lat' dir='ltr'>esse,</span> <span class='ocrx_word' id='word_1_169' title='bbox 1426 2694 1635 2781; x_wconf 58' lang='lat' dir='ltr'>&#39;qualis</span> <span class='ocrx_word' id='word_1_170' title='bbox 1682 2702 1917 2763; x_wconf 91' lang='lat' dir='ltr'>electus</span> <span class='ocrx_word' id='word_1_171' title='bbox 1961 2708 2079 2773; x_wconf 91' lang='lat' dir='ltr'>est,</span> 
     </span>
     <span class='ocr_line' id='line_1_27' title="bbox 510 2795 2080 2881; baseline -0.003 -21"><span class='ocrx_word' id='word_1_172' title='bbox 510 2800 681 2881; x_wconf 89' lang='lat' dir='ltr'>quod</span> <span class='ocrx_word' id='word_1_173' title='bbox 720 2804 924 2879; x_wconf 89' lang='lat' dir='ltr'>potest</span> <span class='ocrx_word' id='word_1_174' title='bbox 964 2815 1102 2859; x_wconf 88' lang='lat' dir='ltr'>esse</span> <span class='ocrx_word' id='word_1_175' title='bbox 1150 2816 1541 2877; x_wconf 86' lang='lat' dir='ltr'>consequens</span> <span class='ocrx_word' id='word_1_176' title='bbox 1582 2796 1664 2857; x_wconf 87' lang='lat' dir='ltr'>ad</span> <span class='ocrx_word' id='word_1_177' title='bbox 1710 2795 2080 2857; x_wconf 87' lang='lat' dir='ltr'>electionem</span> 
     </span>
     <span class='ocr_line' id='line_1_28' title="bbox 511 2889 2079 2973; baseline -0.004 -18"><span class='ocrx_word' id='word_1_178' title='bbox 511 2900 572 2955; x_wconf 87' lang='lat' dir='ltr'>et</span> <span class='ocrx_word' id='word_1_179' title='bbox 601 2894 857 2967; x_wconf 81' lang='lat' dir='ltr'>effectus</span> <span class='ocrx_word' id='word_1_180' title='bbox 902 2892 1059 2970; x_wconf 78' lang='lat' dir='ltr'>ejuS.</span> <span class='ocrx_word' id='word_1_181' title='bbox 1096 2892 1195 2953; x_wconf 92' lang='lat' dir='ltr'>Sic</span> <span class='ocrx_word' id='word_1_182' title='bbox 1244 2909 1393 2969; x_wconf 92' lang='lat' dir='ltr'>ergo</span> <span class='ocrx_word' id='word_1_183' title='bbox 1442 2890 1577 2951; x_wconf 83' lang='lat' dir='ltr'>fieri</span> <span class='ocrx_word' id='word_1_184' title='bbox 1624 2889 1915 2961; x_wconf 81' lang='lat' dir='ltr'>electum,</span> <span class='ocrx_word' id='word_1_185' title='bbox 1949 2908 2079 2973; x_wconf 70' lang='lat' dir='ltr'>non</span> 
     </span>
     <span class='ocr_line' id='line_1_29' title="bbox 512 2984 2076 3073; baseline -0.004 -23"><span class='ocrx_word' id='word_1_186' title='bbox 512 3008 762 3067; x_wconf 88' lang='lat' dir='ltr'>semper</span> <span class='ocrx_word' id='word_1_187' title='bbox 787 2987 1094 3073; x_wconf 85' lang='lat' dir='ltr'>significat</span> <span class='ocrx_word' id='word_1_188' title='bbox 1110 2986 1279 3047; x_wconf 88' lang='lat' dir='ltr'>idem</span> <span class='ocrx_word' id='word_1_189' title='bbox 1298 2986 1471 3065; x_wconf 93' lang='lat' dir='ltr'>quod</span> <span class='ocrx_word' id='word_1_190' title='bbox 1490 2986 1655 3065; x_wconf 85' lang='lat' dir='ltr'>eligi,</span> <span class='ocrx_word' id='word_1_191' title='bbox 1678 3003 1885 3065; x_wconf 88' lang='lat' dir='ltr'>neque</span> <span class='ocrx_word' id='word_1_192' title='bbox 1908 2984 2076 3045; x_wconf 88' lang='lat' dir='ltr'>idem</span> 
     </span>
     <span class='ocr_line' id='line_1_30' title="bbox 512 3077 2078 3160; baseline -0.004 -16"><span class='ocrx_word' id='word_1_193' title='bbox 512 3081 680 3160; x_wconf 88' lang='lat' dir='ltr'>quod</span> <span class='ocrx_word' id='word_1_194' title='bbox 720 3080 858 3142; x_wconf 87' lang='lat' dir='ltr'>fieri</span> <span class='ocrx_word' id='word_1_195' title='bbox 890 3080 1159 3160; x_wconf 75' lang='lat' dir='ltr'>&#39;dignum</span> <span class='ocrx_word' id='word_1_196' title='bbox 1206 3079 1531 3152; x_wconf 88' lang='lat' dir='ltr'>electione,</span> <span class='ocrx_word' id='word_1_197' title='bbox 1570 3077 1683 3139; x_wconf 87' lang='lat' dir='ltr'>sed</span> <span class='ocrx_word' id='word_1_198' title='bbox 1724 3078 2078 3159; x_wconf 87' lang='lat' dir='ltr'>significare</span> 
     </span>
     <span class='ocr_line' id='line_1_31' title="bbox 512 3170 2076 3252; baseline -0.003 -17"><span class='ocrx_word' id='word_1_199' title='bbox 512 3176 701 3236; x_wconf 87' lang='lat' dir='ltr'>etiam</span> <span class='ocrx_word' id='word_1_200' title='bbox 738 3179 942 3252; x_wconf 89' lang='lat' dir='ltr'>potest</span> <span class='ocrx_word' id='word_1_201' title='bbox 982 3173 1119 3233; x_wconf 82' lang='lat' dir='ltr'>fieri</span> <span class='ocrx_word' id='word_1_202' title='bbox 1166 3170 1359 3232; x_wconf 86' lang='lat' dir='ltr'>talem</span> <span class='ocrx_word' id='word_1_203' title='bbox 1402 3172 1606 3250; x_wconf 89' lang='lat' dir='ltr'>qualis</span> <span class='ocrx_word' id='word_1_204' title='bbox 1656 3172 1892 3234; x_wconf 88' lang='lat' dir='ltr'>electus</span> <span class='ocrx_word' id='word_1_205' title='bbox 1949 3175 2042 3232; x_wconf 87' lang='lat' dir='ltr'>est</span> <span class='ocrx_word' id='word_1_206' title='bbox 2056 3186 2076 3248; x_wconf 84' lang='lat'>3</span> 
     </span>
     <span class='ocr_line' id='line_1_32' title="bbox 512 3263 2078 3346; baseline -0.002 -19"><span class='ocrx_word' id='word_1_207' title='bbox 512 3287 641 3328; x_wconf 90' lang='lat' dir='ltr'>non</span> <span class='ocrx_word' id='word_1_208' title='bbox 676 3266 823 3346; x_wconf 90' lang='lat' dir='ltr'>quia</span> <span class='ocrx_word' id='word_1_209' title='bbox 854 3265 994 3326; x_wconf 86' lang='lat' dir='ltr'>talis</span> <span class='ocrx_word' id='word_1_210' title='bbox 1022 3265 1268 3326; x_wconf 86' lang='lat' dir='ltr'>futurus</span> <span class='ocrx_word' id='word_1_211' title='bbox 1298 3265 1505 3335; x_wconf 82' lang='lat' dir='ltr'>fuerit,</span> <span class='ocrx_word' id='word_1_212' title='bbox 1554 3264 1669 3324; x_wconf 87' lang='lat' dir='ltr'>sed</span> <span class='ocrx_word' id='word_1_213' title='bbox 1698 3271 1769 3326; x_wconf 92' lang='lat' dir='ltr'>ut</span> <span class='ocrx_word' id='word_1_214' title='bbox 1806 3263 1948 3326; x_wconf 85' lang='lat' dir='ltr'>talis</span> <span class='ocrx_word' id='word_1_215' title='bbox 1979 3266 2078 3325; x_wconf 90' lang='lat' dir='ltr'>sit.</span> 
     </span>
     <span class='ocr_line' id='line_1_33' title="bbox 512 3357 2085 3436; baseline -0.003 -14"><span class='ocrx_word' id='word_1_216' title='bbox 512 3363 585 3422; x_wconf 89' lang='lat' dir='ltr'>ln</span> <span class='ocrx_word' id='word_1_217' title='bbox 634 3361 753 3420; x_wconf 90' lang='lat' dir='ltr'>hoc</span> <span class='ocrx_word' id='word_1_218' title='bbox 808 3377 955 3436; x_wconf 83' lang='lat' dir='ltr'>ergo</span> <span class='ocrx_word' id='word_1_219' title='bbox 1005 3357 1331 3436; x_wconf 87' lang='lat' dir='ltr'>posteriori</span> <span class='ocrx_word' id='word_1_220' title='bbox 1386 3377 1577 3418; x_wconf 86' lang='lat' dir='ltr'>sensu</span> <span class='ocrx_word' id='word_1_221' title='bbox 1630 3357 1825 3436; x_wconf 91' lang='lat' dir='ltr'>accipi</span> <span class='ocrx_word' id='word_1_222' title='bbox 1879 3362 2085 3436; x_wconf 88' lang='lat' dir='ltr'>potest</span> 
     </span>
     <span class='ocr_line' id='line_1_34' title="bbox 513 3451 2080 3532; baseline -0.003 -17"><span class='ocrx_word' id='word_1_223' title='bbox 513 3453 682 3532; x_wconf 91' lang='lat' dir='ltr'>quod</span> <span class='ocrx_word' id='word_1_224' title='bbox 712 3452 1099 3530; x_wconf 84' lang='lat' dir='ltr'>Augustinus</span> <span class='ocrx_word' id='word_1_225' title='bbox 1128 3452 1213 3512; x_wconf 87' lang='lat' dir='ltr'>ait</span> <span class='ocrx_word' id='word_1_226' title='bbox 1244 3451 1321 3512; x_wconf 90' lang='lat' dir='ltr'>de</span> <span class='ocrx_word' id='word_1_227' title='bbox 1354 3451 1645 3513; x_wconf 79' lang='lat' dir='ltr'>Praedest.</span> <span class='ocrx_word' id='word_1_228' title='bbox 1673 3453 1909 3524; x_wconf 89' lang='lat' dir='ltr'>Sanct.‚</span> <span class='ocrx_word' id='word_1_229' title='bbox 1942 3469 2080 3531; x_wconf 90' lang='lat' dir='ltr'>cap.</span> 
     </span>
     <span class='ocr_line' id='line_1_35' title="bbox 516 3543 2082 3627; baseline -0.001 -19"><span class='ocrx_word' id='word_1_230' title='bbox 516 3550 591 3608; x_wconf 80' lang='grc' dir='ltr'><strong><em>Π</em></strong></span> <span class='ocrx_word' id='word_1_231' title='bbox 626 3565 641 3606; x_wconf 89' lang='lat'>:</span> <span class='ocrx_word' id='word_1_232' title='bbox 676 3543 1105 3627; x_wconf 70' lang='lat' dir='ltr'>Intelliyamus</span> <span class='ocrx_word' id='word_1_233' title='bbox 1149 3544 1511 3608; x_wconf 77' lang='lat' dir='ltr'>vocationem</span> <span class='ocrx_word' id='word_1_234' title='bbox 1546 3562 1668 3625; x_wconf 72' lang='lat' dir='ltr'>qua</span> <span class='ocrx_word' id='word_1_235' title='bbox 1685 3547 1848 3622; x_wconf 77' lang='lat' dir='ltr'>fiunt</span> <span class='ocrx_word' id='word_1_236' title='bbox 1886 3544 2082 3618; x_wconf 80' lang='lat' dir='ltr'>electi,</span> 
     </span>
     <span class='ocr_line' id='line_1_36' title="bbox 514 3637 2089 3722; baseline -0.001 -20"><span class='ocrx_word' id='word_1_237' title='bbox 514 3659 635 3722; x_wconf 63' lang='lat' dir='ltr'>non.</span> <span class='ocrx_word' id='word_1_238' title='bbox 658 3641 763 3720; x_wconf 82' lang='lat' dir='ltr'>qui</span> <span class='ocrx_word' id='word_1_239' title='bbox 787 3637 1097 3721; x_wconf 64' lang='lat' dir='ltr'>eliguntur</span> <span class='ocrx_word' id='word_1_240' title='bbox 1121 3640 1270 3720; x_wconf 71' lang='lat' dir='ltr'>quia</span> <span class='ocrx_word' id='word_1_241' title='bbox 1296 3637 1699 3711; x_wconf 74' lang='lat' dir='ltr'>crediderunt,</span> <span class='ocrx_word' id='word_1_242' title='bbox 1729 3641 1836 3701; x_wconf 74' lang='lat' dir='ltr'>sed</span> <span class='ocrx_word' id='word_1_243' title='bbox 1856 3639 1964 3720; x_wconf 78' lang='lat' dir='ltr'>qui</span> <span class='ocrx_word' id='word_1_244' title='bbox 1986 3639 2089 3702; x_wconf 81' lang='lat' dir='ltr'>eli-</span> 
     </span>
     <span class='ocr_line' id='line_1_37' title="bbox 516 3731 2090 3814; baseline -0.003 -18"><span class='ocrx_word' id='word_1_245' title='bbox 516 3738 745 3814; x_wconf 65' lang='lat' dir='ltr'>quatur</span> <span class='ocrx_word' id='word_1_246' title='bbox 776 3735 847 3794; x_wconf 75' lang='lat' dir='ltr'>ut</span> <span class='ocrx_word' id='word_1_247' title='bbox 880 3731 1149 3794; x_wconf 77' lang='lat' dir='ltr'>credant.</span> <span class='ocrx_word' id='word_1_248' title='bbox 1186 3732 1305 3792; x_wconf 88' lang='lat' dir='ltr'>Per</span> <span class='ocrx_word' id='word_1_249' title='bbox 1348 3731 1743 3792; x_wconf 78' lang='lat' dir='ltr'>vocationem</span> <span class='ocrx_word' id='word_1_250' title='bbox 1790 3733 1958 3793; x_wconf 89' lang='lat' dir='ltr'>enim</span> <span class='ocrx_word' id='word_1_251' title='bbox 1999 3731 2090 3792; x_wconf 90' lang='lat' dir='ltr'>di-</span> 
     </span>
     <span class='ocr_line' id='line_1_38' title="bbox 519 3825 2092 3905; baseline -0.001 -17"><span class='ocrx_word' id='word_1_252' title='bbox 519 3833 746 3888; x_wconf 90' lang='lat' dir='ltr'>cuntur</span> <span class='ocrx_word' id='word_1_253' title='bbox 772 3825 913 3886; x_wconf 88' lang='lat' dir='ltr'>fieri</span> <span class='ocrx_word' id='word_1_254' title='bbox 948 3825 1155 3898; x_wconf 87' lang='lat' dir='ltr'>electi,</span> <span class='ocrx_word' id='word_1_255' title='bbox 1182 3843 1309 3886; x_wconf 92' lang='lat' dir='ltr'>non</span> <span class='ocrx_word' id='word_1_256' title='bbox 1338 3825 1548 3905; x_wconf 88' lang='lat' dir='ltr'>quoad</span> <span class='ocrx_word' id='word_1_257' title='bbox 1575 3825 1778 3905; x_wconf 89' lang='lat' dir='ltr'>ipsam</span> <span class='ocrx_word' id='word_1_258' title='bbox 1813 3825 2092 3887; x_wconf 81' lang='lat' dir='ltr'>denomi-</span> 
     </span>
     <span class='ocr_line' id='line_1_39' title="bbox 517 3918 2091 3998; baseline -0.001 -17"><span class='ocrx_word' id='word_1_259' title='bbox 517 3921 841 3982; x_wconf 85' lang='lat' dir='ltr'>nationem</span> <span class='ocrx_word' id='word_1_260' title='bbox 897 3919 1278 3992; x_wconf 87' lang='lat' dir='ltr'>electorum,</span> <span class='ocrx_word' id='word_1_261' title='bbox 1331 3919 1445 3980; x_wconf 87' lang='lat' dir='ltr'>sed</span> <span class='ocrx_word' id='word_1_262' title='bbox 1492 3918 1703 3998; x_wconf 89' lang='lat' dir='ltr'>quoad</span> <span class='ocrx_word' id='word_1_263' title='bbox 1751 3919 2091 3980; x_wconf 88' lang='lat' dir='ltr'>terminum</span> 
     </span>
     <span class='ocr_line' id='line_1_40' title="bbox 521 4011 2092 4094; baseline 0 -20"><span class='ocrx_word' id='word_1_264' title='bbox 521 4015 681 4094; x_wconf 72' lang='lat' dir='ltr'>ejuS,</span> <span class='ocrx_word' id='word_1_265' title='bbox 727 4031 839 4073; x_wconf 89' lang='lat' dir='ltr'>seu</span> <span class='ocrx_word' id='word_1_266' title='bbox 882 4013 1091 4090; x_wconf 87' lang='lat' dir='ltr'>quoad</span> <span class='ocrx_word' id='word_1_267' title='bbox 1140 4013 1509 4093; x_wconf 85' lang='lat' dir='ltr'>dignitatem</span> <span class='ocrx_word' id='word_1_268' title='bbox 1554 4011 1725 4072; x_wconf 90' lang='lat' dir='ltr'>illam</span> <span class='ocrx_word' id='word_1_269' title='bbox 1773 4011 1854 4072; x_wconf 88' lang='lat' dir='ltr'>ad</span> <span class='ocrx_word' id='word_1_270' title='bbox 1900 4031 2092 4092; x_wconf 86' lang='lat' dir='ltr'>quam</span> 
     </span>
     <span class='ocr_line' id='line_1_41' title="bbox 520 4106 2094 4186; baseline 0 -18"><span class='ocrx_word' id='word_1_271' title='bbox 520 4113 665 4168; x_wconf 89' lang='lat' dir='ltr'>sunt</span> <span class='ocrx_word' id='word_1_272' title='bbox 708 4107 907 4168; x_wconf 88' lang='lat' dir='ltr'>electi.</span> <span class='ocrx_word' id='word_1_273' title='bbox 963 4107 1061 4168; x_wconf 88' lang='lat' dir='ltr'>Sic</span> <span class='ocrx_word' id='word_1_274' title='bbox 1117 4106 1365 4167; x_wconf 85' lang='lat' dir='ltr'>videtur</span> <span class='ocrx_word' id='word_1_275' title='bbox 1412 4106 1773 4186; x_wconf 84' lang='lat' dir='ltr'>exposuisse</span> <span class='ocrx_word' id='word_1_276' title='bbox 1828 4107 2094 4186; x_wconf 88' lang='lat' dir='ltr'>Prosper</span> 
     </span>
     <span class='ocr_line' id='line_1_42' title="bbox 520 4198 2090 4282; baseline 0.002 -21"><span class='ocrx_word' id='word_1_277' title='bbox 520 4203 707 4262; x_wconf 88' lang='lat' dir='ltr'>citato</span> <span class='ocrx_word' id='word_1_278' title='bbox 748 4200 921 4273; x_wconf 90' lang='lat' dir='ltr'>loco,</span> <span class='ocrx_word' id='word_1_279' title='bbox 972 4199 1285 4279; x_wconf 77' lang='lat' dir='ltr'>praemittit</span> <span class='ocrx_word' id='word_1_280' title='bbox 1324 4198 1493 4260; x_wconf 89' lang='lat' dir='ltr'>enim</span> <span class='ocrx_word' id='word_1_281' title='bbox 1542 4219 1555 4259; x_wconf 90' lang='lat'><strong>:</strong></span> <span class='ocrx_word' id='word_1_282' title='bbox 1601 4201 1785 4276; x_wconf 72' lang='lat' dir='ltr'>Deus,</span> <span class='ocrx_word' id='word_1_283' title='bbox 1820 4199 1915 4262; x_wconf 71' lang='lat' dir='ltr'>his</span> <span class='ocrx_word' id='word_1_284' title='bbox 1943 4219 2090 4282; x_wconf 77' lang='lat' dir='ltr'>quos</span> 
     </span>
     <span class='ocr_line' id='line_1_43' title="bbox 520 4291 2093 4376; baseline 0 -21"><span class='ocrx_word' id='word_1_285' title='bbox 520 4293 692 4376; x_wconf 69' lang='lat' dir='ltr'>eziqit</span> <span class='ocrx_word' id='word_1_286' title='bbox 718 4295 849 4354; x_wconf 77' lang='lat' dir='ltr'>sine</span> <span class='ocrx_word' id='word_1_287' title='bbox 890 4291 1150 4365; x_wconf 71' lang='lat' dir='ltr'>meritis,</span> <span class='ocrx_word' id='word_1_288' title='bbox 1182 4295 1289 4355; x_wconf 82' lang='lat' dir='ltr'>dat</span> <span class='ocrx_word' id='word_1_289' title='bbox 1328 4294 1483 4354; x_wconf 74' lang='lat' dir='ltr'>unde</span> <span class='ocrx_word' id='word_1_290' title='bbox 1510 4299 1799 4355; x_wconf 76' lang='lat' dir='ltr'>ornentur</span> <span class='ocrx_word' id='word_1_291' title='bbox 1828 4298 1886 4355; x_wconf 80' lang='lat' dir='ltr'>et</span> <span class='ocrx_word' id='word_1_292' title='bbox 1908 4294 2093 4356; x_wconf 82' lang='lat' dir='ltr'>meri-</span> 
     </span>
     <span class='ocr_line' id='line_1_44' title="bbox 519 4383 2098 4468; baseline 0.002 -21"><span class='ocrx_word' id='word_1_293' title='bbox 519 4387 646 4457; x_wconf 76' lang='lat' dir='ltr'>tis‚·</span> <span class='ocrx_word' id='word_1_294' title='bbox 680 4390 745 4446; x_wconf 90' lang='lat' dir='ltr'>et</span> <span class='ocrx_word' id='word_1_295' title='bbox 796 4385 1005 4445; x_wconf 87' lang='lat' dir='ltr'>statim</span> <span class='ocrx_word' id='word_1_296' title='bbox 1046 4385 1303 4446; x_wconf 85' lang='lat' dir='ltr'>subdit:</span> <span class='ocrx_word' id='word_1_297' title='bbox 1354 4384 1624 4448; x_wconf 77' lang='lat' dir='ltr'>Frustra</span> <span class='ocrx_word' id='word_1_298' title='bbox 1666 4383 1891 4448; x_wconf 79' lang='lat' dir='ltr'>dicitur</span> <span class='ocrx_word' id='word_1_299' title='bbox 1937 4389 2098 4468; x_wconf 74' lang='lat' dir='ltr'>quod</span> 
     </span>
     <span class='ocr_line' id='line_1_45' title="bbox 522 4477 2092 4559; baseline 0.003 -21"><span class='ocrx_word' id='word_1_300' title='bbox 522 4477 683 4538; x_wconf 77' lang='lat' dir='ltr'>ratio</span> <span class='ocrx_word' id='word_1_301' title='bbox 728 4479 1014 4559; x_wconf 73' lang='lat' dir='ltr'>operandi</span> <span class='ocrx_word' id='word_1_302' title='bbox 1054 4495 1173 4538; x_wconf 75' lang='lat' dir='ltr'>non</span> <span class='ocrx_word' id='word_1_303' title='bbox 1200 4479 1287 4540; x_wconf 76' lang='lat' dir='ltr'>sit</span> <span class='ocrx_word' id='word_1_304' title='bbox 1334 4479 1403 4539; x_wconf 76' lang='lat' dir='ltr'>iu</span> <span class='ocrx_word' id='word_1_305' title='bbox 1441 4478 1666 4552; x_wconf 74' lang='lat' dir='ltr'>electis,</span> <span class='ocrx_word' id='word_1_306' title='bbox 1702 4495 1838 4541; x_wconf 73' lang='lat' dir='ltr'>cum</span> <span class='ocrx_word' id='word_1_307' title='bbox 1874 4479 1958 4541; x_wconf 87' lang='lat' dir='ltr'>ad</span> <span class='ocrx_word' id='word_1_308' title='bbox 1985 4479 2092 4542; x_wconf 79' lang='grc' dir='ltr'>Ιιοο</span> 
     </span>
     <span class='ocr_line' id='line_1_46' title="bbox 524 4569 2091 4650; baseline 0 -20"><span class='ocrx_word' id='word_1_309' title='bbox 524 4577 845 4649; x_wconf 76' lang='lat' dir='ltr'>operentur</span> <span class='ocrx_word' id='word_1_310' title='bbox 877 4575 947 4631; x_wconf 78' lang='lat' dir='ltr'>ut</span> <span class='ocrx_word' id='word_1_311' title='bbox 982 4569 1155 4634; x_wconf 81' lang='lat' dir='ltr'>electi</span> <span class='ocrx_word' id='word_1_312' title='bbox 1184 4571 1333 4633; x_wconf 77' lang='lat' dir='ltr'>sint.</span> <span class='ocrx_word' id='word_1_313' title='bbox 1368 4569 1525 4640; x_wconf 90' lang='lat' dir='ltr'>Quid</span> <span class='ocrx_word' id='word_1_314' title='bbox 1554 4587 1703 4649; x_wconf 84' lang='lat' dir='ltr'>ergo</span> <span class='ocrx_word' id='word_1_315' title='bbox 1734 4577 1828 4631; x_wconf 86' lang='lat' dir='ltr'>est</span> <span class='ocrx_word' id='word_1_316' title='bbox 1866 4587 2091 4650; x_wconf 89' lang='lat' dir='ltr'>opera-</span> 
     </span>
     <span class='ocr_line' id='line_1_47' title="bbox 522 4662 2094 4742; baseline 0.002 -21"><span class='ocrx_word' id='word_1_317' title='bbox 522 4663 573 4722; x_wconf 91' lang='lat' dir='ltr'>ri</span> <span class='ocrx_word' id='word_1_318' title='bbox 605 4669 673 4724; x_wconf 91' lang='lat' dir='ltr'>ut</span> <span class='ocrx_word' id='word_1_319' title='bbox 706 4663 885 4724; x_wconf 90' lang='lat' dir='ltr'>electi</span> <span class='ocrx_word' id='word_1_320' title='bbox 925 4662 1069 4736; x_wconf 87' lang='lat' dir='ltr'>sint,</span> <span class='ocrx_word' id='word_1_321' title='bbox 1099 4663 1217 4724; x_wconf 85' lang='lat' dir='ltr'>nisi</span> <span class='ocrx_word' id='word_1_322' title='bbox 1248 4663 1497 4742; x_wconf 89' lang='lat' dir='ltr'>operari</span> <span class='ocrx_word' id='word_1_323' title='bbox 1524 4669 1593 4724; x_wconf 88' lang='lat' dir='ltr'>ut</span> <span class='ocrx_word' id='word_1_324' title='bbox 1620 4669 1923 4724; x_wconf 86' lang='lat' dir='ltr'>ornentur</span> <span class='ocrx_word' id='word_1_325' title='bbox 1959 4682 2094 4724; x_wconf 89' lang='lat' dir='ltr'>me-</span> 
     </span>
     <span class='ocr_line' id='line_1_48' title="bbox 522 4755 2094 4836; baseline -0.001 -18"><span class='ocrx_word' id='word_1_326' title='bbox 522 4755 657 4818; x_wconf 85' lang='lat' dir='ltr'>ritis</span> <span class='ocrx_word' id='word_1_327' title='bbox 686 4756 767 4816; x_wconf 82' lang='lat' dir='ltr'>ad</span> <span class='ocrx_word' id='word_1_328' title='bbox 802 4757 971 4834; x_wconf 89' lang='lat' dir='ltr'>quod</span> <span class='ocrx_word' id='word_1_329' title='bbox 1006 4756 1185 4818; x_wconf 91' lang='lat' dir='ltr'>electi</span> <span class='ocrx_word' id='word_1_330' title='bbox 1217 4763 1362 4818; x_wconf 87' lang='lat' dir='ltr'>sunt</span> <span class='ocrx_word' id='word_1_331' title='bbox 1386 4759 1410 4816; x_wconf 71' lang='lat' dir='ltr'>i</span> <span class='ocrx_word' id='word_1_332' title='bbox 1432 4758 1503 4818; x_wconf 90' lang='lat' dir='ltr'>In</span> <span class='ocrx_word' id='word_1_333' title='bbox 1528 4756 1753 4818; x_wconf 86' lang='lat' dir='ltr'>eodem</span> <span class='ocrx_word' id='word_1_334' title='bbox 1776 4774 1925 4836; x_wconf 89' lang='lat' dir='ltr'>ergo</span> <span class='ocrx_word' id='word_1_335' title='bbox 1957 4775 2094 4818; x_wconf 91' lang='lat' dir='ltr'>sen·</span> 
     </span>
     <span class='ocr_line' id='line_1_49' title="bbox 524 4849 2094 4930; baseline 0.002 -21"><span class='ocrx_word' id='word_1_336' title='bbox 524 4869 598 4909; x_wconf 85' lang='lat' dir='ltr'>su</span> <span class='ocrx_word' id='word_1_337' title='bbox 642 4849 1075 4928; x_wconf 88' lang='lat' dir='ltr'>accipiendum</span> <span class='ocrx_word' id='word_1_338' title='bbox 1115 4855 1291 4929; x_wconf 91' lang='lat' dir='ltr'>puto,</span> <span class='ocrx_word' id='word_1_339' title='bbox 1340 4850 1509 4928; x_wconf 90' lang='lat' dir='ltr'>quod</span> <span class='ocrx_word' id='word_1_340' title='bbox 1541 4850 1706 4911; x_wconf 89' lang='lat' dir='ltr'>dicto</span> <span class='ocrx_word' id='word_1_341' title='bbox 1753 4867 1891 4930; x_wconf 90' lang='lat' dir='ltr'>cap.</span> <span class='ocrx_word' id='word_1_342' title='bbox 1943 4853 1978 4910; x_wconf 80' lang='lat'><strong>7</strong></span> <span class='ocrx_word' id='word_1_343' title='bbox 2013 4849 2094 4912; x_wconf 87' lang='lat' dir='ltr'>de</span> 
     </span>
     <span class='ocr_line' id='line_1_50' title="bbox 526 4943 2088 5022; baseline 0.002 -19"><span class='ocrx_word' id='word_1_344' title='bbox 526 4945 803 5022; x_wconf 88' lang='lat' dir='ltr'>Corrept.</span> <span class='ocrx_word' id='word_1_345' title='bbox 830 4947 891 5002; x_wconf 89' lang='lat' dir='ltr'>et</span> <span class='ocrx_word' id='word_1_346' title='bbox 908 4949 1064 5020; x_wconf 89' lang='lat' dir='ltr'>grat.</span> <span class='ocrx_word' id='word_1_347' title='bbox 1086 4943 1470 5021; x_wconf 84' lang='lat' dir='ltr'>Augustinus</span> <span class='ocrx_word' id='word_1_348' title='bbox 1492 4943 1638 5005; x_wconf 85' lang='lat' dir='ltr'>dicit</span> <span class='ocrx_word' id='word_1_349' title='bbox 1659 4963 1673 5002; x_wconf 90' lang='lat'><strong>:</strong></span> <span class='ocrx_word' id='word_1_350' title='bbox 1692 4943 1900 5006; x_wconf 75' lang='lat' dir='ltr'>Electi</span> <span class='ocrx_word' id='word_1_351' title='bbox 1920 4948 2088 5016; x_wconf 70' lang='lat' dir='ltr'>sunt,</span> 
     </span>
     <span class='ocr_line' id='line_1_51' title="bbox 530 5035 2094 5117; baseline -0.001 -19"><span class='ocrx_word' id='word_1_352' title='bbox 530 5035 674 5117; x_wconf 79' lang='lat' dir='ltr'>quia</span> <span class='ocrx_word' id='word_1_353' title='bbox 696 5037 1016 5098; x_wconf 71' lang='lat' dir='ltr'>secundum</span> <span class='ocrx_word' id='word_1_354' title='bbox 1040 5037 1420 5117; x_wconf 75' lang='lat' dir='ltr'>propositum</span> <span class='ocrx_word' id='word_1_355' title='bbox 1442 5039 1639 5100; x_wconf 81' lang='lat' dir='ltr'>vocati</span> <span class='ocrx_word' id='word_1_356' title='bbox 1666 5041 1829 5098; x_wconf 73' lang='lat' dir='ltr'>sunt.</span> <span class='ocrx_word' id='word_1_357' title='bbox 1863 5036 2094 5107; x_wconf 88' lang='lat' dir='ltr'>Quam-</span> 
     </span>
     <span class='ocr_line' id='line_1_52' title="bbox 523 5127 2090 5209; baseline 0.002 -22"><span class='ocrx_word' id='word_1_358' title='bbox 523 5129 617 5188; x_wconf 75' lang='lat' dir='ltr'>vis</span> <span class='ocrx_word' id='word_1_359' title='bbox 644 5127 809 5188; x_wconf 89' lang='lat' dir='ltr'>enim</span> <span class='ocrx_word' id='word_1_360' title='bbox 841 5136 1053 5207; x_wconf 90' lang='lat' dir='ltr'>posset</span> <span class='ocrx_word' id='word_1_361' title='bbox 1082 5130 1330 5209; x_wconf 83' lang='lat' dir='ltr'>exponi,</span> <span class='ocrx_word' id='word_1_362' title='bbox 1366 5136 1431 5190; x_wconf 92' lang='lat' dir='ltr'>ut</span> <span class='ocrx_word' id='word_1_363' title='bbox 1462 5129 1843 5208; x_wconf 83' lang='lat' dir='ltr'>intelligatur</span> <span class='ocrx_word' id='word_1_364' title='bbox 1868 5148 2090 5191; x_wconf 89' lang='lat' dir='ltr'>secun-</span> 
     </span>
     <span class='ocr_line' id='line_1_53' title="bbox 520 5219 2092 5296; baseline 0.002 -15"><span class='ocrx_word' id='word_1_365' title='bbox 520 5219 673 5281; x_wconf 86' lang='lat' dir='ltr'>dum</span> <span class='ocrx_word' id='word_1_366' title='bbox 722 5240 975 5294; x_wconf 86' lang='lat' dir='ltr'>causam</span> <span class='ocrx_word' id='word_1_367' title='bbox 1008 5222 1321 5296; x_wconf 75' lang='lat' dir='ltr'>illationiS‚</span> <span class='ocrx_word' id='word_1_368' title='bbox 1352 5241 1481 5284; x_wconf 89' lang='lat' dir='ltr'>non</span> <span class='ocrx_word' id='word_1_369' title='bbox 1508 5223 1641 5295; x_wconf 88' lang='lat' dir='ltr'>rei;</span> <span class='ocrx_word' id='word_1_370' title='bbox 1695 5241 1842 5282; x_wconf 89' lang='lat' dir='ltr'>nam</span> <span class='ocrx_word' id='word_1_371' title='bbox 1888 5225 2092 5284; x_wconf 90' lang='lat' dir='ltr'>omnis</span> 
     </span>
     <span class='ocr_line' id='line_1_54' title="bbox 522 5314 2091 5394; baseline 0.003 -21"><span class='ocrx_word' id='word_1_372' title='bbox 522 5314 632 5392; x_wconf 86' lang='lat' dir='ltr'>qui</span> <span class='ocrx_word' id='word_1_373' title='bbox 679 5315 1027 5374; x_wconf 88' lang='lat' dir='ltr'>secundum</span> <span class='ocrx_word' id='word_1_374' title='bbox 1073 5316 1461 5394; x_wconf 87' lang='lat' dir='ltr'>propositum</span> <span class='ocrx_word' id='word_1_375' title='bbox 1494 5322 1751 5377; x_wconf 79' lang='lat' dir='ltr'>vocatus</span> <span class='ocrx_word' id='word_1_376' title='bbox 1784 5322 1899 5388; x_wconf 90' lang='lat' dir='ltr'>est,</span> <span class='ocrx_word' id='word_1_377' title='bbox 1933 5315 2091 5377; x_wconf 87' lang='lat' dir='ltr'>elec-</span> 
     </span>
     <span class='ocr_line' id='line_1_55' title="bbox 518 5409 2086 5485; baseline 0.001 -15"><span class='ocrx_word' id='word_1_378' title='bbox 518 5418 621 5470; x_wconf 85' lang='lat' dir='ltr'>tus</span> <span class='ocrx_word' id='word_1_379' title='bbox 644 5415 737 5470; x_wconf 87' lang='lat' dir='ltr'>est</span> <span class='ocrx_word' id='word_1_380' title='bbox 756 5427 770 5481; x_wconf 91' lang='lat'>;</span> <span class='ocrx_word' id='word_1_381' title='bbox 805 5415 1015 5470; x_wconf 89' lang='lat' dir='ltr'>tamen</span> <span class='ocrx_word' id='word_1_382' title='bbox 1034 5426 1162 5469; x_wconf 88' lang='lat' dir='ltr'>non</span> <span class='ocrx_word' id='word_1_383' title='bbox 1184 5415 1278 5470; x_wconf 89' lang='lat' dir='ltr'>est</span> <span class='ocrx_word' id='word_1_384' title='bbox 1296 5409 1537 5470; x_wconf 85' lang='lat' dir='ltr'>vocatio</span> <span class='ocrx_word' id='word_1_385' title='bbox 1562 5411 1720 5472; x_wconf 86' lang='lat' dir='ltr'>ratio</span> <span class='ocrx_word' id='word_1_386' title='bbox 1742 5409 2086 5485; x_wconf 74' lang='lat' dir='ltr'>electioniS,</span> 
     </span>
     <span class='ocr_line' id='line_1_56' title="bbox 519 5501 2089 5584; baseline 0 -20"><span class='ocrx_word' id='word_1_387' title='bbox 519 5501 633 5564; x_wconf 80' lang='lat' dir='ltr'>sed</span> <span class='ocrx_word' id='word_1_388' title='bbox 664 5521 697 5564; x_wconf 87' lang='lat' dir='ltr'>e</span> <span class='ocrx_word' id='word_1_389' title='bbox 746 5519 1086 5578; x_wconf 80' lang='lat' dir='ltr'>converso;</span> <span class='ocrx_word' id='word_1_390' title='bbox 1120 5503 1407 5582; x_wconf 78' lang='lat' dir='ltr'>quamvis</span> <span class='ocrx_word' id='word_1_391' title='bbox 1433 5503 1739 5584; x_wconf 88' lang='lat' dir='ltr'>(inquam)</span> <span class='ocrx_word' id='word_1_392' title='bbox 1766 5504 1853 5567; x_wconf 91' lang='lat' dir='ltr'>ita</span> <span class='ocrx_word' id='word_1_393' title='bbox 1894 5521 2089 5584; x_wconf 80' lang='lat' dir='ltr'>expo-</span> 
     </span>
    </p>
   </div>
   <div class='ocr_carea' id='block_1_3' title="bbox 2171 468 3682 549">
    <p class='ocr_par' dir='ltr' id='par_1_4' title="bbox 2171 460 3796 549">
     <span class='ocr_line' id='line_1_57' title="bbox 2171 468 3682 549; baseline -0.001 -22"><span class='ocrx_word' id='word_1_394' title='bbox 2171 468 2237 528; x_wconf 91' lang='lat' dir='ltr'>ni</span> <span class='ocrx_word' id='word_1_395' title='bbox 2263 476 2495 549; x_wconf 90' lang='lat' dir='ltr'>posset,</span> <span class='ocrx_word' id='word_1_396' title='bbox 2537 476 2750 531; x_wconf 90' lang='lat' dir='ltr'>tamen</span> <span class='ocrx_word' id='word_1_397' title='bbox 2785 470 3001 549; x_wconf 84' lang='lat' dir='ltr'>-aptior</span> <span class='ocrx_word' id='word_1_398' title='bbox 3030 469 3275 531; x_wconf 81' lang='lat' dir='ltr'>videtur</span> <span class='ocrx_word' id='word_1_399' title='bbox 3299 468 3462 529; x_wconf 85' lang='lat' dir='ltr'>dicta</span> <span class='ocrx_word' id='word_1_400' title='bbox 3486 476 3682 549; x_wconf 82' lang='lat' dir='ltr'>exposi-</span> 
     </span>
    </p>
   </div>
   <div class='ocr_carea' id='block_1_4' title="bbox 2169 561 3796 643">
    <p class='ocr_par' dir='ltr' id='par_1_5' title="bbox 2169 561 3796 643">
     <span class='ocr_line' id='line_1_58' title="bbox 2169 561 3796 643; baseline 0.004 -20"><span class='ocrx_word' id='word_1_401' title='bbox 2169 563 2276 634; x_wconf 87' lang='lat' dir='ltr'>tio,</span> <span class='ocrx_word' id='word_1_402' title='bbox 2311 570 2381 625; x_wconf 91' lang='lat' dir='ltr'>ut</span> <span class='ocrx_word' id='word_1_403' title='bbox 2421 582 2560 625; x_wconf 88' lang='lat' dir='ltr'>esse</span> <span class='ocrx_word' id='word_1_404' title='bbox 2605 564 2875 625; x_wconf 84' lang='lat' dir='ltr'>electum</span> <span class='ocrx_word' id='word_1_405' title='bbox 2915 582 3044 624; x_wconf 85' lang='lat' dir='ltr'>non</span> <span class='ocrx_word' id='word_1_406' title='bbox 3093 561 3404 643; x_wconf 81' lang='lat' dir='ltr'>significet</span> <span class='ocrx_word' id='word_1_407' title='bbox 3429 562 3506 623; x_wconf 83' lang='lat' dir='ltr'>ibi</span> <span class='ocrx_word' id='word_1_408' title='bbox 3553 565 3682 628; x_wconf 88' lang='lat' dir='ltr'>idem</span> <span class='ocrx_word' id='word_1_409' title='bbox 3794 574 3796 635; x_wconf 80' lang='grc' dir='ltr'>ἰ</span> 
     </span>
    </p>
   </div>
   <div class='ocr_carea' id='block_1_5' title="bbox 2170 656 3685 735">
    <p class='ocr_par' dir='ltr' id='par_1_6' title="bbox 2170 656 3685 735">
     <span class='ocr_line' id='line_1_59' title="bbox 2170 656 3685 735; baseline 0.003 -19"><span class='ocrx_word' id='word_1_410' title='bbox 2170 657 2340 735; x_wconf 90' lang='lat' dir='ltr'>quod</span> <span class='ocrx_word' id='word_1_411' title='bbox 2383 658 2548 734; x_wconf 85' lang='lat' dir='ltr'>eligi,</span> <span class='ocrx_word' id='word_1_412' title='bbox 2581 656 2693 717; x_wconf 90' lang='lat' dir='ltr'>sed</span> <span class='ocrx_word' id='word_1_413' title='bbox 2713 674 2852 717; x_wconf 88' lang='lat' dir='ltr'>esse</span> <span class='ocrx_word' id='word_1_414' title='bbox 2877 657 3088 729; x_wconf 91' lang='lat' dir='ltr'>talem,</span> <span class='ocrx_word' id='word_1_415' title='bbox 3113 656 3316 733; x_wconf 87' lang='lat' dir='ltr'>qualis</span> <span class='ocrx_word' id='word_1_416' title='bbox 3341 674 3456 735; x_wconf 88' lang='lat' dir='ltr'>per</span> <span class='ocrx_word' id='word_1_417' title='bbox 3484 658 3685 721; x_wconf 79' lang='lat' dir='ltr'>elecsso-</span> 
     </span>
    </p>
   </div>
   <div class='ocr_carea' id='block_1_6' title="bbox 2167 750 3796 828">
    <p class='ocr_par' dir='ltr' id='par_1_7' title="bbox 2167 750 3796 828">
     <span class='ocr_line' id='line_1_60' title="bbox 2167 750 3796 828; baseline 0 -17"><span class='ocrx_word' id='word_1_418' title='bbox 2167 768 2315 811; x_wconf 92' lang='lat' dir='ltr'>nem</span> <span class='ocrx_word' id='word_1_419' title='bbox 2369 750 2716 811; x_wconf 86' lang='lat' dir='ltr'>destinatus</span> <span class='ocrx_word' id='word_1_420' title='bbox 2757 756 2852 811; x_wconf 87' lang='lat' dir='ltr'>est</span> <span class='ocrx_word' id='word_1_421' title='bbox 2894 754 2962 811; x_wconf 90' lang='lat' dir='ltr'>ut</span> <span class='ocrx_word' id='word_1_422' title='bbox 3003 751 3100 810; x_wconf 80' lang='lat' dir='ltr'>sit.</span> <span class='ocrx_word' id='word_1_423' title='bbox 3145 751 3362 828; x_wconf 88' lang='lat' dir='ltr'>Neque</span> <span class='ocrx_word' id='word_1_424' title='bbox 3409 752 3559 811; x_wconf 88' lang='lat' dir='ltr'>enim</span> <span class='ocrx_word' id='word_1_425' title='bbox 3595 756 3684 815; x_wconf 81' lang='lat' dir='ltr'>Au·</span> <span class='ocrx_word' id='word_1_426' title='bbox 3794 758 3796 791; x_wconf 76' lang='lat'><em>÷</em></span> 
     </span>
    </p>
   </div>
   <div class='ocr_carea' id='block_1_7' title="bbox 2157 842 3703 4836">
    <p class='ocr_par' dir='ltr' id='par_1_8' title="bbox 2163 842 3688 1465">
     <span class='ocr_line' id='line_1_61' title="bbox 2167 842 3682 922; baseline 0.004 -21"><span class='ocrx_word' id='word_1_427' title='bbox 2167 843 2452 921; x_wconf 88' lang='lat' dir='ltr'>gustinus</span> <span class='ocrx_word' id='word_1_428' title='bbox 2482 843 2688 903; x_wconf 90' lang='lat' dir='ltr'>dicere</span> <span class='ocrx_word' id='word_1_429' title='bbox 2737 844 2958 922; x_wconf 89' lang='lat' dir='ltr'>potuit,</span> <span class='ocrx_word' id='word_1_430' title='bbox 3009 860 3125 921; x_wconf 90' lang='lat' dir='ltr'>per</span> <span class='ocrx_word' id='word_1_431' title='bbox 3165 842 3551 903; x_wconf 82' lang='lat' dir='ltr'>vocationem</span> <span class='ocrx_word' id='word_1_432' title='bbox 3581 846 3682 907; x_wconf 82' lang='lat' dir='ltr'>fieri</span> 
     </span>
     <span class='ocr_line' id='line_1_62' title="bbox 2168 937 3683 1015; baseline 0.002 -19"><span class='ocrx_word' id='word_1_433' title='bbox 2168 937 2728 1015; x_wconf 84' lang='lat' dir='ltr'>aliquem‚dignum</span> <span class='ocrx_word' id='word_1_434' title='bbox 2765 937 3094 1008; x_wconf 88' lang='lat' dir='ltr'>electione,</span> <span class='ocrx_word' id='word_1_435' title='bbox 3121 954 3267 997; x_wconf 90' lang='lat' dir='ltr'>cum</span> <span class='ocrx_word' id='word_1_436' title='bbox 3297 937 3418 995; x_wconf 90' lang='lat' dir='ltr'>hoc</span> <span class='ocrx_word' id='word_1_437' title='bbox 3445 956 3683 1015; x_wconf 81' lang='lat' dir='ltr'>expresse</span> 
     </span>
     <span class='ocr_line' id='line_1_63' title="bbox 2167 1029 3684 1109; baseline 0.003 -20"><span class='ocrx_word' id='word_1_438' title='bbox 2167 1035 2476 1108; x_wconf 87' lang='lat' dir='ltr'>repugnet</span> <span class='ocrx_word' id='word_1_439' title='bbox 2501 1029 2795 1090; x_wconf 83' lang='lat' dir='ltr'>doctrinae</span> <span class='ocrx_word' id='word_1_440' title='bbox 2821 1030 2978 1109; x_wconf 90' lang='lat' dir='ltr'>ejus,</span> <span class='ocrx_word' id='word_1_441' title='bbox 3023 1029 3250 1089; x_wconf 91' lang='lat' dir='ltr'>eodem</span> <span class='ocrx_word' id='word_1_442' title='bbox 3273 1030 3508 1107; x_wconf 88' lang='lat' dir='ltr'>capite;</span> <span class='ocrx_word' id='word_1_443' title='bbox 3547 1032 3684 1093; x_wconf 84' lang='lat' dir='ltr'>intel-</span> 
     </span>
     <span class='ocr_line' id='line_1_64' title="bbox 2165 1122 3687 1202; baseline 0.003 -20"><span class='ocrx_word' id='word_1_444' title='bbox 2165 1122 2300 1202; x_wconf 89' lang='lat' dir='ltr'>ligit</span> <span class='ocrx_word' id='word_1_445' title='bbox 2325 1140 2475 1201; x_wconf 85' lang='lat' dir='ltr'>ergo</span> <span class='ocrx_word' id='word_1_446' title='bbox 2502 1139 2616 1200; x_wconf 90' lang='lat' dir='ltr'>per</span> <span class='ocrx_word' id='word_1_447' title='bbox 2637 1123 3030 1183; x_wconf 84' lang='lat' dir='ltr'>vocationem</span> <span class='ocrx_word' id='word_1_448' title='bbox 3057 1122 3540 1183; x_wconf 79' lang='lat' dir='ltr'>fieri-hominem</span> <span class='ocrx_word' id='word_1_449' title='bbox 3561 1126 3687 1187; x_wconf 81' lang='lat' dir='ltr'>elec·</span> 
     </span>
     <span class='ocr_line' id='line_1_65' title="bbox 2165 1214 3688 1294; baseline 0.001 -17"><span class='ocrx_word' id='word_1_450' title='bbox 2165 1216 2317 1277; x_wconf 89' lang='lat' dir='ltr'>tioni</span> <span class='ocrx_word' id='word_1_451' title='bbox 2347 1214 2773 1287; x_wconf 79' lang='lat' dir='ltr'>conformem3</span> <span class='ocrx_word' id='word_1_452' title='bbox 2808 1216 2874 1275; x_wconf 89' lang='lat' dir='ltr'>in</span> <span class='ocrx_word' id='word_1_453' title='bbox 2903 1216 3130 1277; x_wconf 88' lang='lat' dir='ltr'>eodem</span> <span class='ocrx_word' id='word_1_454' title='bbox 3159 1232 3314 1294; x_wconf 81' lang='lat' dir='ltr'>ergo</span> <span class='ocrx_word' id='word_1_455' title='bbox 3341 1234 3524 1276; x_wconf 88' lang='lat' dir='ltr'>sensu</span> <span class='ocrx_word' id='word_1_456' title='bbox 3549 1219 3618 1279; x_wconf 86' lang='lat' dir='ltr'>ait</span> <span class='ocrx_word' id='word_1_457' title='bbox 3637 1221 3688 1279; x_wconf 88' lang='lat' dir='ltr'>il-</span> 
     </span>
     <span class='ocr_line' id='line_1_66' title="bbox 2163 1308 3687 1389; baseline 0 -20"><span class='ocrx_word' id='word_1_458' title='bbox 2163 1310 2258 1370; x_wconf 91' lang='lat' dir='ltr'>los</span> <span class='ocrx_word' id='word_1_459' title='bbox 2283 1326 2419 1370; x_wconf 91' lang='lat' dir='ltr'>esse</span> <span class='ocrx_word' id='word_1_460' title='bbox 2465 1308 2719 1385; x_wconf 79' lang='lat' dir='ltr'>electOS,</span> <span class='ocrx_word' id='word_1_461' title='bbox 2761 1309 2911 1387; x_wconf 89' lang='lat' dir='ltr'>quia</span> <span class='ocrx_word' id='word_1_462' title='bbox 2945 1313 3091 1370; x_wconf 89' lang='lat' dir='ltr'>sunt</span> <span class='ocrx_word' id='word_1_463' title='bbox 3137 1308 3486 1369; x_wconf 87' lang='lat' dir='ltr'>secundum</span> <span class='ocrx_word' id='word_1_464' title='bbox 3511 1328 3687 1389; x_wconf 76' lang='lat' dir='ltr'>propo-</span> 
     </span>
     <span class='ocr_line' id='line_1_67' title="bbox 2164 1402 2588 1465; baseline -0.007 0"><span class='ocrx_word' id='word_1_465' title='bbox 2164 1404 2349 1465; x_wconf 91' lang='lat' dir='ltr'>situm</span> <span class='ocrx_word' id='word_1_466' title='bbox 2367 1402 2588 1463; x_wconf 82' lang='lat' dir='ltr'>vocati.</span> 
     </span>
    </p>

    <p class='ocr_par' dir='ltr' id='par_1_9' title="bbox 2157 1494 3703 4836">
     <span class='ocr_line' id='line_1_68' title="bbox 2245 1494 3688 1575; baseline 0.001 -18"><span class='ocrx_word' id='word_1_467' title='bbox 2245 1500 2304 1557; x_wconf 84' lang='lat'>7.</span> <span class='ocrx_word' id='word_1_468' title='bbox 2351 1497 2450 1559; x_wconf 91' lang='lat' dir='ltr'>Sic</span> <span class='ocrx_word' id='word_1_469' title='bbox 2475 1495 2905 1575; x_wconf 87' lang='lat' dir='ltr'>intelliguntur</span> <span class='ocrx_word' id='word_1_470' title='bbox 2953 1494 3188 1574; x_wconf 91' lang='lat' dir='ltr'>optime</span> <span class='ocrx_word' id='word_1_471' title='bbox 3213 1494 3412 1555; x_wconf 87' lang='lat' dir='ltr'>verba</span> <span class='ocrx_word' id='word_1_472' title='bbox 3448 1498 3688 1574; x_wconf 86' lang='lat' dir='ltr'>Augusti-</span> 
     </span>
     <span class='ocr_line' id='line_1_69' title="bbox 2163 1588 3688 1669; baseline 0.003 -19"><span class='ocrx_word' id='word_1_473' title='bbox 2163 1590 2254 1664; x_wconf 91' lang='lat' dir='ltr'>ni,</span> <span class='ocrx_word' id='word_1_474' title='bbox 2307 1590 2489 1669; x_wconf 79' lang='lat' dir='ltr'>epist.</span> <span class='ocrx_word' id='word_1_475' title='bbox 2543 1590 2684 1663; x_wconf 82' lang='lat'>105,</span> <span class='ocrx_word' id='word_1_476' title='bbox 2735 1588 2842 1648; x_wconf 86' lang='lat' dir='ltr'>ubi</span> <span class='ocrx_word' id='word_1_477' title='bbox 2889 1588 3359 1665; x_wconf 86' lang='lat' dir='ltr'>interpretatur,</span> <span class='ocrx_word' id='word_1_478' title='bbox 3403 1588 3688 1654; x_wconf 72' lang='lat' dir='ltr'>electionem</span> 
     </span>
     <span class='ocr_line' id='line_1_70' title="bbox 2162 1681 3689 1766; baseline 0.002 -23"><span class='ocrx_word' id='word_1_479' title='bbox 2162 1684 2405 1766; x_wconf 69' lang='lat' dir='ltr'>yratioe,</span> <span class='ocrx_word' id='word_1_480' title='bbox 2436 1682 2500 1742; x_wconf 88' lang='lat' dir='ltr'>id</span> <span class='ocrx_word' id='word_1_481' title='bbox 2529 1688 2646 1754; x_wconf 87' lang='lat' dir='ltr'>est,</span> <span class='ocrx_word' id='word_1_482' title='bbox 2672 1700 2791 1743; x_wconf 72' lang='lat' dir='ltr'>non</span> <span class='ocrx_word' id='word_1_483' title='bbox 2817 1682 3016 1753; x_wconf 78' lang='lat' dir='ltr'>debiti,</span> <span class='ocrx_word' id='word_1_484' title='bbox 3041 1687 3100 1743; x_wconf 78' lang='lat' dir='ltr'>et</span> <span class='ocrx_word' id='word_1_485' title='bbox 3129 1681 3468 1745; x_wconf 76' lang='lat' dir='ltr'>electionem</span> <span class='ocrx_word' id='word_1_486' title='bbox 3495 1686 3689 1763; x_wconf 69' lang='lat' dir='ltr'>quaeli-</span> 
     </span>
     <span class='ocr_line' id='line_1_71' title="bbox 2161 1772 3688 1857; baseline 0 -19"><span class='ocrx_word' id='word_1_487' title='bbox 2161 1778 2379 1857; x_wconf 72' lang='lat' dir='ltr'>9endos</span> <span class='ocrx_word' id='word_1_488' title='bbox 2405 1775 2559 1853; x_wconf 77' lang='lat' dir='ltr'>facit</span> <span class='ocrx_word' id='word_1_489' title='bbox 2585 1776 2736 1855; x_wconf 75' lang='lat' dir='ltr'>ipse,</span> <span class='ocrx_word' id='word_1_490' title='bbox 2768 1792 2888 1835; x_wconf 75' lang='lat' dir='ltr'>non</span> <span class='ocrx_word' id='word_1_491' title='bbox 2921 1772 3172 1836; x_wconf 74' lang='lat' dir='ltr'>invenit.</span> <span class='ocrx_word' id='word_1_492' title='bbox 3207 1773 3396 1845; x_wconf 87' lang='lat' dir='ltr'>Quod</span> <span class='ocrx_word' id='word_1_493' title='bbox 3423 1775 3594 1835; x_wconf 85' lang='lat' dir='ltr'>etiam</span> <span class='ocrx_word' id='word_1_494' title='bbox 3617 1798 3688 1839; x_wconf 81' lang='lat' dir='ltr'>re-</span> 
     </span>
     <span class='ocr_line' id='line_1_72' title="bbox 2161 1867 3688 1948; baseline 0.001 -19"><span class='ocrx_word' id='word_1_495' title='bbox 2161 1870 2317 1948; x_wconf 89' lang='lat' dir='ltr'>petit</span> <span class='ocrx_word' id='word_1_496' title='bbox 2347 1870 2526 1947; x_wconf 91' lang='lat' dir='ltr'>epist.</span> <span class='ocrx_word' id='word_1_497' title='bbox 2563 1870 2700 1941; x_wconf 84' lang='lat'>106,</span> <span class='ocrx_word' id='word_1_498' title='bbox 2731 1867 2840 1927; x_wconf 90' lang='lat' dir='ltr'>ubi</span> <span class='ocrx_word' id='word_1_499' title='bbox 2881 1867 3164 1929; x_wconf 85' lang='lat' dir='ltr'>similiter</span> <span class='ocrx_word' id='word_1_500' title='bbox 3191 1868 3344 1927; x_wconf 87' lang='lat' dir='ltr'>dicit</span> <span class='ocrx_word' id='word_1_501' title='bbox 3373 1869 3530 1927; x_wconf 87' lang='lat' dir='ltr'>hanc</span> <span class='ocrx_word' id='word_1_502' title='bbox 3566 1870 3688 1931; x_wconf 85' lang='lat' dir='ltr'>elec-</span> 
     </span>
     <span class='ocr_line' id='line_1_73' title="bbox 2162 1961 3690 2040; baseline 0.001 -18"><span class='ocrx_word' id='word_1_503' title='bbox 2162 1962 2398 2023; x_wconf 89' lang='lat' dir='ltr'>tionem</span> <span class='ocrx_word' id='word_1_504' title='bbox 2448 1962 2722 2021; x_wconf 80' lang='lat' dir='ltr'>divinam</span> <span class='ocrx_word' id='word_1_505' title='bbox 2763 1978 2892 2021; x_wconf 90' lang='lat' dir='ltr'>non</span> <span class='ocrx_word' id='word_1_506' title='bbox 2923 1978 3280 2040; x_wconf 91' lang='lat' dir='ltr'>supponere</span> <span class='ocrx_word' id='word_1_507' title='bbox 3311 1961 3690 2040; x_wconf 77' lang='lat' dir='ltr'>disparitatem</span> 
     </span>
     <span class='ocr_line' id='line_1_74' title="bbox 2163 2054 3685 2133; baseline 0.002 -18"><span class='ocrx_word' id='word_1_508' title='bbox 2163 2057 2226 2115; x_wconf 92' lang='lat' dir='ltr'>in</span> <span class='ocrx_word' id='word_1_509' title='bbox 2271 2056 2508 2129; x_wconf 75' lang='lat' dir='ltr'>electiS,</span> <span class='ocrx_word' id='word_1_510' title='bbox 2541 2055 2656 2116; x_wconf 89' lang='lat' dir='ltr'>sed</span> <span class='ocrx_word' id='word_1_511' title='bbox 2699 2054 2929 2115; x_wconf 82' lang='lat' dir='ltr'>facere.</span> <span class='ocrx_word' id='word_1_512' title='bbox 2971 2054 3254 2133; x_wconf 82' lang='lat' dir='ltr'>Denique</span> <span class='ocrx_word' id='word_1_513' title='bbox 3283 2054 3437 2115; x_wconf 88' lang='lat' dir='ltr'>dict.</span> <span class='ocrx_word' id='word_1_514' title='bbox 3481 2074 3600 2133; x_wconf 86' lang='lat' dir='ltr'>cap.</span> <span class='ocrx_word' id='word_1_515' title='bbox 3633 2060 3685 2119; x_wconf 75' lang='lat'>17</span> 
     </span>
     <span class='ocr_line' id='line_1_75' title="bbox 2164 2148 3686 2228; baseline 0.001 -19"><span class='ocrx_word' id='word_1_516' title='bbox 2164 2148 2243 2209; x_wconf 91' lang='lat' dir='ltr'>de</span> <span class='ocrx_word' id='word_1_517' title='bbox 2285 2148 2584 2209; x_wconf 83' lang='lat' dir='ltr'>Praedest.</span> <span class='ocrx_word' id='word_1_518' title='bbox 2625 2148 2865 2221; x_wconf 87' lang='lat' dir='ltr'>Sanct.,</span> <span class='ocrx_word' id='word_1_519' title='bbox 2909 2153 3182 2208; x_wconf 86' lang='lat' dir='ltr'>tractans</span> <span class='ocrx_word' id='word_1_520' title='bbox 3229 2148 3391 2209; x_wconf 89' lang='lat' dir='ltr'>illud</span> <span class='ocrx_word' id='word_1_521' title='bbox 3437 2152 3686 2228; x_wconf 80' lang='lat' dir='ltr'>Apostoli,</span> 
     </span>
     <span class='ocr_line' id='line_1_76' title="bbox 2165 2240 3694 2323; baseline 0.002 -20"><span class='ocrx_word' id='word_1_522' title='bbox 2165 2241 2247 2303; x_wconf 88' lang='lat' dir='ltr'>ad</span> <span class='ocrx_word' id='word_1_523' title='bbox 2285 2242 2512 2320; x_wconf 85' lang='lat' dir='ltr'>Ephes.</span> <span class='ocrx_word' id='word_1_524' title='bbox 2563 2246 2590 2302; x_wconf 80' lang='lat'><strong>1</strong></span> <span class='ocrx_word' id='word_1_525' title='bbox 2627 2260 2640 2301; x_wconf 80' lang='lat' dir='ltr'><strong><em>z</em></strong></span> <span class='ocrx_word' id='word_1_526' title='bbox 2697 2242 2884 2305; x_wconf 75' lang='lat' dir='ltr'>Sicut</span> <span class='ocrx_word' id='word_1_527' title='bbox 2928 2241 3106 2323; x_wconf 73' lang='lat' dir='ltr'>eleyit</span> <span class='ocrx_word' id='word_1_528' title='bbox 3145 2259 3256 2303; x_wconf 72' lang='lat' dir='ltr'>uos</span> <span class='ocrx_word' id='word_1_529' title='bbox 3299 2244 3376 2303; x_wconf 73' lang='lat' dir='ltr'>in</span> <span class='ocrx_word' id='word_1_530' title='bbox 3419 2240 3542 2323; x_wconf 72' lang='lat' dir='ltr'>ipso</span> <span class='ocrx_word' id='word_1_531' title='bbox 3591 2252 3694 2306; x_wconf 74' lang='lat' dir='ltr'>aute</span> 
     </span>
     <span class='ocr_line' id='line_1_77' title="bbox 2165 2332 3693 2415; baseline 0.001 -20"><span class='ocrx_word' id='word_1_532' title='bbox 2165 2336 2378 2397; x_wconf 76' lang='lat' dir='ltr'>mundi</span> <span class='ocrx_word' id='word_1_533' title='bbox 2425 2334 2908 2398; x_wconf 72' lang='lat' dir='ltr'>constitutionem</span> <span class='ocrx_word' id='word_1_534' title='bbox 2929 2358 2951 2392; x_wconf 95' lang='grc'>.·</span> <span class='ocrx_word' id='word_1_535' title='bbox 3003 2332 3084 2395; x_wconf 82' lang='lat' dir='ltr'>Si</span> <span class='ocrx_word' id='word_1_536' title='bbox 3121 2338 3454 2415; x_wconf 79' lang='lat' dir='ltr'>propterea</span> <span class='ocrx_word' id='word_1_537' title='bbox 3498 2336 3693 2414; x_wconf 70' lang='lat' dir='ltr'>(inquit)</span> 
     </span>
     <span class='ocr_line' id='line_1_78' title="bbox 2165 2426 3695 2509; baseline 0 -18"><span class='ocrx_word' id='word_1_538' title='bbox 2165 2429 2392 2491; x_wconf 82' lang='lat' dir='ltr'>dictum</span> <span class='ocrx_word' id='word_1_539' title='bbox 2415 2434 2526 2501; x_wconf 77' lang='lat' dir='ltr'>est,</span> <span class='ocrx_word' id='word_1_540' title='bbox 2558 2426 2701 2509; x_wconf 68' lang='lat' dir='ltr'>quia</span> <span class='ocrx_word' id='word_1_541' title='bbox 2713 2427 3036 2507; x_wconf 56' lang='lat' dir='ltr'>praescivit</span> <span class='ocrx_word' id='word_1_542' title='bbox 3061 2428 3224 2489; x_wconf 76' lang='lat' dir='ltr'>Deus</span> <span class='ocrx_word' id='word_1_543' title='bbox 3245 2430 3591 2501; x_wconf 76' lang='lat' dir='ltr'>credituros,</span> <span class='ocrx_word' id='word_1_544' title='bbox 3609 2448 3695 2491; x_wconf 70' lang='lat' dir='ltr'>non</span> 
     </span>
     <span class='ocr_line' id='line_1_79' title="bbox 2167 2519 3695 2603; baseline 0.001 -19"><span class='ocrx_word' id='word_1_545' title='bbox 2167 2519 2308 2603; x_wconf 81' lang='lat' dir='ltr'>quia</span> <span class='ocrx_word' id='word_1_546' title='bbox 2328 2526 2606 2601; x_wconf 72' lang='lat' dir='ltr'>factum</span> <span class='ocrx_word' id='word_1_547' title='bbox 2627 2524 2836 2592; x_wconf 77' lang='lat' dir='ltr'>fuerat</span> <span class='ocrx_word' id='word_1_548' title='bbox 2877 2520 3007 2597; x_wconf 79' lang='lat' dir='ltr'>ipse</span> <span class='ocrx_word' id='word_1_549' title='bbox 3029 2522 3358 2595; x_wconf 75' lang='lat' dir='ltr'>credentes,</span> <span class='ocrx_word' id='word_1_550' title='bbox 3405 2527 3600 2585; x_wconf 74' lang='lat' dir='ltr'>eontra</span> <span class='ocrx_word' id='word_1_551' title='bbox 3633 2525 3695 2585; x_wconf 72' lang='lat' dir='ltr'>is·</span> 
     </span>
     <span class='ocr_line' id='line_1_80' title="bbox 2167 2610 3696 2695; baseline -0.001 -16"><span class='ocrx_word' id='word_1_552' title='bbox 2167 2622 2294 2679; x_wconf 77' lang='lat' dir='ltr'>tam</span> <span class='ocrx_word' id='word_1_553' title='bbox 2334 2614 2782 2695; x_wconf 75' lang='lat' dir='ltr'>proescientiam</span> <span class='ocrx_word' id='word_1_554' title='bbox 2827 2610 3032 2673; x_wconf 78' lang='lat' dir='ltr'>Filius</span> <span class='ocrx_word' id='word_1_555' title='bbox 3071 2614 3222 2675; x_wconf 79' lang='lat' dir='ltr'>dicit</span> <span class='ocrx_word' id='word_1_556' title='bbox 3241 2640 3264 2673; x_wconf 93' lang='lat'>.·</span> <span class='ocrx_word' id='word_1_557' title='bbox 3305 2614 3460 2677; x_wconf 78' lang='lat' dir='ltr'>Non</span> <span class='ocrx_word' id='word_1_558' title='bbox 3505 2633 3597 2676; x_wconf 73' lang='lat' dir='ltr'>vos</span> <span class='ocrx_word' id='word_1_559' title='bbox 3630 2635 3696 2677; x_wconf 76' lang='lat' dir='ltr'>me</span> 
     </span>
     <span class='ocr_line' id='line_1_81' title="bbox 2163 2704 3696 2790; baseline -0.001 -19"><span class='ocrx_word' id='word_1_560' title='bbox 2163 2710 2454 2790; x_wconf 72' lang='lat' dir='ltr'>eleyistis,</span> <span class='ocrx_word' id='word_1_561' title='bbox 2478 2710 2583 2771; x_wconf 73' lang='lat' dir='ltr'>sed</span> <span class='ocrx_word' id='word_1_562' title='bbox 2605 2724 2706 2789; x_wconf 68' lang='lat' dir='ltr'>eqo</span> <span class='ocrx_word' id='word_1_563' title='bbox 2727 2724 2831 2767; x_wconf 80' lang='lat' dir='ltr'>vos</span> <span class='ocrx_word' id='word_1_564' title='bbox 2855 2704 3044 2785; x_wconf 41' lang='lat' dir='ltr'>ele-qh</span> <span class='ocrx_word' id='word_1_565' title='bbox 3071 2724 3204 2768; x_wconf 79' lang='lat' dir='ltr'>cum</span> <span class='ocrx_word' id='word_1_566' title='bbox 3227 2708 3335 2769; x_wconf 71' lang='lat' dir='ltr'>hoe</span> <span class='ocrx_word' id='word_1_567' title='bbox 3359 2710 3561 2789; x_wconf 74' lang='lat' dir='ltr'>potius</span> <span class='ocrx_word' id='word_1_568' title='bbox 3575 2728 3696 2789; x_wconf 66' lang='lat' dir='ltr'>pre-</span> 
     </span>
     <span class='ocr_line' id='line_1_82' title="bbox 2159 2800 3696 2881; baseline -0.001 -18"><span class='ocrx_word' id='word_1_569' title='bbox 2159 2800 2368 2866; x_wconf 75' lang='lat' dir='ltr'>scierit</span> <span class='ocrx_word' id='word_1_570' title='bbox 2395 2803 2580 2872; x_wconf 68' lang='lat' dir='ltr'>Deus,</span> <span class='ocrx_word' id='word_1_571' title='bbox 2611 2801 2768 2881; x_wconf 76' lang='lat' dir='ltr'>quod</span> <span class='ocrx_word' id='word_1_572' title='bbox 2789 2800 2916 2879; x_wconf 75' lang='lat' dir='ltr'>ipsi</span> <span class='ocrx_word' id='word_1_573' title='bbox 2941 2816 3073 2859; x_wconf 81' lang='lat' dir='ltr'>eum</span> <span class='ocrx_word' id='word_1_574' title='bbox 3094 2802 3344 2874; x_wconf 73' lang='lat' dir='ltr'>fuerant</span> <span class='ocrx_word' id='word_1_575' title='bbox 3377 2801 3621 2871; x_wconf 74' lang='lat' dir='ltr'>electuri,</span> <span class='ocrx_word' id='word_1_576' title='bbox 3645 2807 3696 2861; x_wconf 76' lang='grc' dir='ltr'>(ιί</span> 
     </span>
     <span class='ocr_line' id='line_1_83' title="bbox 2161 2892 3698 2973; baseline -0.003 -15"><span class='ocrx_word' id='word_1_577' title='bbox 2161 2895 2358 2958; x_wconf 82' lang='lat' dir='ltr'>abillo</span> <span class='ocrx_word' id='word_1_578' title='bbox 2384 2899 2756 2955; x_wconf 80' lang='lat' dir='ltr'>mererentur</span> <span class='ocrx_word' id='word_1_579' title='bbox 2779 2894 2947 2973; x_wconf 70' lang='lat' dir='ltr'>eliqi.</span> <span class='ocrx_word' id='word_1_580' title='bbox 2980 2892 3188 2956; x_wconf 79' lang='lat' dir='ltr'>Electi</span> <span class='ocrx_word' id='word_1_581' title='bbox 3200 2896 3348 2954; x_wconf 75' lang='lat' dir='ltr'>sunt</span> <span class='ocrx_word' id='word_1_582' title='bbox 3379 2895 3572 2973; x_wconf 76' lang='lat' dir='ltr'>itaque</span> <span class='ocrx_word' id='word_1_583' title='bbox 3592 2898 3698 2956; x_wconf 73' lang='lat' dir='ltr'>ante</span> 
     </span>
     <span class='ocr_line' id='line_1_84' title="bbox 2157 2986 3696 3067; baseline -0.003 -18"><span class='ocrx_word' id='word_1_584' title='bbox 2157 2986 2368 3050; x_wconf 82' lang='lat' dir='ltr'>mundi</span> <span class='ocrx_word' id='word_1_585' title='bbox 2407 2987 2894 3050; x_wconf 74' lang='lat' dir='ltr'>constitutionem</span> <span class='ocrx_word' id='word_1_586' title='bbox 2921 3032 2936 3058; x_wconf 89' lang='lat'>‚</span> <span class='ocrx_word' id='word_1_587' title='bbox 2986 3003 3056 3048; x_wconf 86' lang='lat' dir='ltr'>ea</span> <span class='ocrx_word' id='word_1_588' title='bbox 3097 2986 3618 3067; x_wconf 71' lang='lat' dir='ltr'>proedestinacione</span> <span class='ocrx_word' id='word_1_589' title='bbox 3647 2989 3696 3046; x_wconf 71' lang='lat' dir='ltr'>in</span> 
     </span>
     <span class='ocr_line' id='line_1_85' title="bbox 2161 3080 3697 3163; baseline -0.001 -19"><span class='ocrx_word' id='word_1_590' title='bbox 2161 3098 2280 3163; x_wconf 78' lang='lat' dir='ltr'>qua</span> <span class='ocrx_word' id='word_1_591' title='bbox 2307 3082 2470 3144; x_wconf 78' lang='lat' dir='ltr'>Deus</span> <span class='ocrx_word' id='word_1_592' title='bbox 2521 3098 2636 3142; x_wconf 75' lang='lat' dir='ltr'>sua</span> <span class='ocrx_word' id='word_1_593' title='bbox 2681 3081 2906 3156; x_wconf 74' lang='lat' dir='ltr'>sutura</span> <span class='ocrx_word' id='word_1_594' title='bbox 2949 3084 3118 3159; x_wconf 79' lang='lat' dir='ltr'>facta</span> <span class='ocrx_word' id='word_1_595' title='bbox 3152 3080 3480 3160; x_wconf 69' lang='lat' dir='ltr'>praescivit</span> <span class='ocrx_word' id='word_1_596' title='bbox 3495 3105 3520 3153; x_wconf 93' lang='lat'><em>;</em></span> <span class='ocrx_word' id='word_1_597' title='bbox 3565 3081 3697 3142; x_wconf 75' lang='lat' dir='ltr'>electi</span> 
     </span>
     <span class='ocr_line' id='line_1_86' title="bbox 2161 3173 3698 3254; baseline -0.002 -17"><span class='ocrx_word' id='word_1_598' title='bbox 2161 3181 2359 3237; x_wconf 82' lang='lat' dir='ltr'>autem</span> <span class='ocrx_word' id='word_1_599' title='bbox 2409 3180 2557 3236; x_wconf 76' lang='lat' dir='ltr'>sunt</span> <span class='ocrx_word' id='word_1_600' title='bbox 2585 3175 2654 3236; x_wconf 83' lang='lat' dir='ltr'>de</span> <span class='ocrx_word' id='word_1_601' title='bbox 2687 3175 2930 3246; x_wconf 73' lang='lat' dir='ltr'>mundo,</span> <span class='ocrx_word' id='word_1_602' title='bbox 2967 3190 3040 3234; x_wconf 81' lang='lat' dir='ltr'>ea</span> <span class='ocrx_word' id='word_1_603' title='bbox 3065 3173 3398 3245; x_wconf 73' lang='lat' dir='ltr'>vocatione,</span> <span class='ocrx_word' id='word_1_604' title='bbox 3429 3191 3542 3254; x_wconf 70' lang='lat' dir='ltr'>qna</span> <span class='ocrx_word' id='word_1_605' title='bbox 3573 3175 3698 3234; x_wconf 72' lang='lat' dir='ltr'>Deus</span> 
     </span>
     <span class='ocr_line' id='line_1_87' title="bbox 2162 3267 3696 3348; baseline -0.003 -18"><span class='ocrx_word' id='word_1_606' title='bbox 2162 3267 2232 3330; x_wconf 79' lang='lat' dir='ltr'>id</span> <span class='ocrx_word' id='word_1_607' title='bbox 2251 3268 2410 3348; x_wconf 83' lang='lat' dir='ltr'><em>quod</em></span> <span class='ocrx_word' id='word_1_608' title='bbox 2415 3267 2876 3348; x_wconf 78' lang='lat' dir='ltr'>proedestinavit</span> <span class='ocrx_word' id='word_1_609' title='bbox 2899 3267 3193 3346; x_wconf 78' lang='lat' dir='ltr'>implevit.</span> <span class='ocrx_word' id='word_1_610' title='bbox 3229 3267 3451 3344; x_wconf 87' lang='lat' dir='ltr'>Igitur,</span> <span class='ocrx_word' id='word_1_611' title='bbox 3473 3285 3544 3326; x_wconf 81' lang='lat' dir='ltr'>ex</span> <span class='ocrx_word' id='word_1_612' title='bbox 3561 3285 3696 3326; x_wconf 86' lang='lat' dir='ltr'>men-</span> 
     </span>
     <span class='ocr_line' id='line_1_88' title="bbox 2165 3359 3698 3440; baseline -0.001 -18"><span class='ocrx_word' id='word_1_613' title='bbox 2165 3367 2226 3422; x_wconf 93' lang='lat' dir='ltr'>te</span> <span class='ocrx_word' id='word_1_614' title='bbox 2257 3360 2608 3439; x_wconf 87' lang='lat' dir='ltr'>Augustini,</span> <span class='ocrx_word' id='word_1_615' title='bbox 2639 3361 2762 3420; x_wconf 91' lang='lat' dir='ltr'>hoc</span> <span class='ocrx_word' id='word_1_616' title='bbox 2791 3359 2977 3420; x_wconf 89' lang='lat' dir='ltr'>modo</span> <span class='ocrx_word' id='word_1_617' title='bbox 3007 3359 3168 3420; x_wconf 88' lang='lat' dir='ltr'>fiunt</span> <span class='ocrx_word' id='word_1_618' title='bbox 3207 3360 3390 3421; x_wconf 87' lang='lat' dir='ltr'>electi</span> <span class='ocrx_word' id='word_1_619' title='bbox 3421 3379 3532 3440; x_wconf 89' lang='lat' dir='ltr'>per</span> <span class='ocrx_word' id='word_1_620' title='bbox 3559 3379 3698 3421; x_wconf 66' lang='lat' dir='ltr'>roca·</span> 
     </span>
     <span class='ocr_line' id='line_1_89' title="bbox 2165 3452 3698 3532; baseline -0.002 -17"><span class='ocrx_word' id='word_1_621' title='bbox 2165 3453 2400 3515; x_wconf 87' lang='lat' dir='ltr'>tionem</span> <span class='ocrx_word' id='word_1_622' title='bbox 2417 3498 2433 3525; x_wconf 95' lang='lat'>,</span> <span class='ocrx_word' id='word_1_623' title='bbox 2459 3452 2712 3526; x_wconf 88' lang='lat' dir='ltr'>scilicet,</span> <span class='ocrx_word' id='word_1_624' title='bbox 2743 3459 3050 3532; x_wconf 82' lang='lat' dir='ltr'>quant-um</span> <span class='ocrx_word' id='word_1_625' title='bbox 3074 3453 3156 3512; x_wconf 90' lang='lat' dir='ltr'>ad</span> <span class='ocrx_word' id='word_1_626' title='bbox 3195 3454 3534 3514; x_wconf 77' lang='lat' dir='ltr'>terminum</span> <span class='ocrx_word' id='word_1_627' title='bbox 3561 3458 3614 3514; x_wconf 90' lang='lat' dir='ltr'>et</span> <span class='ocrx_word' id='word_1_628' title='bbox 3633 3453 3698 3514; x_wconf 82' lang='lat' dir='ltr'>ef-</span> 
     </span>
     <span class='ocr_line' id='line_1_90' title="bbox 2165 3546 3700 3623; baseline 0 -16"><span class='ocrx_word' id='word_1_629' title='bbox 2165 3547 2400 3607; x_wconf 86' lang='lat' dir='ltr'>fectum</span> <span class='ocrx_word' id='word_1_630' title='bbox 2448 3546 2768 3607; x_wconf 89' lang='lat' dir='ltr'>electionis</span> <span class='ocrx_word' id='word_1_631' title='bbox 2814 3553 3083 3616; x_wconf 83' lang='lat' dir='ltr'>oeternae,</span> <span class='ocrx_word' id='word_1_632' title='bbox 3115 3563 3243 3605; x_wconf 90' lang='lat' dir='ltr'>non</span> <span class='ocrx_word' id='word_1_633' title='bbox 3294 3547 3512 3623; x_wconf 85' lang='lat' dir='ltr'>quoad</span> <span class='ocrx_word' id='word_1_634' title='bbox 3552 3549 3700 3608; x_wconf 86' lang='lat' dir='ltr'>ratio-</span> 
     </span>
     <span class='ocr_line' id='line_1_91' title="bbox 2169 3637 3695 3718; baseline -0.001 -19"><span class='ocrx_word' id='word_1_635' title='bbox 2169 3658 2318 3700; x_wconf 88' lang='lat' dir='ltr'>nem</span> <span class='ocrx_word' id='word_1_636' title='bbox 2349 3639 2507 3718; x_wconf 77' lang='lat' dir='ltr'>ejuS,</span> <span class='ocrx_word' id='word_1_637' title='bbox 2541 3645 2728 3717; x_wconf 88' lang='lat' dir='ltr'>prout</span> <span class='ocrx_word' id='word_1_638' title='bbox 2754 3638 2870 3698; x_wconf 82' lang='lat' dir='ltr'>fuit</span> <span class='ocrx_word' id='word_1_639' title='bbox 2899 3639 2964 3698; x_wconf 87' lang='lat' dir='ltr'>in</span> <span class='ocrx_word' id='word_1_640' title='bbox 2995 3637 3196 3717; x_wconf 79' lang='lat' dir='ltr'>prima</span> <span class='ocrx_word' id='word_1_641' title='bbox 3227 3639 3338 3698; x_wconf 90' lang='lat' dir='ltr'>Dei</span> <span class='ocrx_word' id='word_1_642' title='bbox 3371 3640 3695 3700; x_wconf 87' lang='lat' dir='ltr'>intentione.</span> 
     </span>
     <span class='ocr_line' id='line_1_92' title="bbox 2169 3730 3702 3812; baseline -0.001 -17"><span class='ocrx_word' id='word_1_643' title='bbox 2169 3732 2348 3796; x_wconf 89' lang='lat' dir='ltr'>Unde</span> <span class='ocrx_word' id='word_1_644' title='bbox 2381 3730 2588 3792; x_wconf 88' lang='lat' dir='ltr'>subdit</span> <span class='ocrx_word' id='word_1_645' title='bbox 2623 3732 2917 3792; x_wconf 86' lang='lat' dir='ltr'>inferius:</span> <span class='ocrx_word' id='word_1_646' title='bbox 2954 3731 3170 3812; x_wconf 69' lang='lat' dir='ltr'>Eleqit</span> <span class='ocrx_word' id='word_1_647' title='bbox 3195 3733 3358 3793; x_wconf 73' lang='lat' dir='ltr'>Deus</span> <span class='ocrx_word' id='word_1_648' title='bbox 3381 3735 3600 3811; x_wconf 73' lang='lat' dir='ltr'>fideles,</span> <span class='ocrx_word' id='word_1_649' title='bbox 3623 3736 3702 3794; x_wconf 73' lang='lat' dir='ltr'>sed</span> 
     </span>
     <span class='ocr_line' id='line_1_93' title="bbox 2169 3825 3698 3906; baseline -0.002 -19"><span class='ocrx_word' id='word_1_650' title='bbox 2169 3830 2240 3887; x_wconf 72' lang='lat' dir='ltr'>ut</span> <span class='ocrx_word' id='word_1_651' title='bbox 2263 3827 2412 3898; x_wconf 76' lang='lat' dir='ltr'>sint,</span> <span class='ocrx_word' id='word_1_652' title='bbox 2445 3842 2564 3887; x_wconf 74' lang='lat' dir='ltr'>nou</span> <span class='ocrx_word' id='word_1_653' title='bbox 2589 3825 2734 3906; x_wconf 74' lang='lat' dir='ltr'>quia</span> <span class='ocrx_word' id='word_1_654' title='bbox 2747 3825 2886 3904; x_wconf 68' lang='lat' dir='ltr'>⁸jam</span> <span class='ocrx_word' id='word_1_655' title='bbox 2924 3827 3101 3885; x_wconf 78' lang='lat' dir='ltr'>erant</span> <span class='ocrx_word' id='word_1_656' title='bbox 3125 3848 3152 3896; x_wconf 88' lang='lat'>,·</span> <span class='ocrx_word' id='word_1_657' title='bbox 3201 3829 3265 3884; x_wconf 94' lang='lat' dir='ltr'>et</span> <span class='ocrx_word' id='word_1_658' title='bbox 3291 3825 3548 3886; x_wconf 88' lang='lat' dir='ltr'>adducit</span> <span class='ocrx_word' id='word_1_659' title='bbox 3581 3825 3698 3884; x_wconf 84' lang='lat' dir='ltr'>illud</span> 
     </span>
     <span class='ocr_line' id='line_1_94' title="bbox 2171 3917 3700 3998; baseline -0.001 -19"><span class='ocrx_word' id='word_1_660' title='bbox 2171 3917 2388 3980; x_wconf 83' lang='lat' dir='ltr'>Jacobi</span> <span class='ocrx_word' id='word_1_661' title='bbox 2428 3919 2500 3978; x_wconf 74' lang='lat'>2:</span> <span class='ocrx_word' id='word_1_662' title='bbox 2553 3917 2774 3982; x_wconf 75' lang='lat' dir='ltr'>Nonne</span> <span class='ocrx_word' id='word_1_663' title='bbox 2797 3917 2962 3979; x_wconf 75' lang='lat' dir='ltr'>Deus</span> <span class='ocrx_word' id='word_1_664' title='bbox 2989 3917 3170 3998; x_wconf 60' lang='lat' dir='ltr'>elegit</span> <span class='ocrx_word' id='word_1_665' title='bbox 3196 3935 3496 3998; x_wconf 76' lang='lat' dir='ltr'>pauperes</span> <span class='ocrx_word' id='word_1_666' title='bbox 3523 3919 3582 3978; x_wconf 81' lang='lat' dir='ltr'>in</span> <span class='ocrx_word' id='word_1_667' title='bbox 3619 3919 3700 3979; x_wconf 73' lang='lat' dir='ltr'>hoc</span> 
     </span>
     <span class='ocr_line' id='line_1_95' title="bbox 2171 4011 3698 4092; baseline -0.003 -20"><span class='ocrx_word' id='word_1_668' title='bbox 2171 4013 2410 4086; x_wconf 75' lang='lat' dir='ltr'>mundo,</span> <span class='ocrx_word' id='word_1_669' title='bbox 2430 4011 2648 4073; x_wconf 74' lang='lat' dir='ltr'>divites</span> <span class='ocrx_word' id='word_1_670' title='bbox 2669 4011 2736 4072; x_wconf 78' lang='lat' dir='ltr'>in</span> <span class='ocrx_word' id='word_1_671' title='bbox 2751 4012 2889 4092; x_wconf 75' lang='lat' dir='ltr'>fide,</span> <span class='ocrx_word' id='word_1_672' title='bbox 2913 4013 2970 4072; x_wconf 76' lang='lat' dir='ltr'>et</span> <span class='ocrx_word' id='word_1_673' title='bbox 2995 4011 3253 4072; x_wconf 70' lang='lat' dir='ltr'>Jeoeredes</span> <span class='ocrx_word' id='word_1_674' title='bbox 3271 4013 3472 4088; x_wconf 69' lang='lat' dir='ltr'>requi,</span> <span class='ocrx_word' id='word_1_675' title='bbox 3503 4015 3558 4070; x_wconf 82' lang='lat' dir='ltr'>et</span> <span class='ocrx_word' id='word_1_676' title='bbox 3587 4027 3698 4069; x_wconf 89' lang='lat' dir='ltr'>con-</span> 
     </span>
     <span class='ocr_line' id='line_1_96' title="bbox 2173 4104 3698 4187; baseline -0.001 -20"><span class='ocrx_word' id='word_1_677' title='bbox 2173 4105 2364 4167; x_wconf 89' lang='lat' dir='ltr'>cludit</span> <span class='ocrx_word' id='word_1_678' title='bbox 2389 4123 2403 4164; x_wconf 88' lang='lat'>:</span> <span class='ocrx_word' id='word_1_679' title='bbox 2427 4105 2725 4187; x_wconf 68' lang='lat' dir='ltr'>Eliyendo</span> <span class='ocrx_word' id='word_1_680' title='bbox 2758 4122 2896 4186; x_wconf 68' lang='lat' dir='ltr'>erqo</span> <span class='ocrx_word' id='word_1_681' title='bbox 2921 4104 3075 4182; x_wconf 75' lang='lat' dir='ltr'>facit</span> <span class='ocrx_word' id='word_1_682' title='bbox 3097 4105 3314 4167; x_wconf 76' lang='lat' dir='ltr'>divites</span> <span class='ocrx_word' id='word_1_683' title='bbox 3336 4104 3407 4165; x_wconf 73' lang='lat' dir='ltr'>in</span> <span class='ocrx_word' id='word_1_684' title='bbox 3435 4105 3548 4182; x_wconf 80' lang='lat' dir='ltr'>fide</span> <span class='ocrx_word' id='word_1_685' title='bbox 3575 4104 3698 4166; x_wconf 66' lang='lat' dir='ltr'>sicut</span> 
     </span>
     <span class='ocr_line' id='line_1_97' title="bbox 2172 4197 3697 4280; baseline -0.005 -19"><span class='ocrx_word' id='word_1_686' title='bbox 2172 4201 2432 4262; x_wconf 70' lang='lat' dir='ltr'>hoeredes</span> <span class='ocrx_word' id='word_1_687' title='bbox 2446 4199 2646 4280; x_wconf 60' lang='grc' dir='ltr'>πρηὺ</span> <span class='ocrx_word' id='word_1_688' title='bbox 2657 4216 2806 4278; x_wconf 88' lang='lat' dir='ltr'>ergo</span> <span class='ocrx_word' id='word_1_689' title='bbox 2819 4197 3128 4258; x_wconf 88' lang='lat' dir='ltr'>antecedit</span> <span class='ocrx_word' id='word_1_690' title='bbox 3143 4198 3364 4258; x_wconf 85' lang='lat' dir='ltr'>electio</span> <span class='ocrx_word' id='word_1_691' title='bbox 3382 4197 3464 4258; x_wconf 87' lang='lat' dir='ltr'>ad</span> <span class='ocrx_word' id='word_1_692' title='bbox 3475 4197 3638 4256; x_wconf 90' lang='lat' dir='ltr'>fidem</span> <span class='ocrx_word' id='word_1_693' title='bbox 3655 4202 3697 4254; x_wconf 88' lang='lat' dir='ltr'>et</span> 
     </span>
     <span class='ocr_line' id='line_1_98' title="bbox 2171 4288 3700 4372; baseline -0.005 -19"><span class='ocrx_word' id='word_1_694' title='bbox 2171 4293 2254 4353; x_wconf 87' lang='lat' dir='ltr'>ad</span> <span class='ocrx_word' id='word_1_695' title='bbox 2275 4310 2566 4372; x_wconf 83' lang='lat' dir='ltr'>regnum,</span> <span class='ocrx_word' id='word_1_696' title='bbox 2595 4296 2659 4352; x_wconf 90' lang='lat' dir='ltr'>et</span> <span class='ocrx_word' id='word_1_697' title='bbox 2679 4291 2921 4352; x_wconf 86' lang='lat' dir='ltr'>ratione</span> <span class='ocrx_word' id='word_1_698' title='bbox 2947 4289 3110 4350; x_wconf 79' lang='lat' dir='ltr'>illius</span> <span class='ocrx_word' id='word_1_699' title='bbox 3133 4296 3473 4370; x_wconf 87' lang='lat' dir='ltr'>utrumque</span> <span class='ocrx_word' id='word_1_700' title='bbox 3517 4288 3700 4366; x_wconf 86' lang='lat' dir='ltr'>accipit</span> 
     </span>
     <span class='ocr_line' id='line_1_99' title="bbox 2171 4383 3702 4464; baseline -0.003 -19"><span class='ocrx_word' id='word_1_701' title='bbox 2171 4386 2383 4456; x_wconf 89' lang='lat' dir='ltr'>homo,</span> <span class='ocrx_word' id='word_1_702' title='bbox 2411 4389 2474 4446; x_wconf 93' lang='lat' dir='ltr'>et</span> <span class='ocrx_word' id='word_1_703' title='bbox 2501 4385 2586 4446; x_wconf 82' lang='lat' dir='ltr'>ita</span> <span class='ocrx_word' id='word_1_704' title='bbox 2611 4384 2682 4446; x_wconf 88' lang='lat' dir='ltr'>fit</span> <span class='ocrx_word' id='word_1_705' title='bbox 2709 4384 2965 4446; x_wconf 80' lang='lat' dir='ltr'>electus,</span> <span class='ocrx_word' id='word_1_706' title='bbox 3002 4386 3090 4444; x_wconf 88' lang='lat' dir='ltr'>Ac</span> <span class='ocrx_word' id='word_1_707' title='bbox 3119 4384 3394 4462; x_wconf 88' lang='lat' dir='ltr'>denique</span> <span class='ocrx_word' id='word_1_708' title='bbox 3417 4383 3702 4464; x_wconf 80' lang='lat' dir='ltr'>subjungit</span> 
     </span>
     <span class='ocr_line' id='line_1_100' title="bbox 2172 4476 3703 4558; baseline -0.003 -18"><span class='ocrx_word' id='word_1_709' title='bbox 2172 4478 2557 4558; x_wconf 85' lang='lat' dir='ltr'>Augustinus</span> <span class='ocrx_word' id='word_1_710' title='bbox 2585 4477 2776 4539; x_wconf 83' lang='lat' dir='ltr'>verba</span> <span class='ocrx_word' id='word_1_711' title='bbox 2815 4476 3090 4538; x_wconf 86' lang='lat' dir='ltr'>notanda</span> <span class='ocrx_word' id='word_1_712' title='bbox 3139 4476 3222 4538; x_wconf 88' lang='lat' dir='ltr'>ad</span> <span class='ocrx_word' id='word_1_713' title='bbox 3250 4479 3372 4538; x_wconf 85' lang='lat' dir='ltr'>alia</span> <span class='ocrx_word' id='word_1_714' title='bbox 3399 4478 3532 4538; x_wconf 88' lang='lat' dir='ltr'>loca</span> <span class='ocrx_word' id='word_1_715' title='bbox 3560 4477 3703 4537; x_wconf 84' lang='lat' dir='ltr'>intel-</span> 
     </span>
     <span class='ocr_line' id='line_1_101' title="bbox 2171 4569 3700 4652; baseline -0.003 -20"><span class='ocrx_word' id='word_1_716' title='bbox 2171 4571 2458 4650; x_wconf 85' lang='lat' dir='ltr'>ligenda:</span> <span class='ocrx_word' id='word_1_717' title='bbox 2493 4571 2677 4634; x_wconf 74' lang='lat' dir='ltr'>Recte</span> <span class='ocrx_word' id='word_1_718' title='bbox 2701 4571 2914 4652; x_wconf 77' lang='lat' dir='ltr'>quippe</span> <span class='ocrx_word' id='word_1_719' title='bbox 2929 4569 2998 4631; x_wconf 73' lang='lat' dir='ltr'>iu</span> <span class='ocrx_word' id='word_1_720' title='bbox 3023 4570 3110 4632; x_wconf 74' lang='lat' dir='ltr'>eis</span> <span class='ocrx_word' id='word_1_721' title='bbox 3129 4571 3236 4632; x_wconf 69' lang='lat' dir='ltr'>hoc</span> <span class='ocrx_word' id='word_1_722' title='bbox 3255 4571 3472 4652; x_wconf 63' lang='lat' dir='ltr'>eligere</span> <span class='ocrx_word' id='word_1_723' title='bbox 3489 4572 3700 4639; x_wconf 67' lang='lat' dir='ltr'>dieitur,</span> 
     </span>
     <span class='ocr_line' id='line_1_102' title="bbox 2172 4662 3702 4746; baseline -0.003 -20"><span class='ocrx_word' id='word_1_724' title='bbox 2172 4666 2328 4746; x_wconf 75' lang='lat' dir='ltr'>quod</span> <span class='ocrx_word' id='word_1_725' title='bbox 2349 4669 2420 4727; x_wconf 73' lang='lat' dir='ltr'>ut</span> <span class='ocrx_word' id='word_1_726' title='bbox 2444 4663 2512 4726; x_wconf 71' lang='lat' dir='ltr'>in</span> <span class='ocrx_word' id='word_1_727' title='bbox 2544 4665 2630 4726; x_wconf 76' lang='lat' dir='ltr'>eis</span> <span class='ocrx_word' id='word_1_728' title='bbox 2667 4664 2884 4742; x_wconf 79' lang='lat' dir='ltr'>faciat,</span> <span class='ocrx_word' id='word_1_729' title='bbox 2918 4681 3016 4727; x_wconf 75' lang='lat' dir='ltr'>eos</span> <span class='ocrx_word' id='word_1_730' title='bbox 3056 4663 3254 4746; x_wconf 71' lang='lat' dir='ltr'>eleyit.</span> <span class='ocrx_word' id='word_1_731' title='bbox 3290 4665 3391 4725; x_wconf 92' lang='lat' dir='ltr'>Sic</span> <span class='ocrx_word' id='word_1_732' title='bbox 3433 4683 3576 4742; x_wconf 82' lang='lat' dir='ltr'>ergo</span> <span class='ocrx_word' id='word_1_733' title='bbox 3603 4662 3702 4722; x_wconf 87' lang='lat' dir='ltr'>dici</span> 
     </span>
     <span class='ocr_line' id='line_1_103' title="bbox 2172 4755 3700 4836; baseline -0.002 -19"><span class='ocrx_word' id='word_1_734' title='bbox 2172 4763 2378 4836; x_wconf 81' lang='lat' dir='ltr'>potest</span> <span class='ocrx_word' id='word_1_735' title='bbox 2405 4758 2574 4818; x_wconf 92' lang='lat' dir='ltr'>Deus</span> <span class='ocrx_word' id='word_1_736' title='bbox 2603 4755 2869 4835; x_wconf 82' lang='lat' dir='ltr'>elegisse</span> <span class='ocrx_word' id='word_1_737' title='bbox 2915 4757 3139 4818; x_wconf 89' lang='lat' dir='ltr'>merita</span> <span class='ocrx_word' id='word_1_738' title='bbox 3166 4757 3231 4816; x_wconf 88' lang='lat' dir='ltr'>in</span> <span class='ocrx_word' id='word_1_739' title='bbox 3257 4757 3700 4836; x_wconf 76' lang='lat' dir='ltr'>praedestinatis,</span> 
     </span>
    </p>
   </div>
   <div class='ocr_carea' id='block_1_8' title="bbox 2174 4849 3799 5117">
    <p class='ocr_par' dir='ltr' id='par_1_10' title="bbox 2174 4849 3799 5120">
     <span class='ocr_line' id='line_1_104' title="bbox 2175 4849 3799 4930; baseline 0 -20"><span class='ocrx_word' id='word_1_740' title='bbox 2175 4868 2302 4911; x_wconf 91' lang='lat' dir='ltr'>non</span> <span class='ocrx_word' id='word_1_741' title='bbox 2329 4851 2474 4930; x_wconf 87' lang='lat' dir='ltr'>quia</span> <span class='ocrx_word' id='word_1_742' title='bbox 2493 4869 2604 4911; x_wconf 90' lang='lat' dir='ltr'>eos</span> <span class='ocrx_word' id='word_1_743' title='bbox 2621 4855 2876 4929; x_wconf 88' lang='lat' dir='ltr'>propter</span> <span class='ocrx_word' id='word_1_744' title='bbox 2893 4851 3118 4910; x_wconf 89' lang='lat' dir='ltr'>merita</span> <span class='ocrx_word' id='word_1_745' title='bbox 3147 4850 3431 4929; x_wconf 87' lang='lat' dir='ltr'>elegerit,</span> <span class='ocrx_word' id='word_1_746' title='bbox 3451 4849 3560 4912; x_wconf 87' lang='lat' dir='ltr'>sed</span> <span class='ocrx_word' id='word_1_747' title='bbox 3583 4849 3704 4927; x_wconf 86' lang='lat' dir='ltr'>quia</span> <span class='ocrx_word' id='word_1_748' title='bbox 3798 4899 3799 4910; x_wconf 67' lang='grc'>,</span> 
     </span>
     <span class='ocr_line' id='line_1_105' title="bbox 2177 4943 3704 5024; baseline -0.002 -19"><span class='ocrx_word' id='word_1_749' title='bbox 2177 4962 2286 5005; x_wconf 91' lang='lat' dir='ltr'>eos</span> <span class='ocrx_word' id='word_1_750' title='bbox 2311 4945 2565 5024; x_wconf 88' lang='lat' dir='ltr'>elegerit</span> <span class='ocrx_word' id='word_1_751' title='bbox 2587 4944 2669 5004; x_wconf 87' lang='lat' dir='ltr'>ad</span> <span class='ocrx_word' id='word_1_752' title='bbox 2701 4944 2946 5016; x_wconf 87' lang='lat' dir='ltr'>merita,</span> <span class='ocrx_word' id='word_1_753' title='bbox 2971 4943 3199 5022; x_wconf 86' lang='lat' dir='ltr'>quibus</span> <span class='ocrx_word' id='word_1_754' title='bbox 3233 4944 3496 5022; x_wconf 83' lang='lat' dir='ltr'>gloriam</span> <span class='ocrx_word' id='word_1_755' title='bbox 3523 4960 3704 5004; x_wconf 86' lang='lat' dir='ltr'>conse·</span> 
     </span>
     <span class='ocr_line' id='line_1_106' title="bbox 2174 5036 3704 5117; baseline -0.002 -19"><span class='ocrx_word' id='word_1_756' title='bbox 2174 5042 2466 5116; x_wconf 86' lang='lat' dir='ltr'>quantur.</span> <span class='ocrx_word' id='word_1_757' title='bbox 2495 5039 2570 5098; x_wconf 92' lang='lat' dir='ltr'>Et</span> <span class='ocrx_word' id='word_1_758' title='bbox 2581 5039 2760 5117; x_wconf 88' lang='lat' dir='ltr'>juxta</span> <span class='ocrx_word' id='word_1_759' title='bbox 2791 5037 2952 5097; x_wconf 88' lang='lat' dir='ltr'>hanc</span> <span class='ocrx_word' id='word_1_760' title='bbox 2979 5037 3258 5116; x_wconf 88' lang='lat' dir='ltr'>phrasim</span> <span class='ocrx_word' id='word_1_761' title='bbox 3286 5037 3601 5099; x_wconf 88' lang='lat' dir='ltr'>locutionis</span> <span class='ocrx_word' id='word_1_762' title='bbox 3625 5036 3704 5095; x_wconf 89' lang='lat' dir='ltr'>in·</span> 
     </span>
    </p>
   </div>
   <div class='ocr_carea' id='block_1_9' title="bbox 2171 5129 3702 5210">
    <p class='ocr_par' dir='ltr' id='par_1_11' title="bbox 2171 5129 3702 5210">
     <span class='ocr_line' id='line_1_107' title="bbox 2171 5129 3702 5210; baseline -0.005 -18"><span class='ocrx_word' id='word_1_763' title='bbox 2171 5131 2366 5210; x_wconf 88' lang='lat' dir='ltr'>telligi</span> <span class='ocrx_word' id='word_1_764' title='bbox 2393 5131 2580 5192; x_wconf 87' lang='lat' dir='ltr'>etiam</span> <span class='ocrx_word' id='word_1_765' title='bbox 2611 5137 2826 5210; x_wconf 88' lang='lat' dir='ltr'>posset</span> <span class='ocrx_word' id='word_1_766' title='bbox 2851 5129 3020 5209; x_wconf 90' lang='lat' dir='ltr'>quod</span> <span class='ocrx_word' id='word_1_767' title='bbox 3061 5131 3446 5208; x_wconf 85' lang='lat' dir='ltr'>Augustinus</span> <span class='ocrx_word' id='word_1_768' title='bbox 3477 5129 3630 5200; x_wconf 84' lang='lat' dir='ltr'>dicit,</span> <span class='ocrx_word' id='word_1_769' title='bbox 3655 5129 3702 5186; x_wconf 88' lang='lat' dir='ltr'>in</span> 
     </span>
    </p>
   </div>
   <div class='ocr_carea' id='block_1_10' title="bbox 2169 5220 3799 5585">
    <p class='ocr_par' dir='ltr' id='par_1_12' title="bbox 2169 5220 3799 5585">
     <span class='ocr_line' id='line_1_108' title="bbox 2171 5220 3799 5301; baseline -0.004 -17"><span class='ocrx_word' id='word_1_770' title='bbox 2171 5224 2297 5284; x_wconf 88' lang='lat' dir='ltr'>fine</span> <span class='ocrx_word' id='word_1_771' title='bbox 2332 5223 2495 5283; x_wconf 90' lang='lat' dir='ltr'>illius</span> <span class='ocrx_word' id='word_1_772' title='bbox 2523 5223 2887 5301; x_wconf 82' lang='lat' dir='ltr'>quaestionis</span> <span class='ocrx_word' id='word_1_773' title='bbox 2913 5223 2996 5282; x_wconf 91' lang='lat' dir='ltr'>ad</span> <span class='ocrx_word' id='word_1_774' title='bbox 3034 5222 3525 5300; x_wconf 76' lang='lat' dir='ltr'>simplicianum,</span> <span class='ocrx_word' id='word_1_775' title='bbox 3575 5220 3705 5281; x_wconf 86' lang='lat' dir='ltr'>scili·</span> <span class='ocrx_word' id='word_1_776' title='bbox 3798 5243 3799 5252; x_wconf 48' lang='lat'>³</span> 
     </span>
     <span class='ocr_line' id='line_1_109' title="bbox 2173 5315 3799 5399; baseline -0.004 -23"><span class='ocrx_word' id='word_1_777' title='bbox 2173 5322 2293 5390; x_wconf 91' lang='lat' dir='ltr'>cet,</span> <span class='ocrx_word' id='word_1_778' title='bbox 2323 5317 2472 5399; x_wconf 71' lang='lat' dir='ltr'>eleyi</span> <span class='ocrx_word' id='word_1_779' title='bbox 2511 5334 2551 5378; x_wconf 86' lang='lat' dir='ltr'><strong><em>a</em></strong></span> <span class='ocrx_word' id='word_1_780' title='bbox 2569 5318 2694 5379; x_wconf 87' lang='lat' dir='ltr'>Deo</span> <span class='ocrx_word' id='word_1_781' title='bbox 2725 5317 3086 5388; x_wconf 75' lang='lat' dir='ltr'>voluntates,</span> <span class='ocrx_word' id='word_1_782' title='bbox 3117 5315 3416 5378; x_wconf 87' lang='lat' dir='ltr'>nimirum</span> <span class='ocrx_word' id='word_1_783' title='bbox 3439 5333 3562 5375; x_wconf 90' lang='lat' dir='ltr'>non</span> <span class='ocrx_word' id='word_1_784' title='bbox 3589 5330 3700 5392; x_wconf 83' lang='lat' dir='ltr'>quae</span> <span class='ocrx_word' id='word_1_785' title='bbox 3798 5341 3799 5348; x_wconf 22' lang='grc' dir='ltr'><strong>κ</strong></span> 
     </span>
     <span class='ocr_line' id='line_1_110' title="bbox 2169 5409 3799 5491; baseline -0.004 -18"><span class='ocrx_word' id='word_1_786' title='bbox 2169 5409 2549 5491; x_wconf 61' lang='lat' dir='ltr'>praecedant,</span> <span class='ocrx_word' id='word_1_787' title='bbox 2599 5410 2713 5473; x_wconf 82' lang='lat' dir='ltr'>sed</span> <span class='ocrx_word' id='word_1_788' title='bbox 2743 5427 2882 5490; x_wconf 82' lang='lat' dir='ltr'>quae</span> <span class='ocrx_word' id='word_1_789' title='bbox 2926 5415 3273 5488; x_wconf 84' lang='lat' dir='ltr'>sequautur</span> <span class='ocrx_word' id='word_1_790' title='bbox 3325 5409 3698 5472; x_wconf 87' lang='lat' dir='ltr'>electionem:</span> <span class='ocrx_word' id='word_1_791' title='bbox 3798 5441 3799 5448; x_wconf 24' lang='grc' dir='ltr'><strong>κ</strong></span> 
     </span>
     <span class='ocr_line' id='line_1_111' title="bbox 2169 5499 3799 5585; baseline -0.004 -20"><span class='ocrx_word' id='word_1_792' title='bbox 2169 5523 2534 5585; x_wconf 87' lang='lat' dir='ltr'>quanquam</span> <span class='ocrx_word' id='word_1_793' title='bbox 2573 5523 2648 5568; x_wconf 92' lang='lat' dir='ltr'>eo</span> <span class='ocrx_word' id='word_1_794' title='bbox 2695 5504 2856 5580; x_wconf 90' lang='lat' dir='ltr'>loco,</span> <span class='ocrx_word' id='word_1_795' title='bbox 2889 5511 2957 5566; x_wconf 90' lang='lat' dir='ltr'>ut</span> <span class='ocrx_word' id='word_1_796' title='bbox 2993 5503 3141 5577; x_wconf 84' lang='lat' dir='ltr'>dixi,</span> <span class='ocrx_word' id='word_1_797' title='bbox 3191 5505 3400 5583; x_wconf 87' lang='lat' dir='ltr'>potius</span> <span class='ocrx_word' id='word_1_798' title='bbox 3443 5502 3702 5582; x_wconf 83' lang='lat' dir='ltr'>loquatur</span> <span class='ocrx_word' id='word_1_799' title='bbox 3798 5499 3799 5514; x_wconf 64' lang='lat'>¹</span> 
     </span>
    </p>
   </div>
   <div class='ocr_carea' id='block_1_11' title="bbox 3798 3699 3799 4948">
    <p class='ocr_par' dir='ltr' id='par_1_13' title="bbox 3798 3699 3799 4948">
     <span class='ocr_line' id='line_1_112' title="bbox 3798 3699 3799 4948; baseline 0 0"><span class='ocrx_word' id='word_1_800' title='bbox 3798 3699 3799 4948; x_wconf 95' lang='lat' dir='ltr'> </span> 
     </span>
    </p>
   </div>
   <div class='ocr_carea' id='block_1_12' title="bbox 3797 5123 3800 6014">
    <p class='ocr_par' dir='ltr' id='par_1_14' title="bbox 3797 5123 3800 6014">
     <span class='ocr_line' id='line_1_113' title="bbox 3797 5123 3800 6014; baseline 0 0"><span class='ocrx_word' id='word_1_801' title='bbox 3797 5123 3800 6014; x_wconf 95' lang='lat' dir='ltr'> </span> 
     </span>
    </p>
   </div>
  </div>
 </body>
</html>
