3850 6225
750 379 884 430 CAP.
923 379 979 430 V.
1019 378 1168 442 Qun>
1200 380 1297 431 SIT
1329 379 1562 433 cnam
1595 377 2022 440 PRAEVENJIfflS,
2054 376 2499 440 coNcomTANs,
2536 376 2669 428 ETC.

153 481 254 540 alia
278 478 536 556 operatio
556 479 688 543 Dei,
709 479 950 540 ratione
974 481 1156 558 cujus
1179 480 1236 540 ei
1264 480 1663 559 singulariter

153 571 404 631 tribuitur
445 571 678 648 operari
717 572 877 632 velle
921 578 1208 633 nostrum
1244 591 1322 633 ex
1363 572 1663 653 singulari

149 663 550 726 misericordia.
596 666 798 742 Atque
839 665 924 724 ita
953 666 1138 726 tacite
1170 666 1486 726 concludit
1514 666 1664 726 divi-

149 759 360 818 sionem
385 759 538 817 hanc
566 758 776 836 gratim
804 760 1120 837 operantis
1151 765 1212 820 et
1245 761 1658 839 cooperantis

149 851 440 928 Explicans
477 868 622 911 vero
665 850 892 912 deinde
932 853 996 911 in
1036 870 1160 930 quo
1193 854 1490 915 consistat
1528 855 1664 914 haec

150 945 318 1019 gratia
349 962 626 1022 operans,
660 945 748 1005 ait
781 963 794 1004 ε
836 944 999 1018 Quid
1014 952 1106 1009 est
1131 945 1326 1028 iyitur
1352 973 1376 1007 .·
1402 947 1548 1012 Non
1569 965 1664 1008 vo-

146 1037 320 1108 lentis,
345 1053 520 1116 noque
551 1039 873 1111 currentis,
903 1040 1011 1101 sod
1026 1037 1370 1103 miserentis
1395 1045 1486 1103 est
1508 1039 1664 1102 Dei?

145 1129 226 1190 An
241 1130 372 1208 quia
387 1145 489 1192 neo
505 1130 653 1192 velle
669 1147 1014 1211 possumus,
1034 1132 1162 1194 nisi
1184 1132 1382 1197 vocati
1391 1159 1415 1207 ,·
1432 1139 1490 1196 et
1507 1131 1666 1196 nihil

143 1222 277 1283 valet
307 1221 446 1284 velle
469 1227 746 1284 nostrum
765 1267 787 1299 ,
819 1223 945 1285 nisi
969 1229 1040 1285 ut
1059 1226 1457 1304 perficiamus
1487 1227 1666 1306 adjv-

141 1321 222 1376 vet
247 1315 397 1376 Deus
414 1315 446 1374 ,ἓ
479 1319 540 1374 et
566 1314 730 1376 infra
764 1335 780 1375 :
813 1315 1040 1380 Noluit
1064 1335 1204 1399 erqo
1228 1319 1433 1391 Esau,
1463 1325 1522 1382 et
1545 1336 1666 1381 non

141 1407 396 1476 cuca-mit,
451 1407 571 1481 sod,
619 1413 678 1472 et
717 1409 776 1470 si
813 1409 1124 1482 voluisset,
1173 1416 1232 1473 et
1273 1411 1660 1485 cumo-risset,

139 1501 235 1560 Dei
257 1498 544 1579 adjutorio
567 1503 966 1582 pervenisset,
1009 1502 1113 1582 qui
1139 1504 1195 1565 ei
1222 1505 1406 1568 etiam
1432 1505 1582 1567 velle
1607 1511 1666 1568 et

141 1609 346 1654 currere
371 1596 628 1656 vocando
654 1599 1000 1673 proestaret,
1035 1597 1162 1657 nisi
1196 1597 1498 1661 vocatione
1526 1615 1665 1660 con-

141 1689 330 1764 tempta
369 1686 656 1766 reprobus
701 1689 893 1766 fieret.
947 1689 1466 1768 Coeperationem
1509 1707 1661 1770 ergo

139 1777 318 1838 tribuit
339 1778 648 1858 adjutorio
672 1781 809 1853 Dei,
837 1781 902 1842 id
923 1789 1039 1856 est,
1070 1781 1282 1860 gratiae
1305 1782 1660 1862 adjuvanti3

140 1870 524 1946 operationem
566 1889 718 1933 vero
767 1874 1110 1947 vocationi,
1161 1876 1225 1935 id
1268 1881 1396 1948 est,
1451 1876 1666 1954 gratiae

141 1963 390 2024 excitanti
421 1981 435 2022 ε
477 1971 662 2025 vocat
708 1966 878 2028 enim
923 1969 1088 2029 Deus
1130 1987 1246 2048 per
1287 1969 1664 2029 excitantem

141 2057 384 2133 gratiam,
425 2063 494 2118 ut
518 2058 867 2119 Concilium
891 2062 1325 2122 Tridentinum
1353 2062 1506 2122 dixit
1533 2078 1554 2138 ;
1603 2067 1666 2122 et

139 2164 228 2224 per
251 2148 524 2208 eamdem
555 2157 860 2228 operatur
884 2153 949 2211 in
977 2153 1158 2213 nobis
1181 2153 1416 2214 bonam
1443 2155 1667 2214 volun-

139 2245 312 2299 tatem.
338 2241 512 2302 Unde
529 2243 748 2304 subdit
761 2244 992 2305 ibidem
1011 2247 1396 2326 Augustinus
1427 2265 1438 2306 :
1464 2247 1669 2310 Aliter

137 2332 262 2391 enim
279 2333 431 2395 Deus
450 2338 722 2414 prce-stat
747 2342 820 2399 ut
840 2337 1114 2414 velimus,
1145 2339 1330 2402 aliter
1349 2357 1488 2402 vero
1515 2341 1674 2420 quod

137 2423 456 2488 coluerimus
487 2452 512 2488 .·
534 2433 614 2490 ut
641 2427 896 2492 velimus
930 2431 1090 2492 enim
1114 2438 1173 2495 et
1207 2449 1386 2494 auum
1418 2449 1544 2495 esse
1568 2451 1670 2495 vo-

138 2516 232 2578 luit
257 2523 310 2579 et
341 2525 618 2583 nostrum
636 2547 663 2595 ;
707 2525 886 2586 su‘m
926 2527 1210 2600 vocando,
1259 2531 1536 2588 nostrum
1576 2544 1671 2589 se-

139 2613 366 2688 quenda,-
399 2615 558 2692 quod
581 2619 788 2676 autem
815 2615 1178 2680 voluerimus
1201 2618 1366 2681 solus
1383 2624 1667 2698 proestat,

143 2704 198 2764 id
218 2711 314 2776 est,
335 2723 508 2786 porse
537 2708 684 2769 bene
711 2725 886 2788 agere
915 2713 973 2772 et
999 2729 1230 2791 semper
1267 2712 1428 2774 beate
1452 2713 1667 2774 vivere.

147 2796 240 2856 Ubi
266 2799 476 2858 eodem
501 2799 700 2860 modo
731 2801 946 2864 tribuit
967 2803 1276 2864 vocationi
1301 2803 1433 2878 Dei,
1464 2803 1528 2864 id
1555 2810 1668 2878 est,

145 2889 324 2964 gratiae
349 2891 666 2964 excitanti,
705 2898 774 2952 ut
801 2894 880 2954 sit
917 2895 986 2956 id
1015 2914 1142 2975 quo
1175 2897 1344 2957 Deus
1379 2904 1675 2976 operatur

143 2981 192 3038 in
215 2983 375 3043 nobis
401 2989 466 3044 ut
495 2983 788 3059 velimuS,
821 2989 1105 3066 quamvis
1131 2989 1338 3069 ipsum
1361 2990 1521 3051 velle
1543 3008 1671 3051 non

140 3073 231 3135 fiat
253 3077 373 3137 sine
399 3078 608 3140 nobis·

197 3172 252 3229 7.
296 3170 412 3234 Om-
451 3173 845 3254 Awymtimcs
883 3176 1049 3239 dicat
1075 3177 1269 3239 solum
1296 3180 1489 3243 Dewm
1511 3196 1673 3260 proe-

143 3270 276 3325 stare
299 3268 448 3343 quod
463 3268 858 3331 voluerimus.
877 3270 1130 3341 -Quid
1168 3277 1380 3331 autem
1417 3272 1533 3333 sibi
1565 3290 1674 3333 ve-

143 3355 196 3413 lit
214 3359 604 3437 Augustinus,
635 3380 778 3423 cum
807 3362 894 3422 ait
919 3363 1124 3423 solum
1145 3365 1346 3428 Deum
1375 3359 1674 3444 praestare

146 3450 284 3525 quod
317 3453 704 3515 voluerimus
737 3500 753 3523 ,
808 3456 1146 3517 obscurum
1195 3463 1290 3518 est
1325 3475 1340 3530 ;
1395 3476 1568 3531 nam,
1623 3458 1674 3519 si

143 3542 316 3619 ipsum
337 3546 528 3621 velle‚·
557 3566 712 3609 cum
741 3555 1089 3623 exercetur,
1119 3568 1249 3610 non
1279 3556 1376 3611 est
1399 3550 1463 3611 in
1493 3552 1674 3613 nobis

143 3634 252 3695 sine
300 3639 492 3715 nobis,
542 3660 760 3720 neque
807 3643 998 3703 etiam
1049 3643 1220 3720 quod
1263 3643 1669 3720 voluerimu5‚
1709 3630 1716 3640 ’

142 3733 374 3803 potesta
400 3733 532 3793 solo
562 3736 701 3794 Deo
729 3735 1015 3812 praestari
1045 3736 1263 3808 nobis;
1307 3737 1430 3811 vel,
1473 3738 1523 3797 si
1555 3738 1676 3799 hoc

143 3820 232 3879 soli
271 3824 394 3885 Deo
439 3826 804 3888 attribuitur
845 3827 1088 3888 ratione
1131 3829 1476 3889 vocationis
1497 3874 1517 3904 ,
1563 3848 1676 3889 cur

141 3914 488 3992 Augustinus
517 3919 612 3981 ait
641 3919 821 3980 aliter
862 3922 1064 3980 Deum
1095 3926 1391 3999 praestare
1426 3928 1497 3983 ut
1521 3922 1676 3982 veli-

143 4024 280 4079 muS,
318 4012 581 4073 cialiter
613 4012 786 4090 quod
810 4012 1212 4073 voluerimus.
1249 4014 1375 4073 Sed
1403 4015 1534 4074 haec
1561 4013 1678 4073 du-

144 4096 323 4161 bitatio
347 4104 634 4181 procedit
667 4123 743 4165 ex
775 4104 934 4165 falsa
960 4105 1482 4184 interpretatione
1509 4107 1678 4167 illius

147 4192 311 4266 verbi,
337 4198 490 4275 quod
512 4198 906 4272 voluerimus,
939 4216 1012 4259 ac
1039 4198 1091 4259 si
1121 4198 1276 4258 illud
1301 4201 1476 4281 quod,
1513 4204 1680 4260 esset

145 4282 494 4363 adverbium,
545 4290 850 4369 idemque
891 4297 1060 4351 esset
1091 4291 1350 4364 dictum,
1400 4294 1558 4373 quod
1583 4311 1682 4356 oo-

146 4374 422 4453 lam-imus,
453 4400 527 4443 ac
557 4383 614 4443 si
641 4382 975 4457 diceretur,
1011 4390 1086 4447 ut
1113 4384 1501 4458 voluerimus,
1529 4404 1682 4447 con-

145 4473 222 4529 tra
247 4488 424 4549 quem
449 4493 710 4537 sensum
737 4477 1020 4555 procedit
1045 4476 1208 4538 dicta
1237 4478 1428 4551 rati03
1457 4484 1552 4541 est
1573 4497 1681 4539 au-

148 4566 251 4621 tem
292 4565 461 4643 illud,
502 4570 682 4649 quod,
731 4570 1094 4644 relativum3
1149 4576 1212 4631 et
1257 4577 1352 4632 est
1397 4588 1666 4633 sensus:

150 4651 406 4723 Quamvis
444 4678 584 4733 nos,
629 4662 830 4723 vocati
869 4680 908 4723 a
945 4664 1098 4736 Dec,
1141 4664 1408 4725 velimus
1443 4682 1674 4744 coope-

149 4750 318 4810 rando
343 4754 552 4830 gratiae
574 4755 771 4832 ipsius
797 4801 812 4827 ,
857 4760 1072 4817 tamen
1099 4756 1166 4817 id
1191 4756 1362 4834 quod
1383 4758 1670 4819 volumus

151 4836 252 4913 (vel
276 4860 582 4923 expresse,
614 4846 713 4909 vel
738 4848 986 4927 virtute)
1013 4848 1182 4909 solus
1206 4851 1374 4911 Deus
1397 4854 1667 4928 praestat,

152 4940 206 4991 ut
229 4936 406 5010 (verbi
429 4941 653 5019 gratia)
681 4951 862 5002 vocat
888 4943 1055 5002 Deus
1085 4942 1165 5002 ad
1191 4942 1626 5004 contritionem
1654 4989 1671 5017 ,

151 5030 202 5084 et
223 5036 512 5093 consentit
536 5032 748 5108 homn,
779 5035 1032 5114 Deoque
1055 5043 1432 5115 cooperante
1461 5043 1677 5098 conte-

150 5119 316 5194 ritur,
357 5132 420 5185 et
461 5144 582 5203 per
629 5146 770 5189 eam
815 5129 1252 5190 contritionem
1291 5130 1422 5189 vult
1457 5148 1678 5191 conse-

151 5213 238 5287 qui
277 5217 700 5281 remissionem
745 5221 1008 5298 peccati,
1061 5240 1252 5299 quam
1295 5222 1466 5283 solus
1507 5222 1676 5283 Deus

148 5313 392 5381 proestat.
421 5312 717 5374 Similiter
754 5316 1274 5393 quotiescumque
1302 5315 1492 5375 homo
1530 5332 1676 5375 con-

153 5400 316 5461 sentit
346 5405 652 5467 vocationi
689 5409 824 5482 Dei,
871 5408 1004 5469 vult
1047 5408 1346 5489 consequi
1392 5408 1678 5469 ultimam

157 5494 397 5557 salutem
423 5516 500 5557 ae
523 5498 969 5563 beatitudinem
994 5502 1076 5563 ad
1103 5520 1290 5581 quam
1323 5502 1672 5575 ordinatum

3192 373 3310 433 175

1743 479 1864 539 hoc
1891 496 2042 557 ergo
2070 483 2167 538 est
2188 476 2251 536 id
2280 475 2451 556 quod
2478 475 2668 536 homo
2695 475 2890 536 voluit
2914 477 3307 554 cooperando

1743 571 1963 650 gratiae
1996 569 2129 640 Dei,
2161 569 2227 630 id
2258 576 2371 645 est,
2406 586 2637 650 sempor
2656 571 2814 632 beate
2842 569 3058 641 vivere,
3090 575 3160 629 ut
3189 579 3309 630 sta-

1743 667 1854 726 tim
1895 665 2279 745 Augustinus
2326 664 2631 742 exposuit.
2682 663 2827 735 Quae
2872 664 3173 742 expositio
3203 683 3311 726 ex-

1744 758 2023 838 pressius
2054 760 2297 818 constat
2328 775 2403 818 ex
2430 754 2591 817 libro
2623 755 2701 817 de
2730 756 2965 816 EccleS.
3001 756 3306 836 dogmat„

1745 869 1882 930 cap.
1927 853 2031 926 21,
2063 849 2194 922 uhi,
2227 867 2372 910 cum
2400 849 2636 911 dictum
2670 855 2837 909 esset
2873 850 3075 910 Deum
3100 849 3167 910 in
3194 868 3311 909 no-

1743 943 1838 1005 bis
1869 943 2165 1004 inchoare
2196 943 2485 1015 salutem,
2517 943 2904 1002 voluntatem
2932 946 3145 1002 autem
3170 959 3313 1002 nos-

1741 1043 1904 1098 tram
1955 1035 2309 1096 consentire
2340 1080 2357 1107 ,
2420 1040 2483 1096 et
2532 1034 2931 1113 acquiescere
2976 1035 3308 1107 vocationi,

1745 1130 2031 1190 subditur
2065 1147 2079 1187 z
2136 1127 2217 1190 Ut
2251 1118 2663 1207 adipiscamur
2702 1127 2863 1208 quod
2898 1125 3313 1208 acquiescendo

1744 1220 2140 1285 admonitioni
2168 1221 2445 1302 cupimus
2468 1269 2484 1294 ,
2532 1219 2727 1282 divini
2753 1225 2845 1282 est
2870 1217 3155 1282 muneris.
3190 1219 3313 1280 Sed

1745 1317 1866 1377 hoc
1893 1334 2023 1377 non
2052 1315 2324 1394 pertinet
2351 1313 2433 1374 ad
2460 1315 2804 1374 humanam
2836 1314 3171 1387 senonem,
3206 1313 3319 1375 sed

1747 1409 1828 1470 ad
1881 1410 2233 1487 praemium,
2284 1408 2388 1468 vel
2434 1412 2749 1468 remotum
2797 1407 3087 1467 effectum
3138 1405 3312 1486 ejus;

1747 1500 1947 1579 gratia
1996 1506 2211 1560 autem
2260 1517 2531 1578 operans
2584 1505 2647 1560 et
2696 1495 3076 1578 cooperans,
3124 1503 3316 1577 prout

1745 1611 1914 1654 nunc
1945 1611 2089 1653 cum
2129 1593 2478 1672 Augustino
2510 1591 2855 1671 loquimur,
2898 1591 3179 1670 proxime
3214 1609 3317 1652 or-

1747 1687 2043 1747 dinantur
2071 1686 2152 1746 ad
2180 1687 2529 1746 humanum
2556 1690 2787 1758 actum,
2822 1685 3179 1764 bonamque
3208 1701 3315 1746 vo-

1747 1780 2053 1840 luntatem
2084 1780 2647 1858 supernaturalem.
2681 1780 2789 1838 Est
2818 1797 2968 1858 ergo
2988 1778 3187 1856 gratia
3214 1795 3315 1838 co-

1747 1891 2020 1952 operans
2058 1872 2187 1944 illa,
2219 1890 2345 1949 qua
2374 1891 2411 1932 a
2438 1873 2569 1932 Deo
2600 1871 2974 1951 adjuvamur
2998 1889 3141 1931 cum
3170 1889 3316 1948 ope-

1745 1985 1983 2039 ramur,
2033 1966 2136 2028 vel
2175 1965 2383 2044 potius
2426 1983 2871 2045 cooperamur;
2922 1965 3119 2044 gratia
3162 1982 3312 2025 vero

1747 2077 2039 2137 operanS,
2064 2077 2189 2137 qua
2220 2057 2585 2131 excitamur,
2617 2076 2939 2131 vocamur,
2966 2076 3041 2119 ac
3070 2076 3315 2138 praepa-

1745 2169 1962 2212 ramur
1982 2157 2051 2211 ut
2078 2151 2365 2212 velimus.
2413 2152 2489 2212 Et
2522 2151 2763 2212 ratione
2800 2151 2990 2230 hujus
3032 2151 3117 2210 ait
3152 2149 3314 2210 infra

1749 2247 2139 2322 Augustinus
2166 2260 2182 2305 τ
2228 2246 2353 2308 Deo
2380 2250 2539 2308 recte
2568 2243 2863 2309 tribuitur
2884 2247 3042 2326 quod
3063 2246 3199 2307 bene
3218 2263 3315 2307 vo-

1747 2338 1973 2401 lumus.
2027 2338 2160 2409 Qua
2200 2337 2441 2398 ratione
2484 2338 2671 2399 tribui
2710 2339 2892 2399 nobis
2927 2357 3056 2398 non
3084 2342 3310 2417 potest,

1750 2432 1897 2510 quia
1930 2431 2021 2508 (ut
2052 2431 2283 2510 subdit)
2316 2432 2483 2493 nobis
2517 2431 2707 2494 tribui
2733 2451 2853 2494 ozon
2874 2437 3112 2514 potest,
3161 2433 3320 2512 quod

1747 2541 2050 2587 vocamur.
2083 2524 2318 2585 Similia
2346 2532 2491 2584 sunt
2514 2525 2846 2586 innumera
2872 2525 3040 2604 apud
3068 2527 3316 2605 Augus-

1749 2617 1950 2677 tinum
1986 2614 2371 2690 testimonia,
2417 2633 2558 2694 quae
2600 2616 2858 2696 longum
2896 2623 3061 2678 esset
3099 2633 3315 2697 perse-

1754 2709 1882 2788 qui.
1926 2711 2127 2787 Atque
2170 2708 2585 2787 Augustiuum
2644 2714 2862 2788 postea
2902 2710 3120 2771 imitati
3170 2714 3313 2770 sunt

1755 2806 2043 2881 Prosper,
2090 2800 2478 2880 Fulgentius,
2526 2803 2742 2862 Petrus
2786 2803 3121 2878 Diaconus,
3169 2804 3316 2863 Ber·-

1753 2897 1991 2958 nardus
2016 2941 2032 2968 ,
2066 2894 2255 2956 etalii
2286 2895 2394 2974 qui
2423 2899 2563 2975 post
2589 2896 2795 2976 ipsum
2820 2895 2899 2957 de
2935 2897 3133 2976 gratia
3167 2895 3317 2956 scri-

1753 2993 2036 3070 pserunt.
2090 2987 2369 3059 Quorum
2396 2989 2612 3063 verba,
2651 2989 2917 3050 vitandae
2950 2989 3317 3068 prolixitatis

1753 3101 1965 3157 causa,
2000 3083 2238 3157 omitto,
2278 3088 2340 3144 et
2372 3082 2518 3161 quia
2544 3080 2802 3145 inferius
2834 3083 3201 3163 opportunis
3224 3083 3318 3145 lo-

1753 3178 1840 3239 cis
1864 3177 2205 3238 inferemus
2229 3195 2367 3255 quae
2402 3176 2483 3237 ad
2517 3182 2893 3255 praesentem
2914 3196 3171 3239 causam
3190 3197 3320 3239 ma-

1753 3271 1848 3348 gis
1877 3270 2159 3330 conferre
2188 3270 2537 3330 videantur.
2575 3270 2869 3349 (Legatur
2908 3273 3314 3352 Augustinus,

1757 3362 1798 3422 l.
1835 3366 1862 3422 1
1900 3362 1979 3423 de
2012 3362 2212 3424 Praed.
2246 3363 2483 3434 Sanct.,
2528 3380 2583 3423 c.
2621 3364 2718 3437 19,
2750 3363 2877 3423 etl.
2907 3363 2985 3424 de
3016 3365 3221 3443 Spirit.
3256 3370 3320 3425 et

1756 3455 1872 3527 lit.‚
1907 3473 1962 3514 c.
1994 3456 2093 3528 34,
2126 3461 2188 3516 et
2228 3454 2307 3515 de
2349 3455 2513 3515 Eccl.
2552 3454 2791 3533 dogm„
2823 3473 2959 3535 cap.
2992 3458 3095 3530 21,
3124 3463 3185 3518 et
3214 3476 3315 3535 ep.

1759 3549 1912 3627 10713
1944 3548 2329 3627 Fulgentius„
2374 3548 2417 3607 l.
2455 3548 2534 3608 de
2562 3549 2807 3608 Incarn.
2833 3554 2895 3609 et
2922 3553 3081 3628 grat.
3108 3594 3123 3623 ,
3155 3570 3207 3611 c.
3244 3552 3319 3611 Π

1759 3646 1820 3701 et
1850 3658 2011 3720 seq„
2046 3646 2107 3701 et
2130 3640 2253 3701 late
2281 3640 2387 3700 lib.
2421 3644 2451 3700 1
2500 3641 2581 3701 ad
2616 3640 2923 3720 Monym.)

1760 3832 1984 3900 Gratia
2012 3850 2267 3913 operam
2294 3838 2352 3896 et
2378 3850 2701 3915 cooperans
2733 3852 2843 3897 στιν
2868 3837 3209 3901 necessaria
3244 3837 3328 3901 ad

2178 3928 2674 4009 supernaturales
2702 3934 2895 3992 actus.

1838 4099 1901 4158 8.
1946 4100 2036 4159 Ex
2062 4098 2161 4159 his
2202 4117 2351 4160 vero
2381 4116 2525 4178 quoe
2548 4099 2841 4174 diximuS‚
2882 4100 3229 4181 intelligere
3252 4104 3322 4165 li-

1759 4198 1857 4253 cet
1908 4198 2241 4271 utramque
2267 4194 2553 4271 gratiam,
2592 4198 2957 4272 operantem
3002 4202 3066 4256 et
3094 4215 3322 4275 coope-

1760 4293 2029 4360 rantem,
2060 4285 2145 4347 ita
2192 4304 2329 4347 esse
2360 4286 2443 4347 ad
2474 4293 2650 4348 actus
2679 4291 3187 4367 supernaturales
3212 4310 3321 4352 ne-

1762 4380 2125 4454 cessariam,
2165 4381 2324 4441 sicut
2352 4382 2551 4461 gratia
2594 4382 2867 4443 excitans
2898 4388 2960 4444 et
2988 4384 3317 4463 adjuvanS,

1762 4474 1844 4534 ad
1879 4472 2135 4533 eosdem
2174 4479 2350 4533 actus
2392 4475 2901 4553 supernaturales
2944 4478 3316 4538 necessariae

1763 4573 1931 4640 sunt,
1958 4572 2028 4627 ut
2061 4572 2303 4627 constat
2332 4584 2407 4627 ex
2434 4567 2703 4629 Concilio
2730 4568 3117 4641 Tridentino,
3156 4588 3309 4631 sess.

1751 4661 1814 4733 6,
1839 4678 1977 4721 can.
2002 4662 2063 4731 43
2090 4659 2475 4721 ostendimus
2502 4660 2667 4721 enim
2696 4660 2927 4739 gratias
2952 4670 3320 4740 operantem

1753 4760 1816 4815 et
1857 4759 2302 4833 cooperantem
2340 4753 2597 4815 easdem
2644 4771 2781 4815 esse
2830 4772 2974 4815 cum
3012 4756 3321 4817 excitante

1753 4854 1816 4911 et
1871 4848 2207 4928 adjuvante
2241 4866 2256 4920 ;
2320 4864 2471 4925 ergo
2535 4847 2783 4919 eadem,
2826 4848 3165 4909 necessitas
3228 4855 3323 4910 est

1757 4941 2079 5019 utriusque
2136 4940 2352 5020 gratiae
2413 4940 2495 5001 ad
2547 4941 3057 5019 supernaturales
3114 4948 3311 5004 actus,

1756 5033 1935 5096 Unde
1960 5034 2301 5095 Concilium
2328 5033 2779 5094 Arausicanum
2806 5035 2897 5107 11,
2930 5052 3068 5094 can.
3102 5037 3172 5107 9,
3210 5054 3322 5115 ge·-

1757 5127 2057 5188 neraliter
2082 5127 2234 5187 dixit
2269 5144 2282 5185 :
2322 5125 2565 5200 Quoties
2595 5127 2747 5189 bona
2778 5127 3039 5207 aqimus,
3069 5129 3231 5189 Deus
3253 5130 3323 5189 in

1759 5221 1949 5291 nobis,
1984 5225 2163 5300 atque
2191 5221 2497 5281 nobisowm
2519 5264 2540 5294 ,
2578 5222 2652 5280 ut
2680 5236 2987 5301 operemur
3012 5224 3313 5300 operatur.

1761 5314 1844 5375 In
1866 5314 2056 5388 nobi-r,
2080 5314 2247 5374 enim
2276 5313 2445 5387 dixit,
2472 5316 2543 5375 uc
2559 5318 3154 5394 operemur,propter
3182 5330 3321 5390 gra-

1757 5405 1910 5465 tiam
1964 5406 2359 5476 excitantem,
2402 5422 2516 5465 seu
2562 5410 2970 5483 operantem;
3016 5403 3319 5467 nobiscwm

1760 5504 1954 5563 autem
1982 5505 2284 5579 operatur,
2312 5501 2565 5577 propter
2596 5501 3037 5574 cooperantem
3068 5514 3179 5556 seu
3205 5497 3318 5558 ad-
