3850 6225
569 362 689 425 390

573 471 778 532 Unum
813 476 907 533 est
941 470 1464 553 philosophicum,
1517 475 1596 538 de
1635 492 1947 537 concursu
1992 475 2131 548 Dei,

569 570 643 625 ut
654 563 856 642 prima
885 583 1074 625 causa
1102 573 1218 637 est,
1251 567 1430 647 cujus
1458 569 1652 631 motio
1682 574 1743 630 et
1762 569 1922 635 actio
1948 568 2136 631 debet

575 674 718 719 esse
737 656 926 735 prior.
961 660 1087 721 Sed
1114 660 1196 723 ad
1227 661 1348 723 hoc
1368 662 1504 739 jam
1525 680 1898 741 responsum
1932 668 2047 734 est,
2074 667 2137 729 et

572 749 1068 813 demonstratum
1093 770 1288 831 opera
1301 753 1516 834 gratim
1542 772 1672 818 non
1695 754 1886 819 tribui
1901 754 2135 834 specia-

573 841 714 905 liter
748 843 882 911 Deo,
909 846 1150 909 ratione
1183 846 1370 927 hujus
1408 866 1748 910 concursus
1787 848 2133 927 generatim

574 937 972 1011 considerati,
1023 940 1136 1005 sed
1179 941 1260 1002 ob
1309 942 1463 1008 alias
1501 943 1788 1021 proprias
1826 942 2128 1015 rationes,

573 1032 655 1091 ob
682 1032 1034 1110 quas.Deus
1073 1033 1140 1097 in
1163 1035 1268 1103 illa
1297 1036 1551 1115 speciali
1579 1036 1768 1100 modo
1797 1031 2019 1099 influit.

655 1126 754 1187 59.
799 1126 890 1187 De
917 1127 1054 1205 ipso
1099 1145 1252 1195 vero
1293 1148 1602 1195 concursu
1647 1130 1949 1209 gener-ali,
2006 1136 2135 1191 tam

573 1224 834 1292 naturae,
884 1238 1076 1299 quam
1121 1223 1355 1301 gratia,
1383 1223 1554 1303 quod
1587 1223 1756 1288 illam
1807 1223 2139 1304 physicum

572 1311 1296 1389 praedeterminationem
1346 1335 1475 1377 non
1526 1316 1832 1396 postulet.
1895 1324 2137 1381 certum

567 1410 692 1493 nest,
726 1424 870 1467 cum
897 1406 977 1467 sit
995 1406 1392 1472 immediatus
1417 1410 1693 1474 influxus
1719 1411 1780 1471 in
1817 1411 2139 1473 actionem

578 1516 782 1559 causae
835 1500 1149 1576 secundae,
1193 1508 1258 1564 et
1305 1522 1434 1567 non
1477 1504 1546 1567 in
1594 1522 1850 1569 causam
1905 1504 2129 1583 ipsum.

577 1592 724 1663 Quae
756 1594 916 1654 actio
943 1594 1128 1657 simul
1156 1602 1251 1657 est
1275 1596 1356 1657 ab
1383 1602 1648 1675 utraque
1687 1614 1900 1668 causa,
1933 1595 2137 1676 prima

577 1690 641 1745 et
665 1686 961 1759 secunda,
995 1693 1057 1749 et
1071 1689 1484 1751 essentialiter
1497 1690 1578 1751 ab
1593 1695 1860 1768 utraque
1877 1689 2131 1769 pendet,

573 1776 720 1841 licet
741 1798 932 1841 causa
967 1782 1191 1860 prima,
1219 1782 1302 1843 ob
1326 1801 1504 1845 suam
1525 1783 1933 1845 eminentiam
1964 1786 2027 1845 et
2048 1783 2137 1853 in·

577 1871 1087 1952 dependentiam,
1114 1876 1358 1940 dicatur
1397 1876 1572 1957 prius
1601 1881 1828 1939 natura
1870 1878 1937 1939 in
1962 1876 2137 1940 illam

577 1963 860 2027 influere.

659 2060 757 2121 60.
801 2060 983 2122 Aliud
1017 2071 1210 2143 caput
1237 2065 1500 2135 sumitur
1539 2082 1617 2125 ex
1645 2063 2021 2143 quibusdam
2046 2062 2133 2123 lo-

578 2153 932 2217 cutionibus
957 2156 1288 2236 Scripturas
1332 2158 1433 2219 vel
1465 2158 1818 2237 Augustini,
1849 2156 2015 2217 male
2044 2156 2137 2215 in·

579 2248 958 2325 terpretatiS,
993 2256 1061 2311 ut
1089 2250 1238 2313 satis
1266 2251 1651 2313 insinuatum
1693 2252 1794 2311 hic
1823 2256 1941 2325 est,
1978 2255 2043 2310 et
2072 2249 2135 2307 in

582 2338 706 2399 alio
735 2358 926 2419 opere
963 2344 1274 2421 copiosius
1309 2352 1404 2405 est
1429 2345 1834 2422 disputatum.

657 2434 758 2494 61.
794 2434 1072 2495 Tandem
1099 2436 1488 2514 potissimum
1517 2440 2037 2516 argumentantur
2061 2451 2139 2495 ex

579 2525 950 2587 certitudine
987 2528 1212 2591 divinas
1260 2528 1826 2609 proedestinationis
1871 2534 1935 2591 et
1980 2527 2138 2589 elec·

574 2620 764 2681 tionis
818 2621 1248 2683 antecedentis
1297 2622 1507 2683 omnia
1559 2621 1784 2685 merita
1849 2620 2131 2699 praevisa.

579 2713 704 2775 Sed
742 2713 876 2791 jam
917 2713 1304 2777 ostendimus
1335 2714 1472 2775 haec
1517 2715 1728 2775 omnia
1757 2714 1990 2793 optime
2027 2712 2139 2775 de-

579 2806 800 2868 clarari
847 2826 926 2869 ex
964 2807 1174 2869 diviua
1226 2808 1545 2869 voluntate
1569 2854 1584 2881 ,
1631 2807 1951 2887 supposita
1979 2824 2138 2886 prae-

578 2898 744 2961 dicta
785 2901 1208 2964 conditionata
1255 2902 1535 2975 scientia,
1590 2902 1828 2979 absque
1877 2900 2141 2979 physica

575 2992 1252 3073 praedetenninatione.

657 3088 757 3148 62.
805 3085 1084 3167 objectio.
1110 3089 1422 3152 —Solum
1449 3094 1656 3170 potest
1691 3088 1969 3168 aliquem
2006 3104 2137 3148 mo·

574 3199 747 3254 vere,
793 3181 958 3260 quia,
1000 3201 1078 3244 ox
1117 3183 1280 3244 dicta
1325 3183 1747 3247 declaratione
1778 3185 2017 3252 nostra,
2048 3180 2139 3240 vi-

578 3275 762 3336 detur
789 3275 966 3353 sequi
995 3276 1132 3336 dari
1159 3293 1236 3336 ex
1267 3284 1444 3355 parte
1477 3283 1688 3338 nostra
1719 3274 1974 3354 aliquod
2006 3291 2141 3334 me·-

577 3367 768 3431 ritum
804 3369 992 3447 hujus
1039 3368 1490 3432 distributionis
1503 3386 1522 3446 3
1549 3388 1700 3430 nam
1743 3369 1808 3428 in
1845 3386 1973 3428 uno
2024 3367 2140 3428 ho-

577 3460 750 3522 mine
788 3462 1032 3522 vocatio
1063 3467 1162 3523 est
1205 3463 1458 3536 efficax,
1489 3462 1635 3541 quia
1675 3462 1742 3522 in
1785 3461 1892 3522 illo
1921 3459 2140 3540 proevi·

579 3555 764 3618 detur
793 3561 1150 3635 operatura,
1181 3556 1246 3618 in
1276 3556 1396 3616 alio
1434 3574 1584 3617 vero
1613 3574 1742 3617 non
1769 3559 1867 3616 est
1891 3552 2135 3626 efficax,

579 3648 728 3727 quia
766 3647 832 3710 in
863 3649 970 3713 iuo
999 3655 1332 3728 operatura
1370 3667 1498 3710 non
1542 3655 1671 3720 est;
1725 3647 1838 3708 sed
1881 3665 2013 3708 non
2045 3651 2139 3708 est

579 3743 644 3803 in
679 3742 783 3802 illo
811 3747 1168 3821 operatura,
1192 3741 1310 3803 nisi
1347 3761 1423 3804 eo
1448 3741 1646 3802 libere
1673 3739 2133 3810 consentionte;

577 3835 643 3896 in
675 3835 795 3897 hoc
822 3853 970 3896 vero
992 3835 1134 3896 ideo
1167 3853 1295 3896 non
1323 3838 1418 3896 est
1447 3841 1803 3914 operatura,
1832 3831 1979 3913 quia
2004 3833 2139 3910 ipse

578 3931 674 3990 est
714 3934 1211 4008 repugnaturu83
1267 3947 1419 4008 ergo
1463 3927 1528 3989 in
1578 3928 1698 3988 hoc
1739 3931 1840 3989 est
1885 3925 2139 4004 aliquod

579 4019 897 4095 meritum,
924 4021 1024 4082 vel
1062 4021 1271 4099 aliqua
1311 4022 1468 4082 ratio
1501 4039 1578 4082 ex
1617 4025 1792 4099 parte
1823 4018 2005 4082 liberi
2038 4037 2139 4079 ar·-

578 4112 766 4174 hin-ii.

657 4209 757 4268 63.
803 4205 1252 4280 confirmatur,
1285 4207 1464 4286 quia,
1507 4205 1625 4274 nisi
1667 4225 1784 4270 nos
1836 4206 1922 4268 ita
1966 4205 2140 4282 dica-

577 4317 740 4372 mus,
775 4299 1105 4378 incidimus
1151 4299 1218 4365 in
1254 4317 1396 4363 eam
1437 4299 1864 4362 difficultatem
1887 4345 1904 4372 ,
1948 4317 2138 4379 quam

577 4391 756 4454 alteri
801 4391 1126 4466 sententia}
1167 4391 1642 4471 objiciebamuS,
1701 4393 1957 4466 scilicet,
2012 4411 2139 4455 non

581 4502 719 4546 esse
759 4485 822 4545 in
870 4490 1175 4564 potestate
1206 4491 1422 4546 nostra
1473 4485 1712 4547 habere
1747 4486 2140 4562 vocationem

579 4595 922 4656 congruam
953 4584 1015 4640 et
1055 4577 1415 4654 efficacem;
1450 4597 1604 4659 ergo
1628 4624 1645 4653 ‚
1701 4597 1848 4640 cum
1891 4581 2023 4640 haec
2063 4580 2143 4640 sit

581 4670 934 4731 necessaria
963 4671 1045 4732 ad
1071 4672 1566 4748 conversionem,
1611 4691 1737 4733 non
1785 4673 1902 4734 erit
1939 4673 2006 4733 in
2032 4691 2140 4752 po-

579 4768 804 4825 testate
841 4769 1054 4825 nostra
1107 4766 1406 4839 converti,
1462 4785 1579 4826 nec
1615 4767 1798 4828 nobis
1845 4767 2139 4846 imputari

581 4857 828 4936 poterit,
852 4856 1020 4936 quod
1045 4877 1175 4920 non
1203 4877 1613 4938 cooperemur
1636 4859 1969 4922 vocationi.
1989 4863 2141 4920 Rur-

583 4968 690 5010 sus
725 4949 1056 5012 incidimus
1083 4952 1148 5012 in
1178 4951 1440 5014 alteram
1463 4953 1916 5026 difficultatem,
1950 4969 2141 5032 quam

583 5042 890 5122 superiori
927 5045 1116 5106 etiam
1159 5046 1481 5106 sententias
1519 5045 1991 5124 objiciebamuS,
2025 5047 2143 5110 sci-

579 5135 746 5208 licet,
764 5136 930 5205 hanc
944 5137 1230 5216 gratiam,
1255 5137 1376 5198 hoc
1401 5138 1589 5201 modo
1625 5139 1969 5213 efficacem,
2002 5158 2140 5202 esse

581 5229 1012 5306 necessariam,
1036 5229 1124 5303 ad.
1159 5235 1334 5294 actus
1369 5229 1606 5292 ordinis
1632 5232 1953 5308 naturalis,
1985 5251 2141 5312 prae-

583 5323 800 5398 sertim
824 5322 912 5400 ad,
929 5322 1164 5396 honum
1199 5323 1348 5402 quia
1376 5325 1569 5389 etiam
1603 5324 1686 5388 ad
1723 5325 1862 5388 illos
1903 5325 2141 5406 indiget

579 5416 773 5478 homo
815 5415 1184 5478 excitatione
1219 5433 1336 5494 per
1378 5417 1819 5496 cogitationem
1857 5425 2141 5480 sanctam

581 5515 644 5574 et
689 5526 1054 5590 congruam,
1095 5527 1132 5569 a
1169 5507 1302 5572 Deo
1347 5509 1676 5592 prtevisam
1709 5517 1776 5573 et
1800 5511 2135 5590 provisam.

1109 369 1320 425 OPUSC.
1355 372 1440 424 111.
1477 370 1696 425 BREVIS
1727 370 2071 425 RESOLUTIO
2104 370 2591 428 comnovssnsm
2621 372 2701 425 DE
2734 370 2992 425 Auximo
3024 370 3217 423 Efflc.

2214 476 2305 537 Ex
2332 479 2453 539 hoc
2492 484 2704 540 autem
2744 475 3003 537 ulterius
3038 474 3261 537 sitnon
3288 490 3483 551 posse
3524 472 3743 548 probari

2217 590 2295 633 ex
2320 572 2417 633 his
2441 572 2595 634 locis
2616 568 2947 647 Scripturoe
2978 566 3425 633 necessitatem
3448 564 3667 644 gratiae,
3694 576 3743 630 et
3791 584 3792 631 ὲ

2218 666 2426 727 auxilii
2454 663 2793 743 superioris
2822 660 3077 735 ordinis,
3109 676 3321 738 neque
3360 658 3555 721 etiam
3590 678 3745 737 posse

2214 759 2466 839 probari
2496 757 2630 821 dari
2676 761 2853 817 actus
2890 752 3445 834 supernaturalem
3480 758 3655 831 atque
3680 753 3743 815 ita

2214 852 2547 916 incidimus
2572 851 2639 911 in
2673 848 2828 911 illud
2860 846 3333 919 inconveniens,
3364 844 3543 923 quod
3566 852 3743 909 contra
3791 840 3792 843 ’

2214 946 2600 1026 superiorem
2630 942 3002 1009 sententiam
3032 940 3486 1004 inserebamus.

2294 1042 2395 1101 64.
2438 1034 3339 1119 Raespomio.-Respondet,ur
3380 1049 3464 1093 ex
3494 1032 3743 1110 &ugusti-
3791 1106 3792 1121 ἶ

2214 1152 2322 1205 no,
2352 1132 2646 1211 negando
2680 1130 3041 1209 simpliciter
3070 1128 3355 1207 priorem
3400 1124 3737 1195 illationem
3791 1122 3792 1125 ’

2214 1244 2365 1289 nam
2412 1244 2491 1287 ex
2542 1226 2646 1289 illa
2696 1222 3045 1291 ‹Efferentia
3074 1239 3203 1287 non
3246 1219 3543 1297 sequitur
3582 1220 3741 1284 Dema
3791 1228 3792 1309 ζ

2218 1320 2489 1399 elegisse
2514 1336 2663 1385 eum
2692 1334 2879 1397 quem
2908 1314 3196 1395 praevidit.
3218 1329 3683 1386 consensurum,
3704 1315 3741 1373 si
3791 1310 3792 1315 ’

2216 1434 2362 1479 eum
2402 1416 2491 1476 sic
2539 1418 2811 1485 vocaret,
2842 1411 2988 1490 quia
3034 1424 3471 1477 consensurus
3496 1413 3638 1477 erat,
3658 1410 3741 1470 sed

2215 1514 2289 1571 ut
2322 1506 2733 1577 consentiret;
2766 1522 2910 1583 quae
2938 1504 3067 1566 duo
3106 1501 3291 1563 valde
3332 1504 3487 1565 snam
3518 1499 3739 1563 diversa.

2218 1608 2285 1665 et
2316 1602 2471 1663 illud
2510 1601 2683 1680 prius
2708 1598 2861 1662 dicit
2900 1596 3337 1660 habitudinem
3390 1598 3456 1655 et
3482 1594 3741 1653 rationem

2218 1712 2423 1759 causae
2452 1693 2807 1765 meritoriis,
2840 1708 2981 1771 quoe
3022 1690 3236 1770 gratiae
3258 1691 3609 1766 repugnat;
3631 1705 3742 1764 pos-

2218 1789 2411 1850 terius
2451 1805 2603 1849 vero
2662 1786 2817 1848 dicit
2860 1785 3063 1847 solum
3113 1780 3559 1845 habitudinem
3598 1779 3735 1851 finis,

2216 1900 2357 1963 quae
2386 1883 2451 1943 in
2476 1866 2613 1960 'ipsa
2644 1879 2843 1959 gratia
2862 1878 3195 1939 intrinsece
3220 1872 3585 1947 includitur,
3600 1874 3743 1949 jum

2216 1974 2373 2035 illud
2414 1974 2495 2035 ad
2544 1974 2774 2053 Ephes.
2803 1972 2845 2032 9
2876 1989 2891 2029 :
2918 1969 3129 2033 Creati
3166 1969 3236 2029 in
3276 1966 3559 2049 operibus
3592 1966 3737 2032 bone,

2216 2086 2351 2150 quoe
2388 2084 2715 2148 praeparat>
2728 2066 2774 2127 ‘t
2820 2064 2985 2126 Deus
3024 2068 3095 2125 ut
3137 2062 3205 2122 in
3244 2060 3335 2123 eis
3396 2059 3737 2128 ambacum.

2218 2160 2540 2233 Quomodo
2572 2158 2739 2223 enim
2778 2174 2856 2217 ea
2900 2160 3345 2235 praeparasset,
3384 2152 3509 2214 nisi
3553 2170 3741 2229 praeco-

2218 2254 2535 2335 gnovisset
2564 2250 2789 2329 quibus
2816 2248 3019 2311 modis
3042 2254 3105 2309 et
3128 2245 3383 2307 auxiliis
3414 2262 3489 2303 ea
3522 2244 3583 2305 in
3600 2244 3745 2303 nohis

2218 2352 2431 2427 posset
2448 2363 2684 2417 creare,
2714 2344 2765 2405 si
2793 2343 3015 2403 vellet?
3036 2342 3157 2401 Aut
3182 2336 3511 2419 quomodo
3538 2354 3605 2397 ea
3626 2354 3739 2414 pus·

2218 2438 2463 2519 paravit
2506 2444 2579 2498 ut
2618 2436 2679 2496 in
2716 2436 2807 2497 eis
2836 2434 3259 2505 ambulemus,
3288 2430 3423 2491 nisi
3448 2429 3645 2489 volens
3676 2430 3739 2487 ita

2214 2549 2440 2593 vocare
2490 2548 2637 2591 suos
2678 2529 2941 2599 electos,
2992 2534 3057 2589 ut
3098 2544 3205 2587 eos
3248 2524 3337 2585 ad
3404 2523 3547 2585 talia
3586 2540 3735 2601 opera

2218 2624 2555 2686 efficaciter
2614 2641 2723 2683 seu
2792 2620 3220 2684 infallibiliter!
3268 2617 3640 2680 induceret?
3682 2617 3736 2675 [t
3791 2624 3792 2637 ¹

2219 2718 2385 2779 enim
2416 2715 2801 2797 Augustinus
2830 2718 3139 2793 exposuit,
3166 2712 3272 2771 lib.
3312 2711 3400 2773 de
3426 2708 3727 2774 Praedestin.

2219 2810 2455 2881 Sanct„
2493 2828 2631 2888 cap.
2686 2810 2783 2881 ⁴0,
2817 2807 2923 2867 illa
2959 2806 3153 2865 verba
3195 2810 3377 2865 recte
3432 2800 3735 2879 intelligun-

2218 2908 2321 2963 tur
2364 2902 2443 2963 de
2494 2901 2752 2981 speciali
2796 2898 3223 2979 providentia,
3268 2914 3403 2975 qua
3446 2894 3599 2956 Deus
3638 2893 3739 2952 suis
3791 2892 3792 2923 l

2219 2996 2431 3056 electis
2464 2995 2611 3055 talia
2642 3012 2835 3073 opera
2884 2991 3291 3071 praeparavit3
3330 2990 3415 3051 de
3448 2986 3651 3064 quibus
3674 2985 3742 3043 ait
3791 3060 3792 3073 χ

2218 3086 2387 3150 idem
2419 3088 2827 3164 Augustinus,
2860 3084 3088 3148 eodem
3116 3084 3249 3156 lib„
3292 3100 3443 3161 cap.
3490 3082 3558 3140 Π
3586 3097 3597 3138 :
3624 3077 3735 3139 Elo-
3791 3123 3792 3164 ᾗ

2215 3182 2309 3264 9⁸⁹8
2338 3199 2473 3262 eryo
2492 3182 2901 3260 Demstdelea,
2930 3181 3039 3242 sed
3056 3181 3293 3252 assint,
3336 3175 3613 3256 mquia
3628 3175 3737 3250 jan
3791 3231 3792 3252 1

2214 3275 2417 3353 futuri
2446 3281 2660 3347 eran&
2696 3281 2757 3336 et
2780 3273 2943 3334 intra
2972 3290 2989 3333 t
3016 3273 3321 3354 Eliaaeudo
3346 3287 3491 3354 προ
3518 3269 3652 3344 facit
3674 3265 3737 3325 di·
3791 3309 3792 3314 η

2217 3367 2372 3432 vitos
2404 3366 2473 3430 in
2490 3369 2633 3446 fida,
2661 3368 2822 3434 aaut
2846 3368 3105 3435 later-edas
3133 3367 3329 3448 regni.
3362 3365 3545 3428 Ποσει
3564 3363 3741 3444 quippe.
3791 3423 3792 3454 ξ

2216 3463 2286 3524 in
2310 3462 2401 3527 eis
2420 3462 2639 3541 clipeo-e
2660 3461 2912 3535 dicaur,
2953 3463 3112 3542 quod
3134 3467 3212 3524 ut
3230 3461 3301 3522 in
3324 3459 3423 3525 eic-
3444 3461 3639 3538 faciat,
3666 3472 3738 3515 em
3791 3501 3792 3534 Ξ

2218 3555 2413 3634 eligit.
2464 3554 2719 3616 Dixerat
2768 3559 2981 3617 autem
3035 3555 3233 3626 Deum
3290 3553 3421 3637 hoc
3463 3551 3652 3612 facere
3690 3547 3737 3606 in

2222 3645 2435 3708 electis
2463 3665 2577 3726 per
2601 3647 2993 3708 vocationem
3012 3645 3364 3720 efficacem,
3384 3644 3579 3723 qualis
3600 3661 3634 3702 a
3655 3658 3736 3698 no-

2220 3739 2317 3801 bis
2346 3740 2664 3802 declarata
2716 3745 2831 3801 est.
2884 3739 3071 3809 Nulla
3096 3758 3249 3818 ergo
3299 3744 3403 3800 est
3446 3736 3589 3802 ratio
3627 3733 3733 3794 talis

2220 3833 2563 3894 vocationis
2619 3852 2695 3896 ex
2744 3839 2921 3912 parte
2982 3831 3257 3897 hominis
3307 3830 3431 3909 qui,
3470 3833 3691 3892 vocatur
3718 3843 3729 3892 ;

2221 3927 2391 4006 quia,
2416 3927 2565 3988 licet
2608 3927 2693 3988 sit
2722 3945 3145 4000 consensurus
3170 3927 3223 3988 si
3258 3927 3539 3998 vocetur,
3564 3927 3731 3982 tamen

2221 4019 2657 4084 conditionalis
2690 4019 2843 4080 nihil
2868 4021 3045 4098 ponit
3076 4019 3143 4079 in
3182 4037 3347 4092 esse,
3394 4035 3512 4083 nec
3538 4033 3597 4076 re
3628 4013 3731 4090 ipsa
3791 4007 3792 4038 ³

2222 4120 2318 4176 est
2342 4111 2580 4192 aliquid
2620 4112 2902 4175 facturus
2940 4113 3021 4172 ob
3069 4112 3241 4192 quod
3286 4110 3603 4191 praemium
3630 4123 3727 4164 me·

2220 4214 2455 4283 reatur,
2482 4207 2685 4270 donec
2712 4207 2877 4272 Deus
2906 4206 3083 4269 illum
3104 4213 3285 4278 vocet
3312 4213 3391 4266 ut
3413 4199 3727 4271 consentiat,

2222 4301 2392 4381 quod
2422 4300 2555 4362 sola
2582 4319 2695 4363 sua
2742 4299 3142 4371 liberalitate,
3180 4304 3251 4362 et
3278 4299 3345 4360 in
3378 4304 3635 4374 tempore
3665 4291 3728 4348 fa-

2222 4394 2326 4464 cit,
2360 4399 2424 4456 et
2452 4395 2797 4459 abaeterno
2826 4393 3033 4456 facere
3066 4391 3363 4461 decrevit.
3398 4392 3487 4455 Eo
3518 4387 3605 4448 vel
3628 4402 3728 4444 ma-

2222 4487 2387 4548 xime
2416 4486 2587 4566 quod
2628 4485 2715 4560 de
2748 4485 2851 4553 illo
2884 4493 3081 4556 etiam
3104 4485 3359 4559 homine
3391 4500 3572 4563 quem
3600 4480 3727 4555 Deus
3791 4477 3792 4560 ζ

2224 4599 2350 4642 non
2377 4585 2559 4643 vocat
2585 4597 2863 4658 congrua
2893 4583 2955 4639 et
2984 4577 3220 4647 efficaci
3248 4578 3585 4657 vocatione.
3606 4589 3727 4650 pm·
3791 4587 3792 4594 ³

2222 4673 2395 4734 novit
2422 4672 2611 4752 quod,
2646 4672 2698 4732 si
2744 4671 2867 4732 alio
2906 4677 3189 4749 tempore
3216 4671 3317 4732 vel
3346 4670 3465 4732 alio
3492 4666 3655 4730 modo
3678 4664 3725 4725 il-

2220 4765 2352 4826 lum
2386 4769 2659 4838 vocaret,
2692 4763 3072 4838 consentiret
3088 4786 3107 4838 ;
3134 4769 3199 4825 et
3225 4770 3437 4824 tamen
3462 4759 3647 4822 noluit
3664 4759 3726 4816 ita

2220 4877 2486 4930 vocare3
2520 4857 2689 4936 quod
2714 4857 2798 4918 de
2838 4858 3173 4928 Pharaone,
3212 4858 3449 4920 notavit
3490 4851 3724 4932 Augusti·

2222 4971 2365 5027 nus,
2394 4952 2533 5014 libr.
2569 4954 2598 5012 1
2632 4950 2717 5010 ad
2755 4951 3057 5030 Simplic.,
3090 4957 3308 5030 quoest.
3344 4953 3401 5010 Ξ.
3430 4949 3605 5029 Igitur
3626 4947 3723 5009 haec

2224 5046 2512 5108 discretio
2542 5045 2661 5106 fuit
2687 5063 2766 5106 ex
2804 5045 2937 5106 sola
2963 5045 3283 5108 voluntate
3306 5045 3437 5114 Dei.

2302 5141 2403 5200 65.
2448 5140 2570 5199 Nec
2597 5156 2745 5200 vero
2786 5137 2931 5198 hinc
2960 5138 3033 5198 fit
3054 5157 3188 5205 non.
3212 5156 3349 5200 esse
3374 5138 3437 5198 in
3464 5133 3721 5215 potestate

2222 5231 2493 5292 hominis
2526 5232 2763 5292 habere
2810 5232 3201 5292 vocationem
3247 5230 3576 5299 efficacem,
3607 5223 3718 5301 quia

2222 5325 2284 5385 in
2318 5331 2624 5404 potestate
2654 5325 2791 5404 ejus
2818 5331 2913 5389 est
2934 5325 3148 5390 facere
3174 5330 3239 5393 et
3254 5321 3497 5402 operari.
3518 5335 3641 5380 curn
3662 5333 3719 5374 ea

2220 5417 2545 5480 vocatione
2576 5437 2767 5497 quam
2792 5419 3005 5490 habet,
3030 5417 3200 5496 quod
3224 5417 3285 5481 si.
3300 5415 3480 5478 faciat
3504 5418 3567 5478 et
3582 5407 3711 5475 velit,

2222 5511 2329 5572 illa
2356 5512 2473 5573 erit
2500 5511 2561 5572 in
2594 5529 2669 5574 eo
2696 5511 2919 5574 efficax
2934 5530 2955 5586 ;
2982 5515 3049 5572 et.
3070 5509 3369 5585 similiter,
3404 5508 3457 5574 si
3479 5506 3538 5568 id
3562 5503 3713 5573 fuciu-
