3850 6225
519 363 639 432 ⁴26

520 475 731 540 omnia
752 475 1013 556 praevisa
1056 475 1279 536 merita
1304 475 1497 552 bona,
1538 479 1735 540 Deum
1766 477 2075 559 quosdam

488 605 493 610 ·
520 570 785 650 elegisse
818 569 1089 650 gratuita
1122 569 1440 632 voluntate
1468 589 1604 646 sua,
1634 572 1721 632 ita
1746 571 1937 634 etiam
1967 589 2078 633 ve-

518 683 661 726 rum
706 671 803 726 est
842 670 987 725 ante
1026 663 1153 724 ulla
1194 665 1361 725 mala
1400 664 1621 726 merita
1660 666 1952 746 praevisa,
1997 683 2076 727 ex

520 777 635 819 suo
676 757 930 818 arbitrio
968 757 1124 819 alios
1160 775 1290 819 non
1336 758 1635 838 elegisse;
1675 777 1751 820 ac
1798 758 2074 838 denique

519 856 665 913 ante
696 867 951 911 omnem
980 851 1435 930 praescientiam
1462 851 1812 913 absolutam
1833 850 2076 912 futuro-

515 961 679 1017 rum,
704 961 847 1004 cum
872 962 1059 1004 causa
1086 945 1369 1005 omnium
1396 944 1655 1023 aequalis
1694 949 1883 1018 esset,
1906 944 2077 1004 hunc

518 1037 783 1115 elegisse
824 1038 1023 1098 Deum
1070 1055 1185 1098 suo
1220 1038 1497 1111 arbitrie,
1540 1037 1719 1098 illum
1762 1054 1891 1098 non
1951 1037 2078 1098 ele-

517 1133 721 1213 gisse;
760 1131 940 1205 sicut,
986 1150 1133 1193 cum
1171 1132 1393 1194 infiniti
1424 1139 1634 1195 essent
1662 1133 1869 1214 angeli
1912 1151 2072 1218 quos

512 1228 682 1288 Deus
734 1243 947 1286 creare
998 1231 1249 1305 posset,
1310 1231 1373 1288 et
1424 1227 1490 1287 in
1556 1227 1849 1288 omnibus
1906 1229 2074 1289 esset

513 1318 833 1400 aequalitas
860 1319 1151 1398 quaedam
1197 1337 1311 1380 seu
1352 1319 1791 1396 indifferentia,
1824 1339 1938 1382 suo
1977 1339 2073 1382 ar-

512 1411 697 1474 bitrio
724 1413 841 1474 hos
880 1429 1093 1474 creare
1122 1411 1337 1488 voluit,
1371 1413 1508 1476 illos
1535 1421 1749 1477 autem
1786 1401 2070 1476 minimeT

512 1507 589 1567 Et
616 1505 695 1567 de
724 1507 843 1567 hac
888 1507 1223 1586 negatione
1258 1507 1583 1570 electionis
1630 1508 1889 1590 intelligi
1929 1527 2074 1588 pos-

512 1603 659 1660 sunt
698 1598 806 1677 (ut
846 1598 1000 1659 alias
1048 1599 1469 1679 expositiones
1519 1604 1921 1684 proeteream)
1967 1603 2071 1664 illa

508 1692 701 1752 verba
746 1691 921 1752 Pauli
947 1691 967 1770 (
990 1692 1085 1753 Ad
1124 1695 1305 1754 Rom.
1344 1697 1407 1767 9,
1450 1711 1529 1756 ex
1565 1695 1812 1770 Malac„
1856 1715 1911 1758 c.
1951 1697 2017 1776 1)
2049 1715 2065 1757 τ

510 1782 845 1866 Antequam
898 1785 1223 1867 quidquam
1258 1787 1393 1850 boni
1428 1791 1538 1852 aut
1586 1787 1739 1851 mali
1772 1787 2034 1871 wissant
2049 1835 2066 1863 ‚

507 1879 693 1942 Jacob
736 1877 940 1953 west,
990 1879 1173 1942 Esau
1213 1885 1410 1944 autem
1456 1881 1589 1944 odio
1634 1879 1833 1945 habui.
1888 1883 2070 1962 Saepe

510 1972 678 2034 enim
712 1971 780 2030 in
822 1971 1139 2052 Scriptura
1170 1973 1379 2034 minor
1428 1992 1607 2034 amor
1652 1975 1811 2036 solet
1854 1975 2069 2037 odium

509 2063 833 2143 appellari,
862 2065 1009 2124 Luc.
1037 2066 1078 2124 4
1110 2082 1125 2123 z
1162 2063 1243 2128 Si
1266 2067 1407 2147 quis
1439 2065 1603 2130 vonit
1628 2068 1711 2131 ad
1726 2085 1840 2143 mo,
1862 2073 1921 2132 et
1949 2085 2070 2132 non

508 2158 635 2221 odit
653 2161 898 2238 patrem
934 2175 1133 2230 sumn,
1165 2164 1283 2219 etc.

587 2254 647 2313 8.
679 2249 1141 2332 &probationis
1169 2267 1415 2316 causam
1436 2269 1619 2332 quam
1641 2252 1919 2336 aesiqnat
1943 2249 2070 2314 Aa·

504 2345 812 2424 ambiam.
844 2375 927 2388 —
965 2344 1151 2404 Divus
1190 2345 1575 2424 Augustinus
1601 2345 1789 2406 variis
1814 2347 1877 2405 in
1916 2345 2068 2406 locis

506 2437 669 2499 hanc
714 2455 969 2499 causam
1017 2438 1208 2500 refert
1244 2437 1327 2499 ad
1370 2439 1671 2519 originale
1710 2445 2062 2520 peccatum3

504 2530 791 2610 intelligit
818 2530 986 2592 enim
1013 2531 1379 2610 Apostolum
1407 2532 1577 2611 loqui
1605 2533 1685 2594 de
1710 2551 1919 2594 massa
1947 2534 2066 2594 hu-

502 2623 672 2684 mani
712 2623 963 2702 generis
1004 2624 1135 2704 jam
1173 2624 1401 2686 infecta
1450 2624 1735 2705 originali
1778 2631 2058 2704 peccate,

502 2733 579 2778 ex
604 2734 727 2795 qua
760 2717 849 2796 (si
880 2717 1302 2780 conditionem
1330 2718 1469 2796 ejus
1494 2723 1760 2796 spectes,
1792 2721 1865 2778 ut
1900 2717 2064 2778 scili-

500 2817 603 2872 cet
626 2817 883 2891 peceato
902 2811 1085 2892 primi
1100 2813 1377 2892 parentis
1392 2811 1619 2874 infecta
1646 2814 1762 2891 est)
1789 2812 2062 2873 forman-

496 2909 599 2965 tur
622 2906 905 2966 vasa'irae
940 2911 1085 2985 apta
1115 2905 1179 2964 in
1208 2905 1550 2979 interitum,
1580 2911 1643 2966 et
1670 2905 1814 2967 odio
1842 2905 2057 2986 digna,

498 3003 562 3059 et
591 3015 740 3058 vasa
781 2999 1193 3060 contumelias.
1232 2999 1323 3059 Ex
1360 2999 1481 3060 hac
1526 3015 1677 3077 ergo
1716 3015 1927 3059 massa
1970 2999 2062 3059 di-

496 3089 657 3153 citur
691 3089 928 3153 habere
975 3093 1351 3171 potestatem
1372 3090 1609 3172 figulus
1640 3090 1847 3153 facere
1886 3109 2062 3173 quoe-

496 3185 642 3245 dam
681 3203 833 3246 vasa
866 3184 931 3245 in
974 3185 1282 3245 honorem
1311 3201 1390 3245 ex
1432 3184 1861 3246 misericordia
1882 3233 1900 3261 ,
1937 3186 2058 3247 alia

492 3295 643 3339 vero
672 3277 737 3338 in
785 3277 1253 3353 contumeliam,
1298 3277 1364 3337 id
1400 3282 1517 3351 est,
1552 3294 1683 3339 non
1714 3278 2056 3341 auferendo

494 3371 575 3432 ab
611 3370 765 3451 ipsis
800 3370 1267 3445 contumeliam,
1300 3388 1489 3449 quam
1544 3388 1622 3431 ex
1666 3388 1782 3431 sua
1812 3373 2054 3453 origine

492 3464 721 3526 infecta
747 3470 1217 3537 contraxerunt,
1246 3463 1349 3523 vel
1374 3480 1503 3524 non
1544 3463 1631 3523 ita
1683 3463 2050 3541 auferendO,

490 3562 561 3617 ut
590 3558 846 3618 tandem
886 3558 1237 3619 efficiantur
1272 3574 1424 3617 vasa
1471 3556 1535 3617 in
1576 3556 1883 3618 honorem
1911 3576 2057 3639 per-

489 3656 775 3731 petuum.
812 3649 1011 3721 Quam
1046 3668 1183 3713 rem
1215 3649 1341 3711 late
1386 3650 1784 3730 prosequitur
1808 3652 2057 3733 Augus-

489 3744 681 3817 tinne,
720 3742 899 3822 epist.
946 3744 1065 3806 105
1108 3749 1171 3805 et
1203 3743 1345 3817 106,
1376 3749 1441 3804 et
1488 3743 1625 3804 aliis
1662 3744 1728 3803 in
1770 3742 1946 3806 locis.
1979 3746 2055 3807 Et

490 3844 586 3900 est
608 3835 945 3917 probabilis
976 3836 1301 3916 expositio,
1345 3836 1493 3916 quia
1519 3836 1748 3899 Paulus
1778 3838 2056 3917 loquitur

488 3932 569 3993 de
598 3948 833 4012 genere
872 3931 1152 3991 humano
1198 3935 1269 3991 ut
1308 3948 1479 3991 nunc
1520 3936 1637 3992 est.
1680 3930 2052 4010 Simpliciter

486 4030 701 4086 tamen
730 4042 859 4085 non
888 4029 985 4085 est
1016 4022 1368 4084 necessaria
1396 4022 1480 4083 ad
1502 4023 1701 4083 Deum
1724 4022 2050 4084 vindican-

486 4116 639 4178 dum
668 4116 753 4177 ab
776 4115 949 4177 omni
989 4114 1287 4195 injustitia
1326 4120 1389 4176 et
1418 4113 1806 4177 crudelitate.
1842 4116 2048 4177 Primo

486 4210 761 4289 quidem,
794 4210 941 4288 quia
982 4209 1208 4271 eadem
1236 4226 1428 4271 causa
1460 4210 1625 4271 inter
1652 4209 1911 4289 angelos
1943 4228 2048 4271 ac-

484 4308 549 4364 ta
576 4308 691 4376 est,
722 4302 787 4363 in
816 4302 1047 4381 quibus
1072 4302 1245 4363 nulla
1282 4305 1419 4362 erat
1444 4317 1655 4361 massa
1682 4300 2046 4380 perditionis

486 4398 595 4456 aut
622 4400 859 4456 naturus
884 4394 1165 4466 infectae3
1196 4399 1259 4455 et
1278 4398 1492 4455 tamen
1522 4394 1832 4473 quosdam
1858 4392 2048 4475 elegit

483 4490 675 4562 Deus,
720 4487 875 4548 alios
910 4504 1041 4549 non
1068 4486 1290 4567 elegit3
1332 4491 1397 4547 et
1436 4486 1745 4564 quosdam
1774 4487 2046 4549 destina-

481 4580 571 4643 vit
610 4581 678 4641 in
719 4582 1048 4654 honorem,
1082 4579 1237 4641 alios
1268 4596 1419 4641 vero
1446 4578 1697 4659 reliquit
1724 4584 1795 4641 nt
1820 4579 2047 4644 fierent

482 4690 633 4734 vasa
670 4672 1086 4735 contumeliae.
1132 4671 1439 4749 Secunde,
1488 4673 1636 4751 quia
1666 4690 1745 4733 ex
1778 4672 2046 4735 homini-

482 4766 603 4827 hus
638 4770 895 4845 peccato
924 4765 1213 4845 originali
1236 4765 1411 4845 prius
1439 4764 1681 4827 infectis
1710 4766 1887 4827 multi
1905 4765 2046 4847 jus-

480 4857 831 4932 tificantur,
863 4864 927 4920 et
964 4858 1050 4920 ab
1092 4857 1197 4921 illa
1240 4858 1423 4937 culpa
1450 4858 1815 4935 liberantur,
1848 4866 1911 4922 et
1951 4860 2042 4920 ni-

480 4951 821 5012 hilominus
862 4968 991 5012 non
1030 4968 1253 5013 omnes
1304 4950 1389 5011 illi
1436 4950 1753 5031 eliguntur
1798 4952 1879 5013 ad
1905 4951 2042 5031 glo-

480 5044 662 5117 n'am,
708 5042 821 5105 sed
856 5044 1303 5124 permittuntur
1338 5043 1481 5104 fleri
1526 5062 1677 5105 vasa
1722 5050 2042 5107 contume-

478 5136 595 5197 lias.
619 5137 827 5199 Tertio
852 5137 1147 5215 denique,
1174 5138 1323 5217 quia
1348 5138 1481 5199 haec
1502 5153 1633 5198 nou
1661 5138 1883 5199 electio
1908 5156 2040 5203 non

480 5236 577 5291 est
598 5246 811 5309 poena,
838 5232 913 5291 ut
934 5230 1187 5310 culpam
1212 5229 1641 5310 praerequirat,
1676 5231 1789 5292 sed
1814 5236 1911 5293 est
1937 5248 2040 5293 so-

476 5322 609 5383 lum
644 5320 936 5402 quasdam
964 5323 1217 5403 negatio
1244 5323 1495 5405 gratuiti
1520 5324 1832 5398 beneficii,
1864 5324 2038 5405 quod

476 5416 643 5478 Deus
678 5422 750 5478 ut
780 5434 1117 5495 supremus
1144 5416 1435 5479 dominus
1460 5435 1695 5497 negare
1722 5424 1950 5498 potest.

556 5512 617 5571 9.
661 5510 805 5575 Non
842 5508 1149 5575 electionis
1178 5517 1319 5577 anto
1350 5528 1531 5595 opera
1549 5515 1842 5594 proevisa,
1886 5512 2035 5576 divi·

1076 371 1295 427 OPUSC.
1324 375 1365 438 l,
1398 375 1517 429 Lm.
1552 377 1615 431 11.
1648 375 1731 430 m:
1762 375 2084 431 CONGURSU
2117 377 2219 432 DE}
2253 379 2336 432 AB
2367 379 2566 434 ACTUS
2597 378 2844 434 oamms
2875 375 3162 431 numm.

2155 495 2241 542 na
2279 480 2560 544 volwntas
2579 497 2696 560 pro
2719 479 2960 542 rationo
2984 475 3524 555 existite-Igitur,
3554 476 3704 553 quod

2154 571 2374 636 attinet
2413 574 2496 634 ad
2549 575 2714 634 hanc
2759 571 3164 652 negationem
3217 567 3542 630 electionis
3579 575 3703 631 ante

2155 667 2417 746 praevisa
2455 685 2672 748 opera,
2700 684 2832 727 non
2871 669 3119 744 oportet
3143 679 3474 724 recurrere
3501 661 3582 722 ad
3605 663 3706 722 ori-

2159 761 2366 842 ginale
2393 767 2746 842 peccatum,
2771 759 2884 820 sed
2927 758 3060 820 sola
3093 757 3383 818 voluntas
3409 756 3526 816 Dei
3555 757 3704 816 suffi-

2159 855 2262 916 cit.
2304 854 2480 926 Quod
2507 873 2658 916 vero
2699 853 2921 914 attinet
2953 852 3037 913 ad
3064 849 3170 911 illa
3197 849 3396 912 verba
3435 849 3516 910 de
3559 851 3703 910 vasis

2158 947 2416 1009 honoris
2439 953 2504 1008 et
2527 945 2924 1008 contumeliae
2929 990 2950 1021 ,
2980 943 3310 1023 dupliciter
3333 947 3600 1020 possunt
3627 941 3706 1001 in-
3823 961 3825 968 ·

2157 1039 2374 1120 telligi.
2407 1040 2614 1101 Primo
2663 1039 2728 1100 in
2771 1038 3040 1118 ipsamet
3081 1034 3384 1098 electione
3427 1051 3705 1114 quorum-

2153 1134 2300 1195 dam
2329 1139 2392 1196 et
2419 1134 2686 1196 aliorum
2733 1150 2864 1192 non
2895 1130 3232 1203 electione3
3271 1135 3336 1190 et
3375 1129 3466 1188 sic
3495 1128 3702 1188 eadem
3814 1182 3819 1212 ¹

2151 1226 2554 1308 proportione
2621 1223 3028 1304 intelligenda
3091 1227 3260 1295 sunt,
3323 1221 3564 1282 scilicet
3584 1265 3600 1292 ‚
3647 1227 3706 1282 ut
3810 1223 3820 1302 ·]

2153 1319 2518 1399 permissive
2585 1335 2698 1380 seu
2773 1317 3062 1397 negative
3111 1320 3358 1377 tantum
3431 1313 3705 1374 dicantur
3816 1353 3818 1401 ς

2151 1411 2288 1473 fieri
2335 1429 2488 1473 vasa
2527 1412 2594 1472 in
2642 1409 3122 1482 contumeliam3
3153 1410 3322 1470 Deus
3362 1406 3540 1468 enim
3575 1405 3706 1466 facit
3816 1473 3818 1478 ,

2151 1523 2302 1566 vasa
2327 1505 2561 1580 omnia,
2599 1512 2664 1566 et
2689 1503 2981 1583 quaedam
3009 1503 3075 1562 in
3102 1503 3433 1576 honorem,
3459 1498 3589 1559 alia
3613 1517 3706 1558 ve-

2151 1617 2222 1660 ro
2261 1617 2392 1661 non
2427 1599 2700 1662 destinat
2737 1597 2802 1658 in
2847 1595 3184 1676 specialem
3226 1595 3564 1665 honorem,
3601 1609 3706 1652 nec

2151 1693 2216 1753 in
2245 1709 2391 1752 eum
2435 1691 2702 1772 gradum
2749 1695 2814 1752 et
2857 1689 3170 1762 ordinem,
3225 1687 3292 1748 in
3329 1702 3527 1766 quem
3557 1683 3702 1758 alia3

2151 1786 2322 1848 unde
2345 1785 2417 1846 fit
2457 1791 2527 1846 ut
2575 1783 2732 1845 fiant
2755 1801 2908 1844 vasa
2949 1782 3016 1842 in
3065 1779 3538 1852 contumeliam,
3589 1777 3702 1838 Deo
3823 1775 3825 1816 ³

2149 1879 2572 1958 permittente.
2606 1875 2918 1950 Secundo,
2951 1881 3014 1937 et
3035 1874 3284 1948 melius,
3314 1877 3586 1951 possunt
3616 1889 3704 1930 re-
3820 1883 3825 1964 ᾗ

2148 1971 2298 2032 ferri
2347 1971 2456 2031 illa
2487 1969 2681 2031 verba
2727 1986 2856 2029 non
2897 1968 2981 2029 ad
3033 1967 3430 2039 electionem,
3475 1963 3596 2025 sed
3633 1963 3704 2024 ad
3823 1961 3825 2040 j

2151 2064 2573 2126 conditionem
2597 2067 2660 2124 et
2685 2060 3126 2124 formationem
3154 2077 3482 2132 vasorum3
3519 2075 3704 2136 quan·
3824 2115 3825 2134 ἱ

2149 2157 2230 2219 do
2259 2157 2428 2218 enim
2466 2159 2638 2218 Deus
2665 2157 2802 2217 haec
2836 2171 2988 2215 vasa
3013 2153 3263 2228 format,
3287 2154 3426 2231 jam
3465 2153 3704 2231 praescit

2146 2253 2424 2314 futuram
2475 2267 2696 2312 eorum
2732 2248 3110 2328 pravitatem
3165 2253 3228 2310 et
3274 2246 3606 2318 malitiam,
3649 2252 3704 2305 et

2148 2344 2553 2406 nihilominus
2595 2361 2672 2404 ea
2725 2343 2988 2414 format3
3041 2347 3104 2403 et
3155 2342 3276 2402 hoc
3327 2338 3520 2400 modo
3569 2337 3704 2397 facit
3823 2335 3826 2376 ³

2145 2457 2296 2500 vasa
2317 2483 2333 2513 ,
2385 2455 2526 2516 quae
2569 2437 2780 2499 futura
2827 2439 2974 2497 sunt
3021 2435 3090 2495 in
3131 2431 3605 2495 contumeliam.
3639 2433 3704 2491 Et
3823 2431 3825 2468 l

2145 2532 2279 2594 haec
2303 2551 2480 2609 vasa,
2505 2533 2572 2592 in
2591 2529 2820 2610 quibus
2846 2528 2989 2590 talis
3011 2527 3286 2608 pravitas
3309 2525 3700 2606 proe‘videtur,
3824 2559 3825 2562 =

2145 2625 2438 2687 dicuntur
2471 2643 2621 2686 vasa
2662 2623 2768 2684 irae
2805 2627 2952 2701 apta
2977 2622 3042 2682 in
3083 2621 3430 2692 interitum,
3451 2625 3524 2679 ut
3571 2617 3704 2678 Ful-

2141 2718 2390 2798 gentius
2419 2735 2610 2797 supra
2635 2715 2873 2776 notavit
2891 2757 2907 2788 ,
2941 2731 3018 2776 ex
3045 2713 3143 2774 his
3167 2712 3316 2793 ipsis
3343 2711 3560 2773 verbis
3590 2711 3702 2771 col·
3824 2745 3825 2749 =

2139 2812 2346 2892 ligens
2377 2811 2582 2872 Deum
2608 2809 2934 2871 neminem
2977 2807 3204 2887 ejicere
3251 2824 3290 2866 a
3341 2823 3546 2886 regno
3593 2805 3704 2864 nisi
3824 2821 3825 2824 ¹

2143 2925 2220 2967 ex
2259 2906 2526 2986 praevisa
2568 2904 2774 2983 culpa,
2811 2901 2959 2984 quia
2989 2901 3092 2963 ira
3128 2899 3242 2964 Dei
3276 2917 3399 2962 non
3441 2904 3536 2964 est
3589 2897 3704 2960 nisi
3824 2919 3825 2934 *

2139 3001 2244 3063 ubi
2267 2998 2584 3082 pmcossit
2613 2997 2876 3060 nominis
2899 2993 3220 3078 iniquitas.
3253 2995 3329 3054 Et
3355 2995 3478 3054 hoc
3517 2995 3704 3055 etiam
3824 2997 3825 3026 ³

2139 3093 2464 3156 declarant
2491 3091 2641 3154 satis
2677 3090 2782 3153 illa
2803 3089 2998 3152 verba
3019 3089 3192 3151 Pauli
3219 3089 3334 3168 (ad
3361 3089 3545 3149 Rom.
3577 3089 3654 3165 9)
3685 3104 3700 3147 :
3824 3111 3825 3129 κ

2143 3186 2464 3252 Sustinuit
2489 3185 2688 3249 multa
2707 3183 3012 3267 patientia
3043 3200 3196 3247 vasa
3217 3183 3334 3245 im·
3347 3207 3376 3255 ;
3405 3181 3702 3262 patientia

2137 3281 2309 3341 enim
2333 3280 2446 3341 Dei
2475 3296 2628 3359 erga
2653 3276 2978 3339 hominem
3007 3276 3074 3337 in
3115 3275 3358 3355 injuriis
3394 3281 3460 3337 et
3486 3292 3702 3355 pecca-

2135 3373 2214 3434 tis
2267 3371 2648 3435 sustinendis
2688 3368 3057 3433 ostenditur.
3111 3370 3200 3429 Ac
3249 3368 3529 3448 denique
3585 3370 3700 3430 hoc

2135 3466 2324 3527 modo
2375 3465 2600 3527 dieitur
2639 3466 2809 3525 Deus
2843 3463 3112 3524 excitare
3161 3462 3583 3536 Pharaonem,
3635 3468 3702 3523 ut

2135 3560 2202 3619 in
2255 3578 2330 3621 eo
2381 3556 2670 3620 ostendat
2721 3555 3152 3617 fortitudinem
3199 3572 3404 3628 suam,
3455 3556 3562 3617 vel
3589 3555 3699 3617 ho·

2133 3653 2372 3713 minem
2411 3650 2676 3731 impium
2719 3650 2785 3710 in
2833 3650 3002 3711 diem
3051 3648 3312 3709 malum.
3357 3649 3502 3709 Non
3533 3648 3701 3727 quod

2133 3745 2272 3807 hoec
2295 3744 2486 3806 fuerit
2520 3742 2816 3823 primaria
2869 3742 3130 3805 intentio
3155 3742 3272 3803 Dei
3317 3740 3384 3801 in
3433 3741 3702 3820 alicujus

2133 3838 2406 3899 hominis
2433 3836 2773 3910 creatione,
2801 3835 2915 3897 sed
2939 3836 3110 3914 quod
3138 3839 3470 3914 peecatum
3497 3835 3702 3896 homi-

2131 3930 2253 4005 nis,
2285 3930 2526 3993 etiamsi
2557 3948 2596 3990 a
2621 3930 2752 3991 Deo
2781 3927 2972 3991 fuerit
3009 3928 3392 4009 praescitum,
3427 3944 3565 3989 non
3587 3946 3702 4008 po-

2129 4025 2317 4087 tuerit
2354 4024 2604 4085 obstare
2633 4022 2968 4102 quominus
3003 4040 3042 4083 a
3079 4022 3208 4083 Deo
3237 4024 3564 4083 crearetur
3589 4022 3698 4082 ho-

2128 4136 2264 4191 m03
2299 4136 2450 4179 nam
2483 4117 2550 4178 in
2597 4134 2673 4177 eo
2721 4115 2908 4177 etiam
2953 4132 3066 4176 sua
3115 4116 3420 4195 pravitate
3461 4114 3694 4176 infecto

2129 4210 2404 4273 ostendit
2449 4210 2620 4271 Deus
2651 4208 2916 4288 gloriam
2955 4214 3014 4269 et
3065 4208 3410 4288 potentiam
3463 4226 3650 4269 suam
3675 4254 3690 4281 ,

2127 4320 2321 4383 quam
2349 4305 2555 4383 potest
2577 4300 2904 4363 intendere
2937 4300 3260 4381 supposita
3285 4302 3424 4381 ejus
3449 4301 3696 4362 malitia

2125 4397 2410 4476 proevisa.
2443 4393 2591 4467 Quae
2621 4394 2832 4455 omnia
2865 4398 2928 4454 et
2952 4410 3104 4454 vera
3143 4399 3290 4455 sunt
3315 4394 3382 4454 in
3406 4394 3696 4455 humana

2123 4494 2374 4565 natura,
2403 4488 2728 4569 supposito
2781 4486 3068 4565 originali
3093 4493 3377 4566 peccato,
3433 4494 3502 4549 et
3553 4486 3694 4549 sine

2125 4582 2233 4645 illo
2263 4583 2452 4644 etiam
2480 4579 2850 4661 procedunt,
2879 4583 2944 4641 et
2979 4580 3276 4659 applicari
3311 4580 3527 4642 omnia
3547 4598 3694 4660 pos-

2125 4682 2270 4738 sunt
2311 4675 2392 4737 ad
2421 4692 2674 4737 causam
2703 4673 3094 4753 angelorum.
3127 4674 3203 4737 Et
3223 4673 3306 4735 ad
3341 4674 3558 4735 omnia
3581 4694 3693 4755 ap-

2121 4770 2338 4851 plicari
2359 4774 2566 4850 potest
2591 4768 2696 4830 illa
2723 4768 2879 4829 ratio
2906 4768 3236 4848 Augustini
3255 4768 3318 4828 in
3333 4767 3686 4841 Enchirid„

2121 4864 2326 4943 capite
2380 4862 2684 4943 vigesimo
2753 4861 3018 4939 septimo
3069 4854 3090 4921 ἐ
3150 4861 3380 4924 Melius
3435 4864 3692 4942 putavit

2120 4957 2284 5019 Deus
2327 4972 2403 5020 σω
2451 4954 2635 5019 mdis
2681 4955 3033 5034 benefacere,
3075 4971 3254 5036 quam
3301 4954 3475 5017 mala
3505 4954 3691 5018 nulla

2119 5067 2244 5113 esso
2275 5051 2632 5130 permittere
2677 5072 2704 5109 .·
2755 5047 2872 5107 hac
2913 5046 3084 5108 enim
3141 5046 3387 5107 ratione.
3449 5048 3689 5108 creavit

2119 5142 2428 5223 quosdam
2455 5140 2738 5221 angelos,
2763 5139 2910 5201 licet
2933 5140 3250 5219 praesciret
3277 5139 3522 5201 futuros
3545 5158 3690 5200 ma-

2118 5236 2237 5310 los,
2269 5235 2418 5314 quia
2453 5234 2520 5297 in
2547 5234 2640 5297 eis
2681 5232 2872 5295 etiam
2914 5236 3160 5312 poterat
3191 5232 3457 5311 gloriam
3497 5252 3696 5295 suam.

2117 5327 2470 5391 ostendere.
