3850 6225
636 398 769 450 cat).
806 396 865 450 V.
900 397 1270 452 SOLthN'rUR
1304 395 1707 452 OBJECTIONES
1740 393 1984 450 CONTRA
2019 397 2372 452 nomnium
2406 401 2663 465 CAPITIS,
2701 403 2836 456 ETC.

130 497 508 578 praedefiniri
550 517 587 558 a
616 501 741 562 Deo
772 505 915 562 ante
954 501 1411 580 praescientiam
1439 499 1681 582 peccati

130 593 281 652 circa
312 592 488 672 quod
514 600 858 666 versantur,
894 593 975 654 ob
1005 595 1318 658 rationem
1344 594 1409 656 in
1435 595 1539 656 illa
1570 594 1683 656 ob·

122 685 387 763 jectione
426 689 677 758 tactam,
712 685 968 761 scilicet,
1010 688 1157 765 quia
1184 689 1247 748 in
1276 689 1379 750 illa
1412 687 1682 768 praefini—

42 765 68 772 ⁴‘
124 783 287 838 retur
300 777 489 856 culpa
506 796 631 838 non
654 784 895 839 tantum
912 781 1338 858 materialiter,
1358 782 1470 842 sed
1492 780 1681 842 etiam

123 869 483 944 formaliter,
514 872 661 950 quia
712 873 895 952 culpa
923 879 993 935 ut
1022 873 1203 953 culpa
1239 875 1321 937 ad
1353 875 1541 938 talem
1584 891 1683 934 ac-

122 972 247 1026 tum
278 981 395 1024 seu
423 966 719 1028 effectum
748 967 963 1046 gratiae
992 971 1387 1050 supponitur.
1419 971 1545 1031 Nec
1574 985 1683 1029 ve-

122 1077 187 1118 ro
216 1058 358 1118 hinc
405 1060 688 1138 sequitur
703 1060 907 1121 Deum
934 1079 1062 1121 non
1084 1061 1479 1142 praedefinire
1505 1065 1679 1124 actus

124 1153 521 1232 poenitentiae,
547 1155 659 1215 sed
688 1155 893 1216 solum
930 1158 1210 1234 sequitur
1250 1176 1376 1219 non
1400 1155 1681 1238 praedefi-

122 1248 244 1306 nire
274 1246 413 1306 illos
448 1252 597 1309 ante
624 1249 1083 1328 praescientiam
1105 1251 1385 1312 omnium
1416 1269 1679 1330 operum

121 1340 465 1400 futurorum
510 1341 575 1401 in
619 1342 725 1402 tali
767 1342 1045 1416 homine,
1084 1344 1262 1423 cujus
1310 1343 1675 1424 poenitentia

121 1433 475 1510 praefinitur,
512 1433 681 1513 quod
708 1435 1103 1496 verissimum
1134 1443 1247 1498 est.
1290 1436 1493 1512 Unde,
1536 1437 1678 1498 licet

122 1527 366 1586 fortasse
414 1527 588 1588 Deus
642 1528 953 1607 praefiniat
1002 1530 1066 1589 in
1125 1529 1675 1609 praedestinatione

124 1619 311 1680 omnia
350 1621 569 1681 media
604 1621 1191 1700 proedestinationiS,
1236 1624 1313 1684 de
1343 1641 1467 1703 quo
1516 1623 1675 1683 infra

125 1714 364 1788 dicetur,
388 1733 523 1776 non
543 1721 759 1776 tamen
788 1723 883 1778 est
903 1735 1160 1778 necesse
1183 1722 1273 1792 ut,
1304 1723 1518 1778 nostro
1546 1733 1677 1776 mo·

126 1827 181 1868 re
210 1807 623 1886 concipiendi,
670 1810 880 1870 omnia
910 1810 1216 1890 praefiniat
1252 1809 1315 1870 in
1346 1809 1569 1870 eodem
1597 1809 1678 1870 si—

126 1919 231 1978 gno
257 1899 547 1974 rationiS,
591 1906 652 1962 et
686 1920 831 1963 cum
869 1903 1090 1964 eadem
1127 1904 1559 1965 antecessione
1597 1901 1679 1963 ad

130 1993 563 2072 praescientiam
616 1995 993 2058 futurorum.
1030 1997 1105 2058 Et
1133 1997 1252 2060 hoc
1298 1995 1487 2057 modo
1517 2013 1678 2076 prae-

130 2087 241 2146 finit
286 2092 507 2147 actum
561 2089 969 2167 poenitentiae,
1014 2096 1348 2169 postquam
1397 2089 1677 2169 praevidit

128 2179 339 2258 lapsum
390 2181 769 2258 peccatoris
826 2183 1127 2263 Exemplo
1190 2183 1377 2244 etiam
1426 2182 1677 2244 redem-

129 2271 325 2351 ptIonis
376 2271 609 2335 Christi
656 2273 903 2335 Domini
954 2275 1019 2336 id
1065 2276 1359 2356 explicari
1421 2280 1669 2355 potest,

130 2365 375 2428 sentiunt
420 2367 601 2428 enim
640 2367 1031 2447 frequentius
1078 2369 1418 2450 Theologi,
1471 2370 1674 2429 Deum

128 2478 235 2519 non
276 2459 771 2539 praedestinasse
812 2462 1124 2524 Christum
1177 2464 1507 2524 Dominum
1556 2462 1673 2524 sub

125 2553 340 2614 ratione
370 2553 819 2634 redemptoris,
850 2557 971 2616 nisi
994 2556 1315 2636 supposita
1348 2557 1672 2636 praescien-

129 2647 195 2706 tia
212 2647 531 2724 originalis
546 2647 809 2726 peccati,
830 2649 973 2726 quia
997 2649 1344 2729 redemptio
1370 2650 1672 2711 essentia-

128 2738 247 2799 liter
265 2739 409 2801 dicit
438 2740 875 2802 habitudinem
898 2741 975 2802 ad
1004 2749 1357 2822 peccatum,
1392 2743 1671 2821 illudque

133 2833 423 2910 supponit,
463 2833 687 2894 saltem
717 2833 779 2894 in
811 2834 1020 2896 radice
1046 2835 1309 2910 infecta3
1361 2843 1425 2898 et
1450 2837 1672 2897 nihilo-

128 2925 307 2986 miuus
330 2925 624 2988 absolute
658 2945 875 2987 verum
906 2936 1000 2989 est
1028 2929 1248 2990 Christi
1296 2929 1671 3009 redemptio-

128 3037 249 3078 nem
298 3019 499 3080 fuisse
528 3020 611 3080 ab
659 3025 893 3082 aeterno
924 3021 1324 3102 praefinitam;
1374 3029 1437 3082 et
1470 3023 1547 3083 dc
1576 3023 1672 3082 In-

126 3113 467 3175 carnatione
518 3114 867 3176 secundum
912 3135 977 3176 se
1010 3122 1102 3177 est
1130 3116 1453 3196 probabile
1481 3116 1672 3178 fuisse

131 3212 247 3267 ante
260 3208 719 3286 praescientiam
733 3208 1048 3289 originalis
1060 3210 1257 3290 culpae
1276 3210 1648 3289 praefinitam
1658 3257 1671 3271 .

208 3304 293 3361 15.
324 3301 495 3363 Boni
540 3304 809 3383 effectus,
854 3321 971 3365 non
1012 3305 1345 3368 necessario
1367 3310 1679 3387 peccatum

132 3400 526 3477 supponentes,
562 3394 739 3458 illius
772 3400 973 3459 tamen
996 3399 1295 3462 occasione
1338 3398 1672 3461 executioni

130 3487 451 3562 mandandi,
484 3489 617 3567 ipso
652 3506 773 3551 non
784 3492 1051 3571 proeviso
1076 3499 1301 3573 queunt
1338 3491 1665 3572 proefiniri.

131 3610 197 3625 —
216 3582 297 3640 De
336 3580 668 3642 effectibus
716 3588 927 3643 autem
974 3584 1337 3663 posterioris
1386 3586 1666 3663 generis,

130 3690 237 3732 non
285 3680 371 3734 est
425 3674 875 3735 inconveniens
925 3676 1219 3755 praefiniri
1279 3676 1467 3738 etiam
1522 3683 1669 3739 ante

132 3766 563 3842 praescientiam
610 3774 785 3828 actus
816 3768 1078 3847 peccati,
1112 3770 1293 3848 cujus
1342 3769 1668 3832 occasione

130 3857 219 3917 vel
241 3860 599 3921 causalitate
618 3860 681 3920 in
704 3868 985 3940 tempore
1014 3860 1174 3923 fiunt
1193 3862 1350 3925 tales
1384 3862 1663 3924 effectus.

131 3950 215 4011 Sic
250 3954 443 4031 potuit
470 3952 613 4014 fieri
665 3960 735 4015 ut
780 3956 947 4015 Deus
975 3954 1513 4034 praedestinaverit
1557 3956 1665 4017 Pe-

132 4051 273 4104 trum
331 4052 475 4109 ante
520 4048 981 4125 praescientiam
1025 4050 1290 4127 peccati,
1349 4050 1431 4110 ad
1478 4050 1671 4111 talem

138 4138 469 4201 humilitatis
492 4141 791 4220 gradum3
836 4148 897 4203 et
936 4146 1147 4203 tamen
1190 4148 1409 4221 postea
1438 4144 1672 4223 permi-

139 4232 263 4293 serit
287 4240 632 4311 peccatum,
664 4240 731 4295 ut
759 4234 848 4296 illi
873 4240 1035 4296 esset
1066 4237 1310 4299 occasio
1336 4236 1527 4299 talem
1554 4238 1671 4298 hu-

140 4323 429 4386 militatem
445 4326 875 4407 comparandi.
898 4328 997 4390 Sic
1012 4329 1201 4391 etiam
1220 4329 1528 4408 praefinire
1559 4348 1671 4411 po-

142 4416 237 4475 tuit
270 4418 431 4480 Deus
468 4420 707 4500 Joseph
749 4439 1017 4501 regnare
1060 4423 1123 4483 in
1173 4424 1467 4502 AEgypto,
1498 4430 1671 4485 ante-

145 4527 306 4585 quam
334 4514 721 4593 permitteret
766 4514 867 4575 vel
906 4515 1225 4595 praesciret
1264 4516 1547 4578 absolute
1574 4516 1671 4577 fu-

145 4608 323 4664 turum
348 4614 673 4685 peccatum
692 4608 955 4669 fratrum
974 4610 1133 4689 ejus,
1166 4611 1271 4689 qui
1296 4628 1439 4672 eum
1461 4610 1671 4673 vendi·

148 4696 381 4773 derunt;
427 4703 579 4782 quia
634 4721 857 4765 revera
880 4704 985 4765 ille
1032 4704 1292 4766 effectus
1340 4706 1481 4766 talis
1512 4710 1667 4779 erat,

152 4791 239 4867 qui
278 4801 476 4871 posset
524 4796 663 4857 sine
706 4804 963 4877 peccato
1013 4797 1181 4871 fieri3
1236 4805 1467 4872 tamen,
1524 4799 1671 4878 quia

154 4885 311 4945 etiam
351 4894 590 4967 poterat
622 4888 763 4951 fieri
806 4892 1135 4953 occasione
1166 4892 1425 4972 peccati,
1464 4897 1527 4952 et
1554 4892 1673 4953 hoc

154 4978 321 5057 magis
344 4981 445 5042 Dei
474 4984 851 5063 sapientiam
882 4985 1344 5058 manifestabat,
1369 4984 1551 5047 facile
1584 4986 1675 5046 in·

153 5062 407 5151 telligitur
446 5076 619 5137 Deus
672 5077 901 5141 deinde
945 5079 1302 5159 permisisse
1346 5086 1675 5159 peccatum

158 5162 303 5237 illud,
340 5168 499 5246 quod
526 5169 645 5231 sibi
673 5177 842 5233 esset
870 5174 1114 5234 occasio
1168 5172 1529 5235 conferendi
1573 5172 1675 5235 Jo-

158 5258 285 5335 seph
308 5258 448 5323 illud
476 5262 741 5325 bonum.
769 5265 844 5326 Et
882 5264 965 5326 ad
992 5266 1159 5327 hunc
1208 5266 1465 5327 modum
1494 5266 1675 5328 intel-

157 5346 395 5425 liguntur
416 5356 648 5436 optime
677 5358 873 5420 multa
892 5377 1081 5440 opera
1101 5360 1325 5421 divinae
1352 5360 1685 5441 sapientiae

160 5446 209 5500 et
230 5447 627 5525 providentiae,
657 5449 723 5511 in
764 5452 991 5530 quibus
1021 5452 1103 5514 ita
1134 5451 1329 5515 utitur
1373 5454 1541 5514 Deus
1572 5471 1676 5513 vo·

164 5532 459 5601 luntatibus
476 5542 655 5603 malis
677 5542 759 5605 ad
788 5563 934 5606 suos
963 5544 1165 5607 bonos
1185 5546 1464 5622 effectus„
1490 5546 1677 5608 etiam

438 5659 517 5703 11.

3215 393 3332 460 129

1764 519 1801 560 a
1832 518 1899 561 sc
1926 499 2288 580 proefinitOS,
2319 519 2392 562 ac
2419 501 2470 561 si
2494 501 2660 582 ipsas
2677 503 2864 563 etiam
2886 503 3084 564 malas
3107 503 3330 564 volun-

1762 598 1923 654 tates
1960 593 2317 672 praeliniret‚
2353 613 2496 656 cum
2529 601 2741 656 tamen
2777 595 2914 656 illas
2957 597 3156 656 solum
3193 615 3330 676 per-

1764 687 2004 760 mittat;
2047 687 2194 766 quia
2245 689 2363 749 hoc
2415 689 2566 749 satis
2595 688 2712 748 sibi
2741 689 2944 749 estad
2987 707 3134 750 suos
3175 689 3334 750 fines

1764 782 2264 860 consequendOS,
2320 787 2380 842 et
2425 783 2584 844 alius
2623 783 2848 844 modus
2881 783 3132 844 volendi
3185 785 3331 845 talia

1764 893 1956 955 opera
1997 891 2124 934 non
2157 875 2338 935 decet
2369 874 2562 954 ipsius
2595 875 2960 936 bonitatem.
3012 877 3087 936 Et
3111 877 3176 936 in
3213 877 3334 938 hoc

1762 968 2092 1048 posteriori
2123 967 2340 1028 ordine
2372 968 2734 1029 collocanda
2762 975 2854 1029 est
2875 969 3094 1030 Christi
3125 970 3332 1030 Domi-

1762 1061 1825 1120 ni
1856 1060 2088 1140 passio,
2121 1059 2200 1120 de
2242 1077 2366 1137 qua
2397 1061 2460 1120 in
2491 1061 2756 1140 exposit.
2807 1062 3032 1122 Psalm.
3080 1064 3182 1138 42,
3221 1081 3336 1124 no-

1762 1154 1934 1215 mine
1971 1153 2358 1232 Hieronymi,
2394 1154 2481 1214 sic
2507 1153 2774 1234 legitur:
2803 1155 3105 1236 Reprobat
3133 1161 3332 1219 autem

1763 1247 2155 1326 copitationee
2200 1247 2595 1328 populorum,
2645 1249 2752 1310 hoc
2807 1253 2930 1320 est,
2978 1248 3330 1311 Judoeorum

1759 1339 2039 1411 consilia,
2069 1340 2213 1419 quia
2258 1356 2380 1401 non
2413 1343 2742 1422 potuerunt
2785 1340 2902 1404 illa
2935 1344 3157 1416 facere,
3207 1343 3335 1404 nisi

1758 1437 2055 1512 quantum
2079 1449 2118 1494 a
2143 1433 2265 1494 Deo
2288 1431 2664 1514 proefinitum
2695 1439 2848 1497 erat.
2881 1435 2950 1494 In
2991 1435 3114 1496 hoc
3142 1436 3332 1495 etiam

1759 1523 1978 1584 ordine
2029 1525 2352 1604 passiones
2406 1524 2670 1587 fortasse
2725 1527 3072 1606 Martyrum
3115 1529 3332 1590 sedem

1758 1617 2096 1690 vindicant,
2125 1636 2284 1697 quae,
2309 1624 2378 1679 ut
2401 1620 2724 1698 passiones
2754 1624 2921 1693 sunt,
2954 1621 3134 1682 bonae
3163 1627 3328 1696 sunt,

1760 1717 1822 1772 et
1862 1711 2275 1774 essentialiter
2318 1731 2432 1772 seu
2469 1730 2546 1773 ex
2587 1711 2923 1775 intrinseca
2960 1714 3327 1777 habitudine

1760 1804 2008 1884 culpam
2040 1823 2169 1866 non
2199 1807 2560 1886 requirunt3
2597 1812 2659 1867 et
2681 1807 2824 1868 ideo
2855 1807 2972 1868 sub
3003 1809 3112 1869 tali
3143 1810 3329 1870 ratio-

1758 1915 1841 1957 ne
1875 1897 2174 1976 praefiniri
2205 1905 2564 1978 potuerunt,
2613 1901 2798 1962 etiam
2831 1907 2976 1962 ante
3004 1902 3331 1981 praescien-

1756 1991 1911 2053 tiam
1971 1992 2067 2052 vel
2117 1993 2599 2072 permissionem
2649 1999 2902 2056 actuum
2943 1995 3326 2076 iniquorum,

1759 2104 1873 2165 per
1907 2104 2066 2165 quos
2096 2085 2159 2145 in
2190 2091 2475 2165 tempore
2510 2085 2748 2148 effectae
2779 2093 2946 2163 sunt,
2981 2090 3130 2167 quia
3163 2089 3226 2148 in
3257 2089 3332 2150 il-

1756 2179 1833 2238 lis
1890 2178 2312 2258 passionibuS,
2383 2185 2452 2240 ut
2490 2179 2612 2252 sic,
2663 2197 2792 2240 non
2843 2185 2990 2240 sunt
3037 2180 3325 2259 praefiniti

1756 2271 1913 2333 tales
1944 2277 2144 2345 actuS,
2177 2271 2366 2332 etiam
2403 2271 2776 2346 virtualiter,
2817 2279 2880 2334 et
2909 2279 2978 2334 ut
3025 2291 3140 2352 per
3165 2273 3324 2335 tales

1758 2371 1933 2425 actus
1959 2371 2178 2444 postea
2208 2364 2432 2426 fierent
2461 2383 2678 2426 eorum
2707 2365 3038 2444 permissio
3065 2367 3328 2430 sufficie-

1754 2458 1881 2518 bat.
1939 2458 2052 2518 Hic
2117 2463 2330 2518 tamen
2386 2457 2633 2518 dicendi
2686 2457 2912 2519 modus
2969 2461 3326 2521 necessario

1754 2553 2050 2632 supponit
2067 2569 2204 2612 esse
2229 2551 2294 2611 in
2309 2551 2439 2612 Deo
2455 2550 2910 2632 praescientiam
2926 2552 3096 2612 illam
3117 2553 3331 2615 condi-

1751 2645 2080 2717 tionatam,
2118 2661 2246 2722 qua
2271 2643 2514 2722 praescit
2544 2643 2696 2724 quid
2735 2644 3020 2706 voluntas
3045 2646 3326 2708 humana

1756 2737 1833 2798 sit
1880 2743 2216 2816 operatura
2257 2737 2320 2796 in
2351 2735 2644 2797 omnibus
2675 2738 3104 2804 eventibuset
3145 2759 3327 2801 occa-

1755 2831 2059 2904 sionibuS,
2092 2831 2141 2891 si
2191 2831 2254 2890 in
2301 2831 2394 2891 eis
2440 2831 2852 2892 constituatur
2876 2838 2938 2894 et
2970 2835 3214 2912 operari
3243 2835 3326 2896 si-

1754 2930 1961 2986 natur.
1993 2927 2172 2998 Nam,
2202 2929 2270 2984 ut
2299 2942 2488 3004 supra
2511 2925 2822 3000 dicebam,
2847 2944 2973 2987 non
3003 2933 3208 3006 potest
3233 2947 3326 2989 es-

1756 3037 1822 3080 sc
1848 3017 2190 3088 infallibile‚
2216 3019 2419 3096 posita
2441 3020 2853 3098 permissione
2881 3019 3158 3081 futurum
3187 3039 3324 3083 esse

1755 3116 2106 3193 peccatum,
2149 3111 2266 3173 nisi
2312 3132 2390 3172 ex
2431 3111 2857 3193 suppositione
2891 3113 3080 3193 huJus
3125 3115 3326 3177 scien-

1755 3206 1857 3266 tiae
1883 3225 1898 3278 ;
1933 3211 2000 3265 ut
2021 3210 2232 3265 autem
2255 3204 2464 3265 divina
2488 3205 2877 3285 providentia
2906 3207 3168 3269 effectus
3192 3227 3228 3269 a
3255 3226 3324 3270 se

1760 3299 2098 3379 proetinitos
2135 3297 2542 3359 infallibiliter
2585 3306 3041 3378 consequatur,
3115 3302 3324 3363 media

1753 3392 2164 3473 permissione
2189 3392 2453 3471 peccati,
2487 3410 2746 3454 necesse
2774 3399 2871 3454 est
2897 3399 2964 3455 ut
2993 3400 3320 3475 peccatum

1751 3486 2146 3565 permittatur
2198 3484 2608 3546 infallibiliter
2656 3485 2958 3548 futurum.
3031 3488 3148 3548 Per
3185 3488 3321 3548 haec

1753 3597 1902 3659 ergo
1962 3578 2348 3640 satisfactum
2397 3583 2492 3640 est
2523 3579 2814 3640 omnibus
2855 3580 3322 3643 difficultatibus

1752 3690 1891 3751 quae
1922 3673 1986 3732 in
2015 3672 2118 3733 illa
2155 3678 2376 3750 quarta
2405 3671 2758 3751 objectione
2791 3679 3156 3754 tanguntur.

1832 3766 1972 3827 Scio
2028 3764 2341 3844 aliquibus
2395 3765 2728 3845 Theologis
2777 3768 2977 3847 magis
3041 3768 3314 3847 placere,

1750 3859 1990 3918 nullam
2035 3858 2518 3937 praefinitionem
2551 3858 2778 3919 horum
2821 3860 3178 3935 effectuum,
3210 3862 3318 3942 qui

1754 3952 2082 4013 occasione
2123 3952 2359 4031 peccati
2390 3951 2571 4025 fiunt,
2621 3952 2972 4026 admittere,
3021 3954 3135 4014 nisi
3176 3961 3321 4034 post

1752 4044 2206 4125 praescientiam
2257 4046 2607 4107 absolutam
2663 4044 2854 4107 futuri
2913 4048 3175 4125 peccati,
3235 4068 3316 4111 ne

1754 4144 2062 4219 cogantur
2113 4138 2442 4199 admittere
2490 4138 2555 4198 in
2601 4138 2732 4198 Deo
2771 4137 2942 4197 illam
2983 4140 3318 4218 praescien-

1751 4234 1901 4294 tiam
1948 4232 2470 4305 conditionatam;
2525 4230 2662 4291 aliis
2717 4250 2867 4293 vero
2925 4248 2959 4292 e
3017 4224 3316 4335 chso

1754 4327 1956 4407 magis
1995 4324 2244 4405 placere
2265 4324 2823 4405 praedefinitionem
2853 4325 3180 4389 admittere
3209 4346 3317 4388 an·

1752 4426 1813 4482 te
1846 4420 2302 4501 praescientiam
2347 4419 2608 4497 peccati,
2641 4434 2772 4479 non
2804 4418 3006 4480 solum
3035 4420 3102 4481 in
3130 4422 3319 4484 effec-

1754 4513 1919 4574 tibus
1973 4512 2331 4592 posterioris
2383 4510 2638 4583 ordinis,
2671 4511 2784 4571 sed
2833 4511 3020 4573 etiam
3067 4514 3314 4593 prioriS,

1754 4608 1899 4685 quia
1939 4624 2067 4667 non
2113 4605 2469 4668 existimant
2519 4605 2701 4682 sequi
2747 4606 3046 4683 praefiniri
3095 4626 3320 4689 pecca-

1752 4707 1923 4773 tum,
1981 4698 2093 4761 sed
2157 4704 2404 4760 tantum
2457 4697 2935 4775 permissionem
2990 4700 3147 4778 ejuS.
3204 4702 3318 4775 Qui

1754 4793 1922 4854 modi
1949 4790 2197 4854 dicendi
2225 4796 2368 4851 sunt
2396 4788 2753 4870 probabiles
2777 4794 2839 4850 et
2859 4790 3151 4853 sustineri
3175 4812 3321 4873 pos-

1756 4892 1922 4958 sunt,
1957 4884 2299 4947 dummodo
2331 4882 2740 4964 praedefinitio
2788 4890 2966 4945 actus
3001 4886 3150 4948 mali
3192 4906 3319 4949 non

1758 4980 2141 5054 admittatur,
2173 4996 2311 5059 quae
2341 4994 2461 5038 nec
2490 4976 2572 5037 ad
2609 4976 2868 5037 effectus
2911 4975 3138 5039 divinae
3177 4997 3322 5058 pro-

1755 5073 2045 5135 videntiae
2085 5070 2441 5134 necessaria
2488 5076 2603 5143 est,
2657 5088 2776 5131 nec
2821 5068 3096 5131 divinam
3144 5072 3324 5135 decet

1757 5167 2122 5227 bonitatem.
2155 5165 2378 5227 Modus
2409 5169 2620 5224 autem
2650 5162 2897 5223 dicendi
2919 5182 2954 5222 a
2979 5164 3158 5224 nobis
3185 5182 3324 5243 pro·

1756 5262 2018 5342 positus,
2063 5265 2127 5321 et
2166 5257 2477 5320 distinctio
2523 5254 2692 5327 data,
2723 5255 2971 5316 videtur
3003 5255 3322 5335 aptissima

1758 5355 1838 5416 ad
1881 5354 2093 5415 omnia
2135 5348 2546 5421 concilianda,
2590 5354 2652 5408 et
2693 5344 3124 5408 admirabilem
3171 5348 3323 5408 divi-

1758 5468 1855 5511 nae
1892 5447 2297 5529 providentiae
2342 5441 2737 5523 sapientiam,
2769 5440 3194 5501 fortitudinem
3249 5460 3322 5504 ac

1760 5544 2130 5605 suavitatem
2161 5536 2626 5602 declarandam.

2958 5639 2999 5699 ⁹
