3850 6225
726 402 863 455 CAP.
897 401 1026 454 vm.
1061 400 1480 453 VOLUNTATEM
1513 396 1804 449 CREATAM
1837 396 1914 446 ΟΒ
1950 396 2341 455 ΜΒΕΒΤΑΤΕΜ
2374 404 2557 465 SUAM,
2592 406 2725 457 ETC.

123 502 310 563 simus
355 519 474 561 nos
501 501 930 581 philosophari
963 501 1080 561 nisi
1109 520 1186 561 ex
1218 500 1552 561 virtutibus
1586 516 1687 558 ac-

123 596 246 655 tivis
285 612 448 671 quas
498 595 893 673 experimur,
943 600 1004 655 et
1037 594 1268 671 alioqui
1310 593 1484 653 nulla
1528 590 1686 651 ratio

121 705 222 746 nos
257 690 446 765 cogat
484 686 567 746 ad
615 686 1078 747 admittendum
1106 687 1229 747 tale
1270 704 1470 763 genus
1500 685 1688 744 virtu-

119 780 184 840 tis
210 779 452 849 activae‚
487 779 828 853 immerito,
866 784 930 840 et
971 784 1198 857 praeter
1251 796 1504 839 omnem
1538 794 1686 837 con-

119 872 470 932 venientem
513 870 1005 951 philosophandi
1042 872 1374 947 rationem,
1416 870 1685 947 fingere·

123 974 224 1025 tur.
251 965 642 1037 Praesertim,
669 983 816 1024 cum
843 964 1268 1025 necessarium
1297 980 1685 1041 consequen-

120 1064 202 1117 ter
233 1057 312 1117 sit
363 1056 610 1128 dicere,
655 1058 905 1135 quoties
948 1057 1224 1117 variatur
1274 1056 1434 1117 actio
1479 1072 1682 1115 causae

116 1148 428 1219 sccundae,
447 1149 689 1209 variari
715 1148 902 1209 etiam
927 1149 1090 1209 hanc
1124 1150 1467 1219 entitatem,
1495 1164 1688 1227 quam

115 1245 267 1301 Deus
309 1242 378 1299 in
431 1241 613 1300 illam
652 1239 1076 1320 praeinfundit.
1129 1242 1388 1318 Itaque,
1441 1240 1687 1319 quoties

115 1350 334 1393 novum
361 1332 623 1411 lignum
649 1333 1024 1395 admovetur
1045 1334 1196 1413 igni,
1223 1332 1406 1394 toties
1427 1350 1686 1393 necesse

116 1435 196 1487 est
243 1433 312 1487 ut
366 1427 542 1487 Deus
591 1444 826 1486 novam
876 1426 1242 1504 qualitatem
1295 1432 1406 1487 aut
1458 1443 1686 1485 novam

115 1540 257 1587 rem,
289 1520 837 1581 determinantem
870 1522 1106 1599 ignem,
1133 1520 1252 1599 ipsi
1279 1520 1595 1591 conferat3
1625 1524 1688 1580 et

119 1614 322 1674 similia
367 1621 644 1692 possent
673 1614 854 1674 facile
885 1612 1122 1689 inferri,
1155 1631 1294 1693 quae
1331 1614 1462 1674 sine
1497 1630 1685 1673 causa

117 1706 356 1783 quilibet
391 1707 822 1785 philosophus
865 1706 1259 1769 concederet.
1295 1706 1418 1767 Sed
1459 1706 1537 1767 de
1577 1724 1688 1767 na-

117 1800 402 1861 turalibus
435 1802 654 1860 causis
675 1801 810 1861 haec
839 1800 1172 1873 sufficiant,
1192 1816 1331 1879 quae
1357 1818 1482 1859 non
1504 1805 1687 1861 erunt

119 1892 336 1951 inutilia
371 1892 466 1952 ad
495 1892 745 1954 facilius
771 1890 1178 1971 intelligenda
1213 1910 1290 1953 ea
1333 1910 1470 1971 quae
1508 1892 1588 1953 de
1617 1892 1687 1952 li·

115 1985 260 2045 beris
285 1984 572 2045 dicenda
614 1992 782 2047 sunt.

179 2079 235 2139 8.
283 2077 628 2158 Colligitur
679 2080 836 2141 idem
899 2079 970 2141 de
997 2078 1305 2140 voluntate
1351 2074 1682 2151 dicendum,

115 2172 254 2250 qnod
274 2170 521 2232 dicitur
548 2172 621 2233 de
647 2172 796 2235 aliis
829 2173 1034 2235 causis
1061 2172 1468 2235 naturalibus.
1496 2202 1576 2217 —
1595 2170 1686 2229 Ex

117 2265 198 2322 his
239 2282 393 2341 ergo
443 2269 628 2325 recte
677 2264 1072 2325 concluditur
1115 2265 1500 2324 voluntatem
1537 2280 1685 2322 nos-

115 2362 254 2415 tram
303 2374 384 2417 ex
433 2356 580 2417 sola
617 2357 900 2434 generali
929 2357 1168 2417 ratione
1217 2374 1422 2416 causae
1463 2372 1682 2414 secun·

115 2450 216 2520 dae,
270 2468 400 2509 non
471 2450 762 2529 indigere
821 2452 938 2511 hac
991 2448 1679 2529 praa-determinatione,

117 2542 217 2601 nisi
245 2542 306 2601 in
351 2560 438 2603 ea.
485 2541 732 2621 aliquid
757 2544 1080 2623 proprium
1123 2548 1184 2603 et
1233 2540 1549 2619 singulare
1585 2558 1684 2601 os-

121 2635 412 2707 tendatur,
448 2635 540 2696 ob
588 2636 762 2715 quod
789 2636 960 2697 illam
987 2636 1286 2714 requirat.
1321 2634 1497 2707 Quod
1531 2652 1682 2695 sane

123 2745 226 2786 non
263 2728 380 2787 erit
428 2727 630 2788 facile
664 2728 1033 2800 ostendere;
1066 2728 1236 2807 quia,
1271 2728 1430 2788 sicut
1464 2727 1530 2786 in
1561 2746 1681 2787 cae-

123 2820 245 2879 teris
287 2822 506 2881 causis
559 2821 936 2883 naturaliter
973 2821 1329 2900 agentibus,
1369 2820 1453 2879 ita
1498 2825 1560 2881 et
1615 2820 1682 2881 in

123 2913 414 2974 voluntate
481 2912 876 2975 sufficienter
925 2914 1200 2975 salvatur
1254 2912 1680 2973 subordinatio

133 3006 434 3067 voluntatis
459 3008 548 3066 ad
591 3008 820 3080 Deum,
855 3012 925 3066 ut
967 3007 1230 3086 primam
1259 3022 1536 3081 causam,
1568 3022 1684 3083 per

133 3097 602 3178 dependentium
639 3100 1038 3162 essentialem
1078 3118 1268 3180 quam
1309 3098 1389 3160 ab
1425 3098 1528 3160 illo
1572 3098 1684 3158 ha-

125 3193 232 3264 bet,
257 3211 382 3254 non
415 3194 638 3254 solum
663 3195 734 3254 in
766 3211 930 3268 esse,
957 3193 1068 3254 sed
1101 3194 1288 3254 etiam
1320 3193 1388 3252 in
1409 3191 1680 3272 operari,

123 3285 334 3346 ratione
375 3305 738 3347 concursus
773 3285 1109 3346 necessarii
1161 3287 1448 3364 superius
1489 3283 1686 3364 expli-

122 3361 254 3450 cati3
304 3397 463 3458 ergo
515 3398 602 3439 ex
644 3379 708 3438 vi
751 3378 942 3458 hujus
981 3377 1512 3439 subordinationis
1552 3395 1682 3438 non

121 3477 200 3530 est
219 3473 588 3534 necessaria
618 3473 744 3532 alia
799 3471 990 3532 motio
1025 3472 1233 3532 divina
1266 3471 1684 3552 praedetermi-

117 3583 292 3636 nans;
327 3583 512 3644 ergo,
539 3583 662 3644 per
702 3582 768 3624 se
795 3563 1138 3642 loquend0,
1181 3582 1310 3624 non
1341 3570 1434 3625 est
1461 3582 1682 3624 neces-

119 3657 262 3715 saria
289 3657 374 3716 ad
417 3663 645 3718 actum
673 3656 945 3717 liberum
983 3655 1340 3718 voluntatis.
1381 3656 1684 3716 Probatur

117 3749 234 3807 haec
269 3750 496 3810 ultima
533 3749 1019 3828 consequentia,
1069 3748 1216 3827 quia
1259 3766 1388 3808 non
1432 3754 1526 3808 est
1563 3747 1684 3808 mi-

119 3859 220 3901 nus
243 3849 471 3920 potens
499 3841 804 3902 voluntas
831 3842 912 3902 ad
953 3841 1337 3904 exercendos
1360 3847 1538 3902 actus
1565 3841 1684 3901 sibi

120 3935 576 4009 connaturaleS,
612 3953 807 4014 quam
853 3937 976 3997 sint
1017 3936 1154 3996 alioe
1195 3953 1400 3995 causae
1430 3941 1686 3995 natura-

121 4027 196 4087 les
241 4028 323 4089 ad
375 4030 670 4090 actiones
707 4047 883 4101 suas;
938 4047 1056 4090 nec
1105 4033 1313 4108 potest
1351 4026 1682 4106 singularis

119 4121 308 4200 aliqua
351 4123 515 4183 ratio
561 4121 630 4181 in
661 4122 982 4182 voluntate
1019 4119 1320 4193 inveniri,
1364 4119 1446 4180 ob
1493 4138 1680 4199 quam

121 4212 240 4272 haec
268 4212 722 4274 determinatio
752 4212 834 4274 ad
877 4212 1212 4274 voluntatis
1245 4217 1422 4274 actus
1467 4230 1682 4272 neces-

122 4305 268 4372 saria
315 4305 414 4378 sit,
451 4307 669 4386 potius
727 4323 922 4383 quam
961 4304 1043 4366 ad
1092 4311 1270 4365 actus
1298 4305 1682 4383 reliquarum

123 4415 462 4458 causarum.
525 4399 714 4470 Quod
763 4399 829 4458 in
884 4405 1188 4476 sequente
1227 4398 1430 4478 capite
1483 4397 1684 4460 fusius

123 4491 577 4553 ostendendum
603 4497 721 4552 est.

680 4681 930 4744 CAPUT
967 4681 1120 4746 vm.

132 4878 514 4930 vomrt'rnnu
551 4883 843 4930 mnam
865 4885 936 4930 OB
959 4882 1344 4930 Lmnnu‘rnu
1371 4881 1530 4928 sum
1565 4881 1684 4928 NON

201 4973 478 5022 mmmm
505 4975 756 5022 PanmA
805 4977 884 5022 BT
931 4975 1296 5024 munzun
1326 4973 1685 5020 rafinum-

207 5066 534 5116 mrumst
547 5069 638 5116 -m’
665 5069 996 5116 OPBRBTUR.

213 5239 268 5294 1.
309 5235 792 5300 Fundamentum
820 5237 1064 5316 firmius
1091 5255 1203 5320 quo
1234 5237 1440 5299 innisi
1462 5235 1688 5320 proede-

147 5330 604 5392 muniminum
649 5331 804 5393 hauc
845 5331 1168 5408 defendant
1222 5327 1585 5392 adversarii.
1610 5361 1690 5376 —

149 5418 337 5482 Habet
359 5422 642 5483 voluntas
685 5430 920 5497 creata,
972 5429 1284 5504 qnatenus
1327 5421 1526 5482 libera
1569 5427 1683 5494 est,

147 5513 576 5591 proprietatem
613 5515 1032 5595 peculiarem,
1083 5517 1322 5577 ratione
1365 5515 1544 5594 cujus
1588 5533 1688 5574 as·

3256 406 3333 467 35

1767 504 1985 558 serunt
2029 503 2353 563 contrariae
2406 506 2733 566 sententia}
2782 504 3171 581 defensores,
3202 528 3336 569 om·

1767 588 1916 651 nino
1944 594 2363 655 necessariam
2413 597 2499 657 illi
2556 618 2693 660 esse
2747 598 2977 659 dictam
3005 600 3335 678 praedeter-

1767 682 2197 757 minationem,
2230 688 2525 750 nimirum
2553 691 2633 751 ob
2662 692 3141 753 indifferentiam
3174 696 3331 774 ejus.

1769 775 1944 837 Unde
1976 776 2039 836 in
2068 778 2233 841 hunc
2266 783 2525 842 modum
2556 790 3099 863 argumentantur,
3125 794 3186 848 et
3214 789 3335 849 hoc

1767 866 2122 930 existimant
2158 888 2295 933 esse
2339 874 2839 937 efficacissimum
2870 896 2997 938 suae
3023 880 3335 957 opinionis

1763 959 2243 1025 fundamentum
2274 984 2287 1025 :
2320 984 2355 1027 a
2392 986 2582 1029 causa
2622 970 3018 1031 indifferente
3064 978 3125 1033 et
3166 972 3339 1035 inde·

1762 1054 2095 1115 terminata
2125 1075 2252 1117 non
2290 1066 2495 1137 potest
2546 1060 2840 1123 definitus
2870 1063 3121 1140 prodire
3152 1066 3335 1127 effec-

1766 1151 1902 1217 tus;
1935 1146 2047 1207 sed
2070 1148 2382 1223 voluntaS,
2426 1154 2646 1231 positis
2689 1155 2981 1217 omnibus
3021 1158 3335 1237 requisitis

1769 1254 1844 1297 ex
1871 1246 2053 1316 parte
2089 1242 2313 1320 objecti
2346 1250 2407 1305 et
2440 1245 2813 1321 intellecturi,
2858 1266 2931 1309 ac
2962 1268 3217 1311 suarum
3248 1252 3337 1312 vi·

1767 1330 1955 1406 rium,
2007 1340 2101 1395 est
2136 1334 2499 1425 indifferens
2542 1338 2625 1399 ad
2672 1340 2841 1401 hunc
2892 1342 2989 1402 vel
3028 1344 3205 1405 illum
3238 1364 3336 1405 ac·

1767 1428 1902 1483 tum
1942 1424 2347 1501 eliciendum;
2383 1448 2533 1508 ergo
2576 1432 2772 1512 priua,
2814 1434 3037 1495 saltem
3084 1442 3329 1511 natura,

1767 1532 1959 1595 quam
1990 1518 2267 1597 aliquem
2309 1521 2561 1585 definite
2612 1523 2837 1597 eliciat,
2882 1530 3129 1605 oportet
3156 1534 3225 1589 ut
3252 1530 3334 1590 ab

1768 1608 1976 1687 aliquo
2007 1611 2491 1687 determinetur3
2522 1634 2671 1695 ergo
2698 1636 2735 1677 a
2754 1619 2909 1691 Deo,
2937 1620 3084 1697 quia
3110 1640 3225 1683 nec
3252 1622 3333 1683 ab

1768 1701 1888 1761 alia
1913 1721 2105 1763 causa
2128 1711 2332 1783 potest
2360 1706 2799 1781 determinari,
2832 1712 3065 1772 etenim
3096 1714 3333 1775 nullam

1765 1794 1955 1855 habet
2014 1796 2355 1859 efficaciam
2388 1800 2451 1859 in
2490 1799 2691 1881 ipsam
2740 1802 3125 1865 voluntatem
3162 1824 3177 1878 ς
3220 1824 3337 1867 ne·-

1767 1904 1890 1965 que
1926 1906 1965 1947 a
1990 1907 2081 1961 se,
2112 1890 2259 1967 quia
2292 1910 2545 1971 semper
2575 1896 2721 1955 ante
2746 1894 3337 1961 determinationem

1767 1978 1850 2038 ab
1881 1980 2002 2040 alio
2053 1988 2377 2063 receptam
2422 1986 2778 2047 invenietur
2823 1988 3211 2065 indifferenS,
3256 2010 3333 2052 ac

1771 2072 2035 2149 proinde
2077 2074 2457 2138 insufficiens
2494 2076 2577 2139 ad
2626 2078 3213 2145 determinationem
3240 2082 3334 2145 fa-

1767 2164 2079 2227 ciendam.
2134 2166 2313 2230 Unde
2361 2169 2663 2247 probatur
2724 2172 2927 2251 prima
2984 2174 3329 2255 propositio

1767 2266 2117 2340 assumpta,
2155 2262 2219 2323 in
2249 2280 2373 2340 qua
2425 2264 2518 2326 vis
2548 2271 2675 2327 tota
2716 2267 2977 2329 rationis
3004 2270 3325 2333 consistit:

1765 2352 1965 2431 primo
1998 2354 2275 2431 quidem,
2306 2356 2451 2435 quia
2482 2365 2793 2437 repugnat
2822 2359 3109 2423 eamdem
3136 2362 3335 2423 facul-

1763 2451 1959 2505 tatem
2004 2464 2081 2505 ex
2128 2464 2195 2507 se
2244 2466 2380 2509 esse
2416 2449 2899 2525 indifferentem,
2951 2458 3013 2514 et
3054 2455 3330 2534 seipsam

1765 2536 2206 2612 determinare,
2262 2541 2408 2619 quia
2451 2540 2939 2606 determinatum
2984 2552 3045 2607 et
3082 2546 3332 2611 indiffe-

1764 2648 1910 2691 rens
1968 2633 2527 2712 contradictionem
2580 2637 2923 2699 involvunt.
2984 2640 3275 2703 Secundo
3310 2687 3326 2715 ,

1763 2724 1908 2805 quia
1940 2742 2127 2787 causa
2154 2726 2519 2790 indifferens
2562 2735 2657 2791 est
2702 2730 2881 2809 quasi
2925 2732 3327 2815 incompleta,

1764 2824 1832 2877 ut
1858 2818 1920 2878 in
1980 2836 2175 2887 unum
2220 2821 2511 2882 effectum
2539 2822 2744 2900 potius
2794 2842 2987 2903 quam
3026 2826 3091 2887 in
3136 2829 3330 2889 alium

1763 2917 1978 2983 exeat3
2013 2930 2221 2990 neque
2256 2932 2333 2974 ex
2362 2919 2539 2993 parte
2582 2914 2721 2995 ejus
2767 2922 2972 2995 potest
3004 2918 3129 2980 ulla
3168 2922 3327 2983 ratio

1763 3003 1965 3077 reddi,
1998 3023 2109 3066 cur
2136 3005 2219 3066 ab
2260 3006 2365 3067 illa
2398 3006 2657 3069 effectus
2698 3017 2912 3070 manet
2950 3009 3333 3075 determina-

1763 3103 1899 3169 tus;
1936 3117 2085 3178 ergo
2126 3104 2371 3179 oportet
2402 3105 2471 3160 ut
2498 3100 3026 3180 complementum
3062 3110 3123 3166 et
3150 3106 3328 3169 radix

1763 3190 1904 3252 talis
1948 3192 2483 3253 determinationis
2541 3194 2794 3254 aliunde
2851 3199 3212 3275 proveniat,
3264 3206 3327 3262 et

1765 3284 2095 3345 antecedat
2134 3286 2391 3346 effectus
2420 3285 3033 3364 determinationem,
3065 3297 3135 3352 ut
3162 3291 3327 3354 illius

1762 3377 2138 3457 principium
2166 3383 2229 3438 et
2260 3396 2451 3439 causa
2484 3397 2622 3440 esse
2664 3380 2880 3458 possit.

1841 3469 1901 3528 2.
1948 3469 2191 3533 Novum
2219 3469 2395 3532 illius
2420 3473 2764 3552 aryumenti
2784 3473 2985 3536 robur.
3008 3505 3089 3522 -
3124 3477 3212 3540 Id
3230 3495 3327 3541 οω-

1757 3560 2030 3644 plicatur
2091 3563 2374 3644 auspi-ius.
2412 3595 2491 3610 -
2518 3562 2697 3636 Quod
2752 3565 2805 3626 si
2856 3565 3136 3646 objiciaS,
3176 3569 3323 3648 quia

1763 3655 1880 3717 hac
1907 3655 2146 3716 ratione
2174 3656 2546 3733 probaretur
2572 3657 2759 3718 etiam
2787 3659 2980 3720 Deum
3004 3661 3207 3740 ipsum
3231 3664 3324 3723 ni-

1765 3746 1850 3807 hil
1883 3765 2065 3827 posse
2112 3747 2379 3822 efficere,
2410 3748 2530 3808 nisi
2558 3748 2639 3809 ab
2664 3751 2785 3810 alio
2816 3752 2989 3829 prius
3031 3753 3322 3816 determi-

1764 3847 1970 3915 netur,
2004 3841 2148 3920 quia
2186 3841 2263 3901 de
2307 3859 2374 3902 sc
2426 3848 2521 3902 est
2566 3859 2755 3904 causa
2798 3843 3183 3920 indifferenS,
3226 3866 3328 3910 re-

1765 3933 2076 4012 spondent
2122 3933 2475 3995 roborando
2522 3936 2829 3996 rationem
2880 3936 3133 4012 factam,
3180 3940 3326 4017 quia

1764 4028 1952 4098 Deus,
1984 4042 2128 4085 cum
2162 4025 2240 4086 sit
2276 4043 2353 4086 ex
2382 4043 2449 4086 se
2491 4027 2855 4088 indifferens
2882 4025 2965 4088 ad
2991 4028 3109 4090 hos
3136 4031 3323 4092 effec-

1763 4127 1862 4182 tus
1889 4119 2097 4200 potius
2125 4137 2315 4199 quam
2345 4119 2426 4181 ad
2458 4119 2635 4193 alica,
2668 4139 2735 4181 se
2782 4120 3153 4184 determinat
3182 4125 3323 4186 abs-

1763 4233 1885 4294 que
1932 4215 2052 4275 alio
2092 4213 2390 4294 superiori
2438 4213 2919 4288 determinante,
2962 4231 3039 4278 ex
3082 4217 3325 4281 infinita

1763 4307 2139 4386 perfectione
2170 4313 2229 4368 et
2258 4307 2617 4378 eminentia,
2646 4325 2683 4366 a
2712 4325 2835 4386 qua
2865 4307 3077 4382 habet,
3099 4316 3167 4371 ut
3196 4329 3325 4372 non

1763 4401 1967 4461 solum
1995 4400 2072 4460 sit
2100 4399 2280 4472 liber,
2315 4399 2427 4460 sed
2454 4399 2641 4459 etiam
2670 4405 2741 4460 ut
2768 4400 2845 4460 sit
2872 4399 3143 4478 primum
3170 4402 3329 4466 libe·

1761 4511 1902 4554 rum
1932 4491 2083 4552 nulli
2120 4491 2423 4570 superiori
2451 4491 2963 4566 subordinatum;
2999 4513 3149 4575 ergo
3184 4497 3327 4558 talis

1765 4585 1991 4646 modus
2020 4584 2319 4664 operandi
2348 4583 2501 4644 nulli
2530 4583 2831 4646 voluntati
2853 4593 3074 4650 creatae
3104 4606 3326 4650 conve-

1764 4678 1899 4739 nire
1953 4682 2177 4758 potest.
2210 4676 2401 4752 Alias,
2449 4675 2499 4737 si
2544 4677 2833 4738 voluntas
2878 4683 3088 4741 creata
3138 4681 3327 4742 etiam

1764 4777 1978 4850 posset
1995 4788 2061 4830 se
2091 4771 2211 4830 hoc
2237 4769 2424 4830 modo
2450 4768 2893 4844 determinare,
2927 4790 3321 4852 unaquaeque

1767 4869 1927 4923 esset
1948 4861 2267 4940 quoddam
2282 4860 2553 4941 primum
2572 4859 2841 4922 liberum
2859 4865 2919 4922 et
2933 4863 3203 4942 primum
3220 4865 3333 4926 ini-

1766 4957 1918 5017 tium
1950 4971 2080 5016 suae
2125 4954 2683 5028 determinationiS‚
2716 4973 2835 5016 nec
2870 4955 2933 5016 in
2984 4975 3059 5018 ea
3104 4958 3330 5020 subde-

1767 5053 1943 5110 retur
1987 5047 2111 5107 Deo
2133 5091 2150 5120 ,
2204 5046 2375 5125 quod
2407 5051 2503 5108 est
2550 5052 2765 5108 contra
2798 5047 3178 5129 singularem
3216 5049 3329 5111 Dei

1771 5139 2226 5202 excellentiam.

1853 5235 1910 5294 3.
1956 5231 2237 5294 Tandem
2279 5231 2655 5307 declaratur,
2705 5233 2849 5312 quia
2898 5232 2997 5294 vel
3043 5233 3329 5295 voluntas

1770 5332 1979 5388 creata
2016 5325 2468 5386 determinatur
2494 5325 2573 5384 ad
2602 5325 2773 5385 hunc
2808 5325 3095 5386 effectum
3120 5327 3326 5405 potius

1768 5437 1961 5498 quam
2000 5418 2216 5492 alium,
2258 5418 2407 5497 quia
2435 5417 2597 5489 vult3
2649 5421 2760 5478 aut
2785 5418 2989 5496 potius
3040 5419 3168 5478 vult
3210 5419 3328 5477 hoc

1769 5512 2205 5585 determinate,
2239 5512 2385 5590 quia
2410 5511 2582 5590 prius
2608 5517 2703 5571 est
2738 5511 2819 5570 ad
2846 5511 2963 5572 hoc
2988 5511 3326 5572 volendum
