3850 6225
718 384 852 440 CAP.
885 386 1013 439 xm.
1050 386 1469 443 vammum
1500 388 1755 442 nonnus
1786 386 1910 443 NON
1943 386 2530 457 PRAEDETERMINARL
2562 392 2699 448 ETc.
3189 386 3310 453 209

138 486 453 559 cedentem,
484 504 617 565 quae
635 504 763 548 non
791 488 871 547 sit
894 505 1007 566 per
1032 488 1292 550 modum
1320 490 1523 551 vitalis
1553 507 1655 549 ex·

137 580 413 640 citationis
460 598 567 641 seu
608 581 973 655 vocationiS,
1022 582 1194 659 quod
1234 601 1352 643 nos
1390 582 1658 645 intendi-

132 691 285 744 mns;
308 672 404 733 vel
428 672 481 733 si
516 690 642 733 non
670 672 941 734 excludit
968 691 1225 737 omnem
1250 675 1439 737 aliam
1466 676 1658 737 actio-

132 784 277 839 nem,
306 765 399 825 vel
418 764 729 844 qualitatis
750 766 1253 845 impressionem,
1280 786 1539 831 necesse
1562 772 1659 829 est

130 859 287 919 fateri
326 876 399 919 ex
438 864 647 919 mente
682 858 935 920 Conciiii
984 860 1147 922 hanc
1190 862 1499 924 contineri
1538 862 1657 922 sub

130 952 423 1013 vocatione
478 953 821 1015 sufficiente
868 960 933 1016 et
986 954 1157 1016 illam
1207 956 1531 1027 comitari;
1594 960 1659 1017 et

127 1046 289 1105 talem
318 1062 451 1107 esse
476 1050 567 1119 nt,
599 1046 789 1109 etiam
814 1047 925 1109 illa
950 1049 1180 1128 posita,
1213 1051 1410 1129 possit
1438 1049 1658 1110 volun-

124 1144 203 1197 tas
246 1137 527 1199 resistere
546 1182 565 1211 ,
614 1145 679 1199 et
732 1158 862 1201 non
916 1141 1291 1203 consentire.
1350 1142 1657 1203 Probatur

123 1232 563 1310 consequentia,
590 1234 739 1312 quia
768 1234 923 1296 alias
952 1234 1155 1297 inanis
1186 1242 1353 1298 esset
1400 1236 1656 1298 Concilii

122 1324 395 1401 definitio,
422 1326 789 1406 nullamque
818 1329 944 1389 vim
996 1335 1211 1391 contra
1256 1348 1503 1391 errores
1542 1332 1657 1391 hu-

120 1420 209 1497 jus
263 1419 555 1497 temporis
607 1420 905 1495 haberem
962 1440 1112 1483 nam
1154 1424 1429 1485 haeretici
1474 1423 1654 1485 facile

121 1510 453 1586 concedent,
488 1531 621 1573 non
665 1514 1025 1577 necessitati
1052 1534 1090 1575 a
1140 1518 1271 1578 Deo
1300 1516 1655 1579 voluntates

122 1610 335 1665 nostras
375 1623 491 1684 per
540 1607 957 1684 vocationem,
1010 1628 1125 1669 seu
1176 1610 1647 1683 excitationem;

120 1697 213 1757 sed
236 1716 341 1775 per
384 1698 575 1759 aliam
616 1701 927 1762 occultam
974 1703 1237 1781 gratiam
1286 1704 1387 1763 vel
1434 1704 1655 1764 motio-

116 1810 257 1867 nem,
282 1791 361 1851 ad
384 1810 583 1871 quam
608 1794 879 1855 liberum
905 1794 1231 1857 arbitrium
1270 1796 1473 1855 solum
1510 1814 1654 1874 pas-

118 1886 221 1945 sive
246 1893 602 1959 concurrat;
648 1906 903 1949 omnem
944 1908 1095 1970 ergo
1129 1890 1491 1969 hujusmodi
1520 1910 1653 1951 mo-

120 1978 340 2053 tionem,
359 1998 496 2059 quoe
522 1981 693 2041 inter
704 1984 1097 2045 vocationem
1126 1989 1187 2045 et
1213 1984 1480 2044 liberum
1506 2002 1649 2043 con-

121 2090 337 2133 sensum
365 2073 739 2151 intercedat,
774 2076 1041 2137 intendit
1067 2076 1409 2137 Concilium
1444 2076 1649 2137 exclu-

122 2165 276 2237 dere3
302 2169 653 2245 praesertim
684 2171 733 2230 si
764 2170 907 2231 talis
948 2170 1026 2231 sit
1076 2170 1174 2231 cui
1220 2169 1510 2231 voluntas
1556 2188 1654 2231 re-

122 2258 304 2321 sistere
327 2279 453 2323 non
480 2262 705 2341 possit.

637 2486 887 2548 CAPUT
926 2486 1082 2549 xm.

114 2712 467 2761 rotonum
494 2714 749 2761 nonnus
787 2713 902 2760 NON
930 2712 1465 2761 Punn‘rznumam
1496 2712 1644 2757 rm-

177 2807 283 2851 SlGB
310 2808 417 2853 PER
454 2808 753 2853 auxum!
796 2807 1056 2867 annm,
1094 2806 1245 2859 QUOD
1284 2806 1398 2852 PER
1437 2806 1645 2851 nomm

175 2900 465 2946 GONGURSUS
500 2901 735 2961 DATUR,
769 2901 883 2947 NEC
923 2901 1035 2947 PER
1078 2898 1475 2947 vomnn'rnu
1514 2898 1641 2959 nm,

174 2993 209 3037 A
242 2994 350 3047 Qua
372 2994 539 3041 mun
584 2993 885 3041 Pnocnmr.

174 3196 225 3254 1.
264 3193 414 3254 Satis
451 3193 545 3270 (ut
584 3192 831 3271 opinor)
873 3191 1369 3258 demonstratum
1410 3195 1527 3263 est,
1568 3189 1643 3250 li-

114 3281 299 3344 berum
346 3285 625 3348 hominis
674 3285 997 3346 arbitrium
1048 3303 1175 3345 non
1222 3283 1642 3362 praedetermi-

116 3379 223 3438 nari
247 3380 493 3458 physice
538 3379 631 3442 ad
680 3395 1057 3440 consensum
1098 3376 1641 3456 supernaturalem

118 3472 487 3546 praestandum
541 3473 629 3534 ab
682 3472 811 3532 ullo
860 3471 1087 3532 auxilio
1154 3471 1637 3549 supernaturali,

114 3566 253 3642 quod
271 3587 373 3646 per
398 3568 667 3628 modum
694 3566 977 3646 principii
1012 3567 1101 3626 illi
1132 3564 1497 3626 infunditur.
1532 3565 1639 3626 So-

114 3657 220 3718 lum
265 3660 443 3740 igitur
498 3659 847 3722 dicendum
908 3665 1197 3737 superest
1250 3657 1330 3721 de
1380 3657 1636 3733 auxilio,

114 3751 254 3830 quod
280 3773 385 3833 per
424 3754 689 3816 modum
723 3771 1065 3814 concursus
1092 3751 1309 3824 datur;
1364 3752 1484 3812 hoc
1528 3769 1639 3810 au-

112 3849 215 3904 tem
249 3847 557 3923 auxilium,
604 3864 721 3907 seu
770 3846 869 3908 hic
916 3863 1259 3907 concursus
1310 3844 1639 3924 dupliciter

112 3937 447 4002 considerari
474 3945 725 4020 potest:
758 3939 959 4019 primo
986 3939 1057 3999 in
1080 3957 1147 4000 se
1176 3957 1251 4000 ac
1266 3938 1635 4014 formaliter,

114 4037 165 4088 et
184 4039 347 4109 prout
374 4035 439 4094 in
465 4034 729 4095 homine
754 4034 1082 4112 recipitur3
1116 4033 1415 4107 secunde,
1434 4033 1499 4092 in
1521 4050 1637 4094 sua

112 4125 307 4192 radice.
333 4127 399 4188 id
424 4134 546 4201 est,
577 4129 649 4191 in
678 4127 889 4188 divina
910 4126 1230 4188 voluntate
1260 4145 1299 4186 a
1328 4143 1451 4205 qua
1497 4144 1637 4204 pro-

114 4219 366 4294 greditur.
396 4225 565 4284 Deus
614 4223 788 4282 enim
835 4239 965 4284 non
1013 4222 1251 4300 praebet
1295 4221 1417 4282 hoc
1464 4221 1637 4281 auxi-

110 4308 255 4386 lium,
278 4316 389 4376 uisi
424 4314 701 4380 volendo
746 4331 891 4376 cum
932 4315 1131 4376 libero
1184 4314 1439 4375 arbitrio
1488 4331 1634 4375 con·

112 4421 323 4468 currere
352 4409 430 4470 ad
458 4409 655 4471 talem
684 4415 914 4480 actum,
946 4412 1010 4469 et
1047 4407 1151 4469 tali
1180 4407 1391 4481 modu,
1440 4413 1505 4468 et
1551 4406 1631 4468 de

108 4496 195 4558 illo
232 4501 341 4564 sub
388 4511 655 4580 utraque
696 4502 941 4565 ratione
976 4502 1253 4564 breviter
1297 4497 1687 4564 dicendum'·

112 4597 203 4652 est.

170 4687 223 4745 2.
266 4686 597 4752 eonem-m
627 4690 745 4752 Dei
784 4689 869 4752 ad
904 4688 1167 4752 actiones
1194 4692 1633 4770 supernatur-ar-

110 4775 179 4836 les
200 4779 513 4846 voluntatis
536 4799 659 4844 non
679 4781 1170 4862 pra-determinat
1192 4782 1393 4846 illam.
1408 4813 1491 4828 —
1510 4783 1632 4841 Au-

110 4867 291 4932 xilium
310 4873 495 4954 igitur
522 4876 665 4946 hoc,
702 4879 891 4954 prout
915 4877 979 4936 in
1010 4875 1263 4938 homine
1306 4874 1627 4954 recipitur,

108 4967 277 5035 potest
312 4967 563 5044 quidem
590 4966 935 5030 formaliter
962 4967 1379 5031 determinare
1404 4967 1627 5029 volun-

108 5057 287 5129 tatem,
318 5067 691 5141 nomtamen
740 5061 873 5123 sine
914 5061 1051 5134 illa;
1096 5066 1287 5140 atque
1316 5061 1477 5124 adeo
1506 5079 1624 5122 nec

106 5150 619 5220 praedeteminare
644 5155 817 5218 illam
845 5161 1070 5236 potest,
1100 5161 1288 5235 prout
1323 5174 1493 5217 nunc
1530 5155 1625 5217 lo-

106 5241 341 5318 quimur,
371 5247 487 5308 nisi
511 5247 580 5308 in
616 5247 719 5310 illa
750 5267 905 5312 voce
934 5249 1015 5311 sit
1042 5249 1473 5328 aequivocatio.
1506 5249 1624 5310 De-

106 5331 339 5397 claratur
364 5344 425 5400 et
450 5341 771 5418 probatur,
803 5343 951 5421 quia
979 5343 1099 5410 hoc
1126 5341 1427 5403 auxilium
1459 5341 1527 5402 in
1552 5359 1620 5402 re

106 5439 213 5486 non
258 5436 345 5491 est
382 5431 503 5493 nisi
546 5438 811 5512 ipsamet
856 5435 1017 5497 actio
1068 5435 1433 5508 voluntatiS,
1480 5451 1619 5513 quae

106 5519 469 5600 principalius
488 5545 529 5587 a
554 5527 683 5590 Deo
710 5533 837 5604 est;
870 5547 1023 5611 ergo
1050 5528 1204 5591 illud
1230 5527 1531 5590 auxilium
1552 5527 1621 5588 in

386 5644 472 5691 n.

1737 507 1805 550 re
1836 508 1978 551 esse
2011 510 2140 553 non
2171 500 2376 573 potest
2405 495 2522 555 nisi
2551 496 2855 555 influente
2887 494 3074 556 etiam
3095 496 3316 557 volun-

1738 586 1901 655 tate;
1933 602 2083 663 ergo
2110 604 2238 645 non
2266 586 2772 665 praedeterminat
2801 588 2972 647 illam
3005 588 3144 649 sine
3175 588 3303 649 illa.

1737 676 2010 750 Rursu3‚
2071 696 2222 757 ergo
2273 697 2404 740 non
2461 680 2712 759 proprie
2773 681 3304 759 praedeterminat,

1740 768 1887 846 quia
1916 770 2078 832 actio
2098 790 2226 833 non
2244 773 2756 851 praedeterminat
2781 790 2980 853 agens
3009 773 3090 835 ad
3115 792 3311 853 agen-

1738 862 1911 935 dum,
1951 863 2064 924 sed
2105 866 2424 927 constituit
2467 866 2814 928 formaliter
2859 867 3062 946 ipsum
3112 884 3343 947 agens·

1738 957 1803 1016 in
1832 963 1978 1018 actu
2017 958 2331 1031 secundm
2368 978 2520 1037 ergo
2565 961 2684 1021 hoc
2727 960 2915 1021 modo
2965 959 3312 1021 formaliter

1738 1050 2118 1111 determinat
2155 1050 2312 1111 illud
2368 1052 2431 1113 in
2491 1056 2634 1113 actu
2696 1053 3004 1127 secundo,
3061 1054 3308 1115 etiamsi

1736 1143 1909 1221 prius
1939 1150 2162 1205 natura
2191 1146 2270 1205 sit
2295 1145 2659 1207 indifferens
2683 1146 2748 1206 in
2791 1152 2936 1207 actu
2959 1146 3184 1225 primo.
3209 1148 3310 1211 Di-

1736 1252 1843 1295 ces
1870 1236 2042 1297 illam
2073 1237 2407 1311 actionem,
2440 1239 2698 1317 praecise
2737 1245 3104 1317 conceptam
3143 1244 3212 1301 ut
3267 1258 3306 1300 a

1736 1329 1889 1401 Deo,
1926 1330 2222 1409 distingui
2263 1350 2300 1391 a
2335 1332 2542 1410 seipsa
2573 1340 2642 1393 ut
2671 1335 2766 1392 est
2789 1350 2826 1391 a
2857 1332 3209 1405 voluntate;
3245 1337 3308 1393 et

1739 1421 1857 1483 suh
1884 1422 2004 1482 hac
2044 1421 2370 1501 posteriori
2395 1424 2638 1485 ratione
2670 1424 3048 1485 constituere
3083 1424 3306 1485 volun-

1738 1519 1932 1575 tatem
1979 1516 2044 1573 in
2095 1520 2239 1576 actu
2289 1515 2566 1577 secundo
2591 1562 2607 1588 ‚
2645 1535 2774 1577 non
2815 1518 2932 1577 sub
2975 1517 3198 1596 priori,
3243 1524 3305 1579 et

1736 1607 1879 1669 ideo
1900 1626 2082 1687 posse
2113 1608 2230 1669 sub
2257 1608 2446 1687 priori
2472 1609 2714 1670 ratione
2735 1609 3120 1671 voluntatem
3147 1629 3305 1689 prae-

1736 1700 2156 1762 determinare
2197 1700 2279 1761 ad
2311 1719 2496 1761 suum
2521 1701 2848 1762 influxum.
2883 1702 3008 1765 Sed
3037 1702 3158 1763 hoc
3181 1702 3303 1765 dici

1734 1811 1861 1853 non
1902 1798 2128 1871 potest,
2160 1793 2308 1872 quia
2347 1792 2450 1852 illa
2481 1793 2792 1855 distinctio
2824 1795 3026 1854 solum
3059 1798 3154 1855 est
3188 1814 3304 1874 per

1732 1888 2040 1947 rationem
2073 1892 2134 1946 et
2161 1886 2592 1965 praecisionem
2621 1888 2884 1960 mentis;
2917 1906 3066 1949 nam
3095 1888 3160 1949 in
3199 1908 3309 1964 re,

1731 1978 1889 2039 actio
1931 1985 2026 2039 est
2058 1996 2314 2056 prorsus
2357 1996 2484 2039 una
2533 1985 2596 2039 et
2641 1979 3052 2055 indivisibilis,
3085 1999 3302 2043 essen-

1734 2071 1960 2133 tialiter
1998 2070 2282 2150 pendens
2311 2071 2392 2131 ab
2425 2076 2686 2151 utraque
2729 2090 2942 2144 causa,
2984 2074 3190 2152 prima
3237 2081 3301 2138 et

1734 2165 2032 2239 secunda,
2063 2184 2178 2226 seu
2205 2165 2524 2227 voluntate
2563 2166 2772 2227 divina
2803 2171 2864 2227 et
2894 2167 3202 2240 humana;
3236 2174 3299 2229 et

1732 2260 1873 2321 ideo
1906 2277 2116 2339 neque
2145 2260 2210 2319 in
2239 2278 2306 2320 re
2335 2265 2544 2338 potest
2571 2258 2988 2321 determinare
3013 2260 3299 2323 volunta-

1732 2346 1861 2414 tem
1908 2354 2292 2426 humanam,
2329 2353 2448 2413 nisi
2487 2359 2798 2431 quatenus
2825 2353 3026 2414 simul
3075 2362 3172 2415 est
3215 2355 3298 2415 ab

1724 2445 1861 2526 ipsa
1882 2466 1898 2518 ;
1919 2465 2124 2525 neque
2145 2446 2306 2508 inter
2332 2446 2471 2507 illas
2492 2446 2650 2507 duas
2676 2447 2974 2521 rationes,
3003 2466 3162 2527 quas
3181 2466 3298 2511 nos

1726 2540 2220 2619 praescindimuS,
2263 2546 2465 2619 potest
2503 2539 2892 2601 intercedere
2927 2540 3080 2601 ordo
3107 2541 3296 2601 realis

1726 2652 1839 2694 seu
1898 2651 2086 2695 verus
2130 2632 2284 2693 ordo
2341 2640 2607 2706 naturae,
2661 2633 2766 2711 qui
2819 2633 2884 2693 in
2933 2634 3298 2695 causalitate

1723 2727 2062 2799 fundetur;
2105 2726 2252 2806 quia
2294 2726 2403 2786 ubi
2441 2744 2569 2786 non
2607 2732 2712 2791 est,
2743 2726 2808 2785 in
2845 2745 2912 2787 re
2955 2727 3290 2801 distinctio,

1726 2840 1843 2883 nec
1871 2840 2020 2882 vera
2054 2820 2388 2881 causalitas
2414 2839 2552 2881 esse
2580 2826 2804 2899 potest.
2835 2821 2965 2881 Hoc
3007 2840 3158 2901 ergo
3187 2842 3296 2883 au-

1724 2915 1965 2987 xilium,
1997 2913 2166 2992 quod
2197 2919 2292 2974 est
2317 2930 2433 2992 per
2462 2913 2722 2974 modum
2748 2931 3112 2987 concursuS,
3139 2916 3293 2976 nihil

1728 3006 1897 3067 aliud
1935 3014 2030 3067 est
2053 3024 2245 3086 quam
2275 3006 2768 3085 supernaturalis
2797 3007 3154 3085 cooperatio
3176 3008 3289 3069 Dei

1724 3100 1805 3162 ad
1851 3098 2182 3161 formalem
2229 3104 2290 3160 et
2337 3099 2648 3162 actualem
2699 3099 3290 3162 determinationem

1722 3194 2080 3268 voluntatiS,
2127 3210 2266 3272 quse
2322 3211 2450 3252 non
2504 3199 2598 3254 est
2647 3193 2780 3254 sine
2821 3193 3062 3253 influxu
3093 3200 3156 3255 et
3187 3213 3294 3256 co·-

1724 3280 2088 3368 operatione
2142 3285 2428 3364 ejusdem
2480 3287 2818 3348 voluntatis
2871 3305 2940 3348 se
2995 3287 3290 3349 determi-

1722 3381 1962 3452 nantis;
1997 3387 2058 3442 et
2087 3380 2252 3452 ideo,
2291 3380 2690 3457 quantumvis
2725 3379 2828 3439 illa
2879 3380 3040 3441 actio
3085 3383 3293 3442 consi-

1721 3473 1996 3546 deretur,
2031 3480 2098 3534 ut
2140 3478 2234 3532 est
2279 3473 2430 3542 Deo,
2469 3473 2614 3551 qnia
2645 3491 2773 3534 non
2807 3479 2902 3534 est
2939 3492 3052 3552 per
3099 3475 3287 3536 aliam

1718 3567 2052 3640 actionem,
2089 3584 2226 3644 quae
2256 3564 2332 3626 sit
2361 3571 2532 3626 extra
2569 3567 2794 3640 Deum,
2825 3566 3101 3645 priorem
3125 3569 3284 3647 ipsa,

1720 3660 1833 3721 sed
1862 3661 2068 3739 seipsa
2099 3659 2486 3734 immediate,
2513 3677 2640 3719 non
2667 3665 2874 3739 potest
2897 3660 3136 3723 habere
3160 3663 3288 3726 vim

1719 3752 2306 3834 praedeterminandi
2328 3753 2734 3825 voluntatem,
2760 3771 2904 3812 cum
2929 3752 3066 3834 ipsa
3097 3757 3286 3816 etiam

1719 3848 2078 3909 immediate
2127 3848 2205 3906 sit
2251 3865 2286 3906 a
2337 3847 2679 3908 voluntate.
2743 3847 2878 3908 Dixi
2931 3854 3143 3910 autem
3165 3895 3180 3922 ,
3233 3851 3285 3912 si

1719 3942 1968 4022 proprie
1997 3941 2330 4020 loquamur
2377 3939 2456 4000 de
2503 3939 3178 4019 praedeterminatione‚
3223 3951 3284 4004 et

1718 4054 1847 4097 non
1875 4034 1954 4096 sit
1983 4033 2388 4113 aequivocatio
2418 4033 2482 4092 in
2521 4050 2698 4105 voce,
2731 4033 2874 4111 quia
2907 4035 2956 4094 si
2995 4035 3134 4112 quis
3173 4055 3283 4098 ve-

1716 4129 1807 4202 lit,
1852 4129 2058 4207 ipsum
2093 4143 2468 4188 concursum
2517 4125 2630 4186 Dei
2679 4125 3282 4203 praedete1·minatio-

1718 4240 1867 4284 nem
1893 4239 2144 4293 vocare,
2178 4237 2308 4280 non
2337 4219 2695 4280 denotando
2725 4237 2836 4298 per
2862 4219 3030 4283 illam
3063 4222 3281 4284 dictio-

1714 4333 1863 4376 nem
1886 4333 2042 4394 proe,
2083 4313 2392 4373 actionem
2424 4311 2701 4391 aliquam
2741 4312 3035 4391 praeviam
3088 4316 3280 4377 solius

1712 4409 1850 4482 Dei,
1892 4425 2101 4486 neque
2149 4406 2426 4485 aliquam
2477 4404 2798 4483 propriam
2846 4408 3277 4471 causalitatem

1716 4502 2219 4572 antecedentem,
2241 4516 2368 4578 qua
2397 4498 2527 4559 sola
2557 4515 2669 4558 sua
2699 4499 2974 4560 efficacia
2999 4499 3280 4564 volunta·-

1710 4601 1841 4660 tem
1882 4593 2418 4675 praedeterminet,
2449 4593 2562 4653 sed
2605 4593 2808 4653 solum
2845 4594 3278 4660 excellentiam

1713 4688 1905 4752 divini
1934 4705 2298 4758 concursus,
2317 4692 2381 4746 et
2398 4686 2786 4765 prioritatem
2807 4693 3046 4748 naturae
3070 4692 3279 4769 quoad

1712 4780 2292 4862 independentiam,
2341 4779 2428 4840 sic
2468 4778 2534 4839 in
2579 4795 2662 4839 re
2695 4797 2824 4840 non
2872 4779 3196 4844 dissentiet
3241 4803 3278 4844 a

1711 4880 1926 4937 nostra
1973 4873 2322 4944 sententia;
2363 4870 2706 4932 dummodo
2752 4871 3138 4935 voluntatem
3185 4877 3274 4938 di-

1704 4969 1940 5040 vinam,
1975 4985 2012 5028 a
2042 4984 2168 5046 qua
2192 4965 2298 5026 ille
2329 4981 2670 5026 concursus
2693 4965 2996 5042 procedit,
3035 4987 3275 5030 accom-

1706 5060 1958 5122 modate
1987 5059 2274 5139 explicet,
2305 5063 2366 5120 et
2393 5059 2632 5136 absque
2662 5059 3010 5123 extrinseca
3037 5065 3282 5140 praede·

1702 5154 2143 5216 terminatione
2193 5152 2501 5228 effectiva,
2543 5153 2722 5230 juxta
2775 5155 3062 5233 superius
3107 5156 3271 5218 dicta

1702 5247 1769 5308 in
1793 5247 1956 5309 libro
1976 5246 2200 5326 primo,
2228 5245 2432 5324 capite
2451 5245 2696 5306 decimo
2727 5246 2906 5306 tertio
2935 5253 3000 5308 et
3024 5247 3271 5322 ultime,

1705 5346 1770 5402 et
1802 5357 1946 5419 quae.
1971 5341 2040 5401 in
2071 5339 2359 5418 sequenti
2388 5344 2620 5416 puncto
2649 5338 2950 5400 dicemus.

1786 5436 1847 5494 3.
1888 5434 2187 5513 Superest
2213 5431 2546 5492 dicendum
2579 5430 2658 5491 de
2690 5431 3004 5494 voluntate
3039 5431 3271 5510 diviua,

1703 5544 1881 5606 aqua
1896 5527 2018 5588 hoc
2037 5525 2336 5586 auxilium
2359 5531 2596 5598 manat,
2623 5541 2706 5584 an
2741 5524 2978 5586 scilicet
3011 5527 3149 5588 talis
3171 5531 3272 5606 sit,

2872 5633 2950 5693 14
