3850 6225
685 394 859 452 SEGT·
890 397 975 449 111.
1010 396 1191 450 snum
1222 399 1283 450 m
1316 399 1439 452 ΒΕΘ
1471 399 1639 452 VERA
1670 394 1753 450 AG
1784 393 2052 448 PROPRIA
2083 395 2520 450 ms'rnmunvll
2550 397 2842 451 JUSTlTlA.

155 511 235 554 ne
272 489 523 555 defendi
568 500 796 574 potest,
844 501 919 557 ut
956 497 1145 577 paulo
1198 499 1460 562 inferius
1500 499 1567 560 in
1622 517 1717 560 se-

154 590 383 665 quente
410 595 645 666 puncto
675 589 1019 669 explicabo.
1052 592 1369 664 Quatenus
1396 613 1545 656 vero
1585 609 1715 654 non

152 681 327 760 ponit
352 680 541 742 aliam
578 683 889 746 rationem
928 684 1331 750 distributivae
1355 688 1610 768 justitioe
1648 687 1710 748 in

152 775 583 838 distributione
610 775 845 855 glorie,
875 777 1031 840 mibi
1075 796 1205 842 non
1246 779 1471 860 placet.
1506 781 1711 844 Primo

152 868 431 946 quidem,
458 868 605 948 quia
629 869 735 930 illa
761 887 891 932 non
928 872 1177 934 videtur
1198 873 1285 934 ita
1310 874 1563 954 propria
1581 875 1712 954 jus-

150 961 281 1023 titia
300 1006 317 1034 ,
376 980 521 1024 cum
574 961 765 1024 etiam
816 963 1263 1043 obligationem
1318 973 1381 1027 et
1431 966 1710 1028 debitum

142 1055 397 1134 justitian
435 1072 567 1116 non
594 1055 883 1130 inducat;
913 1077 1061 1120 nam
1105 1059 1303 1139 gratia
1330 1078 1445 1140 per
1486 1079 1553 1122 se
1583 1079 1711 1122 non

148 1147 385 1227 obligat
408 1150 611 1210 Deum
644 1167 723 1210 ex
742 1150 983 1229 justitia
1006 1152 1089 1214 ad
1112 1152 1389 1216 dandam
1417 1154 1709 1234 gloriam;

148 1241 297 1312 im0,
334 1241 480 1302 licet
514 1239 811 1304 daremus
838 1244 1101 1326 adjungi
1132 1245 1628 1325 promissionem,
1660 1249 1712 1308 si

144 1333 283 1394 haec
330 1351 459 1394 non
521 1334 864 1414 respiceret
917 1338 1141 1400 merita
1172 1383 1191 1412 ,
1250 1338 1577 1402 induceret
1630 1340 1711 1402 ad

145 1444 465 1488 summum
492 1427 939 1508 obligationem
964 1429 1281 1494 fidelitatis
1302 1475 1321 1506 ‚
1364 1450 1493 1494 non
1526 1432 1711 1512 justi-

144 1519 267 1582 tiae.
308 1519 485 1584 Unde
534 1521 879 1584 Concilium
914 1525 1345 1588 Tridentinum
1370 1571 1387 1600 ,
1440 1543 1596 1588 sese.
1644 1527 1705 1602 6,

144 1631 201 1673 c.
256 1613 357 1686 16,
412 1613 819 1676 considerans
860 1616 927 1677 in
964 1619 1091 1679 vita
1121 1625 1353 1680 aeterna
1396 1617 1712 1698 duplicem

142 1705 319 1768 illam
344 1705 655 1770 rationem
682 1708 1063 1772 haereditatis
1090 1717 1153 1774 et
1176 1710 1513 1786 mercedis,
1542 1712 1711 1793 prio-

138 1799 191 1862 ri
236 1799 429 1862 modo
476 1807 656 1862 vocat
695 1802 890 1876 illam,
932 1805 1199 1884 gratiam
1248 1804 1392 1866 filiis
1434 1805 1545 1867 Dei
1596 1823 1711 1886 per

140 1893 455 1954 Christum
492 1893 713 1956 Iesum
756 1895 1241 1960 misericorditer
1290 1899 1702 1978 promissam;

136 1987 471 2066 posteriori
522 1993 735 2050 autem
776 1989 965 2052 modo
1010 1997 1195 2054 vocat
1239 1991 1599 2054 mercedem
1642 1997 1707 2054 et

136 2097 441 2142 coronam
462 2080 737 2160 justitiae.
772 2083 1089 2158 Secundo,
1136 2084 1285 2164 quia
1312 2084 1437 2146 vita
1472 2091 1705 2148 oeterna

136 2173 263 2236 sub
296 2173 401 2235 illa
428 2173 673 2238 ratione
709 2193 839 2238 non
866 2177 1061 2240 habet
1094 2177 1403 2240 rationem
1436 2179 1699 2260 praemii.

133 2267 439 2349 'theologi
485 2274 721 2344 autem,
766 2287 910 2332 cum
944 2269 1161 2332 dicunt
1202 2272 1407 2332 Deum
1452 2289 1703 2334 servare

128 2362 437 2440 justitiam
478 2361 935 2426 distributivam
972 2362 1039 2424 in
1066 2364 1324 2444 proemio
1349 2363 1697 2439 reddendo,

132 2455 481 2534 loquuntur
506 2455 853 2518 formaliter
881 2456 961 2520 de
986 2457 1243 2536 proemio
1282 2461 1354 2520 ut
1392 2458 1507 2532 sic,
1535 2458 1699 2522 etde

132 2548 245 2610 illo
276 2547 465 2610 etiam
502 2549 850 2628 procedunt
876 2549 1077 2612 multa
1104 2568 1185 2614 ex
1210 2551 1393 2614 dictis
1414 2552 1577 2614 circa
1600 2569 1701 2614 su-

132 2641 453 2721 periorem
476 2643 906 2705 assertionem.

375 2880 623 2946 Tertius
648 2886 707 2946 et
731 2881 930 2945 verior
957 2881 1195 2946 dicendi
1216 2883 1446 2947 modus.

212 3111 311 3171 31.
357 3106 565 3169 Tertio
608 3124 761 3188 ergo
806 3105 1026 3182 modo,
1078 3106 1415 3171 dicendum
1465 3126 1695 3171 censeo

118 3204 235 3283 jus
262 3200 436 3275 illud,
468 3201 641 3281 quod
658 3201 812 3280 justi
840 3200 1076 3263 habent
1120 3200 1197 3264 ad
1237 3201 1599 3282 praemium,
1628 3202 1693 3263 in

122 3296 369 3359 meritis
398 3294 531 3357 suis
576 3293 909 3355 fundatum
926 3338 945 3369 ,
992 3292 1113 3355 sub
1150 3293 1407 3357 diversis
1441 3293 1693 3356 rationi·

122 3392 251 3452 bus
276 3388 359 3449 ad
383 3386 915 3461 commutativam,
946 3392 1009 3448 et
1034 3386 1488 3450 distributivam
1510 3387 1694 3467 justi-

122 3485 280 3547 tiam
308 3482 655 3563 pertinere;
688 3486 999 3561 quatenus
1030 3482 1202 3543 enim
1221 3483 1329 3561 jus
1364 3482 1519 3543 illud
1560 3498 1689 3543 non

120 3584 467 3657 utcumque
508 3578 604 3637 est
640 3574 1059 3654 proportionis
1096 3580 1163 3637 et
1202 3574 1541 3657 dignitatiS,
1574 3574 1691 3637 sed

116 3668 629 3733 commutationis
654 3667 1006 3747 cujusdam,
1060 3668 1123 3729 in
1171 3686 1297 3748 qua
1330 3667 1523 3731 homo
1570 3686 1685 3731 suo

116 3764 313 3827 modo
332 3762 575 3827 confert
596 3762 677 3825 de
698 3780 816 3825 suo
834 3780 977 3825 cum
996 3762 1205 3825 divina
1227 3763 1426 3843 gratia
1450 3760 1686 3842 aliquid

116 3856 528 3937 condignum,
552 3872 670 3937 per
694 3854 955 3919 modum
988 3856 1225 3936 praemii
1254 3854 1679 3929 beatitudinis,

116 3968 203 4013 ex
228 3949 641 4011 conventione
689 3954 753 4011 et
796 3954 1011 4029 pacto,
1068 3953 1331 4011 eatenus
1377 3942 1483 4027 jus
1530 3948 1685 4011 illud

116 4050 365 4123 spectat
398 4042 478 4105 ad
510 4041 815 4124 justitiam
852 4042 1380 4103 commutativam.
1405 4042 1684 4105 Diximus

119 4144 339 4199 autem
368 4154 583 4218 supra,
622 4136 771 4215 quia
797 4136 919 4197 hoc
952 4135 1061 4215 jus
1098 4134 1351 4214 respicit
1376 4135 1578 4197 Deum
1616 4139 1686 4198 ut

114 4230 497 4307 debitorem,
529 4229 673 4293 ideo
707 4247 839 4291 non
874 4246 1061 4309 posse
1102 4247 1235 4291 non
1272 4228 1543 4291 deficere
1573 4228 1685 4291 ali-

114 4340 247 4402 quo
276 4322 465 4386 modo
508 4322 591 4385 ab
636 4322 743 4383 illo
780 4321 1011 4401 rigore,
1050 4338 1243 4400 quem
1274 4321 1439 4385 inter
1482 4321 1687 4385 homi-

110 4434 235 4477 nes
262 4415 453 4479 habet
478 4416 587 4496 jus
602 4414 860 4495 justitiae
890 4414 1384 4488 commutativae;
1419 4415 1565 4496 quia
1588 4414 1686 4479 ni-

111 4511 353 4572 mirum
392 4510 751 4573 necessario
780 4508 1225 4573 subordinatur
1264 4509 1391 4571 tale
1426 4510 1533 4588 jus
1578 4528 1687 4573 su-

106 4603 347 4683 periori
382 4602 533 4683 juri,
560 4621 677 4667 scu
704 4620 999 4683 supremo
1024 4601 1303 4665 dominio
1330 4603 1503 4683 quod
1514 4605 1681 4667 Deus

106 4696 311 4759 habet
345 4696 413 4759 in
436 4696 648 4759 omnia
678 4703 911 4771 creata,
938 4702 1003 4759 ct
1024 4696 1090 4758 in
1120 4696 1333 4758 omnia
1362 4702 1683 4759 creatura·-

103 4778 257 4851 rum
277 4790 445 4869 jura.
477 4790 655 4854 Unde
678 4789 748 4853 fit
777 4796 999 4852 utnon
1038 4796 1299 4870 cogatur
1310 4792 1479 4853 Deus
1498 4790 1679 4870 quasi

105 4882 197 4943 ab
248 4884 593 4947 extrinseco
643 4882 727 4945 ad
762 4882 1153 4963 implendum
1190 4888 1255 4943 et
1298 4883 1679 4945 servandum

100 4976 239 5038 tale
257 4977 387 5063 ius,
418 4976 533 5039 sed
566 4978 774 5041 solum
812 4995 890 5039 ex
916 4975 1287 5039 rectitudine
1316 4975 1431 5039 sibi
1461 4976 1678 5039 intrin-

101 5088 261 5132 seca
312 5069 395 5132 ad
458 5070 521 5133 id
562 5070 899 5135 inclinetur
922 5116 941 5145 ,
1000 5076 1065 5133 et
1120 5088 1199 5131 ex
1250 5068 1677 5150 suppositione

100 5164 303 5225 etiam
342 5164 777 5229 necessitatur.
820 5164 979 5227 Hinc
1022 5182 1173 5244 ergo
1216 5181 1389 5225 nunc
1438 5160 1679 5243 colligi·

98 5274 273 5331 mus,
293 5258 401 5337 jus
424 5258 545 5321 hoc
564 5258 682 5321 sub
706 5259 827 5321 hac
852 5258 1095 5321 ratione
1124 5261 1499 5338 spectatum,
1523 5272 1675 5336 qua-

98 5358 293 5413 tenus
318 5368 450 5413 non
472 5352 707 5434 obligat
730 5353 933 5415 Deum
961 5351 1045 5414 ad
1068 5348 1343 5413 dandam
1364 5367 1503 5411 rem
1526 5348 1675 5409 sim·

96 5444 351 5523 pliciter
370 5444 665 5520 alienam,
696 5444 815 5509 sed
838 5444 922 5507 ad
952 5462 1135 5507 suam
1156 5443 1471 5525 propriam
1505 5458 1672 5503 com-

96 5538 573 5615 municandam,
598 5546 663 5603 et
684 5546 995 5620 quatenus
1012 5539 1215 5620 magis
1234 5536 1517 5601 innititur
1536 5552 1675 5597 rec-

386 5656 471 5705 11.

1796 495 2044 558 titudini
2068 498 2131 560 et
2157 497 2350 560 verbo
2391 496 2586 578 ipsius
2617 497 2730 560 Dei
2767 515 2960 578 quam
2989 497 3359 579 proprietati

1794 588 1990 668 ipsius
2023 596 2326 652 creaturae
2349 637 2365 658 .
2399 609 2473 653 ac
2500 590 2773 670 denique
2797 596 3108 670 quatenus
3147 591 3357 671 aliquo

1794 682 1984 743 modo
2013 682 2222 744 deficit
2262 701 2299 744 a
2343 683 2554 762 rigore
2575 685 2738 762 juris
2773 685 3200 746 commutativi
3239 685 3360 746 hu·-

1794 777 1988 850 mani,
2021 783 2284 838 eatenus
2313 777 2652 856 pertinere,
2683 795 2796 838 seu
2838 777 3158 846 inducere.
3189 779 3360 842 debi-

1792 873 1930 928 tum
1957 869 2362 932 distributivae
2385 869 2674 949 justitiae;
2699 889 2870 945 nam,
2897 890 3040 932 cum
3069 873 3203 934 hoec
3229 873 3356 936 duo

1792 961 2006 1026 debita
2046 965 2112 1026 in
2156 965 2516 1026 hominibus
2543 966 2868 1045 adaequate
2909 965 3190 1028 dividant
3215 985 3362 1047 par·

1792 1057 2122 1120 ticularem
2155 1058 2488 1137 justitiam,
2517 1065 2823 1138 quantum
2851 1058 3107 1137 aliquod
3135 1059 3242 1139 jus
3278 1058 3360 1122 ab

1792 1169 1921 1212 una
1971 1151 2182 1214 deficit
2201 1197 2216 1226 ,
2274 1157 2519 1220 tautum
2571 1152 2653 1212 ab
2695 1152 2891 1213 altera
2929 1153 3354 1233 participatur.

1793 1245 1925 1306 Hac
1949 1263 2101 1324 ergo
2130 1245 2397 1318 ratione,
2422 1245 2528 1306 illa
2549 1245 2773 1308 cadem
2791 1245 3006 1320 virtus,
3026 1263 3142 1326 per
3169 1264 3362 1326 quam

1790 1339 1962 1400 Deus
1980 1338 2270 1400 retribuit
2289 1339 2544 1419 praemia
2559 1339 2817 1412 meritiS,
2845 1338 3190 1402 secundum
3217 1357 3362 1419 pro·

1790 1432 1996 1511 priam
2019 1432 2325 1494 rationem
2349 1432 2608 1512 justitiae
2644 1432 3050 1494 distributivae
3075 1432 3358 1496 debitum

1792 1525 2000 1600 solvit,
2033 1543 2164 1587 non
2201 1526 2408 1588 solum
2435 1530 2691 1607 propter
2733 1527 3178 1608 geometricam
3214 1545 3362 1608 pro-

1790 1617 2168 1698 portionem,
2201 1618 2315 1681 sed
2341 1619 2530 1682 etiam
2549 1625 2807 1700 propter
2829 1619 3150 1700 propriam
3173 1619 3362 1684 ratio·

1790 1727 1938 1772 nem
1973 1709 2116 1772 talis
2138 1711 2358 1774 debiti.

1872 1805 1974 1865 32.
2020 1805 2148 1866 Nec
2182 1823 2332 1866 vero
2385 1803 2532 1866 inde
2576 1803 2650 1866 fit
2693 1804 2858 1865 hanc
2900 1803 3210 1884 justitiam
3245 1804 3360 1868 Dei

1786 1913 1917 1958 non
1947 1913 2086 1959 esse
2119 1896 2370 1977 proprie
2395 1896 2908 1960 commutativam
2931 1903 3042 1960 aut
3071 1896 3362 1960 distribu-

1785 1989 2002 2064 tivam,
2029 1990 2143 2052 sed
2169 1991 2380 2072 potius
2407 1991 2690 2071 sequitur
2715 2008 2854 2052 esse
2878 1997 3217 2072 utrumque
3238 1990 3363 2054 for·

1786 2082 2035 2144 maliter
2081 2089 2145 2144 et
2191 2084 2564 2158 eminenter,
2603 2082 2686 2145 ad
2733 2101 2882 2145 eum
2927 2083 3188 2146 modum
3235 2101 3360 2166 quo

1786 2174 1907 2236 dici
1961 2176 2122 2238 solet
2167 2177 2498 2240 scientiam
2547 2176 2662 2240 Dei
2721 2194 2860 2240 esse
2907 2178 3250 2257 practicam
3301 2181 3365 2240 et

1786 2269 2236 2348 speculativam
2288 2269 2636 2332 formaliter
2681 2276 2745 2356 et
2797 2271 3181 2348 eminenter,
3229 2290 3361 2333 non

1782 2363 1932 2440 quia
1975 2365 2202 2423 neutra
2241 2361 2320 2424 sit
2358 2361 2634 2444 proprie,
2669 2362 2783 2424 sed
2837 2363 2987 2442 quia
3031 2364 3360 2445 utriusque

1780 2472 2000 2518 veram
2028 2455 2362 2518 formalem
2394 2455 2706 2518 rationem
2737 2455 2929 2518 habet
2973 2457 3216 2520 unitam
3243 2456 3362 2521 sub

1780 2548 2274 2610 eminentissima
2309 2548 2552 2610 ratione
2601 2548 2897 2613 scientiae.
2940 2549 3042 2613 Sic
3081 2568 3234 2632 ergo
3277 2551 3359 2614 de

1770 2641 2016 2721 justitia
2063 2640 2177 2703 Dei
2225 2641 2730 2704 ratiocinandum
2783 2660 3034 2704 censeo.
3089 2644 3360 2724 cogitari

1774 2741 1994 2798 tamen
2031 2741 2239 2816 potest
2264 2735 2554 2813 quaedam
2583 2735 2942 2811 diversitas;
2977 2755 3130 2799 nam
3161 2739 3360 2800 scien-

1774 2829 1861 2892 tia
1889 2837 1984 2890 est
2009 2828 2394 2908 speculativa
2423 2836 2486 2892 et
2506 2829 2786 2909 practica
2811 2830 2878 2892 in
2907 2831 3128 2894 ordine
3153 2831 3236 2892 ad
3261 2829 3358 2894 di-

1773 2942 1958 2986 versa
1991 2923 2236 3005 objecta
2263 2923 2636 2996 materialia,
2661 2943 2774 2986 seu
2809 2923 3089 2986 diversas
3111 2943 3216 2988 res
3239 2926 3354 2988 sci-

1774 3021 1895 3090 tas,
1924 3035 2066 3096 quae
2093 3016 2173 3078 ad
2211 3016 2535 3078 scientiam
2567 3017 2842 3079 divinam
2881 3023 3348 3098 comparantur,

1775 3116 1845 3173 ut
1880 3109 2252 3190 primarium
2281 3117 2343 3172 et
2370 3109 2819 3172 secundarium
2850 3110 3189 3194 objectum.
3215 3114 3355 3177 Jus-

1774 3202 1914 3263 titia
1945 3206 2159 3263 autem
2186 3201 2394 3263 divina
2421 3209 2713 3282 respectu
2754 3204 2942 3267 unius
2977 3210 3039 3268 et
3067 3206 3352 3285 ejusdem

1765 3294 1950 3375 juxis,
1971 3295 2318 3357 secundum
2343 3294 2622 3357 diversas
2641 3296 3173 3361 considerationes
3188 3299 3348 3379 ejus,

1772 3389 1968 3450 habet
1991 3388 2306 3449 rationem
2325 3389 2786 3451 commutativae
2819 3396 2883 3451 et
2913 3390 3343 3454 distributivae.

1773 3481 1907 3555 Quo
1941 3481 2014 3543 fit
2039 3488 2110 3543 ut
2157 3482 2291 3543 hoec
2317 3480 2444 3543 duo
2482 3499 2612 3542 nou
2657 3482 2784 3545 sint
2831 3484 3084 3563 proprie
3121 3484 3189 3545 in
3213 3486 3346 3547 Deo

1768 3574 1897 3637 duo
1947 3574 2266 3648 attributa,
2296 3574 2441 3653 quia
2485 3593 2615 3635 non
2646 3581 2796 3637 sunt
2837 3596 2876 3637 a
2917 3577 3100 3639 nobis
3139 3578 3351 3639 conci-

1767 3669 1999 3749 pienda
2039 3686 2155 3748 per
2193 3668 2454 3729 modum
2483 3667 2756 3729 duarum
2800 3669 3100 3733 virtutum
3137 3688 3348 3733 mora-

1763 3760 1919 3822 lium
1947 3760 2319 3823 habentium
2358 3761 2614 3840 propria
2641 3762 2890 3841 objecta
2919 3769 2978 3825 et
3013 3770 3191 3827 actus
3218 3764 3344 3827 dis-

1763 3854 2011 3926 tinctos,
2037 3853 2151 3915 sed
2171 3859 2266 3916 est
2287 3870 2486 3929 unum
2512 3853 2902 3930 attributum,
2925 3863 2987 3917 et
3007 3858 3186 3937 quasi
3213 3876 3341 3921 una

1761 3946 1960 4009 virtus
1995 3946 2226 4021 divina,
2255 3964 2417 4025 quae,
2449 3947 2799 4009 secundum
2828 3948 3105 4011 diversas
3137 3952 3340 4013 consi-

1764 4038 2122 4101 derationes
2140 4083 2157 4112 ,
2217 4037 2316 4099 vel
2377 4036 2804 4117 inadaequatas
2861 4043 3335 4105 convenientias

1764 4148 1907 4195 cum
1937 4131 2196 4195 diversis
2230 4129 2562 4193 virtutibus
2606 4132 2922 4209 humanis,
2953 4134 3090 4196 illas
3115 4134 3334 4215 plures

1765 4224 2311 4289 denominationes
2338 4223 2579 4304 recipit.

1890 4478 2054 4555 Quoia
2076 4478 2360 4561 Theoloqi
2385 4478 2454 4542 de
2475 4478 2739 4560 justitia
2767 4480 2885 4544 Dei
2916 4484 3202 4549 sentiant.

1842 4695 1944 4756 33.
1990 4694 2192 4773 Atque
2230 4690 2376 4753 hinc
2407 4688 2670 4753 fortasse
2711 4692 2948 4757 factum
2987 4703 3085 4759 est
3125 4694 3324 4761 utillo

1753 4787 2014 4868 justitia,
2044 4783 2407 4864 simpliciter
2431 4782 2770 4862 loquendo,
2797 4785 3186 4853 distributiva
3212 4810 3326 4871 po-

1757 4880 1881 4941 tius
1926 4897 2115 4959 quam
2173 4875 2616 4937 commutativa
2667 4884 2960 4953 vocetur3
3017 4882 3164 4959 imo,
3215 4883 3328 4946 ali-

1760 4972 2014 5051 quando
2037 4970 2189 5033 illud
2213 4968 2388 5049 prius
2408 4967 2775 5045 affirmetur,
2799 4979 2863 5034 et
2880 4973 2998 5037 hoc
3015 4977 3328 5055 posterius

1759 5070 2044 5145 negetur.
2070 5064 2268 5137 Quem
2291 5059 2552 5123 modum
2576 5060 2874 5142 loquendi
2901 5086 3018 5131 nos
3047 5068 3327 5151 aliquan·

1756 5158 1839 5221 do
1872 5158 2346 5239 usurpavimus3
2377 5170 2508 5215 non
2537 5158 2631 5216 est
2667 5163 2880 5223 tamen
2915 5179 3016 5223 res
3051 5162 3322 5243 diversa,

1756 5251 1871 5315 sed
1918 5252 2020 5313 hic
2059 5250 2262 5331 magis
2303 5246 2630 5327 explicata.
2675 5252 2748 5315 In
2798 5260 3060 5335 utroque
3109 5263 3324 5321 autem

1753 5344 1976 5407 imitati
2019 5362 2240 5407 sumus
2282 5345 2356 5406 D.
2402 5348 2734 5419 Thomam,
2781 5346 2888 5424 qui
2933 5346 3326 5428 trequentius

1754 5436 2116 5517 simpliciter
2146 5437 2415 5500 affirmat
2439 5439 2505 5500 in
2533 5441 2663 5501 Deo
2696 5456 2834 5501 esse
2857 5439 3168 5518 justitiam
3199 5443 3327 5505 dis-

1752 5530 2133 5608 tributivam,
2176 5537 2366 5613 negat
2416 5536 2630 5597 autem
2675 5534 3212 5612 commutativam,
3255 5540 3328 5605 ut

2930 5640 3008 5705 36
