<?xml version="1.0" encoding="UTF-8"?>
<!DOCTYPE html PUBLIC "-//W3C//DTD XHTML 1.0 Transitional//EN"
    "http://www.w3.org/TR/xhtml1/DTD/xhtml1-transitional.dtd">
<html xmlns="http://www.w3.org/1999/xhtml" xml:lang="en" lang="en">
 <head>
  <title>
</title>
<meta http-equiv="Content-Type" content="text/html;charset=utf-8" />
  <meta name='ocr-system' content='tesseract 3.04.00' />
  <meta name='ocr-capabilities' content='ocr_page ocr_carea ocr_par ocr_line ocrx_word'/>
</head>
<body>
  <div class='ocr_page' id='page_1' title='image "./rpfranciscisuar01duvagoog_0370.png"; bbox 0 0 3850 6225; ppageno 0'>
   <div class='ocr_carea' id='block_1_1' title="bbox 552 408 2129 5632">
    <p class='ocr_par' dir='ltr' id='par_1_1' title="bbox 552 408 2120 2358">
     <span class='ocr_line' id='line_1_1' title="bbox 555 408 673 469; baseline 0 0"><span class='ocrx_word' id='word_1_1' title='bbox 555 408 673 469; x_wconf 70' lang='lat'><strong>356</strong></span> 
     </span>
     <span class='ocr_line' id='line_1_2' title="bbox 555 511 2119 593; baseline -0.002 -18"><span class='ocrx_word' id='word_1_2' title='bbox 555 512 978 593; x_wconf 82' lang='lat' dir='ltr'><strong>hypothesim,</strong></span> <span class='ocrx_word' id='word_1_3' title='bbox 999 511 1253 587; x_wconf 90' lang='lat' dir='ltr'><strong>scilicet,</strong></span> <span class='ocrx_word' id='word_1_4' title='bbox 1287 514 1336 573; x_wconf 89' lang='lat' dir='ltr'><strong>si</strong></span> <span class='ocrx_word' id='word_1_5' title='bbox 1359 514 1490 575; x_wconf 83' lang='lat' dir='ltr'><strong>haec</strong></span> <span class='ocrx_word' id='word_1_6' title='bbox 1519 512 1778 573; x_wconf 85' lang='lat' dir='ltr'><strong>scientia</strong></span> <span class='ocrx_word' id='word_1_7' title='bbox 1805 511 2119 591; x_wconf 90' lang='lat' dir='ltr'><strong>possibilis</strong></span> 
     </span>
     <span class='ocr_line' id='line_1_3' title="bbox 557 602 2119 685; baseline -0.001 -18"><span class='ocrx_word' id='word_1_8' title='bbox 557 614 670 678; x_wconf 83' lang='lat' dir='ltr'><strong>est,</strong></span> <span class='ocrx_word' id='word_1_9' title='bbox 697 606 916 681; x_wconf 64' lang='lat' dir='ltr'><strong>negari</strong></span> <span class='ocrx_word' id='word_1_10' title='bbox 943 625 1068 665; x_wconf 91' lang='lat' dir='ltr'><strong>non</strong></span> <span class='ocrx_word' id='word_1_11' title='bbox 1093 624 1276 684; x_wconf 89' lang='lat' dir='ltr'><strong>posse</strong></span> <span class='ocrx_word' id='word_1_12' title='bbox 1298 607 1448 685; x_wconf 89' lang='lat' dir='ltr'><strong>quin</strong></span> <span class='ocrx_word' id='word_1_13' title='bbox 1469 602 1548 667; x_wconf 87' lang='lat' dir='ltr'><strong>sit</strong></span> <span class='ocrx_word' id='word_1_14' title='bbox 1565 607 1628 666; x_wconf 91' lang='lat' dir='ltr'><strong>in</strong></span> <span class='ocrx_word' id='word_1_15' title='bbox 1653 606 1780 665; x_wconf 90' lang='lat' dir='ltr'><strong>Deo</strong></span> <span class='ocrx_word' id='word_1_16' title='bbox 1803 606 2119 685; x_wconf 89' lang='lat' dir='ltr'><strong>perfectis-</strong></span> 
     </span>
     <span class='ocr_line' id='line_1_4' title="bbox 555 700 2113 779; baseline -0.001 -19"><span class='ocrx_word' id='word_1_17' title='bbox 555 702 733 761; x_wconf 87' lang='lat' dir='ltr'><strong>sime.</strong></span> <span class='ocrx_word' id='word_1_18' title='bbox 757 702 927 759; x_wconf 84' lang='lat' dir='ltr'><strong>Hanc</strong></span> <span class='ocrx_word' id='word_1_19' title='bbox 942 700 1428 777; x_wconf 84' lang='lat' dir='ltr'><strong>propositionem</strong></span> <span class='ocrx_word' id='word_1_20' title='bbox 1445 718 1629 759; x_wconf 84' lang='lat' dir='ltr'><strong>nemo</strong></span> <span class='ocrx_word' id='word_1_21' title='bbox 1641 717 1876 779; x_wconf 83' lang='lat' dir='ltr'><strong>negare</strong></span> <span class='ocrx_word' id='word_1_22' title='bbox 1887 702 2113 777; x_wconf 87' lang='lat' dir='ltr'><strong>potest,</strong></span> 
     </span>
     <span class='ocr_line' id='line_1_5' title="bbox 554 791 2117 871; baseline -0.001 -20"><span class='ocrx_word' id='word_1_23' title='bbox 554 794 700 871; x_wconf 85' lang='lat' dir='ltr'><strong>quia</strong></span> <span class='ocrx_word' id='word_1_24' title='bbox 741 792 998 853; x_wconf 83' lang='lat' dir='ltr'><strong>scientia</strong></span> <span class='ocrx_word' id='word_1_25' title='bbox 1029 810 1105 851; x_wconf 86' lang='lat' dir='ltr'><strong>ex</strong></span> <span class='ocrx_word' id='word_1_26' title='bbox 1151 810 1218 853; x_wconf 91' lang='lat' dir='ltr'><strong>se</strong></span> <span class='ocrx_word' id='word_1_27' title='bbox 1265 792 1712 871; x_wconf 78' lang='lat' dir='ltr'><strong>perfectionem</strong></span> <span class='ocrx_word' id='word_1_28' title='bbox 1755 791 2117 869; x_wconf 84' lang='lat' dir='ltr'><strong>simpliciter</strong></span> 
     </span>
     <span class='ocr_line' id='line_1_6' title="bbox 555 884 2118 964; baseline -0.002 -18"><span class='ocrx_word' id='word_1_29' title='bbox 555 886 721 959; x_wconf 88' lang='lat' dir='ltr'><strong>dicit,</strong></span> <span class='ocrx_word' id='word_1_30' title='bbox 753 885 1116 964; x_wconf 82' lang='lat' dir='ltr'><strong>nullamque</strong></span> <span class='ocrx_word' id='word_1_31' title='bbox 1147 904 1226 947; x_wconf 83' lang='lat' dir='ltr'><strong>ex</strong></span> <span class='ocrx_word' id='word_1_32' title='bbox 1251 887 1500 964; x_wconf 90' lang='lat' dir='ltr'><strong>proprio</strong></span> <span class='ocrx_word' id='word_1_33' title='bbox 1525 891 1832 963; x_wconf 86' lang='lat' dir='ltr'><strong>conceptu</strong></span> <span class='ocrx_word' id='word_1_34' title='bbox 1851 884 2118 944; x_wconf 84' lang='lat' dir='ltr'><strong>includit</strong></span> 
     </span>
     <span class='ocr_line' id='line_1_7' title="bbox 554 978 2117 1057; baseline -0.001 -19"><span class='ocrx_word' id='word_1_35' title='bbox 554 979 1127 1057; x_wconf 80' lang='lat' dir='ltr'><strong>imperfectionem,</strong></span> <span class='ocrx_word' id='word_1_36' title='bbox 1173 997 1291 1039; x_wconf 88' lang='lat' dir='ltr'><strong>nec</strong></span> <span class='ocrx_word' id='word_1_37' title='bbox 1337 979 1640 1057; x_wconf 88' lang='lat' dir='ltr'><strong>majorem</strong></span> <span class='ocrx_word' id='word_1_38' title='bbox 1691 978 1967 1055; x_wconf 81' lang='lat' dir='ltr'><strong>aliquam</strong></span> <span class='ocrx_word' id='word_1_39' title='bbox 2008 982 2117 1037; x_wconf 85' lang='lat' dir='ltr'><strong>aut</strong></span> 
     </span>
     <span class='ocr_line' id='line_1_8' title="bbox 554 1069 2115 1149; baseline -0.001 -18"><span class='ocrx_word' id='word_1_40' title='bbox 554 1072 862 1149; x_wconf 82' lang='lat' dir='ltr'><strong>aequalem</strong></span> <span class='ocrx_word' id='word_1_41' title='bbox 889 1071 1336 1149; x_wconf 84' lang='lat' dir='ltr'><strong>perfectionem</strong></span> <span class='ocrx_word' id='word_1_42' title='bbox 1361 1071 1662 1144; x_wconf 82' lang='lat' dir='ltr'><strong>excludit3</strong></span> <span class='ocrx_word' id='word_1_43' title='bbox 1693 1088 1868 1149; x_wconf 79' lang='lat' dir='ltr'><strong>erge,</strong></span> <span class='ocrx_word' id='word_1_44' title='bbox 1903 1070 1953 1130; x_wconf 88' lang='lat' dir='ltr'><strong>si</strong></span> <span class='ocrx_word' id='word_1_45' title='bbox 1974 1069 2115 1130; x_wconf 86' lang='lat' dir='ltr'><strong>talis</strong></span> 
     </span>
     <span class='ocr_line' id='line_1_9' title="bbox 556 1162 2119 1242; baseline 0 -19"><span class='ocrx_word' id='word_1_46' title='bbox 556 1164 814 1224; x_wconf 88' lang='lat' dir='ltr'><strong>scientia</strong></span> <span class='ocrx_word' id='word_1_47' title='bbox 843 1170 936 1224; x_wconf 87' lang='lat' dir='ltr'><strong>est</strong></span> <span class='ocrx_word' id='word_1_48' title='bbox 970 1164 1280 1242; x_wconf 82' lang='lat' dir='ltr'><strong>possibilis</strong></span> <span class='ocrx_word' id='word_1_49' title='bbox 1323 1182 1398 1225; x_wconf 87' lang='lat' dir='ltr'><strong>ex</strong></span> <span class='ocrx_word' id='word_1_50' title='bbox 1429 1182 1520 1237; x_wconf 89' lang='lat' dir='ltr'><strong>se,</strong></span> <span class='ocrx_word' id='word_1_51' title='bbox 1553 1164 1825 1242; x_wconf 88' lang='lat' dir='ltr'><strong>pertinet</strong></span> <span class='ocrx_word' id='word_1_52' title='bbox 1865 1162 1947 1223; x_wconf 87' lang='lat' dir='ltr'><strong>ad</strong></span> <span class='ocrx_word' id='word_1_53' title='bbox 1983 1180 2119 1242; x_wconf 88' lang='lat' dir='ltr'><strong>per-</strong></span> 
     </span>
     <span class='ocr_line' id='line_1_10' title="bbox 553 1256 2120 1335; baseline -0.001 -20"><span class='ocrx_word' id='word_1_54' title='bbox 553 1256 886 1318; x_wconf 83' lang='lat' dir='ltr'><strong>fectionem</strong></span> <span class='ocrx_word' id='word_1_55' title='bbox 931 1256 1315 1335; x_wconf 88' lang='lat' dir='ltr'><strong>simpliciter,</strong></span> <span class='ocrx_word' id='word_1_56' title='bbox 1348 1263 1477 1318; x_wconf 84' lang='lat' dir='ltr'><strong>tam</strong></span> <span class='ocrx_word' id='word_1_57' title='bbox 1509 1256 1670 1316; x_wconf 87' lang='lat' dir='ltr'><strong>entis</strong></span> <span class='ocrx_word' id='word_1_58' title='bbox 1702 1272 1946 1315; x_wconf 87' lang='lat' dir='ltr'><strong>summe</strong></span> <span class='ocrx_word' id='word_1_59' title='bbox 1982 1272 2120 1335; x_wconf 87' lang='lat' dir='ltr'><strong>per-</strong></span> 
     </span>
     <span class='ocr_line' id='line_1_11' title="bbox 553 1349 2119 1428; baseline -0.001 -19"><span class='ocrx_word' id='word_1_60' title='bbox 553 1349 716 1424; x_wconf 82' lang='lat' dir='ltr'><strong>fecti,</strong></span> <span class='ocrx_word' id='word_1_61' title='bbox 750 1367 940 1427; x_wconf 86' lang='lat' dir='ltr'><strong>quam</strong></span> <span class='ocrx_word' id='word_1_62' title='bbox 975 1367 1259 1428; x_wconf 54' lang='lat' dir='ltr'><strong>personas</strong></span> <span class='ocrx_word' id='word_1_63' title='bbox 1292 1349 1790 1427; x_wconf 79' lang='lat' dir='ltr'><strong>sapientissimae,</strong></span> <span class='ocrx_word' id='word_1_64' title='bbox 1815 1349 1963 1409; x_wconf 87' lang='lat' dir='ltr'><strong>etin</strong></span> <span class='ocrx_word' id='word_1_65' title='bbox 1990 1366 2119 1409; x_wconf 73' lang='lat' dir='ltr'><strong>on·</strong></span> 
     </span>
     <span class='ocr_line' id='line_1_12' title="bbox 553 1440 2111 1521; baseline -0.002 -18"><span class='ocrx_word' id='word_1_66' title='bbox 553 1442 616 1503; x_wconf 88' lang='lat' dir='ltr'><strong>ni</strong></span> <span class='ocrx_word' id='word_1_67' title='bbox 659 1442 1058 1503; x_wconf 80' lang='lat' dir='ltr'><strong>scientiarum</strong></span> <span class='ocrx_word' id='word_1_68' title='bbox 1104 1460 1334 1521; x_wconf 85' lang='lat' dir='ltr'><strong>genere</strong></span> <span class='ocrx_word' id='word_1_69' title='bbox 1381 1441 1807 1520; x_wconf 80' lang='lat' dir='ltr'><strong>peritissimae3</strong></span> <span class='ocrx_word' id='word_1_70' title='bbox 1845 1459 2020 1521; x_wconf 86' lang='lat' dir='ltr'><strong>ergo,</strong></span> <span class='ocrx_word' id='word_1_71' title='bbox 2061 1440 2111 1500; x_wconf 90' lang='lat' dir='ltr'><strong>si</strong></span> 
     </span>
     <span class='ocr_line' id='line_1_13' title="bbox 555 1534 2113 1613; baseline -0.001 -18"><span class='ocrx_word' id='word_1_72' title='bbox 555 1534 696 1595; x_wconf 86' lang='lat' dir='ltr'><strong>talis</strong></span> <span class='ocrx_word' id='word_1_73' title='bbox 739 1536 997 1595; x_wconf 88' lang='lat' dir='ltr'><strong>scientia</strong></span> <span class='ocrx_word' id='word_1_74' title='bbox 1045 1540 1140 1595; x_wconf 89' lang='lat' dir='ltr'><strong>est</strong></span> <span class='ocrx_word' id='word_1_75' title='bbox 1189 1535 1523 1613; x_wconf 89' lang='lat' dir='ltr'><strong>possibilis,</strong></span> <span class='ocrx_word' id='word_1_76' title='bbox 1579 1552 1706 1593; x_wconf 91' lang='lat' dir='ltr'><strong>non</strong></span> <span class='ocrx_word' id='word_1_77' title='bbox 1735 1539 1943 1612; x_wconf 87' lang='lat' dir='ltr'><strong>potest</strong></span> <span class='ocrx_word' id='word_1_78' title='bbox 1982 1535 2113 1593; x_wconf 85' lang='lat' dir='ltr'><strong>Deo</strong></span> 
     </span>
     <span class='ocr_line' id='line_1_14' title="bbox 552 1626 2110 1707; baseline -0.003 -18"><span class='ocrx_word' id='word_1_79' title='bbox 552 1628 796 1689; x_wconf 83' lang='lat' dir='ltr'><strong>deesse.</strong></span> <span class='ocrx_word' id='word_1_80' title='bbox 825 1630 982 1689; x_wconf 88' lang='lat' dir='ltr'><strong>Item</strong></span> <span class='ocrx_word' id='word_1_81' title='bbox 1026 1628 1198 1687; x_wconf 85' lang='lat' dir='ltr'><strong>nulla</strong></span> <span class='ocrx_word' id='word_1_82' title='bbox 1231 1628 1564 1707; x_wconf 82' lang='lat' dir='ltr'><strong>excogitari</strong></span> <span class='ocrx_word' id='word_1_83' title='bbox 1611 1632 1815 1705; x_wconf 89' lang='lat' dir='ltr'><strong>potest</strong></span> <span class='ocrx_word' id='word_1_84' title='bbox 1851 1626 2110 1686; x_wconf 86' lang='lat' dir='ltr'><strong>scientia</strong></span> 
     </span>
     <span class='ocr_line' id='line_1_15' title="bbox 555 1719 2114 1801; baseline -0.001 -20"><span class='ocrx_word' id='word_1_85' title='bbox 555 1722 928 1783; x_wconf 86' lang='lat' dir='ltr'><strong>eminentior</strong></span> <span class='ocrx_word' id='word_1_86' title='bbox 957 1738 1148 1801; x_wconf 86' lang='lat' dir='ltr'><strong>quam</strong></span> <span class='ocrx_word' id='word_1_87' title='bbox 1177 1721 1408 1795; x_wconf 71' lang='lat' dir='ltr'><strong>divina,</strong></span> <span class='ocrx_word' id='word_1_88' title='bbox 1436 1725 1544 1781; x_wconf 87' lang='lat' dir='ltr'><strong>aut</strong></span> <span class='ocrx_word' id='word_1_89' title='bbox 1569 1738 1710 1798; x_wconf 77' lang='lat' dir='ltr'><strong>quae</strong></span> <span class='ocrx_word' id='word_1_90' title='bbox 1737 1719 1908 1779; x_wconf 87' lang='lat' dir='ltr'><strong>illam</strong></span> <span class='ocrx_word' id='word_1_91' title='bbox 1930 1736 2114 1798; x_wconf 88' lang='lat' dir='ltr'><strong>supe-</strong></span> 
     </span>
     <span class='ocr_line' id='line_1_16' title="bbox 552 1814 2111 1893; baseline -0.003 -17"><span class='ocrx_word' id='word_1_92' title='bbox 552 1821 650 1876; x_wconf 91' lang='lat' dir='ltr'><strong>ret</strong></span> <span class='ocrx_word' id='word_1_93' title='bbox 681 1814 889 1893; x_wconf 84' lang='lat' dir='ltr'><strong>aliqua</strong></span> <span class='ocrx_word' id='word_1_94' title='bbox 913 1814 1317 1893; x_wconf 63' lang='lat' dir='ltr'><strong>perfecffone,</strong></span> <span class='ocrx_word' id='word_1_95' title='bbox 1351 1814 1540 1873; x_wconf 90' lang='lat' dir='ltr'><strong>etiam</strong></span> <span class='ocrx_word' id='word_1_96' title='bbox 1569 1814 1924 1886; x_wconf 82' lang='lat' dir='ltr'><strong>extensiva;</strong></span> <span class='ocrx_word' id='word_1_97' title='bbox 1960 1828 2111 1890; x_wconf 78' lang='lat' dir='ltr'><strong>ergo</strong></span> 
     </span>
     <span class='ocr_line' id='line_1_17' title="bbox 553 1906 2108 1988; baseline -0.002 -19"><span class='ocrx_word' id='word_1_98' title='bbox 553 1910 604 1969; x_wconf 92' lang='lat' dir='ltr'><strong>si</strong></span> <span class='ocrx_word' id='word_1_99' title='bbox 647 1916 742 1969; x_wconf 91' lang='lat' dir='ltr'><strong>est</strong></span> <span class='ocrx_word' id='word_1_100' title='bbox 783 1908 1090 1988; x_wconf 87' lang='lat' dir='ltr'><strong>possibilis</strong></span> <span class='ocrx_word' id='word_1_101' title='bbox 1140 1908 1398 1969; x_wconf 87' lang='lat' dir='ltr'><strong>scientia</strong></span> <span class='ocrx_word' id='word_1_102' title='bbox 1434 1907 1654 1968; x_wconf 85' lang='lat' dir='ltr'><strong>talium</strong></span> <span class='ocrx_word' id='word_1_103' title='bbox 1699 1906 2108 1986; x_wconf 70' lang='lat' dir='ltr'><strong>obJectorum,</strong></span> 
     </span>
     <span class='ocr_line' id='line_1_18' title="bbox 553 1999 2111 2079; baseline -0.002 -17"><span class='ocrx_word' id='word_1_104' title='bbox 553 2003 824 2063; x_wconf 81' lang='lat' dir='ltr'><strong>maxime</strong></span> <span class='ocrx_word' id='word_1_105' title='bbox 879 2003 942 2061; x_wconf 90' lang='lat' dir='ltr'><strong>in</strong></span> <span class='ocrx_word' id='word_1_106' title='bbox 991 2002 1199 2061; x_wconf 86' lang='lat' dir='ltr'><strong>divino</strong></span> <span class='ocrx_word' id='word_1_107' title='bbox 1255 2000 1592 2061; x_wconf 88' lang='lat' dir='ltr'><strong>intellectu.</strong></span> <span class='ocrx_word' id='word_1_108' title='bbox 1649 2000 1855 2072; x_wconf 87' lang='lat' dir='ltr'><strong>Unde,</strong></span> <span class='ocrx_word' id='word_1_109' title='bbox 1908 2000 1963 2060; x_wconf 91' lang='lat' dir='ltr'><strong>si</strong></span> <span class='ocrx_word' id='word_1_110' title='bbox 2004 1999 2111 2079; x_wconf 90' lang='lat' dir='ltr'><strong>qui</strong></span> 
     </span>
     <span class='ocr_line' id='line_1_19' title="bbox 553 2092 2114 2173; baseline -0.003 -18"><span class='ocrx_word' id='word_1_111' title='bbox 553 2095 852 2173; x_wconf 87' lang='lat' dir='ltr'><strong>Theologi</strong></span> <span class='ocrx_word' id='word_1_112' title='bbox 894 2099 1128 2173; x_wconf 83' lang='lat' dir='ltr'><strong>negant</strong></span> <span class='ocrx_word' id='word_1_113' title='bbox 1174 2095 1376 2154; x_wconf 89' lang='lat' dir='ltr'><strong>Deum</strong></span> <span class='ocrx_word' id='word_1_114' title='bbox 1427 2093 1662 2153; x_wconf 84' lang='lat' dir='ltr'><strong>habere</strong></span> <span class='ocrx_word' id='word_1_115' title='bbox 1709 2092 1874 2152; x_wconf 82' lang='lat' dir='ltr'><strong>hanc</strong></span> <span class='ocrx_word' id='word_1_116' title='bbox 1917 2093 2114 2153; x_wconf 84' lang='lat' dir='ltr'><strong>scien·</strong></span> 
     </span>
     <span class='ocr_line' id='line_1_20' title="bbox 553 2186 2119 2265; baseline -0.003 -16"><span class='ocrx_word' id='word_1_117' title='bbox 553 2188 728 2264; x_wconf 81' lang='lat' dir='ltr'><strong>tium,</strong></span> <span class='ocrx_word' id='word_1_118' title='bbox 760 2188 824 2248; x_wconf 90' lang='lat' dir='ltr'><strong>in</strong></span> <span class='ocrx_word' id='word_1_119' title='bbox 877 2206 952 2249; x_wconf 92' lang='lat' dir='ltr'><strong>eo</strong></span> <span class='ocrx_word' id='word_1_120' title='bbox 1000 2189 1202 2249; x_wconf 91' lang='lat' dir='ltr'><strong>solum</strong></span> <span class='ocrx_word' id='word_1_121' title='bbox 1247 2186 1626 2259; x_wconf 82' lang='lat' dir='ltr'><strong>fundantur,</strong></span> <span class='ocrx_word' id='word_1_122' title='bbox 1679 2187 1848 2264; x_wconf 90' lang='lat' dir='ltr'><strong>quod</strong></span> <span class='ocrx_word' id='word_1_123' title='bbox 1897 2190 2119 2265; x_wconf 89' lang='lat' dir='ltr'><strong>putent</strong></span> 
     </span>
     <span class='ocr_line' id='line_1_21' title="bbox 557 2280 1201 2358; baseline 0 -18"><span class='ocrx_word' id='word_1_124' title='bbox 557 2298 696 2341; x_wconf 90' lang='lat' dir='ltr'><strong>esse</strong></span> <span class='ocrx_word' id='word_1_125' title='bbox 727 2280 1201 2358; x_wconf 87' lang='lat' dir='ltr'><strong>impossibilem.</strong></span> 
     </span>
    </p>

    <p class='ocr_par' dir='ltr' id='par_1_2' title="bbox 552 2370 2121 4208">
     <span class='ocr_line' id='line_1_22' title="bbox 636 2370 2114 2455; baseline -0.003 -20"><span class='ocrx_word' id='word_1_126' title='bbox 636 2377 692 2435; x_wconf 87' lang='grc'><strong>3.</strong></span> <span class='ocrx_word' id='word_1_127' title='bbox 755 2374 833 2437; x_wconf 83' lang='lat' dir='ltr'><strong>Si</strong></span> <span class='ocrx_word' id='word_1_128' title='bbox 881 2372 1314 2455; x_wconf 74' lang='lat' dir='ltr'><strong>propositiones</strong></span> <span class='ocrx_word' id='word_1_129' title='bbox 1377 2372 1808 2437; x_wconf 78' lang='lat' dir='ltr'><strong>conditionales</strong></span> <span class='ocrx_word' id='word_1_130' title='bbox 1869 2370 2114 2435; x_wconf 75' lang='lat' dir='ltr'><strong>scibiles</strong></span> 
     </span>
     <span class='ocr_line' id='line_1_23' title="bbox 553 2462 2113 2547; baseline -0.006 -16"><span class='ocrx_word' id='word_1_131' title='bbox 553 2472 722 2539; x_wconf 77' lang='lat' dir='ltr'><strong>sunt,</strong></span> <span class='ocrx_word' id='word_1_132' title='bbox 754 2472 810 2529; x_wconf 75' lang='lat' dir='ltr'><strong>ot</strong></span> <span class='ocrx_word' id='word_1_133' title='bbox 839 2468 1092 2530; x_wconf 76' lang='lat' dir='ltr'><strong>scientia</strong></span> <span class='ocrx_word' id='word_1_134' title='bbox 1119 2468 1373 2531; x_wconf 77' lang='lat' dir='ltr'><strong>illarum</strong></span> <span class='ocrx_word' id='word_1_135' title='bbox 1397 2466 1708 2547; x_wconf 78' lang='lat' dir='ltr'><strong>possibilis</strong></span> <span class='ocrx_word' id='word_1_136' title='bbox 1733 2469 1931 2529; x_wconf 53' lang='grc' dir='ltr'><strong>σεω-</strong></span> <span class='ocrx_word' id='word_1_137' title='bbox 1956 2462 2113 2523; x_wconf 84' lang='lat' dir='ltr'><strong>Huic</strong></span> 
     </span>
     <span class='ocr_line' id='line_1_24' title="bbox 555 2558 2113 2640; baseline -0.003 -19"><span class='ocrx_word' id='word_1_138' title='bbox 555 2561 832 2640; x_wconf 86' lang='lat' dir='ltr'><strong>adjungo</strong></span> <span class='ocrx_word' id='word_1_139' title='bbox 855 2560 1114 2619; x_wconf 75' lang='lat' dir='ltr'><strong>alteiam</strong></span> <span class='ocrx_word' id='word_1_140' title='bbox 1143 2560 1563 2639; x_wconf 80' lang='lat' dir='ltr'><strong>hypothesim,</strong></span> <span class='ocrx_word' id='word_1_141' title='bbox 1595 2560 1911 2630; x_wconf 88' lang='lat' dir='ltr'><strong>nimirum,</strong></span> <span class='ocrx_word' id='word_1_142' title='bbox 1942 2558 1993 2618; x_wconf 88' lang='lat' dir='ltr'><strong>si</strong></span> <span class='ocrx_word' id='word_1_143' title='bbox 2016 2558 2113 2617; x_wconf 78' lang='lat' dir='ltr'><strong>hae</strong></span> 
     </span>
     <span class='ocr_line' id='line_1_25' title="bbox 552 2652 2113 2734; baseline -0.003 -19"><span class='ocrx_word' id='word_1_144' title='bbox 552 2654 1008 2734; x_wconf 83' lang='lat' dir='ltr'><strong>propositiones</strong></span> <span class='ocrx_word' id='word_1_145' title='bbox 1039 2654 1494 2714; x_wconf 78' lang='lat' dir='ltr'><strong>conditionales</strong></span> <span class='ocrx_word' id='word_1_146' title='bbox 1525 2653 1603 2713; x_wconf 89' lang='lat' dir='ltr'><strong>de</strong></span> <span class='ocrx_word' id='word_1_147' title='bbox 1635 2652 1846 2713; x_wconf 90' lang='lat' dir='ltr'><strong>futuro</strong></span> <span class='ocrx_word' id='word_1_148' title='bbox 1875 2652 2113 2712; x_wconf 88' lang='lat' dir='ltr'><strong>contin-</strong></span> 
     </span>
     <span class='ocr_line' id='line_1_26' title="bbox 555 2746 2115 2827; baseline -0.003 -20"><span class='ocrx_word' id='word_1_149' title='bbox 555 2756 740 2827; x_wconf 83' lang='lat' dir='ltr'><strong>gente</strong></span> <span class='ocrx_word' id='word_1_150' title='bbox 781 2748 1028 2807; x_wconf 85' lang='lat' dir='ltr'><strong>scibiles</strong></span> <span class='ocrx_word' id='word_1_151' title='bbox 1073 2753 1238 2817; x_wconf 86' lang='lat' dir='ltr'><strong>sunt,</strong></span> <span class='ocrx_word' id='word_1_152' title='bbox 1293 2748 1482 2806; x_wconf 86' lang='lat' dir='ltr'><strong>etiam</strong></span> <span class='ocrx_word' id='word_1_153' title='bbox 1529 2746 1852 2807; x_wconf 83' lang='lat' dir='ltr'><strong>scientiam</strong></span> <span class='ocrx_word' id='word_1_154' title='bbox 1895 2761 2115 2805; x_wconf 82' lang='lat' dir='ltr'><strong>earum</strong></span> 
     </span>
     <span class='ocr_line' id='line_1_27' title="bbox 557 2839 2116 2921; baseline -0.003 -18"><span class='ocrx_word' id='word_1_155' title='bbox 557 2860 694 2903; x_wconf 88' lang='lat' dir='ltr'><strong>esse</strong></span> <span class='ocrx_word' id='word_1_156' title='bbox 725 2842 1107 2921; x_wconf 88' lang='lat' dir='ltr'><strong>possibilem.</strong></span> <span class='ocrx_word' id='word_1_157' title='bbox 1143 2842 1250 2901; x_wconf 87' lang='lat' dir='ltr'><strong>Est</strong></span> <span class='ocrx_word' id='word_1_158' title='bbox 1278 2842 1414 2901; x_wconf 78' lang='lat' dir='ltr'><strong>haec</strong></span> <span class='ocrx_word' id='word_1_159' title='bbox 1443 2841 1808 2920; x_wconf 75' lang='lat' dir='ltr'><strong>hypothesis</strong></span> <span class='ocrx_word' id='word_1_160' title='bbox 1835 2839 1967 2899; x_wconf 83' lang='lat' dir='ltr'><strong>fere</strong></span> <span class='ocrx_word' id='word_1_161' title='bbox 2000 2856 2116 2917; x_wconf 88' lang='lat' dir='ltr'><strong>per</strong></span> 
     </span>
     <span class='ocr_line' id='line_1_28' title="bbox 555 2930 2113 3006; baseline -0.002 -10"><span class='ocrx_word' id='word_1_162' title='bbox 555 2954 622 2996; x_wconf 85' lang='lat' dir='ltr'><strong>se</strong></span> <span class='ocrx_word' id='word_1_163' title='bbox 664 2941 810 2994; x_wconf 89' lang='lat' dir='ltr'><strong>nota</strong></span> <span class='ocrx_word' id='word_1_164' title='bbox 841 2954 918 2994; x_wconf 81' lang='lat' dir='ltr'><strong>ex</strong></span> <span class='ocrx_word' id='word_1_165' title='bbox 952 2934 1266 3006; x_wconf 88' lang='lat' dir='ltr'><strong>terminis;</strong></span> <span class='ocrx_word' id='word_1_166' title='bbox 1319 2952 1466 2993; x_wconf 85' lang='lat' dir='ltr'><strong>nam</strong></span> <span class='ocrx_word' id='word_1_167' title='bbox 1509 2934 1767 2994; x_wconf 85' lang='lat' dir='ltr'><strong>scientia</strong></span> <span class='ocrx_word' id='word_1_168' title='bbox 1795 2939 1858 2993; x_wconf 91' lang='lat' dir='ltr'><strong>et</strong></span> <span class='ocrx_word' id='word_1_169' title='bbox 1897 2930 2113 2993; x_wconf 86' lang='lat' dir='ltr'><strong>scibile</strong></span> 
     </span>
     <span class='ocr_line' id='line_1_29' title="bbox 553 3024 2115 3097; baseline -0.003 -10"><span class='ocrx_word' id='word_1_170' title='bbox 553 3028 652 3088; x_wconf 84' lang='lat' dir='ltr'><strong>vel</strong></span> <span class='ocrx_word' id='word_1_171' title='bbox 685 3026 1050 3087; x_wconf 78' lang='lat' dir='ltr'><strong>correlativa</strong></span> <span class='ocrx_word' id='word_1_172' title='bbox 1078 3032 1244 3097; x_wconf 87' lang='lat' dir='ltr'><strong>sunt,</strong></span> <span class='ocrx_word' id='word_1_173' title='bbox 1279 3027 1377 3087; x_wconf 82' lang='lat' dir='ltr'><strong>vel</strong></span> <span class='ocrx_word' id='word_1_174' title='bbox 1409 3026 1490 3085; x_wconf 87' lang='lat' dir='ltr'><strong>ad</strong></span> <span class='ocrx_word' id='word_1_175' title='bbox 1513 3026 1770 3085; x_wconf 90' lang='lat' dir='ltr'><strong>modum</strong></span> <span class='ocrx_word' id='word_1_176' title='bbox 1801 3024 2115 3086; x_wconf 88' lang='lat' dir='ltr'><strong>correlati-</strong></span> 
     </span>
     <span class='ocr_line' id='line_1_30' title="bbox 555 3118 2116 3199; baseline -0.002 -19"><span class='ocrx_word' id='word_1_177' title='bbox 555 3139 775 3182; x_wconf 77' lang='lat' dir='ltr'><strong>vorum</strong></span> <span class='ocrx_word' id='word_1_178' title='bbox 805 3122 1122 3199; x_wconf 83' lang='lat' dir='ltr'><strong>reciproce</strong></span> <span class='ocrx_word' id='word_1_179' title='bbox 1147 3121 1472 3186; x_wconf 82' lang='lat' dir='ltr'><strong>dicuntur:</strong></span> <span class='ocrx_word' id='word_1_180' title='bbox 1499 3120 1656 3180; x_wconf 86' lang='lat' dir='ltr'><strong>sicut</strong></span> <span class='ocrx_word' id='word_1_181' title='bbox 1682 3119 1746 3178; x_wconf 91' lang='lat' dir='ltr'><strong>in</strong></span> <span class='ocrx_word' id='word_1_182' title='bbox 1776 3118 1959 3178; x_wconf 89' lang='lat' dir='ltr'><strong>simili</strong></span> <span class='ocrx_word' id='word_1_183' title='bbox 1985 3136 2116 3178; x_wconf 84' lang='lat' dir='ltr'><strong>ma·</strong></span> 
     </span>
     <span class='ocr_line' id='line_1_31' title="bbox 553 3211 2117 3291; baseline -0.004 -17"><span class='ocrx_word' id='word_1_184' title='bbox 553 3215 710 3274; x_wconf 86' lang='lat' dir='ltr'><strong>teria</strong></span> <span class='ocrx_word' id='word_1_185' title='bbox 753 3213 1114 3274; x_wconf 85' lang='lat' dir='ltr'><strong>Aristoteles</strong></span> <span class='ocrx_word' id='word_1_186' title='bbox 1152 3212 1325 3286; x_wconf 84' lang='lat' dir='ltr'><strong>dixit,</strong></span> <span class='ocrx_word' id='word_1_187' title='bbox 1359 3213 1410 3272; x_wconf 89' lang='lat' dir='ltr'><strong>si</strong></span> <span class='ocrx_word' id='word_1_188' title='bbox 1437 3213 1666 3274; x_wconf 87' lang='lat' dir='ltr'><strong>dantur</strong></span> <span class='ocrx_word' id='word_1_189' title='bbox 1695 3211 1941 3291; x_wconf 83' lang='lat' dir='ltr'><strong>objecta</strong></span> <span class='ocrx_word' id='word_1_190' title='bbox 1972 3227 2117 3270; x_wconf 88' lang='lat' dir='ltr'><strong>sen—</strong></span> 
     </span>
     <span class='ocr_line' id='line_1_32' title="bbox 554 3305 2117 3386; baseline -0.003 -18"><span class='ocrx_word' id='word_1_191' title='bbox 554 3308 776 3379; x_wconf 80' lang='lat' dir='ltr'><strong>sibilia,</strong></span> <span class='ocrx_word' id='word_1_192' title='bbox 809 3325 946 3367; x_wconf 90' lang='lat' dir='ltr'><strong>esse</strong></span> <span class='ocrx_word' id='word_1_193' title='bbox 979 3307 1336 3386; x_wconf 89' lang='lat' dir='ltr'><strong>possibilem</strong></span> <span class='ocrx_word' id='word_1_194' title='bbox 1375 3319 1666 3380; x_wconf 88' lang='lat' dir='ltr'><strong>sensum;</strong></span> <span class='ocrx_word' id='word_1_195' title='bbox 1697 3305 1796 3366; x_wconf 77' lang='lat' dir='ltr'><strong>vel</strong></span> <span class='ocrx_word' id='word_1_196' title='bbox 1817 3323 1852 3366; x_wconf 91' lang='lat' dir='ltr'><strong>e</strong></span> <span class='ocrx_word' id='word_1_197' title='bbox 1875 3310 2117 3364; x_wconf 82' lang='lat' dir='ltr'><strong>contru-</strong></span> 
     </span>
     <span class='ocr_line' id='line_1_33' title="bbox 555 3399 2111 3478; baseline -0.003 -18"><span class='ocrx_word' id='word_1_198' title='bbox 555 3401 672 3472; x_wconf 86' lang='lat' dir='ltr'><strong>ri0,</strong></span> <span class='ocrx_word' id='word_1_199' title='bbox 696 3399 746 3459; x_wconf 87' lang='lat' dir='ltr'><strong>si</strong></span> <span class='ocrx_word' id='word_1_200' title='bbox 767 3417 893 3460; x_wconf 90' lang='lat' dir='ltr'><strong>non</strong></span> <span class='ocrx_word' id='word_1_201' title='bbox 923 3407 1018 3460; x_wconf 88' lang='lat' dir='ltr'><strong>est</strong></span> <span class='ocrx_word' id='word_1_202' title='bbox 1037 3399 1346 3478; x_wconf 90' lang='lat' dir='ltr'><strong>possibilis</strong></span> <span class='ocrx_word' id='word_1_203' title='bbox 1367 3399 1718 3460; x_wconf 86' lang='lat' dir='ltr'><strong>intellectus</strong></span> <span class='ocrx_word' id='word_1_204' title='bbox 1745 3414 2111 3470; x_wconf 82' lang='lat' dir='ltr'><strong>numerans,</strong></span> 
     </span>
     <span class='ocr_line' id='line_1_34' title="bbox 554 3491 2116 3571; baseline -0.003 -18"><span class='ocrx_word' id='word_1_205' title='bbox 554 3511 684 3554; x_wconf 89' lang='lat' dir='ltr'><strong>non</strong></span> <span class='ocrx_word' id='word_1_206' title='bbox 729 3509 868 3552; x_wconf 76' lang='lat' dir='ltr'><strong>esse</strong></span> <span class='ocrx_word' id='word_1_207' title='bbox 922 3491 1215 3571; x_wconf 89' lang='lat' dir='ltr'><strong>possibile</strong></span> <span class='ocrx_word' id='word_1_208' title='bbox 1261 3499 1537 3570; x_wconf 86' lang='lat' dir='ltr'><strong>tempus,</strong></span> <span class='ocrx_word' id='word_1_209' title='bbox 1568 3497 1637 3552; x_wconf 88' lang='lat' dir='ltr'><strong>ut</strong></span> <span class='ocrx_word' id='word_1_210' title='bbox 1681 3497 1776 3551; x_wconf 88' lang='lat' dir='ltr'><strong>est</strong></span> <span class='ocrx_word' id='word_1_211' title='bbox 1813 3507 2116 3550; x_wconf 87' lang='lat' dir='ltr'><strong>numerus</strong></span> 
     </span>
     <span class='ocr_line' id='line_1_35' title="bbox 555 3582 2115 3664; baseline -0.003 -18"><span class='ocrx_word' id='word_1_212' title='bbox 555 3590 784 3646; x_wconf 85' lang='lat' dir='ltr'><strong>motus.</strong></span> <span class='ocrx_word' id='word_1_213' title='bbox 819 3585 1072 3659; x_wconf 87' lang='lat' dir='ltr'><strong>Rursus,</strong></span> <span class='ocrx_word' id='word_1_214' title='bbox 1107 3591 1174 3645; x_wconf 88' lang='lat' dir='ltr'><strong>ut</strong></span> <span class='ocrx_word' id='word_1_215' title='bbox 1199 3585 1656 3664; x_wconf 89' lang='lat' dir='ltr'><strong>propositiones</strong></span> <span class='ocrx_word' id='word_1_216' title='bbox 1681 3583 1979 3655; x_wconf 86' lang='lat' dir='ltr'><strong>sciantur,</strong></span> <span class='ocrx_word' id='word_1_217' title='bbox 2008 3582 2115 3642; x_wconf 85' lang='lat' dir='ltr'><strong>ali·</strong></span> 
     </span>
     <span class='ocr_line' id='line_1_36' title="bbox 555 3675 2117 3756; baseline -0.001 -18"><span class='ocrx_word' id='word_1_218' title='bbox 555 3696 680 3756; x_wconf 80' lang='lat' dir='ltr'><strong>qun</strong></span> <span class='ocrx_word' id='word_1_219' title='bbox 732 3678 988 3738; x_wconf 88' lang='lat' dir='ltr'><strong>scientia</strong></span> <span class='ocrx_word' id='word_1_220' title='bbox 1039 3677 1180 3738; x_wconf 90' lang='lat' dir='ltr'><strong>sciri</strong></span> <span class='ocrx_word' id='word_1_221' title='bbox 1219 3678 1486 3750; x_wconf 90' lang='lat' dir='ltr'><strong>debent;</strong></span> <span class='ocrx_word' id='word_1_222' title='bbox 1543 3695 1717 3754; x_wconf 81' lang='lat' dir='ltr'><strong>erge,</strong></span> <span class='ocrx_word' id='word_1_223' title='bbox 1769 3677 1820 3736; x_wconf 87' lang='lat' dir='ltr'><strong>si</strong></span> <span class='ocrx_word' id='word_1_224' title='bbox 1869 3693 1997 3736; x_wconf 89' lang='lat' dir='ltr'><strong>uon</strong></span> <span class='ocrx_word' id='word_1_225' title='bbox 2038 3675 2117 3736; x_wconf 88' lang='lat' dir='ltr'><strong>sit</strong></span> 
     </span>
     <span class='ocr_line' id='line_1_37' title="bbox 557 3770 2119 3852; baseline -0.003 -19"><span class='ocrx_word' id='word_1_226' title='bbox 557 3771 868 3852; x_wconf 87' lang='lat' dir='ltr'><strong>possibilis</strong></span> <span class='ocrx_word' id='word_1_227' title='bbox 894 3771 1036 3831; x_wconf 85' lang='lat' dir='ltr'><strong>talis</strong></span> <span class='ocrx_word' id='word_1_228' title='bbox 1064 3771 1346 3844; x_wconf 85' lang='lat' dir='ltr'><strong>scientia,</strong></span> <span class='ocrx_word' id='word_1_229' title='bbox 1381 3789 1499 3831; x_wconf 87' lang='lat' dir='ltr'><strong>nec</strong></span> <span class='ocrx_word' id='word_1_230' title='bbox 1527 3770 1678 3850; x_wconf 79' lang='lat' dir='ltr'><strong>ipsae</strong></span> <span class='ocrx_word' id='word_1_231' title='bbox 1702 3773 1999 3849; x_wconf 85' lang='lat' dir='ltr'><strong>poterunt</strong></span> <span class='ocrx_word' id='word_1_232' title='bbox 2018 3787 2119 3829; x_wconf 88' lang='lat' dir='ltr'><strong>es-</strong></span> 
     </span>
     <span class='ocr_line' id='line_1_38' title="bbox 558 3859 2117 3944; baseline -0.001 -18"><span class='ocrx_word' id='word_1_233' title='bbox 558 3885 624 3926; x_wconf 80' lang='lat' dir='ltr'><strong>se</strong></span> <span class='ocrx_word' id='word_1_234' title='bbox 653 3864 918 3926; x_wconf 79' lang='lat' dir='ltr'><strong>scibiles,</strong></span> <span class='ocrx_word' id='word_1_235' title='bbox 971 3865 1277 3943; x_wconf 86' lang='lat' dir='ltr'><strong>Denique,</strong></span> <span class='ocrx_word' id='word_1_236' title='bbox 1310 3865 1361 3924; x_wconf 91' lang='lat' dir='ltr'><strong>si</strong></span> <span class='ocrx_word' id='word_1_237' title='bbox 1405 3859 1530 3924; x_wconf 85' lang='lat' dir='ltr'><strong>tale</strong></span> <span class='ocrx_word' id='word_1_238' title='bbox 1581 3864 1896 3944; x_wconf 84' lang='lat' dir='ltr'><strong>objectum</strong></span> <span class='ocrx_word' id='word_1_239' title='bbox 1942 3880 2018 3922; x_wconf 86' lang='lat' dir='ltr'><strong>ex</strong></span> <span class='ocrx_word' id='word_1_240' title='bbox 2050 3880 2117 3924; x_wconf 84' lang='lat' dir='ltr'><strong>se</strong></span> 
     </span>
     <span class='ocr_line' id='line_1_39' title="bbox 557 3954 2119 4036; baseline -0.003 -16"><span class='ocrx_word' id='word_1_241' title='bbox 557 3965 654 4020; x_wconf 89' lang='lat' dir='ltr'><strong>est</strong></span> <span class='ocrx_word' id='word_1_242' title='bbox 679 3958 912 4030; x_wconf 87' lang='lat' dir='ltr'><strong>scibile,</strong></span> <span class='ocrx_word' id='word_1_243' title='bbox 941 3977 1018 4018; x_wconf 84' lang='lat' dir='ltr'><strong>ex</strong></span> <span class='ocrx_word' id='word_1_244' title='bbox 1045 3960 1218 4019; x_wconf 88' lang='lat' dir='ltr'><strong>nullo</strong></span> <span class='ocrx_word' id='word_1_245' title='bbox 1247 3958 1368 4018; x_wconf 81' lang='lat' dir='ltr'><strong>alio</strong></span> <span class='ocrx_word' id='word_1_246' title='bbox 1401 3957 1602 4036; x_wconf 83' lang='lat' dir='ltr'><strong>capite</strong></span> <span class='ocrx_word' id='word_1_247' title='bbox 1632 3961 1837 4034; x_wconf 82' lang='lat' dir='ltr'><strong>potest</strong></span> <span class='ocrx_word' id='word_1_248' title='bbox 1859 3954 2119 4017; x_wconf 79' lang='lat' dir='ltr'><strong>scientia</strong></span> 
     </span>
     <span class='ocr_line' id='line_1_40' title="bbox 559 4049 2121 4132; baseline -0.003 -18"><span class='ocrx_word' id='word_1_249' title='bbox 559 4071 698 4114; x_wconf 90' lang='lat' dir='ltr'><strong>esse</strong></span> <span class='ocrx_word' id='word_1_250' title='bbox 752 4052 1110 4132; x_wconf 87' lang='lat' dir='ltr'><strong>simpliciter</strong></span> <span class='ocrx_word' id='word_1_251' title='bbox 1159 4050 1596 4132; x_wconf 75' lang='lat' dir='ltr'><strong>impossibiliS,</strong></span> <span class='ocrx_word' id='word_1_252' title='bbox 1631 4055 1701 4111; x_wconf 89' lang='lat' dir='ltr'><strong>ut</strong></span> <span class='ocrx_word' id='word_1_253' title='bbox 1733 4051 1868 4130; x_wconf 87' lang='lat' dir='ltr'><strong>jam</strong></span> <span class='ocrx_word' id='word_1_254' title='bbox 1910 4049 2121 4110; x_wconf 84' lang='lat' dir='ltr'><strong>decla·</strong></span> 
     </span>
     <span class='ocr_line' id='line_1_41' title="bbox 558 4147 735 4208; baseline -0.006 -1"><span class='ocrx_word' id='word_1_255' title='bbox 558 4147 735 4208; x_wconf 80' lang='lat' dir='ltr'><strong>rahe.</strong></span> 
     </span>
    </p>

    <p class='ocr_par' dir='ltr' id='par_1_3' title="bbox 559 4233 2129 5632">
     <span class='ocr_line' id='line_1_42' title="bbox 639 4233 2121 4318; baseline -0.003 -18"><span class='ocrx_word' id='word_1_256' title='bbox 639 4243 698 4300; x_wconf 74' lang='lat'><strong>4.</strong></span> <span class='ocrx_word' id='word_1_257' title='bbox 752 4239 831 4302; x_wconf 82' lang='lat' dir='ltr'><strong>Si</strong></span> <span class='ocrx_word' id='word_1_258' title='bbox 857 4257 1012 4302; x_wconf 78' lang='lat' dir='ltr'><strong>verce</strong></span> <span class='ocrx_word' id='word_1_259' title='bbox 1047 4242 1192 4300; x_wconf 79' lang='lat' dir='ltr'><strong>sunt</strong></span> <span class='ocrx_word' id='word_1_260' title='bbox 1223 4237 1318 4300; x_wconf 79' lang='lat' dir='ltr'><strong>lue</strong></span> <span class='ocrx_word' id='word_1_261' title='bbox 1347 4237 1812 4318; x_wconf 71' lang='lat' dir='ltr'><strong>propositiones,</strong></span> <span class='ocrx_word' id='word_1_262' title='bbox 1844 4239 1902 4298; x_wconf 79' lang='lat' dir='ltr'><strong>et</strong></span> <span class='ocrx_word' id='word_1_263' title='bbox 1942 4233 2121 4298; x_wconf 74' lang='lat' dir='ltr'><strong>scibi-</strong></span> 
     </span>
     <span class='ocr_line' id='line_1_43' title="bbox 559 4331 2121 4412; baseline -0.005 -14"><span class='ocrx_word' id='word_1_264' title='bbox 559 4336 646 4398; x_wconf 82' lang='lat' dir='ltr'><strong>les</strong></span> <span class='ocrx_word' id='word_1_265' title='bbox 673 4341 869 4398; x_wconf 76' lang='lat' dir='ltr'><strong>eruut.</strong></span> <span class='ocrx_word' id='word_1_266' title='bbox 888 4366 969 4380; x_wconf 93' lang='lat'>—</span> <span class='ocrx_word' id='word_1_267' title='bbox 997 4333 1354 4396; x_wconf 77' lang='lat' dir='ltr'><strong>Occurritur</strong></span> <span class='ocrx_word' id='word_1_268' title='bbox 1379 4333 1713 4412; x_wconf 73' lang='lat' dir='ltr'><strong>0⁷27&#39;ectioni.</strong></span> <span class='ocrx_word' id='word_1_269' title='bbox 1739 4361 1822 4376; x_wconf 92' lang='lat'>—</span> <span class='ocrx_word' id='word_1_270' title='bbox 1845 4331 2121 4391; x_wconf 81' lang='lat' dir='ltr'><strong>Tertiam</strong></span> 
     </span>
     <span class='ocr_line' id='line_1_44' title="bbox 561 4423 2123 4507; baseline -0.003 -19"><span class='ocrx_word' id='word_1_271' title='bbox 561 4429 750 4507; x_wconf 82' lang='lat' dir='ltr'><strong>igitur</strong></span> <span class='ocrx_word' id='word_1_272' title='bbox 791 4427 1281 4506; x_wconf 88' lang='lat' dir='ltr'><strong>propositionem</strong></span> <span class='ocrx_word' id='word_1_273' title='bbox 1310 4425 1497 4497; x_wconf 79' lang='lat' dir='ltr'><strong>addo,</strong></span> <span class='ocrx_word' id='word_1_274' title='bbox 1530 4423 1842 4496; x_wconf 86' lang='lat' dir='ltr'><strong>videlicet,</strong></span> <span class='ocrx_word' id='word_1_275' title='bbox 1877 4423 1926 4484; x_wconf 89' lang='lat' dir='ltr'><strong>si</strong></span> <span class='ocrx_word' id='word_1_276' title='bbox 1964 4424 2123 4484; x_wconf 85' lang='lat' dir='ltr'><strong>tales</strong></span> 
     </span>
     <span class='ocr_line' id='line_1_45' title="bbox 561 4517 2123 4601; baseline -0.004 -20"><span class='ocrx_word' id='word_1_277' title='bbox 561 4522 1018 4601; x_wconf 85' lang='lat' dir='ltr'><strong>propositiones</strong></span> <span class='ocrx_word' id='word_1_278' title='bbox 1041 4537 1206 4579; x_wconf 85' lang='lat' dir='ltr'><strong>verae</strong></span> <span class='ocrx_word' id='word_1_279' title='bbox 1238 4525 1382 4578; x_wconf 88' lang='lat' dir='ltr'><strong>sunt</strong></span> <span class='ocrx_word' id='word_1_280' title='bbox 1411 4517 1842 4589; x_wconf 86' lang='lat' dir='ltr'><strong>determinate,</strong></span> <span class='ocrx_word' id='word_1_281' title='bbox 1876 4517 2123 4576; x_wconf 84' lang='lat' dir='ltr'><strong>scibiles</strong></span> 
     </span>
     <span class='ocr_line' id='line_1_46' title="bbox 567 4609 2125 4690; baseline -0.004 -15"><span class='ocrx_word' id='word_1_282' title='bbox 567 4613 754 4674; x_wconf 85' lang='lat' dir='ltr'><strong>etiam</strong></span> <span class='ocrx_word' id='word_1_283' title='bbox 785 4631 922 4674; x_wconf 87' lang='lat' dir='ltr'><strong>esse</strong></span> <span class='ocrx_word' id='word_1_284' title='bbox 957 4617 1269 4690; x_wconf 87' lang='lat' dir='ltr'><strong>quatenus</strong></span> <span class='ocrx_word' id='word_1_285' title='bbox 1297 4609 1454 4670; x_wconf 86' lang='lat' dir='ltr'><strong>tales</strong></span> <span class='ocrx_word' id='word_1_286' title='bbox 1483 4615 1647 4682; x_wconf 80' lang='lat' dir='ltr'><strong>sunt,</strong></span> <span class='ocrx_word' id='word_1_287' title='bbox 1675 4609 1738 4670; x_wconf 88' lang='lat' dir='ltr'><strong>id</strong></span> <span class='ocrx_word' id='word_1_288' title='bbox 1766 4614 1880 4682; x_wconf 87' lang='lat' dir='ltr'><strong>est,</strong></span> <span class='ocrx_word' id='word_1_289' title='bbox 1913 4609 1994 4670; x_wconf 89' lang='lat' dir='ltr'><strong>de</strong></span> <span class='ocrx_word' id='word_1_290' title='bbox 2032 4609 2125 4668; x_wconf 88' lang='lat' dir='ltr'><strong>eis</strong></span> 
     </span>
     <span class='ocr_line' id='line_1_47' title="bbox 567 4703 2125 4786; baseline -0.003 -19"><span class='ocrx_word' id='word_1_291' title='bbox 567 4708 709 4767; x_wconf 89' lang='lat' dir='ltr'><strong>sciri</strong></span> <span class='ocrx_word' id='word_1_292' title='bbox 741 4725 922 4786; x_wconf 89' lang='lat' dir='ltr'><strong>posse</strong></span> <span class='ocrx_word' id='word_1_293' title='bbox 952 4705 1120 4784; x_wconf 89' lang='lat' dir='ltr'><strong>quod</strong></span> <span class='ocrx_word' id='word_1_294' title='bbox 1148 4721 1310 4765; x_wconf 85' lang='lat' dir='ltr'><strong>verae</strong></span> <span class='ocrx_word' id='word_1_295' title='bbox 1345 4703 1486 4764; x_wconf 89' lang='lat' dir='ltr'><strong>sint.</strong></span> <span class='ocrx_word' id='word_1_296' title='bbox 1523 4705 1650 4764; x_wconf 86' lang='lat' dir='ltr'><strong>Hoc</strong></span> <span class='ocrx_word' id='word_1_297' title='bbox 1676 4703 1864 4763; x_wconf 87' lang='lat' dir='ltr'><strong>etiam</strong></span> <span class='ocrx_word' id='word_1_298' title='bbox 1895 4719 2125 4781; x_wconf 87' lang='lat' dir='ltr'><strong>suppo·</strong></span> 
     </span>
     <span class='ocr_line' id='line_1_48' title="bbox 565 4797 2126 4878; baseline -0.004 -15"><span class='ocrx_word' id='word_1_299' title='bbox 565 4807 728 4862; x_wconf 85' lang='lat' dir='ltr'><strong>nunt</strong></span> <span class='ocrx_word' id='word_1_300' title='bbox 755 4819 973 4862; x_wconf 87' lang='lat' dir='ltr'><strong>omnes</strong></span> <span class='ocrx_word' id='word_1_301' title='bbox 995 4799 1316 4878; x_wconf 84' lang='lat' dir='ltr'><strong>Theologi,</strong></span> <span class='ocrx_word' id='word_1_302' title='bbox 1345 4798 1552 4878; x_wconf 91' lang='lat' dir='ltr'><strong>quide</strong></span> <span class='ocrx_word' id='word_1_303' title='bbox 1583 4799 1701 4858; x_wconf 87' lang='lat' dir='ltr'><strong>hac</strong></span> <span class='ocrx_word' id='word_1_304' title='bbox 1723 4798 1985 4858; x_wconf 86' lang='lat' dir='ltr'><strong>materia</strong></span> <span class='ocrx_word' id='word_1_305' title='bbox 2006 4797 2126 4856; x_wconf 88' lang='lat' dir='ltr'><strong>dis-</strong></span> 
     </span>
     <span class='ocr_line' id='line_1_49' title="bbox 565 4891 2125 4976; baseline -0.004 -19"><span class='ocrx_word' id='word_1_306' title='bbox 565 4901 809 4976; x_wconf 86' lang='lat' dir='ltr'><strong>putant,</strong></span> <span class='ocrx_word' id='word_1_307' title='bbox 857 4901 918 4956; x_wconf 87' lang='lat' dir='ltr'><strong>et</strong></span> <span class='ocrx_word' id='word_1_308' title='bbox 953 4895 1196 4955; x_wconf 80' lang='lat' dir='ltr'><strong>videtur</strong></span> <span class='ocrx_word' id='word_1_309' title='bbox 1243 4911 1355 4972; x_wconf 88' lang='lat' dir='ltr'><strong>per</strong></span> <span class='ocrx_word' id='word_1_310' title='bbox 1401 4912 1466 4953; x_wconf 90' lang='lat' dir='ltr'><strong>se</strong></span> <span class='ocrx_word' id='word_1_311' title='bbox 1519 4891 1944 4964; x_wconf 82' lang='lat' dir='ltr'><strong>manifestum,</strong></span> <span class='ocrx_word' id='word_1_312' title='bbox 1978 4891 2125 4971; x_wconf 82' lang='lat' dir='ltr'><strong>quia</strong></span> 
     </span>
     <span class='ocr_line' id='line_1_50' title="bbox 569 4985 2119 5063; baseline -0.004 -13"><span class='ocrx_word' id='word_1_313' title='bbox 569 4991 771 5050; x_wconf 89' lang='lat' dir='ltr'><strong>omnis</strong></span> <span class='ocrx_word' id='word_1_314' title='bbox 805 4989 1032 5049; x_wconf 85' lang='lat' dir='ltr'><strong>veritas</strong></span> <span class='ocrx_word' id='word_1_315' title='bbox 1075 5006 1150 5047; x_wconf 85' lang='lat' dir='ltr'><strong>cx</strong></span> <span class='ocrx_word' id='word_1_316' title='bbox 1189 5005 1256 5046; x_wconf 87' lang='lat' dir='ltr'><strong>se</strong></span> <span class='ocrx_word' id='word_1_317' title='bbox 1294 4985 1522 5046; x_wconf 87' lang='lat' dir='ltr'><strong>scibilis</strong></span> <span class='ocrx_word' id='word_1_318' title='bbox 1553 4992 1666 5060; x_wconf 89' lang='lat' dir='ltr'><strong>est,</strong></span> <span class='ocrx_word' id='word_1_319' title='bbox 1701 4985 1846 5063; x_wconf 82' lang='lat' dir='ltr'><strong>quia</strong></span> <span class='ocrx_word' id='word_1_320' title='bbox 1875 5003 2119 5057; x_wconf 69' lang='lat' dir='ltr'><strong>verum,</strong></span> 
     </span>
     <span class='ocr_line' id='line_1_51' title="bbox 567 5078 2124 5158; baseline -0.003 -16"><span class='ocrx_word' id='word_1_321' title='bbox 567 5089 636 5143; x_wconf 88' lang='lat' dir='ltr'><strong>ut</strong></span> <span class='ocrx_word' id='word_1_322' title='bbox 659 5099 900 5152; x_wconf 86' lang='lat' dir='ltr'><strong>verum,</strong></span> <span class='ocrx_word' id='word_1_323' title='bbox 931 5086 1028 5140; x_wconf 89' lang='lat' dir='ltr'><strong>est</strong></span> <span class='ocrx_word' id='word_1_324' title='bbox 1073 5079 1394 5158; x_wconf 89' lang='lat' dir='ltr'><strong>proprium</strong></span> <span class='ocrx_word' id='word_1_325' title='bbox 1427 5079 1742 5154; x_wconf 88' lang='lat' dir='ltr'><strong>objectum</strong></span> <span class='ocrx_word' id='word_1_326' title='bbox 1771 5078 2124 5138; x_wconf 82' lang='lat' dir='ltr'><strong>intellectus</strong></span> 
     </span>
     <span class='ocr_line' id='line_1_52' title="bbox 569 5171 2123 5250; baseline -0.003 -15"><span class='ocrx_word' id='word_1_327' title='bbox 569 5181 630 5236; x_wconf 93' lang='lat' dir='ltr'><strong>et</strong></span> <span class='ocrx_word' id='word_1_328' title='bbox 655 5175 925 5234; x_wconf 71' lang='lat' dir='ltr'><strong>scientim</strong></span> <span class='ocrx_word' id='word_1_329' title='bbox 949 5193 963 5244; x_wconf 84' lang='lat'>;</span> <span class='ocrx_word' id='word_1_330' title='bbox 989 5173 1114 5232; x_wconf 89' lang='lat' dir='ltr'><strong>imo</strong></span> <span class='ocrx_word' id='word_1_331' title='bbox 1141 5177 1399 5232; x_wconf 85' lang='lat' dir='ltr'><strong>eatenus</strong></span> <span class='ocrx_word' id='word_1_332' title='bbox 1417 5171 1648 5250; x_wconf 87' lang='lat' dir='ltr'><strong>aliquid</strong></span> <span class='ocrx_word' id='word_1_333' title='bbox 1669 5190 1888 5232; x_wconf 86' lang='lat' dir='ltr'><strong>verum</strong></span> <span class='ocrx_word' id='word_1_334' title='bbox 1917 5177 2035 5244; x_wconf 90' lang='lat' dir='ltr'><strong>est,</strong></span> <span class='ocrx_word' id='word_1_335' title='bbox 2058 5172 2123 5230; x_wconf 88' lang='lat' dir='ltr'><strong>in</strong></span> 
     </span>
     <span class='ocr_line' id='line_1_53' title="bbox 567 5263 2125 5348; baseline -0.003 -20"><span class='ocrx_word' id='word_1_336' title='bbox 567 5275 868 5348; x_wconf 85' lang='lat' dir='ltr'><strong>quantum</strong></span> <span class='ocrx_word' id='word_1_337' title='bbox 901 5284 1038 5326; x_wconf 87' lang='lat' dir='ltr'><strong>esse</strong></span> <span class='ocrx_word' id='word_1_338' title='bbox 1069 5269 1272 5344; x_wconf 88' lang='lat' dir='ltr'><strong>potest</strong></span> <span class='ocrx_word' id='word_1_339' title='bbox 1301 5263 1620 5325; x_wconf 79' lang='lat' dir='ltr'><strong>conforme</strong></span> <span class='ocrx_word' id='word_1_340' title='bbox 1648 5265 1989 5325; x_wconf 86' lang='lat' dir='ltr'><strong>intellectui</strong></span> <span class='ocrx_word' id='word_1_341' title='bbox 2012 5283 2125 5324; x_wconf 90' lang='lat' dir='ltr'><strong>seu</strong></span> 
     </span>
     <span class='ocr_line' id='line_1_54' title="bbox 567 5355 2124 5437; baseline -0.003 -15"><span class='ocrx_word' id='word_1_342' title='bbox 567 5361 859 5422; x_wconf 67' lang='lat' dir='ltr'><strong>scientiar.</strong></span> <span class='ocrx_word' id='word_1_343' title='bbox 878 5359 1286 5437; x_wconf 82' lang='lat' dir='ltr'><strong>Qua-propter,</strong></span> <span class='ocrx_word' id='word_1_344' title='bbox 1311 5357 1360 5418; x_wconf 88' lang='lat' dir='ltr'><strong>si</strong></span> <span class='ocrx_word' id='word_1_345' title='bbox 1396 5355 1460 5416; x_wconf 91' lang='lat' dir='ltr'><strong>in</strong></span> <span class='ocrx_word' id='word_1_346' title='bbox 1485 5357 1729 5435; x_wconf 89' lang='lat' dir='ltr'><strong>objecto</strong></span> <span class='ocrx_word' id='word_1_347' title='bbox 1751 5364 1846 5420; x_wconf 89' lang='lat' dir='ltr'><strong>est</strong></span> <span class='ocrx_word' id='word_1_348' title='bbox 1871 5357 2124 5429; x_wconf 80' lang='lat' dir='ltr'><strong>veritas,</strong></span> 
     </span>
     <span class='ocr_line' id='line_1_55' title="bbox 567 5451 2129 5533; baseline -0.004 -17"><span class='ocrx_word' id='word_1_349' title='bbox 567 5475 694 5516; x_wconf 87' lang='lat' dir='ltr'><strong>non</strong></span> <span class='ocrx_word' id='word_1_350' title='bbox 723 5461 928 5533; x_wconf 84' lang='lat' dir='ltr'><strong>potest</strong></span> <span class='ocrx_word' id='word_1_351' title='bbox 959 5473 1034 5512; x_wconf 81' lang='lat' dir='ltr'><strong>ex</strong></span> <span class='ocrx_word' id='word_1_352' title='bbox 1063 5471 1129 5512; x_wconf 91' lang='lat' dir='ltr'><strong>se</strong></span> <span class='ocrx_word' id='word_1_353' title='bbox 1156 5469 1284 5511; x_wconf 92' lang='lat' dir='ltr'><strong>non</strong></span> <span class='ocrx_word' id='word_1_354' title='bbox 1315 5469 1454 5512; x_wconf 90' lang='lat' dir='ltr'><strong>esse</strong></span> <span class='ocrx_word' id='word_1_355' title='bbox 1483 5451 1731 5524; x_wconf 84' lang='lat' dir='ltr'><strong>scibile3</strong></span> <span class='ocrx_word' id='word_1_356' title='bbox 1767 5451 1939 5530; x_wconf 84' lang='lat' dir='ltr'><strong>quod</strong></span> <span class='ocrx_word' id='word_1_357' title='bbox 1973 5452 2023 5510; x_wconf 91' lang='lat' dir='ltr'><strong>si</strong></span> <span class='ocrx_word' id='word_1_358' title='bbox 2052 5469 2129 5510; x_wconf 86' lang='lat' dir='ltr'><strong>ex</strong></span> 
     </span>
     <span class='ocr_line' id='line_1_56' title="bbox 565 5542 2127 5632; baseline -0.004 -22"><span class='ocrx_word' id='word_1_359' title='bbox 565 5556 742 5632; x_wconf 79' lang='lat' dir='ltr'><strong>parte</strong></span> <span class='ocrx_word' id='word_1_360' title='bbox 763 5549 958 5629; x_wconf 89' lang='lat' dir='ltr'><strong>ipsius</strong></span> <span class='ocrx_word' id='word_1_361' title='bbox 981 5566 1106 5608; x_wconf 92' lang='lat' dir='ltr'><strong>non</strong></span> <span class='ocrx_word' id='word_1_362' title='bbox 1129 5550 1437 5625; x_wconf 76' lang='lat' dir='ltr'><strong>repugnat</strong></span> <span class='ocrx_word' id='word_1_363' title='bbox 1457 5543 1616 5620; x_wconf 85' lang='lat' dir='ltr'><strong>sciri,</strong></span> <span class='ocrx_word' id='word_1_364' title='bbox 1645 5563 1852 5624; x_wconf 84' lang='lat' dir='ltr'><strong>neque</strong></span> <span class='ocrx_word' id='word_1_365' title='bbox 1875 5542 2127 5606; x_wconf 81' lang='lat' dir='ltr'><strong>aliunde</strong></span> 
     </span>
    </p>
   </div>
   <div class='ocr_carea' id='block_1_2' title="bbox 1064 398 3253 473">
    <p class='ocr_par' dir='ltr' id='par_1_4' title="bbox 1064 398 3253 473">
     <span class='ocr_line' id='line_1_57' title="bbox 1064 398 3253 473; baseline -0.001 -12"><span class='ocrx_word' id='word_1_366' title='bbox 1064 408 1274 463; x_wconf 67' lang='lat' dir='ltr'><strong>oense.</strong></span> <span class='ocrx_word' id='word_1_367' title='bbox 1310 398 1374 473; x_wconf 80' lang='lat'><strong>11,</strong></span> <span class='ocrx_word' id='word_1_368' title='bbox 1409 410 1527 462; x_wconf 79' lang='lat' dir='ltr'><strong>Lis.</strong></span> <span class='ocrx_word' id='word_1_369' title='bbox 1563 398 1624 462; x_wconf 81' lang='lat'><strong>11.</strong></span> <span class='ocrx_word' id='word_1_370' title='bbox 1659 410 1742 463; x_wconf 79' lang='lat' dir='ltr'><strong>m:</strong></span> <span class='ocrx_word' id='word_1_371' title='bbox 1775 398 2061 462; x_wconf 61' lang='lat' dir='ltr'><strong>scientis.</strong></span> <span class='ocrx_word' id='word_1_372' title='bbox 2096 400 2551 462; x_wconf 57' lang='lat' dir='ltr'><strong>communitus</strong></span> <span class='ocrx_word' id='word_1_373' title='bbox 2586 402 2810 461; x_wconf 72' lang='lat' dir='ltr'><strong>rurus.</strong></span> <span class='ocrx_word' id='word_1_374' title='bbox 2846 402 3253 460; x_wconf 60' lang='lat' dir='ltr'><strong>commertar.</strong></span> 
     </span>
    </p>
   </div>
   <div class='ocr_carea' id='block_1_3' title="bbox 2192 508 3836 3668">
    <p class='ocr_par' dir='ltr' id='par_1_5' title="bbox 2192 508 3836 3668">
     <span class='ocr_line' id='line_1_58' title="bbox 2200 508 3755 591; baseline -0.005 -17"><span class='ocrx_word' id='word_1_375' title='bbox 2200 514 2427 591; x_wconf 89' lang='lat' dir='ltr'><strong>poterit</strong></span> <span class='ocrx_word' id='word_1_376' title='bbox 2476 512 2840 591; x_wconf 89' lang='lat' dir='ltr'><strong>simpliciter</strong></span> <span class='ocrx_word' id='word_1_377' title='bbox 2886 528 3264 589; x_wconf 77' lang='lat' dir='ltr'><strong>repugnare,</strong></span> <span class='ocrx_word' id='word_1_378' title='bbox 3296 508 3631 587; x_wconf 82' lang='lat' dir='ltr'><strong>praesertim</strong></span> <span class='ocrx_word' id='word_1_379' title='bbox 3676 508 3755 568; x_wconf 83' lang='lat' dir='ltr'><strong>in</strong></span> 
     </span>
     <span class='ocr_line' id='line_1_59' title="bbox 2200 600 3757 675; baseline -0.003 -10"><span class='ocrx_word' id='word_1_380' title='bbox 2200 605 2419 667; x_wconf 86' lang='lat' dir='ltr'><strong>ordine</strong></span> <span class='ocrx_word' id='word_1_381' title='bbox 2452 606 2532 666; x_wconf 90' lang='lat' dir='ltr'><strong>ad</strong></span> <span class='ocrx_word' id='word_1_382' title='bbox 2567 606 2785 667; x_wconf 88' lang='lat' dir='ltr'><strong>Deum.</strong></span> <span class='ocrx_word' id='word_1_383' title='bbox 2822 603 2999 675; x_wconf 88' lang='lat' dir='ltr'><strong>Quod</strong></span> <span class='ocrx_word' id='word_1_384' title='bbox 3036 604 3101 663; x_wconf 88' lang='lat' dir='ltr'><strong>in</strong></span> <span class='ocrx_word' id='word_1_385' title='bbox 3140 604 3311 662; x_wconf 90' lang='lat' dir='ltr'><strong>hunc</strong></span> <span class='ocrx_word' id='word_1_386' title='bbox 3358 600 3607 661; x_wconf 88' lang='lat' dir='ltr'><strong>modum</strong></span> <span class='ocrx_word' id='word_1_387' title='bbox 3644 602 3757 661; x_wconf 86' lang='lat' dir='ltr'><strong>de-</strong></span> 
     </span>
     <span class='ocr_line' id='line_1_60' title="bbox 2200 693 3753 777; baseline -0.003 -20"><span class='ocrx_word' id='word_1_388' title='bbox 2200 699 2493 771; x_wconf 80' lang='lat' dir='ltr'><strong>claratur,-</strong></span> <span class='ocrx_word' id='word_1_389' title='bbox 2542 699 2689 777; x_wconf 87' lang='lat' dir='ltr'><strong>quia</strong></span> <span class='ocrx_word' id='word_1_390' title='bbox 2742 697 2899 757; x_wconf 89' lang='lat' dir='ltr'><strong>sicut</strong></span> <span class='ocrx_word' id='word_1_391' title='bbox 2940 696 3211 774; x_wconf 86' lang='lat' dir='ltr'><strong>pertinet</strong></span> <span class='ocrx_word' id='word_1_392' title='bbox 3260 694 3343 755; x_wconf 87' lang='lat' dir='ltr'><strong>ad</strong></span> <span class='ocrx_word' id='word_1_393' title='bbox 3392 693 3753 753; x_wconf 85' lang='lat' dir='ltr'><strong>infinitatem</strong></span> 
     </span>
     <span class='ocr_line' id='line_1_61' title="bbox 2196 786 3757 869; baseline -0.004 -18"><span class='ocrx_word' id='word_1_394' title='bbox 2196 793 2489 869; x_wconf 84' lang='lat' dir='ltr'><strong>potentiae</strong></span> <span class='ocrx_word' id='word_1_395' title='bbox 2508 792 2619 851; x_wconf 88' lang='lat' dir='ltr'><strong>Dei</strong></span> <span class='ocrx_word' id='word_1_396' title='bbox 2638 790 2810 869; x_wconf 85' lang='lat' dir='ltr'><strong>quod</strong></span> <span class='ocrx_word' id='word_1_397' title='bbox 2826 790 2905 849; x_wconf 90' lang='lat' dir='ltr'><strong>sit</strong></span> <span class='ocrx_word' id='word_1_398' title='bbox 2922 789 3343 867; x_wconf 87' lang='lat' dir='ltr'><strong>omnipotens,</strong></span> <span class='ocrx_word' id='word_1_399' title='bbox 3368 786 3431 847; x_wconf 91' lang='lat' dir='ltr'><strong>id</strong></span> <span class='ocrx_word' id='word_1_400' title='bbox 3452 792 3565 859; x_wconf 80' lang='lat' dir='ltr'><strong>est,</strong></span> <span class='ocrx_word' id='word_1_401' title='bbox 3588 786 3757 865; x_wconf 87' lang='lat' dir='ltr'><strong>quod</strong></span> 
     </span>
     <span class='ocr_line' id='line_1_62' title="bbox 2196 879 3759 963; baseline -0.006 -17"><span class='ocrx_word' id='word_1_402' title='bbox 2196 886 2392 963; x_wconf 87' lang='lat' dir='ltr'><strong>possit</strong></span> <span class='ocrx_word' id='word_1_403' title='bbox 2420 902 2609 945; x_wconf 89' lang='lat' dir='ltr'><strong>omne</strong></span> <span class='ocrx_word' id='word_1_404' title='bbox 2638 883 2956 963; x_wconf 89' lang='lat' dir='ltr'><strong>possibile,</strong></span> <span class='ocrx_word' id='word_1_405' title='bbox 2998 900 3109 942; x_wconf 89' lang='lat' dir='ltr'><strong>seu</strong></span> <span class='ocrx_word' id='word_1_406' title='bbox 3144 897 3335 941; x_wconf 87' lang='lat' dir='ltr'><strong>omne</strong></span> <span class='ocrx_word' id='word_1_407' title='bbox 3358 879 3532 957; x_wconf 88' lang='lat' dir='ltr'><strong>quod</strong></span> <span class='ocrx_word' id='word_1_408' title='bbox 3554 879 3759 939; x_wconf 80' lang='lat' dir='ltr'><strong>claudi</strong></span> 
     </span>
     <span class='ocr_line' id='line_1_63' title="bbox 2196 972 3757 1057; baseline -0.006 -18"><span class='ocrx_word' id='word_1_409' title='bbox 2196 983 2403 1057; x_wconf 85' lang='lat' dir='ltr'><strong>potest</strong></span> <span class='ocrx_word' id='word_1_410' title='bbox 2430 978 2548 1038; x_wconf 88' lang='lat' dir='ltr'><strong>sub</strong></span> <span class='ocrx_word' id='word_1_411' title='bbox 2572 976 2897 1037; x_wconf 87' lang='lat' dir='ltr'><strong>latitudine</strong></span> <span class='ocrx_word' id='word_1_412' title='bbox 2926 975 3109 1046; x_wconf 88' lang='lat' dir='ltr'><strong>entis,</strong></span> <span class='ocrx_word' id='word_1_413' title='bbox 3134 974 3221 1033; x_wconf 85' lang='lat' dir='ltr'><strong>ita</strong></span> <span class='ocrx_word' id='word_1_414' title='bbox 3250 974 3523 1052; x_wconf 84' lang='lat' dir='ltr'><strong>pertinet</strong></span> <span class='ocrx_word' id='word_1_415' title='bbox 3548 972 3625 1031; x_wconf 84' lang='lat' dir='ltr'><strong>ad</strong></span> <span class='ocrx_word' id='word_1_416' title='bbox 3662 974 3757 1031; x_wconf 86' lang='lat' dir='ltr'><strong>in-</strong></span> 
     </span>
     <span class='ocr_line' id='line_1_64' title="bbox 2196 1065 3759 1135; baseline -0.004 -4"><span class='ocrx_word' id='word_1_417' title='bbox 2196 1070 2501 1131; x_wconf 83' lang='lat' dir='ltr'><strong>finitatem</strong></span> <span class='ocrx_word' id='word_1_418' title='bbox 2530 1070 2805 1131; x_wconf 84' lang='lat' dir='ltr'><strong>scientioe</strong></span> <span class='ocrx_word' id='word_1_419' title='bbox 2834 1068 2947 1129; x_wconf 87' lang='lat' dir='ltr'><strong>Dei</strong></span> <span class='ocrx_word' id='word_1_420' title='bbox 2976 1072 3045 1128; x_wconf 88' lang='lat' dir='ltr'><strong>ut</strong></span> <span class='ocrx_word' id='word_1_421' title='bbox 3069 1068 3151 1127; x_wconf 87' lang='lat' dir='ltr'><strong>sit</strong></span> <span class='ocrx_word' id='word_1_422' title='bbox 3182 1065 3398 1127; x_wconf 81' lang='lat' dir='ltr'><strong>omnia</strong></span> <span class='ocrx_word' id='word_1_423' title='bbox 3440 1066 3659 1135; x_wconf 85' lang='lat' dir='ltr'><strong>sciens,</strong></span> <span class='ocrx_word' id='word_1_424' title='bbox 3684 1066 3759 1125; x_wconf 88' lang='lat' dir='ltr'><strong>id</strong></span> 
     </span>
     <span class='ocr_line' id='line_1_65' title="bbox 2201 1158 3757 1238; baseline -0.003 -15"><span class='ocrx_word' id='word_1_425' title='bbox 2201 1169 2317 1237; x_wconf 89' lang='lat' dir='ltr'><strong>est,</strong></span> <span class='ocrx_word' id='word_1_426' title='bbox 2366 1164 2571 1225; x_wconf 87' lang='lat' dir='ltr'><strong>sciens</strong></span> <span class='ocrx_word' id='word_1_427' title='bbox 2608 1179 2797 1223; x_wconf 88' lang='lat' dir='ltr'><strong>omne</strong></span> <span class='ocrx_word' id='word_1_428' title='bbox 2826 1160 3063 1232; x_wconf 88' lang='lat' dir='ltr'><strong>scibile,</strong></span> <span class='ocrx_word' id='word_1_429' title='bbox 3094 1178 3207 1220; x_wconf 87' lang='lat' dir='ltr'><strong>seu</strong></span> <span class='ocrx_word' id='word_1_430' title='bbox 3234 1158 3431 1238; x_wconf 89' lang='lat' dir='ltr'><strong>(quod</strong></span> <span class='ocrx_word' id='word_1_431' title='bbox 3456 1159 3619 1220; x_wconf 88' lang='lat' dir='ltr'><strong>idem</strong></span> <span class='ocrx_word' id='word_1_432' title='bbox 3638 1161 3757 1235; x_wconf 76' lang='lat' dir='ltr'><strong>est)</strong></span> 
     </span>
     <span class='ocr_line' id='line_1_66' title="bbox 2200 1252 3759 1335; baseline -0.004 -16"><span class='ocrx_word' id='word_1_433' title='bbox 2200 1276 2389 1319; x_wconf 89' lang='lat' dir='ltr'><strong>omne</strong></span> <span class='ocrx_word' id='word_1_434' title='bbox 2432 1256 2603 1335; x_wconf 88' lang='lat' dir='ltr'><strong>quod</strong></span> <span class='ocrx_word' id='word_1_435' title='bbox 2644 1255 2955 1317; x_wconf 81' lang='lat' dir='ltr'><strong>clauditur</strong></span> <span class='ocrx_word' id='word_1_436' title='bbox 2980 1255 3101 1315; x_wconf 90' lang='lat' dir='ltr'><strong>sub</strong></span> <span class='ocrx_word' id='word_1_437' title='bbox 3128 1252 3457 1314; x_wconf 85' lang='lat' dir='ltr'><strong>latitudine</strong></span> <span class='ocrx_word' id='word_1_438' title='bbox 3486 1254 3635 1313; x_wconf 70' lang='lat' dir='ltr'><strong>veri.</strong></span> <span class='ocrx_word' id='word_1_439' title='bbox 3658 1254 3759 1313; x_wconf 88' lang='lat' dir='ltr'><strong>Di-</strong></span> 
     </span>
     <span class='ocr_line' id='line_1_67' title="bbox 2202 1344 3757 1429; baseline -0.005 -17"><span class='ocrx_word' id='word_1_440' title='bbox 2202 1356 2305 1413; x_wconf 86' lang='lat' dir='ltr'><strong>cet</strong></span> <span class='ocrx_word' id='word_1_441' title='bbox 2328 1350 2489 1411; x_wconf 82' lang='lat' dir='ltr'><strong>forte</strong></span> <span class='ocrx_word' id='word_1_442' title='bbox 2514 1350 2657 1429; x_wconf 89' lang='lat' dir='ltr'><strong>quis</strong></span> <span class='ocrx_word' id='word_1_443' title='bbox 2674 1349 3001 1409; x_wconf 82' lang='lat' dir='ltr'><strong>veritatem</strong></span> <span class='ocrx_word' id='word_1_444' title='bbox 3024 1346 3285 1425; x_wconf 87' lang='lat' dir='ltr'><strong>quidem</strong></span> <span class='ocrx_word' id='word_1_445' title='bbox 3312 1362 3569 1407; x_wconf 81' lang='lat' dir='ltr'><strong>omnem</strong></span> <span class='ocrx_word' id='word_1_446' title='bbox 3588 1344 3663 1405; x_wconf 88' lang='lat' dir='ltr'><strong>de</strong></span> <span class='ocrx_word' id='word_1_447' title='bbox 3686 1362 3757 1405; x_wconf 81' lang='lat' dir='ltr'><strong>se</strong></span> 
     </span>
     <span class='ocr_line' id='line_1_68' title="bbox 2202 1437 3757 1519; baseline -0.004 -16"><span class='ocrx_word' id='word_1_448' title='bbox 2202 1458 2341 1503; x_wconf 86' lang='lat' dir='ltr'><strong>esse</strong></span> <span class='ocrx_word' id='word_1_449' title='bbox 2372 1442 2691 1517; x_wconf 83' lang='lat' dir='ltr'><strong>scibilem3</strong></span> <span class='ocrx_word' id='word_1_450' title='bbox 2744 1448 2959 1501; x_wconf 85' lang='lat' dir='ltr'><strong>tamen</strong></span> <span class='ocrx_word' id='word_1_451' title='bbox 3009 1456 3085 1501; x_wconf 83' lang='lat' dir='ltr'><strong>ex</strong></span> <span class='ocrx_word' id='word_1_452' title='bbox 3132 1445 3312 1519; x_wconf 80' lang='lat' dir='ltr'><strong>parte</strong></span> <span class='ocrx_word' id='word_1_453' title='bbox 3359 1437 3533 1499; x_wconf 86' lang='lat' dir='ltr'><strong>modi</strong></span> <span class='ocrx_word' id='word_1_454' title='bbox 3574 1456 3757 1515; x_wconf 84' lang='lat' dir='ltr'><strong>posse</strong></span> 
     </span>
     <span class='ocr_line' id='line_1_69' title="bbox 2196 1531 3759 1615; baseline -0.004 -19"><span class='ocrx_word' id='word_1_455' title='bbox 2196 1553 2335 1596; x_wconf 89' lang='lat' dir='ltr'><strong>esse</strong></span> <span class='ocrx_word' id='word_1_456' title='bbox 2382 1534 2969 1615; x_wconf 80' lang='lat' dir='ltr'><strong>incognoscibilem3</strong></span> <span class='ocrx_word' id='word_1_457' title='bbox 3008 1532 3157 1612; x_wconf 83' lang='lat' dir='ltr'><strong>quia</strong></span> <span class='ocrx_word' id='word_1_458' title='bbox 3196 1531 3488 1593; x_wconf 80' lang='lat' dir='ltr'><strong>videlicet</strong></span> <span class='ocrx_word' id='word_1_459' title='bbox 3536 1532 3759 1591; x_wconf 89' lang='lat' dir='ltr'><strong>modus</strong></span> 
     </span>
     <span class='ocr_line' id='line_1_70' title="bbox 2194 1624 3757 1708; baseline -0.004 -17"><span class='ocrx_word' id='word_1_460' title='bbox 2194 1628 2541 1708; x_wconf 80' lang='lat' dir='ltr'><strong>attingendi</strong></span> <span class='ocrx_word' id='word_1_461' title='bbox 2590 1627 2762 1688; x_wconf 83' lang='lat' dir='ltr'><strong>illam</strong></span> <span class='ocrx_word' id='word_1_462' title='bbox 2802 1644 2931 1687; x_wconf 89' lang='lat' dir='ltr'><strong>non</strong></span> <span class='ocrx_word' id='word_1_463' title='bbox 2972 1633 3069 1687; x_wconf 87' lang='lat' dir='ltr'><strong>est</strong></span> <span class='ocrx_word' id='word_1_464' title='bbox 3106 1625 3447 1703; x_wconf 55' lang='lat' dir='ltr'><strong>possibili&amp;</strong></span> <span class='ocrx_word' id='word_1_465' title='bbox 3488 1624 3609 1685; x_wconf 86' lang='lat' dir='ltr'><strong>Sed</strong></span> <span class='ocrx_word' id='word_1_466' title='bbox 3638 1626 3757 1685; x_wconf 82' lang='lat' dir='ltr'><strong>hoc</strong></span> 
     </span>
     <span class='ocr_line' id='line_1_71' title="bbox 2200 1720 3759 1801; baseline -0.003 -18"><span class='ocrx_word' id='word_1_467' title='bbox 2200 1725 2264 1783; x_wconf 81' lang='lat' dir='ltr'><strong>et</strong></span> <span class='ocrx_word' id='word_1_468' title='bbox 2306 1721 2561 1782; x_wconf 81' lang='lat' dir='ltr'><strong>involvit</strong></span> <span class='ocrx_word' id='word_1_469' title='bbox 2604 1720 3110 1801; x_wconf 73' lang='lat' dir='ltr'><strong>repugnantiam,</strong></span> <span class='ocrx_word' id='word_1_470' title='bbox 3152 1726 3215 1779; x_wconf 87' lang='lat' dir='ltr'><strong>et</strong></span> <span class='ocrx_word' id='word_1_471' title='bbox 3260 1720 3619 1779; x_wconf 79' lang='lat' dir='ltr'><strong>necessario</strong></span> <span class='ocrx_word' id='word_1_472' title='bbox 3658 1736 3759 1778; x_wconf 81' lang='lat' dir='ltr'><strong>re-</strong></span> 
     </span>
     <span class='ocr_line' id='line_1_72' title="bbox 2192 1811 3751 1891; baseline -0.003 -16"><span class='ocrx_word' id='word_1_473' title='bbox 2192 1815 2477 1875; x_wconf 86' lang='lat' dir='ltr'><strong>funditur</strong></span> <span class='ocrx_word' id='word_1_474' title='bbox 2518 1814 2583 1874; x_wconf 87' lang='lat' dir='ltr'><strong>in</strong></span> <span class='ocrx_word' id='word_1_475' title='bbox 2624 1812 3159 1891; x_wconf 81' lang='lat' dir='ltr'><strong>imperfectionem</strong></span> <span class='ocrx_word' id='word_1_476' title='bbox 3196 1812 3472 1872; x_wconf 77' lang='lat' dir='ltr'><strong>scientioe</strong></span> <span class='ocrx_word' id='word_1_477' title='bbox 3500 1811 3751 1881; x_wconf 61' lang='lat' dir='ltr'><strong>divinam</strong></span> 
     </span>
     <span class='ocr_line' id='line_1_73' title="bbox 2192 1905 3758 1987; baseline -0.004 -18"><span class='ocrx_word' id='word_1_478' title='bbox 2192 1913 2283 1981; x_wconf 85' lang='lat' dir='ltr'><strong>ut,</strong></span> <span class='ocrx_word' id='word_1_479' title='bbox 2308 1908 2363 1969; x_wconf 90' lang='lat' dir='ltr'><strong>si</strong></span> <span class='ocrx_word' id='word_1_480' title='bbox 2395 1908 2537 1987; x_wconf 86' lang='lat' dir='ltr'><strong>quis</strong></span> <span class='ocrx_word' id='word_1_481' title='bbox 2564 1906 2800 1969; x_wconf 89' lang='lat' dir='ltr'><strong>diceret</strong></span> <span class='ocrx_word' id='word_1_482' title='bbox 2834 1905 3075 1985; x_wconf 85' lang='lat' dir='ltr'><strong>aliquid</strong></span> <span class='ocrx_word' id='word_1_483' title='bbox 3092 1906 3174 1967; x_wconf 88' lang='lat' dir='ltr'><strong>de</strong></span> <span class='ocrx_word' id='word_1_484' title='bbox 3198 1922 3268 1967; x_wconf 80' lang='lat' dir='ltr'><strong>se</strong></span> <span class='ocrx_word' id='word_1_485' title='bbox 3296 1920 3425 1965; x_wconf 89' lang='lat' dir='ltr'><strong>non</strong></span> <span class='ocrx_word' id='word_1_486' title='bbox 3454 1922 3758 1983; x_wconf 76' lang='lat' dir='ltr'><strong>repugna·</strong></span> 
     </span>
     <span class='ocr_line' id='line_1_74' title="bbox 2192 1998 3761 2079; baseline -0.003 -15"><span class='ocrx_word' id='word_1_487' title='bbox 2192 2022 2261 2065; x_wconf 89' lang='lat' dir='ltr'><strong>re</strong></span> <span class='ocrx_word' id='word_1_488' title='bbox 2306 2020 2445 2063; x_wconf 90' lang='lat' dir='ltr'><strong>esse</strong></span> <span class='ocrx_word' id='word_1_489' title='bbox 2498 2020 2636 2073; x_wconf 88' lang='lat' dir='ltr'><strong>ens,</strong></span> <span class='ocrx_word' id='word_1_490' title='bbox 2666 2007 2903 2073; x_wconf 84' lang='lat' dir='ltr'><strong>tamen,</strong></span> <span class='ocrx_word' id='word_1_491' title='bbox 2948 2000 3097 2079; x_wconf 84' lang='lat' dir='ltr'><strong>quia</strong></span> <span class='ocrx_word' id='word_1_492' title='bbox 3134 2016 3263 2061; x_wconf 89' lang='lat' dir='ltr'><strong>non</strong></span> <span class='ocrx_word' id='word_1_493' title='bbox 3312 2003 3411 2060; x_wconf 88' lang='lat' dir='ltr'><strong>est</strong></span> <span class='ocrx_word' id='word_1_494' title='bbox 3456 1998 3761 2078; x_wconf 87' lang='lat' dir='ltr'><strong>possibilis</strong></span> 
     </span>
     <span class='ocr_line' id='line_1_75' title="bbox 2196 2092 3758 2173; baseline -0.004 -17"><span class='ocrx_word' id='word_1_495' title='bbox 2196 2094 2424 2157; x_wconf 87' lang='lat' dir='ltr'><strong>modus</strong></span> <span class='ocrx_word' id='word_1_496' title='bbox 2454 2092 2881 2173; x_wconf 85' lang='lat' dir='ltr'><strong>productionis</strong></span> <span class='ocrx_word' id='word_1_497' title='bbox 2908 2094 3073 2172; x_wconf 86' lang='lat' dir='ltr'><strong>ejus,</strong></span> <span class='ocrx_word' id='word_1_498' title='bbox 3102 2110 3231 2152; x_wconf 88' lang='lat' dir='ltr'><strong>non</strong></span> <span class='ocrx_word' id='word_1_499' title='bbox 3264 2110 3409 2153; x_wconf 84' lang='lat' dir='ltr'><strong>esse</strong></span> <span class='ocrx_word' id='word_1_500' title='bbox 3444 2092 3758 2171; x_wconf 80' lang='lat' dir='ltr'><strong>possibile,</strong></span> 
     </span>
     <span class='ocr_line' id='line_1_76' title="bbox 2198 2185 3763 2267; baseline -0.003 -18"><span class='ocrx_word' id='word_1_501' title='bbox 2198 2195 2481 2267; x_wconf 84' lang='lat' dir='ltr'><strong>apertam</strong></span> <span class='ocrx_word' id='word_1_502' title='bbox 2507 2188 2745 2249; x_wconf 87' lang='lat' dir='ltr'><strong>diceret</strong></span> <span class='ocrx_word' id='word_1_503' title='bbox 2771 2185 3355 2251; x_wconf 85' lang='lat' dir='ltr'><strong>contradictionem,</strong></span> <span class='ocrx_word' id='word_1_504' title='bbox 3390 2190 3455 2245; x_wconf 85' lang='lat' dir='ltr'><strong>et</strong></span> <span class='ocrx_word' id='word_1_505' title='bbox 3476 2202 3763 2245; x_wconf 85' lang='lat' dir='ltr'><strong>necessa-</strong></span> 
     </span>
     <span class='ocr_line' id='line_1_77' title="bbox 2198 2278 3761 2357; baseline -0.004 -15"><span class='ocrx_word' id='word_1_506' title='bbox 2198 2282 2291 2342; x_wconf 92' lang='lat' dir='ltr'><strong>rio</strong></span> <span class='ocrx_word' id='word_1_507' title='bbox 2318 2281 2719 2341; x_wconf 86' lang='lat' dir='ltr'><strong>imminueret</strong></span> <span class='ocrx_word' id='word_1_508' title='bbox 2740 2280 3015 2341; x_wconf 79' lang='lat' dir='ltr'><strong>divinum</strong></span> <span class='ocrx_word' id='word_1_509' title='bbox 3040 2279 3388 2357; x_wconf 82' lang='lat' dir='ltr'><strong>potentiam</strong></span> <span class='ocrx_word' id='word_1_510' title='bbox 3410 2294 3432 2355; x_wconf 90' lang='lat'>;</span> <span class='ocrx_word' id='word_1_511' title='bbox 3461 2278 3611 2355; x_wconf 87' lang='lat' dir='ltr'><strong>quia</strong></span> <span class='ocrx_word' id='word_1_512' title='bbox 3638 2296 3761 2337; x_wconf 87' lang='lat' dir='ltr'><strong>non</strong></span> 
     </span>
     <span class='ocr_line' id='line_1_78' title="bbox 2197 2374 3759 2454; baseline -0.003 -19"><span class='ocrx_word' id='word_1_513' title='bbox 2197 2393 2383 2454; x_wconf 89' lang='lat' dir='ltr'><strong>posse</strong></span> <span class='ocrx_word' id='word_1_514' title='bbox 2410 2374 2761 2453; x_wconf 88' lang='lat' dir='ltr'><strong>producere</strong></span> <span class='ocrx_word' id='word_1_515' title='bbox 2786 2374 2913 2434; x_wconf 86' lang='lat' dir='ltr'><strong>tale</strong></span> <span class='ocrx_word' id='word_1_516' title='bbox 2942 2391 3055 2433; x_wconf 88' lang='lat' dir='ltr'><strong>ens</strong></span> <span class='ocrx_word' id='word_1_517' title='bbox 3094 2390 3226 2433; x_wconf 88' lang='lat' dir='ltr'><strong>non</strong></span> <span class='ocrx_word' id='word_1_518' title='bbox 3272 2377 3447 2432; x_wconf 86' lang='lat' dir='ltr'><strong>esset</strong></span> <span class='ocrx_word' id='word_1_519' title='bbox 3472 2390 3553 2432; x_wconf 87' lang='lat' dir='ltr'><strong>ex</strong></span> <span class='ocrx_word' id='word_1_520' title='bbox 3583 2389 3759 2449; x_wconf 87' lang='lat' dir='ltr'><strong>repu-</strong></span> 
     </span>
     <span class='ocr_line' id='line_1_79' title="bbox 2194 2464 3755 2549; baseline -0.004 -20"><span class='ocrx_word' id='word_1_521' title='bbox 2194 2470 2453 2549; x_wconf 82' lang='lat' dir='ltr'><strong>gnantia</strong></span> <span class='ocrx_word' id='word_1_522' title='bbox 2472 2468 2721 2549; x_wconf 89' lang='lat' dir='ltr'><strong>objecti,</strong></span> <span class='ocrx_word' id='word_1_523' title='bbox 2744 2467 2856 2529; x_wconf 89' lang='lat' dir='ltr'><strong>sed</strong></span> <span class='ocrx_word' id='word_1_524' title='bbox 2880 2484 2959 2527; x_wconf 84' lang='lat' dir='ltr'><strong>ex</strong></span> <span class='ocrx_word' id='word_1_525' title='bbox 2976 2466 3228 2529; x_wconf 80' lang='lat' dir='ltr'><strong>defectu</strong></span> <span class='ocrx_word' id='word_1_526' title='bbox 3248 2464 3569 2544; x_wconf 80' lang='lat' dir='ltr'><strong>potentiae.</strong></span> <span class='ocrx_word' id='word_1_527' title='bbox 3594 2465 3755 2525; x_wconf 84' lang='lat' dir='ltr'><strong>Idem</strong></span> 
     </span>
     <span class='ocr_line' id='line_1_80' title="bbox 2194 2559 3757 2642; baseline -0.003 -19"><span class='ocrx_word' id='word_1_528' title='bbox 2194 2580 2345 2642; x_wconf 79' lang='lat' dir='ltr'><strong>ergo</strong></span> <span class='ocrx_word' id='word_1_529' title='bbox 2388 2568 2485 2623; x_wconf 83' lang='lat' dir='ltr'><strong>est</strong></span> <span class='ocrx_word' id='word_1_530' title='bbox 2518 2562 2580 2621; x_wconf 90' lang='lat' dir='ltr'><strong>in</strong></span> <span class='ocrx_word' id='word_1_531' title='bbox 2611 2562 2923 2641; x_wconf 78' lang='lat' dir='ltr'><strong>praesenti,</strong></span> <span class='ocrx_word' id='word_1_532' title='bbox 2952 2562 3099 2640; x_wconf 83' lang='lat' dir='ltr'><strong>quia</strong></span> <span class='ocrx_word' id='word_1_533' title='bbox 3140 2561 3193 2620; x_wconf 86' lang='lat' dir='ltr'><strong>si</strong></span> <span class='ocrx_word' id='word_1_534' title='bbox 3226 2560 3547 2639; x_wconf 80' lang='lat' dir='ltr'><strong>objectum</strong></span> <span class='ocrx_word' id='word_1_535' title='bbox 3578 2559 3757 2619; x_wconf 86' lang='lat' dir='ltr'><strong>habet</strong></span> 
     </span>
     <span class='ocr_line' id='line_1_81' title="bbox 2192 2656 3755 2733; baseline -0.003 -18"><span class='ocrx_word' id='word_1_536' title='bbox 2192 2656 2541 2727; x_wconf 82' lang='lat' dir='ltr'><strong>veritatem,</strong></span> <span class='ocrx_word' id='word_1_537' title='bbox 2592 2674 2668 2715; x_wconf 82' lang='lat' dir='ltr'><strong>ex</strong></span> <span class='ocrx_word' id='word_1_538' title='bbox 2709 2662 2885 2733; x_wconf 88' lang='lat' dir='ltr'><strong>parte</strong></span> <span class='ocrx_word' id='word_1_539' title='bbox 2930 2656 3067 2732; x_wconf 89' lang='lat' dir='ltr'><strong>ejus</strong></span> <span class='ocrx_word' id='word_1_540' title='bbox 3112 2672 3244 2714; x_wconf 89' lang='lat' dir='ltr'><strong>non</strong></span> <span class='ocrx_word' id='word_1_541' title='bbox 3300 2660 3621 2732; x_wconf 84' lang='lat' dir='ltr'><strong>repugnat</strong></span> <span class='ocrx_word' id='word_1_542' title='bbox 3660 2670 3755 2711; x_wconf 86' lang='lat' dir='ltr'><strong>eo·</strong></span> 
     </span>
     <span class='ocr_line' id='line_1_82' title="bbox 2198 2746 3753 2827; baseline -0.003 -19"><span class='ocrx_word' id='word_1_543' title='bbox 2198 2748 2410 2826; x_wconf 83' lang='lat' dir='ltr'><strong>gnosci</strong></span> <span class='ocrx_word' id='word_1_544' title='bbox 2428 2770 2444 2823; x_wconf 93' lang='lat'>;</span> <span class='ocrx_word' id='word_1_545' title='bbox 2478 2766 2629 2827; x_wconf 86' lang='lat' dir='ltr'><strong>ergo</strong></span> <span class='ocrx_word' id='word_1_546' title='bbox 2666 2748 2719 2808; x_wconf 92' lang='lat' dir='ltr'><strong>si</strong></span> <span class='ocrx_word' id='word_1_547' title='bbox 2744 2748 2999 2808; x_wconf 88' lang='lat' dir='ltr'><strong>omniuo</strong></span> <span class='ocrx_word' id='word_1_548' title='bbox 3026 2753 3121 2807; x_wconf 86' lang='lat' dir='ltr'><strong>est</strong></span> <span class='ocrx_word' id='word_1_549' title='bbox 3154 2748 3361 2808; x_wconf 81' lang='lat' dir='ltr'><strong>latens</strong></span> <span class='ocrx_word' id='word_1_550' title='bbox 3392 2746 3643 2814; x_wconf 84' lang='lat' dir='ltr'><strong>veritas,</strong></span> <span class='ocrx_word' id='word_1_551' title='bbox 3664 2764 3753 2805; x_wconf 85' lang='lat' dir='ltr'><strong>so·</strong></span> 
     </span>
     <span class='ocr_line' id='line_1_83' title="bbox 2196 2839 3836 2921; baseline -0.002 -22"><span class='ocrx_word' id='word_1_552' title='bbox 2196 2842 2327 2900; x_wconf 88' lang='lat' dir='ltr'><strong>lum</strong></span> <span class='ocrx_word' id='word_1_553' title='bbox 2348 2860 2485 2901; x_wconf 89' lang='lat' dir='ltr'><strong>esse</strong></span> <span class='ocrx_word' id='word_1_554' title='bbox 2512 2846 2719 2920; x_wconf 88' lang='lat' dir='ltr'><strong>potest</strong></span> <span class='ocrx_word' id='word_1_555' title='bbox 2740 2856 2819 2901; x_wconf 80' lang='lat' dir='ltr'><strong>ex</strong></span> <span class='ocrx_word' id='word_1_556' title='bbox 2838 2839 3085 2901; x_wconf 76' lang='lat' dir='ltr'><strong>defectu</strong></span> <span class='ocrx_word' id='word_1_557' title='bbox 3112 2840 3359 2900; x_wconf 80' lang='lat' dir='ltr'><strong>virtutis</strong></span> <span class='ocrx_word' id='word_1_558' title='bbox 3384 2856 3756 2917; x_wconf 81' lang='lat' dir='ltr'><strong>cog-noscen—</strong></span> <span class='ocrx_word' id='word_1_559' title='bbox 3835 2856 3836 2921; x_wconf 54' lang='lat' dir='ltr'><strong>i</strong></span> 
     </span>
     <span class='ocr_line' id='line_1_84' title="bbox 2196 2932 3755 3014; baseline 0.001 -20"><span class='ocrx_word' id='word_1_560' title='bbox 2196 2935 2292 2994; x_wconf 77' lang='lat' dir='ltr'><strong>tis·</strong></span> <span class='ocrx_word' id='word_1_561' title='bbox 2319 2934 2757 3007; x_wconf 79' lang='lat' dir='ltr'><strong>confirmatur,</strong></span> <span class='ocrx_word' id='word_1_562' title='bbox 2790 2935 2959 3014; x_wconf 88' lang='lat' dir='ltr'><strong>quia,</strong></span> <span class='ocrx_word' id='word_1_563' title='bbox 2992 2934 3097 3012; x_wconf 86' lang='lat' dir='ltr'><strong>qui</strong></span> <span class='ocrx_word' id='word_1_564' title='bbox 3124 2934 3213 2993; x_wconf 90' lang='lat' dir='ltr'><strong>sic</strong></span> <span class='ocrx_word' id='word_1_565' title='bbox 3240 2932 3655 3011; x_wconf 84' lang='lat' dir='ltr'><strong>responderet</strong></span> <span class='ocrx_word' id='word_1_566' title='bbox 3680 2932 3755 2991; x_wconf 87' lang='lat' dir='ltr'><strong>de</strong></span> 
     </span>
     <span class='ocr_line' id='line_1_85' title="bbox 2200 3024 3836 3106; baseline -0.001 -20"><span class='ocrx_word' id='word_1_567' title='bbox 2200 3028 2297 3087; x_wconf 89' lang='lat' dir='ltr'><strong>his</strong></span> <span class='ocrx_word' id='word_1_568' title='bbox 2326 3028 2571 3103; x_wconf 80' lang='lat' dir='ltr'><strong>futuris,</strong></span> <span class='ocrx_word' id='word_1_569' title='bbox 2602 3028 2826 3089; x_wconf 88' lang='lat' dir='ltr'><strong>eadem</strong></span> <span class='ocrx_word' id='word_1_570' title='bbox 2851 3029 3095 3089; x_wconf 87' lang='lat' dir='ltr'><strong>ratione</strong></span> <span class='ocrx_word' id='word_1_571' title='bbox 3120 3032 3337 3106; x_wconf 86' lang='lat' dir='ltr'><strong>posset</strong></span> <span class='ocrx_word' id='word_1_572' title='bbox 3364 3024 3535 3086; x_wconf 89' lang='lat' dir='ltr'><strong>idem</strong></span> <span class='ocrx_word' id='word_1_573' title='bbox 3558 3025 3755 3086; x_wconf 86' lang='lat' dir='ltr'><strong>dicere</strong></span> <span class='ocrx_word' id='word_1_574' title='bbox 3835 3028 3836 3047; x_wconf 79' lang='lat'><em>³</em></span> 
     </span>
     <span class='ocr_line' id='line_1_86' title="bbox 2198 3119 3759 3201; baseline -0.004 -19"><span class='ocrx_word' id='word_1_575' title='bbox 2198 3121 2281 3182; x_wconf 90' lang='lat' dir='ltr'><strong>de</strong></span> <span class='ocrx_word' id='word_1_576' title='bbox 2310 3122 2534 3182; x_wconf 86' lang='lat' dir='ltr'><strong>futuris</strong></span> <span class='ocrx_word' id='word_1_577' title='bbox 2549 3120 3051 3201; x_wconf 83' lang='lat' dir='ltr'><strong>contingentibus</strong></span> <span class='ocrx_word' id='word_1_578' title='bbox 3066 3121 3393 3198; x_wconf 77' lang='lat' dir='ltr'><strong>absolutis3</strong></span> <span class='ocrx_word' id='word_1_579' title='bbox 3410 3139 3563 3180; x_wconf 81' lang='lat' dir='ltr'><strong>nam</strong></span> <span class='ocrx_word' id='word_1_580' title='bbox 3580 3119 3759 3179; x_wconf 87' lang='lat' dir='ltr'><strong>etiam</strong></span> 
     </span>
     <span class='ocr_line' id='line_1_87' title="bbox 2196 3213 3765 3295; baseline -0.004 -18"><span class='ocrx_word' id='word_1_581' title='bbox 2196 3215 2443 3288; x_wconf 86' lang='lat' dir='ltr'><strong>modus,</strong></span> <span class='ocrx_word' id='word_1_582' title='bbox 2464 3233 2591 3293; x_wconf 89' lang='lat' dir='ltr'><strong>quo</strong></span> <span class='ocrx_word' id='word_1_583' title='bbox 2614 3214 2937 3295; x_wconf 80' lang='lat' dir='ltr'><strong>attingitur</strong></span> <span class='ocrx_word' id='word_1_584' title='bbox 2956 3233 3175 3276; x_wconf 88' lang='lat' dir='ltr'><strong>eorum</strong></span> <span class='ocrx_word' id='word_1_585' title='bbox 3188 3215 3447 3287; x_wconf 65' lang='grc' dir='ltr'><strong>νει-ἓως,</strong></span> <span class='ocrx_word' id='word_1_586' title='bbox 3472 3213 3657 3272; x_wconf 85' lang='lat' dir='ltr'><strong>nobis</strong></span> <span class='ocrx_word' id='word_1_587' title='bbox 3678 3215 3765 3271; x_wconf 84' lang='lat' dir='ltr'><strong>est</strong></span> 
     </span>
     <span class='ocr_line' id='line_1_88' title="bbox 2199 3307 3767 3388; baseline -0.004 -19"><span class='ocrx_word' id='word_1_588' title='bbox 2199 3308 2279 3369; x_wconf 86' lang='lat' dir='ltr'><strong>ad</strong></span> <span class='ocrx_word' id='word_1_589' title='bbox 2306 3307 2781 3388; x_wconf 80' lang='lat' dir='ltr'><strong>intelligendum</strong></span> <span class='ocrx_word' id='word_1_590' title='bbox 2800 3307 3221 3386; x_wconf 84' lang='lat' dir='ltr'><strong>difficillimus3</strong></span> <span class='ocrx_word' id='word_1_591' title='bbox 3250 3307 3373 3367; x_wconf 87' lang='lat' dir='ltr'><strong>hoc</strong></span> <span class='ocrx_word' id='word_1_592' title='bbox 3394 3309 3533 3385; x_wconf 86' lang='lat' dir='ltr'><strong>ipso</strong></span> <span class='ocrx_word' id='word_1_593' title='bbox 3556 3312 3767 3366; x_wconf 86' lang='lat' dir='ltr'><strong>tamen</strong></span> 
     </span>
     <span class='ocr_line' id='line_1_89' title="bbox 2197 3401 3767 3481; baseline -0.003 -19"><span class='ocrx_word' id='word_1_594' title='bbox 2197 3401 2369 3481; x_wconf 90' lang='lat' dir='ltr'><strong>quod</strong></span> <span class='ocrx_word' id='word_1_595' title='bbox 2402 3407 2467 3462; x_wconf 85' lang='lat' dir='ltr'><strong>tn</strong></span> <span class='ocrx_word' id='word_1_596' title='bbox 2494 3403 2587 3462; x_wconf 90' lang='lat' dir='ltr'><strong>eis</strong></span> <span class='ocrx_word' id='word_1_597' title='bbox 2610 3408 2707 3463; x_wconf 91' lang='lat' dir='ltr'><strong>est</strong></span> <span class='ocrx_word' id='word_1_598' title='bbox 2730 3403 2987 3473; x_wconf 81' lang='lat' dir='ltr'><strong>veritas,</strong></span> <span class='ocrx_word' id='word_1_599' title='bbox 3014 3407 3183 3462; x_wconf 84' lang='lat' dir='ltr'><strong>certe</strong></span> <span class='ocrx_word' id='word_1_600' title='bbox 3210 3401 3451 3460; x_wconf 85' lang='lat' dir='ltr'><strong>scimus</strong></span> <span class='ocrx_word' id='word_1_601' title='bbox 3474 3417 3609 3459; x_wconf 86' lang='lat' dir='ltr'><strong>non</strong></span> <span class='ocrx_word' id='word_1_602' title='bbox 3630 3416 3767 3476; x_wconf 87' lang='lat' dir='ltr'><strong>pos·</strong></span> 
     </span>
     <span class='ocr_line' id='line_1_90' title="bbox 2198 3491 3834 3574; baseline -0.004 -18"><span class='ocrx_word' id='word_1_603' title='bbox 2198 3514 2265 3556; x_wconf 92' lang='lat' dir='ltr'><strong>se</strong></span> <span class='ocrx_word' id='word_1_604' title='bbox 2291 3493 2723 3574; x_wconf 80' lang='lat' dir='ltr'><strong>subterfugere</strong></span> <span class='ocrx_word' id='word_1_605' title='bbox 2744 3495 3019 3554; x_wconf 86' lang='lat' dir='ltr'><strong>divinam</strong></span> <span class='ocrx_word' id='word_1_606' title='bbox 3038 3494 3401 3570; x_wconf 83' lang='lat' dir='ltr'><strong>scientiam3</strong></span> <span class='ocrx_word' id='word_1_607' title='bbox 3424 3509 3583 3571; x_wconf 76' lang='lat' dir='ltr'><strong>ergo</strong></span> <span class='ocrx_word' id='word_1_608' title='bbox 3602 3491 3767 3552; x_wconf 85' lang='lat' dir='ltr'><strong>idem</strong></span> <span class='ocrx_word' id='word_1_609' title='bbox 3832 3513 3834 3544; x_wconf 85' lang='lat'>1</span> 
     </span>
     <span class='ocr_line' id='line_1_91' title="bbox 2197 3587 3111 3668; baseline -0.002 -18"><span class='ocrx_word' id='word_1_610' title='bbox 2197 3594 2293 3650; x_wconf 88' lang='lat' dir='ltr'><strong>est</strong></span> <span class='ocrx_word' id='word_1_611' title='bbox 2322 3589 2387 3648; x_wconf 90' lang='lat' dir='ltr'><strong>in</strong></span> <span class='ocrx_word' id='word_1_612' title='bbox 2424 3587 2719 3668; x_wconf 77' lang='lat' dir='ltr'><strong>praesenti</strong></span> <span class='ocrx_word' id='word_1_613' title='bbox 2750 3587 3111 3650; x_wconf 87' lang='lat' dir='ltr'><strong>dicendum.</strong></span> 
     </span>
    </p>
   </div>
   <div class='ocr_carea' id='block_1_4' title="bbox 2216 3785 3834 3963">
    <p class='ocr_par' dir='ltr' id='par_1_6' title="bbox 2216 3785 3834 3963">
     <span class='ocr_line' id='line_1_92' title="bbox 2216 3785 3834 3856; baseline -0.006 0"><span class='ocrx_word' id='word_1_614' title='bbox 2216 3789 2389 3856; x_wconf 79' lang='lat' dir='ltr'><strong>Varii</strong></span> <span class='ocrx_word' id='word_1_615' title='bbox 2443 3789 2679 3852; x_wconf 75' lang='lat' dir='ltr'><strong>dicendi</strong></span> <span class='ocrx_word' id='word_1_616' title='bbox 2736 3787 2895 3850; x_wconf 73' lang='lat' dir='ltr'><strong>modi</strong></span> <span class='ocrx_word' id='word_1_617' title='bbox 2956 3788 3123 3850; x_wconf 81' lang='lat' dir='ltr'><strong>circa</strong></span> <span class='ocrx_word' id='word_1_618' title='bbox 3176 3785 3495 3848; x_wconf 64' lang='lat' dir='ltr'><strong>veritam</strong></span> <span class='ocrx_word' id='word_1_619' title='bbox 3550 3785 3763 3848; x_wconf 67' lang='lat' dir='ltr'><strong>harum</strong></span> <span class='ocrx_word' id='word_1_620' title='bbox 3833 3841 3834 3856; x_wconf 41' lang='lat'><strong>,</strong></span> 
     </span>
     <span class='ocr_line' id='line_1_93' title="bbox 2727 3879 3231 3963; baseline -0.004 -22"><span class='ocrx_word' id='word_1_621' title='bbox 2727 3879 3231 3963; x_wconf 70' lang='lat' dir='ltr'><strong>propositionum.</strong></span> 
     </span>
    </p>
   </div>
   <div class='ocr_carea' id='block_1_5' title="bbox 2198 4052 3832 5623">
    <p class='ocr_par' dir='ltr' id='par_1_7' title="bbox 2198 4052 3832 5623">
     <span class='ocr_line' id='line_1_94' title="bbox 2280 4052 3763 4131; baseline -0.005 -12"><span class='ocrx_word' id='word_1_622' title='bbox 2280 4060 2339 4119; x_wconf 81' lang='lat'><strong>5.</strong></span> <span class='ocrx_word' id='word_1_623' title='bbox 2363 4052 2585 4118; x_wconf 72' lang='lat' dir='ltr'><strong>Prima</strong></span> <span class='ocrx_word' id='word_1_624' title='bbox 2606 4053 3229 4118; x_wconf 56' lang='lat' dir='ltr'><strong>sententia—Solum</strong></span> <span class='ocrx_word' id='word_1_625' title='bbox 3252 4071 3407 4131; x_wconf 83' lang='lat' dir='ltr'><strong>ergo</strong></span> <span class='ocrx_word' id='word_1_626' title='bbox 3426 4052 3763 4113; x_wconf 77' lang='lat' dir='ltr'><strong>videndum</strong></span> 
     </span>
     <span class='ocr_line' id='line_1_95' title="bbox 2198 4147 3767 4228; baseline -0.005 -16"><span class='ocrx_word' id='word_1_627' title='bbox 2198 4151 2379 4212; x_wconf 90' lang='lat' dir='ltr'><strong>nobis</strong></span> <span class='ocrx_word' id='word_1_628' title='bbox 2420 4155 2725 4228; x_wconf 72' lang='lat' dir='ltr'><strong>superest,</strong></span> <span class='ocrx_word' id='word_1_629' title='bbox 2759 4166 2841 4208; x_wconf 82' lang='lat' dir='ltr'><strong>an</strong></span> <span class='ocrx_word' id='word_1_630' title='bbox 2874 4149 2938 4208; x_wconf 90' lang='lat' dir='ltr'><strong>in</strong></span> <span class='ocrx_word' id='word_1_631' title='bbox 2982 4148 3081 4207; x_wconf 85' lang='lat' dir='ltr'><strong>his</strong></span> <span class='ocrx_word' id='word_1_632' title='bbox 3120 4147 3657 4226; x_wconf 85' lang='lat' dir='ltr'><strong>propositionibus</strong></span> <span class='ocrx_word' id='word_1_633' title='bbox 3694 4148 3767 4205; x_wconf 86' lang='lat' dir='ltr'><strong>sit</strong></span> 
     </span>
     <span class='ocr_line' id='line_1_96' title="bbox 2200 4241 3769 4314; baseline -0.004 -8"><span class='ocrx_word' id='word_1_634' title='bbox 2200 4243 2613 4306; x_wconf 83' lang='lat' dir='ltr'><strong>determinata</strong></span> <span class='ocrx_word' id='word_1_635' title='bbox 2638 4241 2892 4312; x_wconf 78' lang='lat' dir='ltr'><strong>veritas„</strong></span> <span class='ocrx_word' id='word_1_636' title='bbox 2924 4247 3013 4314; x_wconf 90' lang='lat' dir='ltr'><strong>ut,</strong></span> <span class='ocrx_word' id='word_1_637' title='bbox 3046 4241 3169 4301; x_wconf 89' lang='lat' dir='ltr'><strong>hoc</strong></span> <span class='ocrx_word' id='word_1_638' title='bbox 3202 4249 3481 4314; x_wconf 87' lang='lat' dir='ltr'><strong>ostenso,</strong></span> <span class='ocrx_word' id='word_1_639' title='bbox 3514 4241 3769 4301; x_wconf 85' lang='lat' dir='ltr'><strong>demon-</strong></span> 
     </span>
     <span class='ocr_line' id='line_1_97' title="bbox 2202 4333 3769 4399; baseline -0.006 0"><span class='ocrx_word' id='word_1_640' title='bbox 2202 4344 2465 4399; x_wconf 87' lang='lat' dir='ltr'><strong>stratum</strong></span> <span class='ocrx_word' id='word_1_641' title='bbox 2494 4335 2681 4396; x_wconf 87' lang='lat' dir='ltr'><strong>etiam</strong></span> <span class='ocrx_word' id='word_1_642' title='bbox 2710 4335 2789 4395; x_wconf 88' lang='lat' dir='ltr'><strong>sit</strong></span> <span class='ocrx_word' id='word_1_643' title='bbox 2815 4335 3014 4395; x_wconf 89' lang='lat' dir='ltr'><strong>Deum</strong></span> <span class='ocrx_word' id='word_1_644' title='bbox 3056 4349 3277 4394; x_wconf 81' lang='lat' dir='ltr'><strong>earum</strong></span> <span class='ocrx_word' id='word_1_645' title='bbox 3304 4335 3633 4394; x_wconf 83' lang='lat' dir='ltr'><strong>scientiam</strong></span> <span class='ocrx_word' id='word_1_646' title='bbox 3660 4333 3769 4390; x_wconf 84' lang='lat' dir='ltr'><strong>ha-</strong></span> 
     </span>
     <span class='ocr_line' id='line_1_98' title="bbox 2202 4427 3770 4507; baseline -0.006 -15"><span class='ocrx_word' id='word_1_647' title='bbox 2202 4432 2375 4492; x_wconf 89' lang='lat' dir='ltr'><strong>bere.</strong></span> <span class='ocrx_word' id='word_1_648' title='bbox 2408 4431 2561 4490; x_wconf 89' lang='lat' dir='ltr'><strong>Tres</strong></span> <span class='ocrx_word' id='word_1_649' title='bbox 2606 4429 2798 4506; x_wconf 80' lang='lat' dir='ltr'><strong>igitur</strong></span> <span class='ocrx_word' id='word_1_650' title='bbox 2824 4429 2889 4488; x_wconf 90' lang='lat' dir='ltr'><strong>in</strong></span> <span class='ocrx_word' id='word_1_651' title='bbox 2934 4428 3053 4487; x_wconf 85' lang='lat' dir='ltr'><strong>hac</strong></span> <span class='ocrx_word' id='word_1_652' title='bbox 3096 4445 3168 4488; x_wconf 89' lang='lat' dir='ltr'><strong>re</strong></span> <span class='ocrx_word' id='word_1_653' title='bbox 3208 4427 3469 4507; x_wconf 82' lang='lat' dir='ltr'><strong>cogitari</strong></span> <span class='ocrx_word' id='word_1_654' title='bbox 3512 4431 3770 4506; x_wconf 60' lang='lat' dir='ltr'><strong>possunt</strong></span> 
     </span>
     <span class='ocr_line' id='line_1_99' title="bbox 2204 4519 3769 4598; baseline -0.004 -15"><span class='ocrx_word' id='word_1_655' title='bbox 2204 4521 2453 4584; x_wconf 88' lang='lat' dir='ltr'><strong>dicendi</strong></span> <span class='ocrx_word' id='word_1_656' title='bbox 2494 4519 2685 4581; x_wconf 86' lang='lat' dir='ltr'><strong>modi.</strong></span> <span class='ocrx_word' id='word_1_657' title='bbox 2720 4521 2963 4582; x_wconf 89' lang='lat' dir='ltr'><strong>Primus</strong></span> <span class='ocrx_word' id='word_1_658' title='bbox 3002 4526 3121 4593; x_wconf 88' lang='lat' dir='ltr'><strong>est,</strong></span> <span class='ocrx_word' id='word_1_659' title='bbox 3156 4519 3623 4598; x_wconf 83' lang='lat' dir='ltr'><strong>propositiones</strong></span> <span class='ocrx_word' id='word_1_660' title='bbox 3660 4519 3769 4577; x_wconf 85' lang='lat' dir='ltr'><strong>has</strong></span> 
     </span>
     <span class='ocr_line' id='line_1_100' title="bbox 2206 4611 3832 4692; baseline -0.005 -16"><span class='ocrx_word' id='word_1_661' title='bbox 2206 4632 2345 4676; x_wconf 92' lang='lat' dir='ltr'><strong>esse</strong></span> <span class='ocrx_word' id='word_1_662' title='bbox 2372 4613 2563 4674; x_wconf 80' lang='lat' dir='ltr'><strong>falsas</strong></span> <span class='ocrx_word' id='word_1_663' title='bbox 2588 4619 2651 4674; x_wconf 92' lang='lat' dir='ltr'><strong>et</strong></span> <span class='ocrx_word' id='word_1_664' title='bbox 2682 4613 3122 4692; x_wconf 88' lang='lat' dir='ltr'><strong>impossibiles,</strong></span> <span class='ocrx_word' id='word_1_665' title='bbox 3154 4611 3429 4690; x_wconf 83' lang='lat' dir='ltr'><strong>ideoque</strong></span> <span class='ocrx_word' id='word_1_666' title='bbox 3466 4611 3611 4672; x_wconf 85' lang='lat' dir='ltr'><strong>sciri</strong></span> <span class='ocrx_word' id='word_1_667' title='bbox 3646 4630 3771 4670; x_wconf 86' lang='lat' dir='ltr'><strong>non</strong></span> <span class='ocrx_word' id='word_1_668' title='bbox 3830 4669 3832 4680; x_wconf 76' lang='grc'>,</span> 
     </span>
     <span class='ocr_line' id='line_1_101' title="bbox 2205 4704 3832 4788; baseline -0.004 -19"><span class='ocrx_word' id='word_1_669' title='bbox 2205 4727 2412 4788; x_wconf 89' lang='lat' dir='ltr'><strong>posse,</strong></span> <span class='ocrx_word' id='word_1_670' title='bbox 2446 4707 2593 4786; x_wconf 86' lang='lat' dir='ltr'><strong>quia</strong></span> <span class='ocrx_word' id='word_1_671' title='bbox 2634 4705 2805 4785; x_wconf 87' lang='lat' dir='ltr'><strong>quod</strong></span> <span class='ocrx_word' id='word_1_672' title='bbox 2830 4725 2959 4767; x_wconf 88' lang='lat' dir='ltr'><strong>non</strong></span> <span class='ocrx_word' id='word_1_673' title='bbox 2994 4714 3111 4780; x_wconf 71' lang='lat' dir='ltr'><strong>est,</strong></span> <span class='ocrx_word' id='word_1_674' title='bbox 3156 4723 3285 4766; x_wconf 89' lang='lat' dir='ltr'><strong>non</strong></span> <span class='ocrx_word' id='word_1_675' title='bbox 3334 4704 3547 4766; x_wconf 84' lang='lat' dir='ltr'><strong>scitur.</strong></span> <span class='ocrx_word' id='word_1_676' title='bbox 3598 4706 3769 4765; x_wconf 79' lang='lat' dir='ltr'><strong>Ratio</strong></span> <span class='ocrx_word' id='word_1_677' title='bbox 3831 4711 3832 4780; x_wconf 73' lang='lat' dir='ltr'>j</span> 
     </span>
     <span class='ocr_line' id='line_1_102' title="bbox 2207 4798 3773 4880; baseline -0.004 -18"><span class='ocrx_word' id='word_1_678' title='bbox 2207 4807 2322 4875; x_wconf 91' lang='lat' dir='ltr'><strong>est,</strong></span> <span class='ocrx_word' id='word_1_679' title='bbox 2346 4801 2493 4880; x_wconf 83' lang='lat' dir='ltr'><strong>quia</strong></span> <span class='ocrx_word' id='word_1_680' title='bbox 2520 4800 2640 4860; x_wconf 77' lang='lat' dir='ltr'><strong>illoe</strong></span> <span class='ocrx_word' id='word_1_681' title='bbox 2670 4817 2801 4860; x_wconf 90' lang='lat' dir='ltr'><strong>non</strong></span> <span class='ocrx_word' id='word_1_682' title='bbox 2830 4805 2974 4860; x_wconf 91' lang='lat' dir='ltr'><strong>sunt</strong></span> <span class='ocrx_word' id='word_1_683' title='bbox 2998 4798 3116 4859; x_wconf 90' lang='lat' dir='ltr'><strong>nisi</strong></span> <span class='ocrx_word' id='word_1_684' title='bbox 3139 4799 3603 4877; x_wconf 86' lang='lat' dir='ltr'><strong>propositiones</strong></span> <span class='ocrx_word' id='word_1_685' title='bbox 3628 4816 3773 4857; x_wconf 88' lang='lat' dir='ltr'><strong>con·</strong></span> 
     </span>
     <span class='ocr_line' id='line_1_103' title="bbox 2206 4879 3832 4970; baseline -0.004 -15"><span class='ocrx_word' id='word_1_686' title='bbox 2206 4894 2565 4966; x_wconf 87' lang='lat' dir='ltr'><strong>ditionales;</strong></span> <span class='ocrx_word' id='word_1_687' title='bbox 2600 4891 2711 4953; x_wconf 88' lang='lat' dir='ltr'><strong>sed</strong></span> <span class='ocrx_word' id='word_1_688' title='bbox 2756 4898 2821 4953; x_wconf 91' lang='lat' dir='ltr'><strong>ut</strong></span> <span class='ocrx_word' id='word_1_689' title='bbox 2850 4891 3320 4962; x_wconf 77' lang='lat' dir='ltr'><strong>conditionaleS,</strong></span> <span class='ocrx_word' id='word_1_690' title='bbox 3356 4909 3489 4952; x_wconf 86' lang='lat' dir='ltr'><strong>non</strong></span> <span class='ocrx_word' id='word_1_691' title='bbox 3514 4897 3773 4970; x_wconf 85' lang='lat' dir='ltr'><strong>possunt</strong></span> <span class='ocrx_word' id='word_1_692' title='bbox 3831 4879 3832 4919; x_wconf 36' lang='lat' dir='ltr'><strong>l</strong></span> 
     </span>
     <span class='ocr_line' id='line_1_104' title="bbox 2205 4985 3770 5065; baseline -0.004 -17"><span class='ocrx_word' id='word_1_693' title='bbox 2205 5007 2341 5048; x_wconf 88' lang='lat' dir='ltr'><strong>esse</strong></span> <span class='ocrx_word' id='word_1_694' title='bbox 2364 5005 2558 5060; x_wconf 51' lang='lat' dir='ltr'><strong>versu</strong></span> <span class='ocrx_word' id='word_1_695' title='bbox 2586 5005 2735 5065; x_wconf 80' lang='lat' dir='ltr'><strong>ergo</strong></span> <span class='ocrx_word' id='word_1_696' title='bbox 2764 4985 2935 5046; x_wconf 88' lang='lat' dir='ltr'><strong>nullo</strong></span> <span class='ocrx_word' id='word_1_697' title='bbox 2958 4985 3171 5045; x_wconf 78' lang='lat' dir='ltr'><strong>modo,</strong></span> <span class='ocrx_word' id='word_1_698' title='bbox 3202 4985 3513 5045; x_wconf 83' lang='lat' dir='ltr'><strong>Probatur</strong></span> <span class='ocrx_word' id='word_1_699' title='bbox 3538 4985 3770 5050; x_wconf 86' lang='lat' dir='ltr'><strong>minor,</strong></span> 
     </span>
     <span class='ocr_line' id='line_1_105' title="bbox 2204 5077 3769 5160; baseline -0.003 -20"><span class='ocrx_word' id='word_1_700' title='bbox 2204 5081 2352 5160; x_wconf 85' lang='lat' dir='ltr'><strong>quia</strong></span> <span class='ocrx_word' id='word_1_701' title='bbox 2372 5081 2436 5140; x_wconf 90' lang='lat' dir='ltr'><strong>in</strong></span> <span class='ocrx_word' id='word_1_702' title='bbox 2458 5079 2854 5141; x_wconf 87' lang='lat' dir='ltr'><strong>conditionali</strong></span> <span class='ocrx_word' id='word_1_703' title='bbox 2876 5078 3027 5138; x_wconf 89' lang='lat' dir='ltr'><strong>nibil</strong></span> <span class='ocrx_word' id='word_1_704' title='bbox 3048 5078 3421 5152; x_wconf 84' lang='lat' dir='ltr'><strong>affirmatur,</strong></span> <span class='ocrx_word' id='word_1_705' title='bbox 3440 5077 3559 5137; x_wconf 88' lang='lat' dir='ltr'><strong>nisi</strong></span> <span class='ocrx_word' id='word_1_706' title='bbox 3578 5096 3769 5136; x_wconf 86' lang='lat' dir='ltr'><strong>unum</strong></span> 
     </span>
     <span class='ocr_line' id='line_1_106' title="bbox 2206 5171 3772 5252; baseline -0.003 -19"><span class='ocrx_word' id='word_1_707' title='bbox 2206 5193 2283 5234; x_wconf 86' lang='lat' dir='ltr'><strong>ex</strong></span> <span class='ocrx_word' id='word_1_708' title='bbox 2312 5174 2433 5233; x_wconf 82' lang='lat' dir='ltr'><strong>alio</strong></span> <span class='ocrx_word' id='word_1_709' title='bbox 2458 5173 2669 5252; x_wconf 77' lang='lat' dir='ltr'><strong>sequi3</strong></span> <span class='ocrx_word' id='word_1_710' title='bbox 2696 5189 2847 5248; x_wconf 80' lang='lat' dir='ltr'><strong>ergo</strong></span> <span class='ocrx_word' id='word_1_711' title='bbox 2876 5171 3081 5230; x_wconf 88' lang='lat' dir='ltr'><strong>sinon</strong></span> <span class='ocrx_word' id='word_1_712' title='bbox 3106 5171 3269 5232; x_wconf 91' lang='lat' dir='ltr'><strong>bene</strong></span> <span class='ocrx_word' id='word_1_713' title='bbox 3296 5171 3605 5248; x_wconf 88' lang='lat' dir='ltr'><strong>sequitur,</strong></span> <span class='ocrx_word' id='word_1_714' title='bbox 3636 5187 3772 5230; x_wconf 89' lang='lat' dir='ltr'><strong>con·</strong></span> 
     </span>
     <span class='ocr_line' id='line_1_107' title="bbox 2209 5261 3775 5342; baseline -0.004 -16"><span class='ocrx_word' id='word_1_715' title='bbox 2209 5264 2521 5326; x_wconf 85' lang='lat' dir='ltr'><strong>ditionalis</strong></span> <span class='ocrx_word' id='word_1_716' title='bbox 2552 5270 2647 5325; x_wconf 86' lang='lat' dir='ltr'><strong>est</strong></span> <span class='ocrx_word' id='word_1_717' title='bbox 2683 5264 2873 5337; x_wconf 73' lang='lat' dir='ltr'><strong>falsa3</strong></span> <span class='ocrx_word' id='word_1_718' title='bbox 2908 5269 2973 5325; x_wconf 85' lang='lat' dir='ltr'><strong>et</strong></span> <span class='ocrx_word' id='word_1_719' title='bbox 3000 5263 3141 5324; x_wconf 88' lang='lat' dir='ltr'><strong>ideo</strong></span> <span class='ocrx_word' id='word_1_720' title='bbox 3184 5268 3281 5324; x_wconf 89' lang='lat' dir='ltr'><strong>est</strong></span> <span class='ocrx_word' id='word_1_721' title='bbox 3310 5263 3573 5342; x_wconf 83' lang='lat' dir='ltr'><strong>vulgare</strong></span> <span class='ocrx_word' id='word_1_722' title='bbox 3612 5261 3775 5340; x_wconf 85' lang='lat' dir='ltr'><strong>apud</strong></span> 
     </span>
     <span class='ocr_line' id='line_1_108' title="bbox 2210 5355 3769 5427; baseline -0.003 -9"><span class='ocrx_word' id='word_1_723' title='bbox 2210 5358 2597 5427; x_wconf 81' lang='lat' dir='ltr'><strong>Dialecticos,</strong></span> <span class='ocrx_word' id='word_1_724' title='bbox 2618 5359 2943 5418; x_wconf 82' lang='lat' dir='ltr'><strong>veritatem</strong></span> <span class='ocrx_word' id='word_1_725' title='bbox 2968 5355 3409 5418; x_wconf 85' lang='lat' dir='ltr'><strong>conditionalis</strong></span> <span class='ocrx_word' id='word_1_726' title='bbox 3436 5357 3769 5417; x_wconf 81' lang='lat' dir='ltr'><strong>consistere</strong></span> 
     </span>
     <span class='ocr_line' id='line_1_109' title="bbox 2206 5449 3767 5528; baseline 0.001 -17"><span class='ocrx_word' id='word_1_727' title='bbox 2206 5451 2273 5511; x_wconf 88' lang='lat' dir='ltr'><strong>in</strong></span> <span class='ocrx_word' id='word_1_728' title='bbox 2318 5451 2595 5512; x_wconf 83' lang='lat' dir='ltr'><strong>bonitate</strong></span> <span class='ocrx_word' id='word_1_729' title='bbox 2638 5450 2953 5522; x_wconf 84' lang='lat' dir='ltr'><strong>illationis,</strong></span> <span class='ocrx_word' id='word_1_730' title='bbox 2994 5457 3077 5522; x_wconf 91' lang='lat' dir='ltr'><strong>et,</strong></span> <span class='ocrx_word' id='word_1_731' title='bbox 3112 5450 3259 5528; x_wconf 74' lang='lat' dir='ltr'><strong>quia</strong></span> <span class='ocrx_word' id='word_1_732' title='bbox 3302 5449 3767 5527; x_wconf 74' lang='lat' dir='ltr'><strong>consequentia,</strong></span> 
     </span>
     <span class='ocr_line' id='line_1_110' title="bbox 2210 5541 3767 5623; baseline -0.003 -19"><span class='ocrx_word' id='word_1_733' title='bbox 2210 5563 2349 5623; x_wconf 83' lang='lat' dir='ltr'><strong>quae</strong></span> <span class='ocrx_word' id='word_1_734' title='bbox 2394 5544 2591 5606; x_wconf 87' lang='lat' dir='ltr'><strong>semel</strong></span> <span class='ocrx_word' id='word_1_735' title='bbox 2638 5551 2733 5606; x_wconf 91' lang='lat' dir='ltr'><strong>est</strong></span> <span class='ocrx_word' id='word_1_736' title='bbox 2776 5543 2966 5618; x_wconf 83' lang='lat' dir='ltr'><strong>bona,</strong></span> <span class='ocrx_word' id='word_1_737' title='bbox 3020 5550 3089 5605; x_wconf 91' lang='lat' dir='ltr'><strong>ut</strong></span> <span class='ocrx_word' id='word_1_738' title='bbox 3134 5543 3250 5622; x_wconf 85' lang='lat' dir='ltr'><strong>ipsi</strong></span> <span class='ocrx_word' id='word_1_739' title='bbox 3302 5541 3495 5603; x_wconf 75' lang='lat' dir='ltr'><strong>etism</strong></span> <span class='ocrx_word' id='word_1_740' title='bbox 3540 5542 3767 5613; x_wconf 81' lang='lat' dir='ltr'><strong>dieunt,</strong></span> 
     </span>
    </p>
   </div>
  </div>
 </body>
</html>
