3850 6225
487 355 610 418 202

685 563 788 630 Aa
813 567 1121 646 quartum,
1151 563 1222 627 de
1255 533 1558 628 eooatme
1586 563 1840 641 efficaci.

573 743 672 802 12.
687 741 783 802 Ad
797 747 1112 822 quartum,
1129 741 1209 804 de
1227 741 1464 804 efficaci
1479 741 1798 804 vocatione
1819 758 1933 801 seu
1948 759 2051 802 ex-

488 835 779 898 citatione
800 835 884 898 ad
897 835 1176 916 singulos
1204 841 1380 896 actus
1409 833 1918 914 supernaturales
1944 853 2051 895 ne-

489 930 762 992 cessaria
788 945 867 990 ex
893 933 1104 990 mente
1142 929 1493 1010 Augustini,
1529 933 1770 990 certum
1797 932 1892 988 est
1930 930 2052 989 Au-

489 1024 810 1104 gustinum
828 1022 986 1084 duas
1009 1022 1369 1086 vocationes
1401 1021 1818 1104 distinguere:
1855 1040 2047 1084 unam

488 1133 910 1190 communem,
933 1117 1120 1179 aliam
1149 1117 1488 1198 propriam.
1519 1135 1715 1197 quam
1737 1117 2061 1197 appellare

490 1211 648 1274 solet
672 1211 1062 1272 vocationem
1103 1211 1456 1272 secundum
1503 1213 1898 1291 propositum
1927 1229 2065 1290 gra-

487 1305 586 1366 tioe
617 1303 752 1378 Dei,
783 1309 846 1366 et
885 1304 1278 1366 vocationem
1323 1304 1694 1377 electorum,
1721 1323 1908 1384 quam
1942 1303 2060 1378 ait,

487 1398 646 1460 libro
667 1397 744 1460 de
779 1397 1330 1460 Proedestinatione
1351 1397 1754 1470 Sanctorum,
1787 1415 1924 1477 cap.
1960 1398 2058 1468 16,

489 1491 872 1572 significasse
921 1491 1309 1570 Apostolum,
1345 1495 1374 1552 1
1425 1491 1508 1553 ad
1533 1491 1814 1552 Corinth.
1865 1499 1926 1563 1,
1968 1489 2063 1551 di-

486 1590 734 1648 centem
769 1604 783 1645 :
825 1585 962 1650 Nos
1015 1581 1422 1664 praedicamus
1497 1583 1808 1648 Christum
1861 1583 2063 1647 cruci-

481 1681 699 1761 fi-vum,
744 1678 985 1742 Judoeis
1038 1679 1276 1759 quidem
1322 1678 1680 1742 scandalum
1697 1721 1714 1750 ,
1765 1676 2059 1742 Gentibus

488 1775 686 1836 autem
713 1770 1072 1844 stultitiam,
1115 1771 1348 1836 voeatis
1383 1777 1584 1834 autem
1617 1771 1858 1834 Judoeis
1883 1775 2062 1851 atque

489 1865 721 1932 Groeois
763 1863 1075 1928 Chr-istm
1111 1866 1230 1928 Dei
1255 1864 1544 1928 virtutem
1581 1869 1641 1928 et
1673 1865 1790 1926 Dei
1821 1865 2063 1946 sapien-

487 1959 658 2024 tiam.
727 1959 910 2026 Vocat
937 1958 1177 2038 (inquit
1203 1957 1638 2040 Augustinus)
1657 1958 2065 2038 proedestina-

488 2059 580 2116 tos
598 2052 821 2116 multos
829 2051 994 2132 filios
1017 2068 1186 2124 moe,
1199 2055 1270 2114 ut
1281 2068 1378 2114 eos
1396 2051 1592 2130 saciat
1612 2051 1878 2113 membra
1893 2068 2062 2133 μω-

487 2146 778 2212 destinati
798 2147 966 2211 unici
990 2146 1152 2212 Filii
1171 2147 1291 2221 wi,
1339 2163 1460 2208 non
1491 2164 1564 2209 ea
1608 2145 1910 2210 vocatione
1940 2165 2061 2228 qua

483 2243 684 2306 vocati
719 2248 888 2316 aaut,
915 2242 1019 2323 qui
1045 2241 1374 2305 noluerunt
1409 2242 1612 2304 venire
1647 2242 1730 2304 ad
1765 2240 2016 2323 nuptias
2034 2265 2060 2314 ;

485 2337 602 2402 illa
640 2337 856 2418 quippe
879 2338 1187 2400 vocatione
1225 2341 1284 2400 et
1314 2334 1520 2398 Judoei
1549 2333 1746 2398 vocati
1793 2339 1964 2407 sunt,
2002 2337 2063 2398 et

491 2433 730 2506 Gentes,
763 2432 978 2512 quibus
1013 2430 1296 2494 Christus
1347 2430 1683 2506 crucifixus
1711 2428 2065 2492 scandalum

489 2531 580 2589 est
615 2525 705 2588 cel
729 2523 1003 2589 stultitia
1016 2549 1043 2597 ;
1086 2524 1194 2586 sed
1227 2540 1298 2586 ea
1337 2521 1641 2586 vocatione
1661 2523 2065 2604 proedeetina-

487 2627 582 2685 tos
599 2625 798 2696 vocat,
819 2637 1002 2701 quam
1024 2615 1315 2682 distinxit
1326 2615 1675 2698 Apostolus,
1703 2617 1937 2682 diane:
1958 2619 2065 2698 Ip-

488 2715 581 2778 sis
612 2712 842 2778 vocatis
881 2712 1122 2776 Judoeis
1167 2716 1225 2774 et
1269 2711 1530 2785 Gra-cis,
1565 2717 1712 2784 etc.‚
1743 2711 1939 2774 sciens
1972 2729 2064 2774 ee-

489 2827 553 2872 ce
581 2807 906 2890 quamdam
937 2806 1304 2869 vocationem
1341 2823 1562 2878 eorum,
1595 2804 1702 2886 qui
1737 2805 2061 2868 secundum

488 2902 868 2986 propositum
893 2899 1088 2964 vocati
1123 2904 1291 2962 eunt.
1327 2901 1416 2960 De
1441 2918 1568 2979 qua
1593 2899 1830 2960 ibidem
1879 2898 2065 2959 intel·-

489 2996 624 3076 ligit
649 2994 843 3057 illud:
893 2993 1053 3068 Quos
1068 2993 1556 3075 praedestinavit,
1587 2993 1692 3056 Ιιοε
1719 2997 1772 3055 et
1799 2990 2057 3064 υοοαυίτ,

491 3089 573 3152 ad
599 3091 778 3151 Rom.
813 3089 891 3161 8;
925 3093 988 3149 et
1013 3085 1208 3147 illud:
1253 3084 1490 3151 Nouem
1529 3085 1829 3169 oporibus,
1857 3085 1966 3149 sed
1986 3102 2061 3149 ee·

488 3182 794 3247 vocatione
815 3182 1044 3245 dictum
1069 3186 1160 3245 est
1191 3181 1270 3255 ei,
1301 3179 1448 3263 quia
1467 3180 1668 3261 mqy'or
1707 3180 1929 3243 serviet
1944 3180 2063 3243 mi-

491 3277 648 3349 nori,
691 3294 747 3337 c.
775 3276 852 3347 93
887 3278 952 3335 et
967 3274 1156 3336 illud:
1195 3274 1346 3339 Sine
1353 3272 1718 3355 pauitantia
1737 3279 1884 3336 sunt
1905 3275 2063 3337 dona

490 3371 608 3435 Dei
621 3395 648 3443 ;
683 3388 758 3431 ac
785 3368 1046 3430 tandem
1100 3368 1416 3430 concludit
1443 3386 1457 3427 ε
1487 3367 1596 3430 Aa
1624 3368 1780 3431 tane
1805 3368 2063 3431 vocatio-

491 3482 628 3527 nem
661 3464 766 3545 qm·
787 3462 1118 3543 pertinent,
1157 3479 1358 3525 omnes
1395 3464 1540 3523 sunt
1585 3461 1863 3523 docibiles
1897 3460 2013 3523 Dei
2032 3485 2060 3533 ;

491 3575 600 3621 nec
621 3560 824 3637 potest
849 3555 1170 3637 quiequam
1193 3572 1396 3618 eornm
1421 3554 1655 3617 dicere:
1686 3552 1953 3629 Credidi,
1994 3558 2067 3617 ut

493 3652 586 3714 sic
607 3666 852 3714 vocarer
873 3674 898 3722 ;
921 3646 1224 3731 proevem‘t
1247 3666 1382 3711 evm
1407 3648 1624 3729 quippe
1649 3648 2068 3711 muntem-dia

495 3742 632 3815 Dei,
673 3742 820 3823 quia
855 3742 950 3806 sic
971 3747 1217 3807 vocatus
1243 3746 1337 3805 eat
1371 3745 1443 3803 ut
1477 3741 1756 3805 crederet.
1788 3740 1865 3802 Et
1902 3740 2069 3801 hanc

499 3836 788 3898 eamdem
815 3836 1165 3897 doctrinam
1184 3834 1458 3896 inculcat
1481 3834 1545 3893 in
1575 3834 1866 3895 omnibus
1894 3835 2069 3895 testi-

497 3930 748 4003 moniis,
781 3930 944 3991 inter
969 3927 1390 4008 objiciendum
1419 3926 1658 3999 citatis;
1691 3933 1754 3988 et
1793 3927 1873 3988 de
1919 3928 2069 3987 Cor-

495 4022 784 4101 reptione
813 4028 873 4083 et
905 4021 1126 4102 gratia,
1159 4037 1298 4099 cap.
1329 4024 1390 4093 7,
1425 4025 1488 4081 et
1511 4020 1689 4101 epist.
1724 4022 1804 4083 46
1831 4026 1894 4081 et
1923 4022 2063 4094 107,

498 4116 604 4177 ubi
631 4118 794 4178 hanc
821 4114 1216 4177 vocationem
1245 4114 1544 4195 appellat,
1571 4114 1768 4179 altam
1781 4120 1959 4195 atque
1980 4132 2068 4177 ae-

499 4216 726 4275 cretam
748 4236 776 4284 ;
819 4215 881 4270 et
909 4210 1017 4270 lib.
1053 4210 1134 4271 83
1161 4208 1612 4282 Quaestionum,
1637 4215 1853 4287 quaest.
1881 4209 1984 4269 68.

581 4304 729 4377 Quis
755 4310 970 4365 autem
995 4304 1074 4365 sit
1111 4302 1338 4365 modus
1365 4302 1554 4383 hujus
1573 4302 1844 4365 efficacis
1883 4320 2071 4365 voca-

500 4399 710 4471 tionis,
753 4404 818 4459 et
871 4398 1042 4460 unde
1085 4397 1434 4476 proveniat,
1491 4396 1697 4476 colligi
1746 4403 1951 4476 potest
1994 4416 2071 4459 ex

502 4491 820 4555 nonnullis
845 4492 998 4553 locis
1021 4492 1374 4571 Augustini,
1395 4491 1460 4551 in
1487 4491 1718 4570 quibus
1739 4492 1846 4561 ait,
1872 4510 2073 4569 quan-

502 4586 584 4647 do
634 4587 802 4647 Deus
843 4584 976 4647 vult
1011 4584 1284 4664 aliquem
1341 4584 1614 4646 electum
1669 4584 2073 4647 infallibiliter

503 4684 892 4751 convertere,
945 4695 1055 4740 eas
1095 4694 1222 4751 res,
1269 4676 1370 4739 vel
1399 4678 1602 4759 signa,
1641 4676 1742 4739 vel
1775 4676 1941 4739 facta
1966 4696 2071 4739 ex-

503 4778 684 4835 terna
731 4777 840 4833 aut
871 4771 1116 4833 interna
1155 4770 1246 4831 illi
1273 4788 1652 4851 proponere,
1705 4788 1846 4850 quae
1891 4772 2071 4852 juxta

505 4865 642 4945 ejus
669 4864 994 4945 ingenium
1021 4870 1082 4925 et
1109 4862 1530 4925 conditionem
1551 4862 1724 4925 novit
1749 4880 1889 4925 esse
1922 4870 2071 4943 apta

505 4966 574 5020 ut
599 4958 776 5019 illum
801 4958 882 5018 ad
901 4974 1278 5019 consensum
1295 4957 1681 5037 pertrahant.
1707 4958 1808 5019 Sic
1828 4960 2073 5036 Augus-

503 5051 694 5124 tiana,
727 5050 806 5112 de
827 5050 1004 5113 Dono
1033 5049 1534 5131 perseverantiae,
1586 5067 1642 5110 c.
1677 5052 1776 5121 14,
1810 5051 1931 5112 hoc
1970 5051 2073 5113 de-

506 5145 772 5217 clarans,
814 5144 1049 5223 inquit:
1087 5144 1199 5207 Ex
1227 5160 1340 5224 qno
1383 5148 1639 5226 apparet
1666 5144 1876 5207 habere
1901 5162 2047 5226 quoe

507 5240 648 5304 dam
661 5240 732 5301 in
753 5238 884 5320 ipso
906 5236 1146 5320 inqenio
1171 5236 1440 5299 divinum
1463 5234 1836 5301 naturaliter
1851 5256 2073 5301 munus

506 5332 950 5413 intelliqentiae,
983 5350 1096 5413 quo
1131 5334 1482 5393 moveantur
1504 5330 1587 5393 ad
1599 5330 1796 5411 fidem,
1839 5331 1898 5395 si
1942 5348 2077 5395 con·

506 5444 666 5511 qm
715 5428 847 5489 saie
889 5426 1188 5489 mentibus
1209 5470 1226 5495 ,
1268 5425 1360 5487 cel
1405 5424 1663 5488 audiant
1715 5426 1896 5489 verba
1915 5470 1933 5498 ,
1982 5424 2075 5487 cel

509 5520 690 5605 siqua
711 5517 1090 5601 conspiciant
1107 5542 1134 5591 ‚·
1163 5526 1224 5579 ct
1249 5518 1356 5579 lib.
1385 5521 1412 5578 1
1450 5517 1532 5579 ad
1557 5518 2029 5598 simplicianum
2054 5564 2073 5593 ,

1337 363 1548 418 OPUSC.
1589 367 1628 427 1,
1665 364 1779 418 ΠΒ.
1809 366 1894 419 111.
1932 365 2013 418 ΒΕ
2045 363 2322 418 Auxtuls
2354 362 2587 416 mvntAE.
2616 361 2883 416 GRATIAE.

2132 467 2333 540 quaest
2360 463 2421 536 Ξ,
2449 461 2559 536 ait,
2596 462 2867 525 Paulum
2914 481 3039 527 una
3084 465 3335 547 desuper
3376 483 3515 528 voce
3542 483 3673 546 pro·

2130 557 2397 619 stratum
2418 556 2638 632 fuisse,
2660 559 3009 620 occurrente
3032 559 3241 638 utique
3266 558 3559 633 calinico,
3584 579 3679 638 quo

2130 667 2297 714 mem
2324 649 2443 712 illa
2470 655 2528 713 et
2557 649 2862 726 voluntas,
2905 655 3179 730 refracta
3203 653 3473 725 sca-vitia,
3514 660 3687 716 retor-

2130 749 2433 827 queretur,
2457 750 2516 808 et
2542 746 2945 828 corrigeretur
2970 747 3055 810 ad
3080 750 3257 829 fldem
3280 771 3306 819 ,·
3342 753 3408 810 et
3450 749 3569 808 hac
3596 767 3685 809 ra-

3811 643 3815 732 ἰ

3809 737 3815 822 5

2131 837 2301 900 tione
2330 838 2608 918 appellat
2648 838 2819 900 illam
2840 840 3260 916 vocationem,
3312 859 3599 923 mquam
3638 851 3687 906 et
3811 843 3815 868 ¹

2130 931 2645 1012 efficacissimam,
2666 938 2725 996 et
2748 950 2821 996 eze
2843 933 3157 1015 simpulum:
3174 932 3407 1016 qratia.
3438 935 3517 996 Et
3544 934 3691 996 idem

2130 1024 2438 1104 significat
2474 1023 2553 1086 de
2580 1025 2789 1103 Spirit.
2840 1032 2903 1087 et
2932 1026 3075 1101 litt.,
3114 1045 3252 1107 cap.
3280 1029 3363 1090 33
3408 1033 3475 1088 et
3501 1029 3599 1100 34,
3644 1035 3695 1090 et
3811 1021 3815 1086 Ξ

2146 1117 2282 1178 aliis
2334 1118 2487 1180 locis
2528 1137 2719 1199 supra
2765 1119 2989 1180 citatis.
3020 1123 3157 1182 Non
3196 1139 3349 1200 ergo
3396 1122 3695 1182 constituit
3811 1097 3815 1122 ¹

2146 1213 2529 1294 Augustinus
2548 1213 2711 1274 hanc
2732 1212 3076 1276 efficaciam
3098 1215 3161 1275 in
3188 1215 3451 1294 physica
3476 1215 3695 1293 praede-

2143 1308 2581 1369 terminatione
2601 1326 2616 1380 ;
2641 1307 2755 1370 sed
2778 1308 2843 1368 in
2864 1309 3255 1387 congruitate
3278 1309 3559 1388 quadam
3586 1327 3697 1369 mo-
3812 1307 3815 1324 ³

2142 1400 2279 1474 rali,
2314 1420 2505 1480 quam
2550 1403 2714 1462 Deus
2764 1407 2995 1472 servat,
3054 1419 3200 1462 cum
3244 1402 3523 1480 aliquem
3578 1402 3693 1463 vult
3811 1409 3815 1416 “

2142 1499 2531 1566 convertere,
2582 1513 2729 1556 eum
2776 1494 3059 1556 vocando
3092 1493 3347 1571 quando
3392 1500 3507 1554 aut
3548 1511 3689 1571 quo-

2140 1587 2329 1648 modo
2356 1587 2413 1648 ei
2440 1588 2611 1649 novit
2638 1587 2957 1667 expedire,
2980 1593 3049 1648 ut
3076 1605 3263 1648 aures
3288 1587 3529 1648 dociles
3552 1605 3693 1665 prae-
3811 1585 3815 1608 ³

2140 1683 2289 1744 beat
2322 1689 2384 1744 et
2420 1683 2791 1756 consentiat,
2830 1687 3020 1761 prout
3044 1681 3231 1742 latius
3258 1680 3421 1741 infra
3452 1697 3594 1759 cap.
3634 1683 3699 1740 14

2142 1777 2403 1838 dicetur.
2462 1776 2580 1839 Ubi
2604 1776 2793 1837 etiam
2832 1774 3239 1836 ostendemus
3280 1774 3449 1834 illam
3476 1781 3697 1834 certam

2144 1870 2625 1942 connexionem,
2654 1869 2976 1942 nimirum,
3004 1868 3177 1948 quod
3196 1867 3343 1930 talia
3374 1867 3581 1947 signa,
3610 1867 3698 1928 ob-

2138 1964 2327 2044 jecta,
2374 1969 2482 2024 aut
2510 1962 2969 2042 inspirationes,
3018 1980 3136 2042 per
3160 1962 3543 2022 excitantem
3582 1978 3699 2038 gra·

2146 2059 2297 2120 tiam
2324 2059 2513 2137 hujus
2538 2057 2875 2137 singularis
2904 2055 3247 2117 vocationis
3272 2053 3697 2134 applicata,in-

2141 2143 2491 2214 fallibiliter'
2532 2152 2809 2212 habeant
2840 2149 3156 2221 effectum,
3201 2166 3393 2227 quem
3426 2148 3597 2208 Deus
3620 2147 3699 2206 in-

2142 2246 2361 2318 tendit,
2414 2264 2545 2306 non
2596 2262 2737 2307 esse
2780 2243 3181 2306 referendum
3242 2241 3321 2302 ad
3362 2240 3569 2302 solam
3592 2241 3699 2300 vim

2144 2340 2449 2402 moralem
2471 2346 2535 2400 et
2552 2338 3005 2410 causalitatem,
3038 2354 3229 2416 quam
3252 2353 3327 2396 ex
3356 2353 3425 2396 se
3452 2335 3695 2406 habent,

2144 2434 2257 2496 sed
2276 2433 2357 2496 ad
2377 2433 2681 2496 infinitam
2704 2433 2814 2494 Dei
2842 2430 3325 2511 proescientiam,
3358 2447 3495 2508 qua
3522 2428 3601 2488 de
3622 2447 3700 2488 re·

2144 2527 2264 2590 bus
2284 2527 2577 2589 omnibus
2598 2525 2923 2604 praenoscit
2956 2542 3081 2586 non
3112 2524 3315 2584 solum
3346 2521 3503 2602 quid
3532 2539 3699 2600 agere

2143 2627 2429 2702 possunt,
2456 2619 2569 2682 sed
2598 2620 2787 2682 etiam
2820 2617 2971 2698 qnid
2990 2617 3114 2678 sint
3142 2621 3393 2686 acturae,
3426 2615 3702 2676 ubicum-

2144 2733 2267 2794 que
2302 2719 2365 2777 et
2412 2713 3003 2793 quomodocumque
3028 2709 3111 2772 ad
3150 2709 3469 2790 agendum
3526 2707 3702 2788 appli-

2146 2814 2390 2872 centur.

2224 2905 2324 2964 13.
2368 2900 2469 2966 Ad
2490 2902 2767 2982 quintum
2782 2902 3013 2964 dedcno
3026 2897 3700 2982 perseverentia—At-

2142 3013 2265 3074 que
2290 3013 2368 3056 ex
2388 2995 2485 3055 his
2510 2993 2692 3056 facile
2715 2994 3071 3056 declaratur
3096 2992 3315 3071 quinta
3336 2989 3609 3069 objectio
3632 2987 3699 3047 de

2140 3089 2307 3151 dono
2340 3089 2849 3168 perseverantiae,
2881 3105 3009 3167 quo
3036 3085 3429 3166 Augustinus
3468 3081 3555 3143 ait
3584 3081 3699 3142 dari

2138 3183 2401 3255 homini,
2460 3201 2589 3244 nou
2626 3188 2869 3243 tantum
2924 3188 2993 3241 ut
3022 3180 3220 3259 possit
3274 3194 3697 3257 perseverare.

2140 3278 2255 3339 sed
2292 3277 2481 3339 etiam
2532 3282 2602 3337 ut
2634 3280 3029 3354 perseveret3
3087 3290 3237 3333 nam
3280 3270 3592 3350 imprimis
3628 3268 3699 3327 ad
3810 3294 3812 3361 j

2141 3370 2677 3452 perseverandum
2724 3370 2791 3429 in
2838 3367 3039 3449 gratia
3062 3412 3079 3439 ,
3131 3364 3567 3428 necessarium
3616 3370 3701 3423 est
3810 3364 3812 3449 ξ

2144 3464 2413 3544 speciale
2440 3464 2551 3527 Dei
2576 3464 2901 3536 auxilium,
2948 3460 3121 3539 quod
3148 3478 3265 3539 per
3292 3458 3529 3537 gratias
3562 3456 3704 3517 exci-
3810 3462 3812 3505 Ξ

2142 3563 2381 3621 tantem
2406 3564 2469 3619 et
2495 3556 2901 3637 adjuvantem
2930 3553 3271 3617 confertur.
3302 3554 3383 3616 Ut
3406 3568 3563 3631 ergo
3580 3556 3701 3611 actu

2146 3659 2511 3732 perseveret
2541 3651 2755 3723 homo,
2791 3666 3051 3710 necesse
3082 3653 3272 3709 estut
3300 3646 3473 3707 Deus
3504 3663 3619 3724 per
3642 3642 3703 3705 il-

2144 3746 2255 3809 lud
2278 3746 2579 3807 auxilium
2616 3744 2906 3807 effectum
2945 3742 3247 3815 obtineat,
3280 3756 3477 3819 quem
3516 3740 3705 3799 inten-

2148 3840 2258 3912 dit,
2289 3845 2349 3899 et
2378 3842 2839 3916 consequenter
2874 3834 3305 3897 necessarium
3342 3838 3441 3895 est
3475 3831 3703 3894 utillud

2148 3932 2447 3994 auxilium
2476 3931 2709 3993 tribuat
2737 3948 2813 3991 eo
2852 3936 3135 4008 tempore
3178 3934 3241 3989 et
3268 3926 3485 3996 modo,
3539 3930 3705 4006 prout

2146 4027 2319 4089 novit
2346 4025 2479 4086 fore
2528 4040 2877 4103 congruum
2926 4028 2989 4083 et
3032 4019 3579 4083 accommodatum
3616 4018 3705 4078 tali

2146 4120 2385 4183 homini
2407 4164 2422 4191 ‚
2466 4124 2539 4181 ut
2584 4118 2650 4179 in
2692 4136 2767 4179 eo
2814 4114 3221 4178 infallibiliter
3258 4115 3495 4176 habeat
3536 4114 3704 4175 effec-

2147 4220 2321 4284 tum3
2354 4218 2415 4274 et
2442 4212 2565 4273 hoc
2604 4217 2699 4273 est
2723 4210 2879 4271 illud
2904 4226 3209 4287 magnum
3242 4206 3703 4288 perseverantia:

2152 4308 2412 4379 donum,
2442 4305 2613 4385 quod
2630 4306 2799 4366 Deus
2828 4303 3048 4364 tribuit
3072 4302 3205 4363 suis
3230 4301 3481 4373 electis;
3516 4307 3579 4362 et
3602 4301 3703 4361 hoc
3808 4298 3810 4309 '

2150 4400 2341 4461 modo
2374 4416 2485 4460 eos
2514 4399 2845 4477 gubernat,
2880 4402 2950 4457 ut
2977 4394 3505 4457 indeclinabiliter
3536 4400 3597 4455 et
3626 4394 3704 4452 in-

2154 4492 2589 4571 separabiliter
2630 4509 2757 4551 non
2808 4488 3142 4561 deficiant3
3190 4506 3343 4567 ergo
3388 4504 3597 4567 neque
3638 4484 3705 4545 ad

2154 4588 2273 4648 hoc
2298 4585 2537 4647 donum
2560 4582 2919 4646 necessaria
2948 4588 3044 4643 est
3084 4582 3350 4661 physica
3382 4580 3707 4660 praedeter-

2150 4678 2413 4741 minatio
2432 4724 2451 4753 ‚
2510 4678 2625 4739 sed
2676 4675 3135 4756 sapientissima
3180 4680 3245 4735 et
3292 4674 3703 4753 potentissima

2150 4770 2455 4852 protectio
2488 4772 2619 4846 Dei,
2652 4775 2717 4832 et
2740 4769 2979 4831 morale
3022 4769 3346 4849 regimem
3400 4766 3571 4845 quod
3596 4770 3706 4827 Au-

2152 4866 2437 4945 gustinus
2458 4864 2763 4944 judicavit
2788 4863 3214 4925 necessarium
3240 4860 3535 4923 omnihus
3562 4861 3706 4922 elec-

2152 4958 2255 5033 tis,
2290 4965 2357 5021 ut
2384 4956 2791 5019 infallibiliter
2816 4957 3158 5018 salventur.

2236 5051 2449 5130 Neque
2491 5050 2641 5111 hinc
2666 5054 2837 5113 recte
2868 5049 2941 5111 fit
2968 5054 3415 5129 argumentum
3439 5048 3521 5109 ad
3548 5064 3707 5108 ener-

2154 5144 2393 5205 vandas
2414 5144 2691 5204 rationes
2720 5162 2759 5203 a
2784 5142 2967 5204 nobis
2978 5142 3175 5203 factas
3200 5142 3267 5202 in
3298 5141 3705 5221 superioribus

2156 5238 2235 5300 de
2260 5238 2459 5317 gratia
2484 5238 2831 5299 sufficiente
2854 5257 2871 5309 ;
2912 5235 3233 5307 nimirum,
3264 5236 3439 5315 quod
3468 5238 3585 5297 hoc
3608 5235 3707 5295 do-

2154 5350 2307 5391 num
2344 5330 2770 5392 necessarium
2812 5336 2909 5393 est
2937 5330 3016 5391 ad
3045 5329 3609 5408 perseverandum
3654 5332 3706 5387 et

2154 5425 2585 5495 nihilominus,
2620 5424 2725 5503 qui
2752 5424 2859 5485 illo
2888 5428 3125 5495 carent,
3154 5424 3395 5486 habent
3428 5423 3705 5485 auxilium
3806 5422 3808 5489 5

2156 5520 2475 5581 sufficiens
2520 5518 2605 5581 ad
2632 5517 3189 5597 perseverandum.
3234 5519 3391 5579 Nam
3420 5516 3701 5599 imprimis
