3850 6225
538 423 657 488 132
1090 423 1299 480 opusc.
1336 421 1623 488 1.1,113.n.
1662 425 1741 478 os
1774 419 2093 478 concussu
2127 419 2232 474 nm
2265 422 2348 475 Αιι
2381 418 2582 473 Λοτιιε
2613 417 2860 472 oanlms
2893 413 3179 470 nunus.

539 531 685 592 oriri
724 529 1047 608 contingit.
1080 527 1437 606 complacet
1475 527 1727 606 injusta
1758 523 2099 586 ordinatio-
2177 522 2392 600 gantia
2455 539 2568 582 sua
2629 536 2858 580 novam
2923 517 3267 578 doctrinam
3323 515 3702 578 introducant.

537 643 643 696 ne,
677 642 802 703 qua
846 621 1039 683 talem
1078 627 1287 682 actum
1320 621 1567 682 ordinat
1614 620 1697 680 ad
1735 617 2099 679 manifesta-
2175 615 2478 695 Idemque
2511 619 2727 676 auctor
2759 610 3112 691 oppositam
3139 607 3510 670 sententiam
3533 607 3707 670 dolen-

534 718 771 778 tionem
789 714 1044 794 justitiae
1074 731 1221 774 suae.
1261 715 1349 775 Ac
1370 713 1643 790 denique
1666 712 1871 792 placet
1898 709 2004 784 illi,
2047 709 2098 770 si

540 809 691 889 quid
720 809 997 869 utilitatis
1038 825 1117 868 ex
1144 806 1251 867 tali
1288 813 1433 868 actu
1489 806 1714 866 elicere
1762 808 1969 883 potest
2020 802 2100 862 ad

541 903 695 964 alios
724 903 1021 963 honestos
1044 900 1227 962 fines·
1258 902 1349 961 De
1379 905 1523 960 actu
1547 917 1697 960 vero
1724 898 1882 977 ipso,
1915 903 1984 958 ut
2009 900 2105 958 est

540 997 854 1057 emanatio
918 1014 955 1055 a
1002 995 1324 1055 voluntate
1374 993 1655 1054 humana
1678 1036 1693 1066 ,
1742 990 2106 1070 simpliciter

538 1107 669 1150 non
720 1088 1089 1167 complacet,
1130 1105 1248 1148 nec
1290 1085 1577 1147 absolute
1625 1086 1758 1146 vult
1786 1083 1946 1158 fieri,
1993 1083 2106 1144 sed

540 1189 782 1245 tantum
832 1183 950 1244 sub
999 1182 1104 1242 illa
1161 1180 1443 1242 imbibita
1480 1179 1857 1251 conditione,
1890 1177 1942 1238 si
1970 1177 2107 1258 ipsa

538 1279 817 1338 humana
858 1277 1147 1338 voluntas
1194 1293 1335 1336 sese
1385 1273 1934 1345 determinaverit;
1977 1289 2108 1332 non

540 1371 673 1432 vult
704 1371 873 1431 enim
892 1370 1066 1431 illam
1094 1367 1424 1450 impedire,
1466 1367 1581 1428 sed
1604 1366 1812 1446 potius
1840 1383 1982 1428 cum
2002 1364 2106 1426 illa

544 1481 941 1524 concurrere.

1116 1671 1367 1736 CAPUT
1408 1673 1505 1734 vl.

489 1844 501 1850 “
544 1857 709 1903 mum
758 1855 873 1902 NON
928 1853 1489 1900 PRAEDETBRMINAIOE
1540 1851 1783 1898 Pmsmss
1834 1850 2110 1896 nonnum

625 1949 1003 1996 voum'rnns
1041 1947 1123 1992 Ab
1160 1947 1340 1994 Aeros
1366 1946 1547 1993 BONOS
1576 1945 1841 1992 nonam
1878 1943 2112 1992 onulms

624 2041 978 2090 NATURALIS.

631 2207 687 2264 1.
733 2202 925 2265 Prior
964 2200 1263 2264 sententia
1291 2200 1625 2277 affirmans
1647 2197 2118 2280 proponitur.—

551 2296 803 2368 Gumez„
832 2297 901 2357 iu
930 2296 959 2355 1
988 2313 1080 2376 p„
1107 2311 1165 2374 q.
1201 2297 1296 2367 19,
1332 2296 1453 2356 art.
1491 2292 1551 2364 3,
1578 2291 1733 2370 disp.
1761 2289 1952 2362 unic„
1981 2305 2117 2352 con·-

548 2393 697 2453 clus.
730 2392 787 2464 3,
814 2407 873 2470 q.
906 2389 1006 2462 23,
1040 2405 1099 2451 a.
1132 2387 1194 2460 3,
1226 2386 1361 2450 dub.
1395 2387 1457 2460 2,
1490 2403 1543 2448 0.
1579 2387 1637 2446 3.
1658 2385 1841 2444 -De
1871 2383 2116 2444 actibus

552 2484 845 2544 humanae
872 2479 1209 2542 voluntatis
1233 2478 1553 2540 moraliter
1578 2476 1781 2549 boni3‚
1818 2482 1880 2537 et
1904 2475 1988 2536 ad
2015 2493 2118 2536 or-

548 2576 762 2636 dinem
788 2577 1027 2634 naturae
1054 2572 1507 2652 pertinentibus
1530 2570 1685 2630 nihil
1712 2575 2028 2650 oporteret
2051 2569 2118 2628 in

548 2667 907 2747 particulari
940 2666 1173 2742 dicere,
1204 2666 1323 2726 nisi
1362 2663 1788 2726 necessarium
1820 2667 1986 2724 esset
2009 2680 2118 2722 va-

550 2763 677 2822 rias
700 2767 1027 2828 auctorum
1052 2757 1413 2832 sententiae,
1440 2759 1713 2820 rationes
1738 2761 1799 2817 et
1822 2775 2120 2818 censuras

554 2855 932 2934 expendere,
984 2859 1053 2914 ut
1098 2852 1329 2913 veritas
1378 2852 1581 2932 magis
1633 2851 1965 2912 elucescat.
2005 2850 2121 2924 Qui

552 2967 707 3028 ergo
736 2948 1089 3009 docuerunt
1115 2946 1659 3026 praedeterminare
1686 2947 1881 3006 Deum
1907 2946 2125 3006 volun-

552 3047 748 3104 tatem
788 3040 1059 3102 hominis
1088 3039 1323 3100 efficaci
1364 3037 2012 3119 praedeterminafione
2043 3037 2126 3098 ad

554 3142 734 3197 actus
780 3134 984 3195 malos
1030 3152 1145 3211 pro
1192 3132 1525 3206 materiali,
1582 3132 1811 3192 mirum
1856 3150 1984 3193 non
2033 3136 2128 3194 est

554 3228 725 3307 quod
766 3226 845 3287 de
889 3226 1071 3287 bonis
1114 3225 1283 3287 idem
1314 3224 1555 3297 dicant;
1588 3224 1653 3286 id
1696 3226 1861 3286 enim
1894 3230 1988 3287 est
2021 3244 2128 3287 ne-

556 3320 829 3383 cessario
874 3336 1291 3399 consequens,
1331 3324 1401 3379 ut
1442 3337 1555 3398 per
1595 3337 1663 3381 se
1708 3326 1803 3381 est
1844 3320 2121 3381 evidens.

554 3417 692 3477 Non
719 3414 949 3475 desunt
978 3420 1189 3475 tamen
1216 3410 1543 3491 Theologi,
1573 3411 1702 3489 qui,
1738 3430 1881 3473 cum
1909 3412 1990 3473 de
2021 3430 2126 3473 ac-

554 3506 721 3567 tibus
762 3505 945 3567 malis
984 3504 1387 3567 temerarium
1423 3522 1497 3565 ac
1534 3504 1795 3584 impium
1828 3510 2128 3567 censeant

554 3598 786 3673 dicere,
820 3600 1022 3659 Deum
1073 3597 1155 3659 ad
1204 3596 1342 3659 illos
1376 3597 1923 3677 praedeterminare
1963 3598 2128 3661 dicto

556 3691 749 3754 modo
792 3691 1181 3754 voluntatem
1222 3698 1503 3753 nostram
1536 3691 1723 3752 etiam
1754 3692 1966 3769 quoad
1994 3710 2128 3753 ma-

558 3786 801 3859 teriale,
839 3784 1247 3847 nihilominus
1274 3782 1565 3858 doceant,
1594 3785 1795 3846 Deum
1820 3802 1938 3845 nos
1977 3803 2130 3864 prae-

556 3880 979 3942 determinare
1005 3879 1263 3960 physice
1296 3879 1377 3941 ad
1410 3896 1632 3940 omnes
1672 3884 1847 3940 actus
1874 3879 2129 3940 morali-

557 3979 657 4035 ter
681 3974 904 4035 bonos,
934 3974 1049 4045 Qui
1086 3990 1214 4033 non
1242 3972 1585 4052 loquuntur
1609 3972 1813 4033 solum
1856 3970 1936 4033 de
1975 3988 2130 4049 prm·

559 4064 843 4127 finitione
885 4066 1297 4137 immanente,
1328 4082 1443 4126 seu
1482 4062 1958 4143 praeordjnativa
1991 4062 2128 4136 Dei,

562 4158 641 4219 de
672 4176 797 4238 qua
824 4159 1107 4221 dicemus
1138 4158 1341 4237 capite
1376 4158 1687 4237 sequenti,
1716 4156 1833 4217 sed
1862 4155 1942 4217 de
1972 4172 2131 4235 prae-

562 4250 1083 4314 determinatione
1106 4250 1506 4312 transeunte‘
1491 4268 1557 4311 m
1580 4237 1968 4311 voluntatem
1991 4266 2132 4309 nos-

562 4351 747 4418 tram,
776 4350 840 4406 et
886 4344 1219 4407 efficaciter
1264 4362 1339 4405 ac
1380 4343 1637 4423 physice
1678 4342 2030 4421 applicante
2059 4340 2132 4401 il-

560 4437 766 4510 lam;
750 4455 877 4499 uno
906 4456 1125 4500 omnes
1154 4437 1381 4499 harum
1408 4435 2132 4516 praedeterminationum

564 4536 629 4593 et
655 4530 1213 4610 praedefinitionum
1248 4530 1611 4591 defensores
1632 4528 1795 4591 inter
1830 4529 1946 4589 has
1973 4528 2132 4589 duas

564 4624 721 4685 nihil
754 4623 1165 4704 distinguunt,
1198 4630 1259 4685 et
1290 4624 1455 4685 hanc
1482 4622 1895 4702 posteriorem
1921 4640 2000 4685 ex
2025 4622 2132 4683 illa

566 4718 757 4796 priori
786 4718 963 4795 sequi
990 4716 1364 4778 existimant.
1396 4716 1571 4777 Hanc
1594 4714 1867 4795 denique
1896 4714 2135 4795 proede-

564 4810 1071 4872 terminationem
1121 4816 1343 4871 auctor
1394 4808 1674 4888 quidam,
1730 4808 1813 4869 ad
1862 4808 2134 4869 morales

566 4907 743 4965 actus
794 4902 996 4963 bonos
1048 4908 1111 4965 et
1156 4902 1477 4965 naturales
1514 4902 1599 4963 ita
1642 4900 1952 4963 existimat
1995 4920 2134 4963 esse

564 4998 1011 5069 necessariam,
1060 5002 1133 5057 ιιι
1180 4997 1315 5058 sine
1370 4996 1475 5058 illa
1518 5000 1709 5076 neget
1751 4995 2136 5057 voluntatem

562 5096 846 5152 nostram
878 5091 1021 5152 illos
1052 5090 1299 5153 efficere
1339 5108 1551 5170 posse,
1578 5089 1678 5150 vel
1717 5090 1938 5151 saltem
1967 5108 2140 5151 asse-

564 5189 665 5246 rat
690 5182 1011 5245 infallibile
1044 5201 1181 5246 esse
1207 5184 1345 5246 illos
1370 5200 1501 5245 non
1528 5183 1924 5257 effecturam;
1951 5183 2139 5263 idque

568 5283 697 5339 tam
738 5284 977 5339 certum
1013 5296 1153 5341 esse
1192 5278 1362 5351 dicit,
1392 5284 1463 5339 ut
1501 5277 1909 5349 contrarium,
1949 5282 2142 5339 teme-

568 5372 806 5433 rarium
850 5377 913 5433 et
952 5372 1147 5433 errori
1194 5371 1549 5451 proximum
1594 5375 1797 5443 vocet,
1830 5370 1990 5431 etin
2031 5387 2142 5431 eos

567 5468 901 5533 invehatur
928 5466 1034 5545 qui
1066 5465 1132 5526 id
1168 5465 1417 5541 docent,
1448 5464 1665 5527 diceus
1692 5464 1982 5544 decipere
2011 5465 2144 5544 ple-

570 5557 739 5635 bem,
772 5560 1013 5638 sibique
1044 5558 1363 5638 sapientes
1396 5558 1615 5631 videri,
1655 5560 1833 5638 quasi
1866 5576 1943 5619 ex
1971 5576 2146 5619 arro-

2181 708 2351 780 dam,
2387 712 2449 769 et
2473 708 2606 768 viro
2635 704 2950 767 Catholico
2978 703 3302 782 indignam
3329 701 3570 762 asserit.
3599 703 3707 763 Haec

2181 800 2410 874 refero,
2447 817 2576 861 non
2601 805 2670 860 ut
2698 798 2844 859 huic
2869 796 3206 858 verborum
3235 792 3556 856 acerbitati
3579 794 3708 854 simi-

2183 894 2347 955 libus
2373 894 2582 954 verbis
2609 889 3062 972 respondeam;
3093 889 3161 950 id
3187 889 3358 950 enim
3401 905 3602 965 neque
3631 907 3712 947 ne·

2185 988 2528 1050 cessarium
2553 1004 2762 1065 neque
2805 989 3232 1063 opportunum
3251 979 3506 1060 judico:
3549 980 3711 1058 primo

2185 1082 2442 1162 quidem
2469 1098 2544 1140 ac
2589 1079 2928 1158 praecipue,
2961 1081 3033 1137 ut
3059 1092 3140 1135 ne
3165 1073 3472 1135 indirecte
3499 1073 3712 1150 quidem

2187 1195 2225 1237 a
2257 1173 2496 1237 Summi
2528 1171 2840 1234 Pontificis
2862 1171 3182 1232 voluntate
3209 1167 3395 1229 nobis
3441 1165 3714 1228 insinuata

2189 1269 2546 1346 discrepare
2589 1265 2850 1337 videar3
2897 1269 3032 1324 tum
3071 1262 3258 1324 etiam
3289 1266 3359 1322 ut
3404 1259 3638 1320 dicendi
3661 1280 3714 1320 ac
3794 1271 3796 1308 ÷

2189 1359 2548 1441 disputandi
2571 1357 2944 1419 modestiam
2971 1355 3281 1435 religiosis
3319 1353 3474 1414 viris
3503 1351 3715 1432 dignam
3794 1383 3796 1402 =

2189 1474 2306 1536 pro
2357 1454 2595 1516 viribus
2653 1451 3020 1522 observem;
3085 1455 3222 1510 tum
3257 1448 3552 1526 denique,
3603 1449 3718 1526 quia
3794 1477 3796 1502 ;

2191 1564 2519 1628 speramus
2558 1545 2692 1606 fore
2723 1549 2792 1605 ut
2819 1544 2954 1622 ipsa
2983 1543 3238 1615 veritas,
3277 1559 3478 1620 quam
3517 1541 3717 1602 sincere
3794 1549 3796 1616 ζ

2187 1640 2585 1721 inquirimus,
2617 1656 2730 1717 pro
2757 1637 2938 1698 nobis
2957 1636 3359 1716 respondeat.
3397 1633 3614 1695 Refero
3637 1633 3718 1710 igi-

2189 1751 2294 1798 tur
2323 1735 2514 1814 hujus
2553 1732 2824 1794 auctoris
2855 1731 3255 1802 sententiam,
3299 1747 3382 1790 ne
3415 1728 3600 1806 aliqui
3625 1726 3720 1786 for-

2189 1835 2358 1892 tasse
2387 1825 2746 1906 hujusmodi
2795 1823 3386 1904 exaggerationibus
3427 1825 3492 1882 et
3517 1821 3718 1881 dicendi

2193 1922 2479 1984 libertate
2525 1925 2910 1991 terreantur;
2965 1917 3078 1980 sed
3114 1923 3336 2024 pacate
3377 1914 3720 1993 conspiciant

2195 2032 2324 2095 qua
2343 2013 2710 2075 auctoritate
2735 2011 2877 2074 talis
2897 1992 3208 2072 sententia
3235 2013 3298 2070 et
3315 2027 3584 2070 censura
3611 2027 3720 2068 con-

2193 2109 2501 2180 firmetur,
2521 2105 2768 2186 quodve
2786 2105 3118 2184 Scripturae
3149 2102 3596 2172 testimonium,
3618 2119 3721 2178 quae

2195 2201 2614 2262 Conciliorum
2641 2197 2942 2272 definitio,
2976 2202 3084 2258 aut
3109 2197 3488 2258 Sanctorum
3515 2195 3722 2256 Pati-um

2195 2294 2467 2366 traditio,
2501 2310 2642 2371 quae
2669 2291 3134 2370 Theologorum
3174 2289 3578 2367 antiquorum
3613 2305 3724 2346 auc-

2198 2389 2436 2460 toritas,
2469 2393 2578 2448 aut
2599 2387 2872 2466 denique
2897 2405 3036 2464 quae
3065 2385 3284 2446 efficax
3309 2384 3477 2446 ratio
3497 2401 3570 2444 ex
3594 2383 3725 2461 prin-
3797 2387 3799 2406 ³

2197 2482 2372 2562 cipiis
2404 2480 2552 2543 fidei
2573 2479 2766 2560 petita
2790 2479 2856 2540 in
2899 2479 3036 2558 ejus
3061 2479 3514 2556 'probationem
3551 2477 3727 2536 affera-
3798 2517 3799 2552 3

2197 2583 2320 2638 tur.
2367 2573 2546 2646 Quod
2587 2573 2639 2634 si
2687 2573 3062 2634 sententiam
3101 2572 3294 2644 illam,
3333 2571 3436 2631 his
3481 2569 3728 2631 omnibus
3798 2631 3799 2648 3

2199 2669 2586 2740 destitutam,
2619 2667 2996 2728 contrariam
3041 2683 3192 2726 vero
3221 2663 3342 2726 illis
3367 2663 3508 2725 fere
3543 2663 3730 2742 princi·
3798 2735 3799 2740 ἵ

2202 2764 2321 2843 piis
2371 2761 2686 2832 omnibuS,
2749 2779 2825 2821 ac
2873 2759 3027 2821 locis
3065 2757 3464 2838 Theologicis
3507 2756 3732 2816 viderint

2203 2875 2332 2917 non
2358 2871 2584 2934 parum
2617 2851 2962 2927 fundatam,
2999 2852 3348 2934 intelligent
3377 2869 3534 2911 sane
3563 2856 3732 2910 aucto-
3798 2919 3799 2934 χ

2203 2967 2340 3011 rem
2369 2949 2560 3021 hunc,
2601 2948 2828 3009 affectu
2860 2947 3069 3026 potius
3109 2963 3300 3025 quam
3331 2944 3578 3007 ratione
3615 2943 3734 3003 duc·
3798 3017 3799 3026 ἵ

2207 3049 2342 3104 ιιιιιι
2377 3041 2592 3102 fuisse.
2623 3040 2748 3102 Sed
2776 3040 2858 3101 ad
2885 3057 3140 3101 causam
3163 3039 3529 3100 redeamus.

2285 3138 2349 3197 Ξ.
2395 3136 2526 3215 Ego
2555 3152 2710 3195 sane
2723 3134 2876 3195 nihil
2906 3134 3050 3195 novi
3067 3134 3294 3207 habeo,
3330 3151 3466 3213 quo
3505 3132 3732 3193 demon·

2209 3236 2400 3291 strem
2437 3230 2638 3290 Deum
2671 3246 2802 3289 non
2839 3228 3392 3308 praedeterminare
3417 3226 3732 3287 voluntates

2209 3332 2459 3386 nostras
2501 3324 2584 3385 ad
2608 3325 2725 3385 hos
2759 3331 2934 3386 actus
2961 3323 3233 3385 morales
3267 3323 3476 3385 bonos
3505 3324 3566 3383 et
3589 3326 3734 3380 natu-

2205 3418 2393 3491 rales,
2427 3417 2574 3496 quia
2618 3418 2683 3478 in
2723 3418 2814 3479 eis
2859 3434 2988 3477 non
3029 3423 3124 3477 est
3169 3416 3295 3477 ulla
3347 3415 3632 3493 specialis
3663 3431 3734 3473 re·

2207 3512 2573 3591 pugnantia,
2595 3518 2824 3589 praeter
2843 3529 2986 3571 eam
3010 3528 3203 3590 quam
3227 3507 3616 3571 ostendimus
3629 3522 3735 3567 esse

2208 3604 2274 3665 in
2317 3603 2558 3665 actibus
2586 3603 2798 3665 liberis
2829 3622 2908 3665 ex
2935 3604 3252 3666 communi
3279 3607 3343 3664 et
3371 3600 3646 3682 generali
3667 3616 3738 3658 ra·

2207 3697 2378 3758 tione
2433 3696 2704 3757 illorum.
2737 3697 2810 3757 In
2851 3715 2976 3776 quo
3023 3696 3206 3758 video
3240 3713 3382 3757 esse
3437 3692 3739 3756 discrimen

2209 3791 2372 3851 inter
2401 3796 2578 3853 actus
2603 3789 2806 3851 bonos
2830 3804 2893 3851 et
2915 3790 3137 3865 maloS,
3172 3789 3343 3869 quod
3363 3788 3432 3849 in
3459 3788 3637 3849 malis
3669 3802 3740 3843 re-

2209 3889 2451 3964 pugnat
2491 3884 3060 3963 praedeterminatio
3114 3884 3346 3958 divina,
3389 3900 3528 3944 non
3573 3880 3741 3940 solum

2211 3978 2358 4056 quia
2385 3978 2568 4038 liberi
2607 3983 2774 4051 sunt,
2807 3978 2921 4041 sed
2969 3978 3158 4039 etiam
3199 3978 3350 4057 quia
3379 3976 3539 4037 mali
3581 3978 3741 4042 sunt;

2209 4070 2393 4131 bonis
2439 4076 2652 4131 autem
2681 4088 2812 4132 non
2855 4077 3171 4150 repugnat
3207 4070 3356 4149 quia
3385 4069 3540 4130 boni
3581 4070 3740 4134 sunt;

2211 4164 2330 4225 hac
2373 4162 2542 4225 enim
2570 4164 3080 4243 rationeoptime
3105 4168 3370 4243 possunt
3403 4164 3475 4223 in
3505 4160 3744 4222 divinam

2211 4256 2600 4318 voluntatem
2647 4258 3000 4319 absolutam
3025 4262 3090 4319 et
3135 4257 3458 4318 efficacem
3515 4253 3742 4320 cadere;

2211 4355 2523 4429 repugnat
2553 4354 2768 4413 tamen
2810 4351 2952 4424 illis,
2989 4352 3138 4429 quia
3173 4348 3354 4411 liberi
3381 4354 3554 4422 sunt,
3583 4353 3644 4406 ut
3669 4362 3746 4405 os-

2213 4442 2388 4504 tendi
2435 4443 2594 4505 libro
2617 4444 2843 4523 primo.

2497 4598 2826 4664 Conco-ania
2869 4595 3170 4661 sententia
3189 4596 3513 4677 probatur.

2295 4722 2355 4783 3.
2399 4715 2966 4783 Proedeterminatw
2987 4715 3070 4779 ad
3085 4718 3259 4778 acm
3291 4714 3469 4776 bonos
3509 4726 3752 4775 necessa-

2213 4814 2314 4878 ria
2339 4829 2460 4875 non
2487 4816 2600 4887 est,
2627 4828 2689 4873 oo
2713 4810 2872 4890 quod
2891 4807 3028 4871 boni
3047 4805 3456 4871 sunt.—Illud
3486 4822 3634 4865 vero
3663 4800 3750 4859 ad-

2214 4906 2496 4968 dendum
2531 4910 2593 4966 et
2627 4902 3186 4965 demonstrandum
3219 4899 3500 4961 hocloco
3533 4903 3644 4969 est,
3673 4892 3750 4953 rel

2219 4997 2694 5061 contradictoria
2711 4996 2960 5071 docere,
2981 4994 3126 5055 aut
3111 5014 3173 5055 ιιι
3198 4993 3408 5072 aliquo
3428 4996 3598 5052 certo
3609 4988 3751 5067 piin-

2219 5092 2379 5172 cipio
2411 5092 2701 5164 deficere,
2729 5090 2835 5185 qui
2873 5089 3036 5149 hanc
3063 5084 3752 5191 praedeterminationem

2221 5187 2547 5267 physicam
2567 5171 2923 5245 existimant
2949 5199 3090 5243 esse
3117 5180 3538 5242 necessariam
3567 5174 3753 5237 adlms

2223 5286 2400 5341 actus
2428 5280 2652 5353 bonoS,
2685 5284 2747 5339 et
2775 5282 3010 5356 negant
3039 5274 3329 5337 eamdem
3367 5273 3468 5334 vel
3511 5268 3754 5331 similem

2223 5392 2364 5435 esse
2395 5372 2822 5434 necessariam
2850 5370 2932 5433 ad
2961 5375 3138 5431 actus
3161 5368 3362 5429 malos
3385 5412 3406 5442 ‚
3447 5370 3630 5445 prout
3673 5378 3756 5421 ac-

2221 5473 2324 5528 tus
2347 5466 2552 5527 reales
2595 5470 2740 5526 sunt
2775 5465 2841 5526 in
2881 5464 2988 5525 tali
3014 5462 3224 5543 specie
3249 5460 3407 5523 reali
3439 5454 3754 5523 constituti,
3798 5508 3799 5531 ᾗ

2227 5558 2398 5638 quod
2419 5560 2486 5619 in
2517 5558 2641 5621 fine
2666 5557 3079 5639 praecedentis
3111 5556 3332 5636 capitis
3369 5572 3448 5616 ex
3473 5558 3648 5633 parte
3675 5566 3756 5609 os·
3798 5552 3799 5633 J
