3850 6225
577 380 711 434 011).
742 382 869 434 xvi.
906 379 1213 436 8011111111
1242 379 1391 438 Aua
1424 381 1727 452 08180110,
1761 386 1843 442 m·
1876 382 2290 442 0808181188
2321 381 2406 440 ΑΝ
2433 379 2826 453 Lmsa1,a·rc.
3229 381 3304 450 al

118 477 199 538 dit
250 477 456 556 aliquo
500 477 691 540 modo
739 480 1047 541 rationem
1104 499 1309 544 causae
1343 501 1357 543 ε
1413 484 1661 545 ordinat

118 571 273 630 enim
308 571 537 644 media,
566 578 631 632 et
656 580 1115 652 consequenter
1140 575 1415 655 disponit
1437 595 1661 639 causas

115 663 187 724 ad
208 663 499 724 effectus:
532 664 641 725 illa
664 670 873 728 autem
895 666 1185 729 voluntas
1214 687 1341 730 non
1368 675 1465 732 est
1494 671 1663 732 ordi-

112 758 303 818 nativa
344 757 695 820 mediorum
742 760 844 820 vel
876 779 1210 822 causarum
1229 807 1246 837 ,
1292 761 1405 824 sed
1435 763 1663 826 dicitur

108 851 381 912 voluntas
409 852 875 931 approbationis
908 871 1023 914 8811
1071 855 1539 933 complacentiae
1590 858 1659 918 in

110 944 319 1004 effectu
344 945 627 1022 proevisO,
639 947 818 1024 juxta
840 947 1023 1008 illud:
1066 948 1235 1013 Vidit
1250 949 1414 1012 Deus
1441 955 1659 1014 cuncta

108 1055 229 1118 μω
254 1043 499 1114 fecerat,
539 1042 599 1101 et
636 1045 813 1102 nant
842 1041 1017 1103 valde
1056 1042 1207 1104 bona
1236 1040 1257 1119 (
1286 1041 1515 1104 Genes.
1547 1045 1651 1123 2).

108 1129 323 1190 Poterit
350 1136 565 1192 autem
598 1131 705 1192 illa
743 1132 1033 1194 voluntas
1075 1133 1159 1194 ad
1196 1134 1653 1213 providentiam

107 1223 425 1302 pertinere,
454 1230 767 1302 quatenus
812 1243 891 1287 ex
930 1225 1037 1286 illa
1082 1227 1364 1306 sequitur
1404 1234 1473 1289 ut
1510 1228 1653 1290 talis

108 1317 347 1378 effectus
392 1317 477 1378 ad
522 1317 762 1396 aliquid
804 1319 973 1380 aliud
1028 1319 1351 1382 ordinetur
1376 1365 1393 1395 ,
1451 1327 1521 1382 ut
1571 1320 1653 1382 ad

105 1410 437 1489 praemium,
466 1411 573 1472 vel
594 1411 679 1472 ad
702 1412 941 1491 aliquid
968 1413 1193 1475 simile.
1232 1413 1651 1476 Praedefinitio

108 1521 241 1582 ergo
264 1505 519 1583 proprie
563 1505 710 1567 dicit
736 1506 1059 1570 decretum
1091 1507 1471 1569 antecedens
1499 1527 1653 1588 11118-

108 1597 407 1658 801811118111
442 1599 643 1660 futuri
680 1607 879 1676 801118,
932 1619 1059 1680 quo
1089 1603 1277 1676 Deua,
1310 1607 1653 1680 antequam

106 1689 319 1752 videret
340 1692 599 1753 Petrum
619 1693 981 1754 habiturum
1006 1699 1217 1756 actum
1236 1695 1645 1768 contritioniS,

112 1786 365 1847 absolute
404 1785 691 1850 decrevit
734 1795 807 1851 ut
843 1789 1107 1851 haberet
1155 1789 1357 1866 illum,
1402 1795 1465 1852 et
1504 1790 1649 1852 ideo

27 1927 39 1950 ,
113 1879 389 1940 ordinavit
437 1880 655 1942 media
692 1899 807 1961 per
846 1899 987 1962 quae
1038 1881 1253 1956 fieret;
1308 1889 1371 1944 et
1416 1882 1479 1942 in
1528 1884 1649 1944 hoc

113 1991 275 2032 sensu
295 1973 535 2035 utimur
558 1992 729 2035 nunc
758 1975 863 2035 illa
890 1993 1069 2051 voce,
1114 1981 1187 2036 ut
1214 1976 1471 2051 scilicet,
1501 1975 1651 2038 dicit

111 2069 585 2130 antecessionem
624 2068 708 2130 ad
755 2068 1211 2148 praescientiam
1258 2069 1537 2147 visionis,
1584 2075 1649 2132 et

110 2159 179 2220 ad
196 2161 491 2223 rationem
516 2162 925 2242 providentiae
956 2167 1216 2244 spectat.

178 2257 228 2315 3.
276 2255 687 2329 Quorumdam
736 2259 1269 2338 praedefinitionem
1324 2257 1650 2340 quamlibet

108 2347 425 2430 aequantium
452 2349 683 2430 opinio,
714 2381 797 2396 —
833 2351 963 2412 Hoc
988 2369 1139 2431 ergo
1166 2351 1357 2412 modo
1384 2351 1463 2413 de
1493 2369 1651 2430 prae-

110 2442 439 2504 definitione
462 2441 815 2523 loquendo,
840 2445 1124 2506 nonnulli
1150 2461 1226 2506 ex
1250 2446 1347 2506 his
1374 2445 1483 2524 qui
1506 2463 1651 2506 nos·

108 2541 245 2595 tram
284 2536 667 2598 sententiam
704 2541 1073 2616 sequuntur,
1106 2537 1464 2600 existimant
1499 2557 1650 2600 con-

110 2635 415 2706 sequenter
436 2629 585 2690 fieri
626 2647 755 2690 non
782 2648 966 2709 posse
996 2637 1065 2692 ut
1100 2633 1271 2693 Deus
1300 2633 1419 2694 hoc
1458 2632 1649 2694 modo

110 2721 351 2799 aliquem
375 2728 597 2784 actum
620 2721 889 2784 liberum
912 2723 1325 2802 proedefiniat3
1356 2725 1502 2804 quia
1529 2725 1650 2786 hoc

112 2815 229 2892 ipso
254 2815 493 2877 tolleret
528 2815 671 2894 ejus
696 2815 1073 2892 libertatem,
1106 2817 1251 2896 quia
1278 2819 1383 2879 illa
1408 2819 1651 2896 proede-

110 2905 279 2968 finitio
306 2914 399 2970 est
434 2927 637 2970 causa
668 2907 912 2983 efficax,
948 2915 1011 2971 et
1041 2916 1135 2972 e'st
1164 2911 1505 2991 suppositio
1536 2929 1649 2972 an-

108 3001 391 3076 tecedens,
422 3019 557 3082 qua
586 3002 813 3081 posita,
841 3020 971 3063 non
995 3009 1199 3082 potest
1228 3023 1356 3064 non
1381 3003 1533 3084 poni
1558 3003 1649 3065 ef-

108 3093 298 3157 fectus.
332 3097 417 3157 Ac
454 3095 737 3175 denique
776 3096 925 3175 quia
955 3096 1179 3159 eadem
1206 3096 1650 3159 inconvenien-

108 3189 177 3248 tia
202 3196 543 3269 sequuntur
578 3189 699 3250 hac
736 3188 1225 3268 praedefinitione
1254 3192 1479 3271 posita,
1511 3208 1651 3271 quae

109 3299 173 3340 ex
201 3282 845 3361 praedeterminatione
884 3283 1145 3363 physica
1176 3302 1214 3344 a
1253 3285 1435 3346 nohis
1478 3284 1647 3345 illata

109 3380 254 3447 sunu
280 3376 421 3453 quia
450 3375 649 3437 etiam
680 3375 819 3436 haec
846 3375 1259 3454 praedefinitio
1288 3378 1645 3439 necessario

108 3467 265 3529 infert
305 3470 628 3545 effectum,
672 3474 757 3544 et,
800 3468 851 3529 si
898 3469 1003 3531 illa
1045 3471 1338 3551 ponenda
1378 3476 1495 3547 est,
1530 3472 1647 3534 erit

110 3562 267 3623 etiam
295 3562 677 3635 necessaria,
708 3568 771 3623 et
800 3570 1259 3643 consequenter
1284 3563 1471 3627 etiam
1510 3564 1645 3625 sine

106 3654 194 3714 illa
216 3674 333 3716 non
359 3656 595 3736 poterit
638 3655 788 3733 poni
828 3655 1108 3718 effectus
1140 3658 1405 3719 Maxime
1436 3665 1645 3719 autem

107 3753 378 3827 eoguntur
414 3750 594 3811 hunc
620 3748 883 3809 modum
919 3749 1401 3829 philosophandi
1426 3756 1643 3813 tenere

106 3842 333 3918 quinon
364 3842 710 3904 admittunt
732 3842 800 3902 in
824 3843 953 3903 Deo
984 3844 1308 3905 scientiam
1344 3844 1645 3907 conditio-

106 3940 293 3996 natam
342 3936 703 3997 futurorum
768 3936 1282 4015 contingentium.
1348 3938 1525 4012 Quia,
1590 3938 1643 3999 si

105 4026 249 4087 Deus
297 4028 713 4107 praedefinivit
762 4028 1037 4107 aliquem
1087 4037 1295 4091 actum
1346 4030 1643 4091 humanae

106 4120 405 4182 voluntatis
432 4121 499 4183 in
528 4120 893 4200 particulari
936 4139 1080 4182 cum
1108 4122 1399 4184 omnibus
1428 4124 1645 4185 condi-

106 4212 345 4274 tionibus
370 4233 443 4276 ac
467 4214 955 4277 circumstantiis
980 4214 1138 4295 ejuS,
1168 4232 1427 4277 necesse
1452 4222 1547 4279 est
1574 4224 1643 4278 ut

108 4324 173 4365 ex
214 4308 269 4369 vi
314 4308 473 4371 1111118
524 4306 1043 4388 praedefinitionis
1084 4309 1417 4371 efficaciter
1453 4310 1645 4372 faciat

106 4398 257 4460 illum
280 4408 484 4463 actum
510 4400 681 4473 fieri;
720 4401 869 4481 quia
896 4402 1035 4481 ejus
1061 4402 1475 4481 praedefinitio
1510 4422 1641 4465 non

106 4496 283 4568 potest
320 4512 433 4555 suo
475 4494 709 4556 effectu
752 4492 1037 4555 frustrari
1055 4542 1071 4569 ,
1104 4495 1215 4556 sed
1258 4514 1517 4559 necesse
1546 4502 1641 4558 est

108 4602 225 4645 esse
249 4586 662 4661 infallibilem3
687 4604 949 4649 necesse
980 4592 1076 4649 est
1099 4588 1287 4669 igitur
1308 4595 1379 4651 ut
1402 4589 1505 4651 vel
1524 4606 1640 4669 per

110 4677 352 4755 seipsum
414 4680 751 4741 efficaciter
818 4679 1193 4743 determinet
1256 4681 1639 4744 voluntatem

110 4768 415 4833 humanam
442 4773 527 4835 ad
571 4773 763 4835 talem
802 4780 1035 4848 actum,
1076 4773 1179 4837 vel
1213 4775 1483 4854 applicet
1518 4775 1639 4836 alia

112 4863 309 4938 media,
338 4866 565 4945 quibus
596 4866 933 4929 efficaciter
964 4873 1075 4929 aut
1102 4866 1503 4929 infallibiliter
1528 4868 1641 4930 de·-

111 4958 471 5033 terminetur3
518 4960 569 5023 si
608 4978 758 5041 ergo
786 4961 889 5022 vel
928 4980 1043 5041 per
1078 4962 1401 5023 scientiam
1430 4961 1639 5025 condi-

118 5046 376 5112 tionatam
412 5070 543 5114 non
592 5054 1013 5135 praecognovit
1048 5056 1209 5117 Deus
1252 5054 1637 5117 voluntatem

113 5138 305 5217 ipsam,
344 5162 487 5206 cum
530 5147 626 5209 his
668 5148 767 5209 vel
806 5148 931 5209 11118
978 5148 1460 5224 conditionibus,
1502 5148 1636 5210 fore

116 5230 477 5299 infallibiliter
501 5238 1043 5303 determinandam
1072 5242 1155 5303 ad
1178 5242 1371 5304 talem
1401 5248 1633 5316 actum,

116 5341 339 5391 necesse
370 5336 463 5393 est
490 5337 559 5395 ut
586 5333 717 5414 ipse
764 5334 1041 5397 efficacia
1072 5354 1184 5396 sua
1213 5335 1385 5395 illam
1431 5336 1640 5397 deter-

116 5418 303 5497 minet,
333 5424 483 5487 alias
508 5427 1011 5503 praedefinitionis
1034 5430 1291 5491 effectus
1318 5448 1448 5491 non
1474 5435 1639 5491 esset

118 5514 339 5577 omnino
366 5516 718 5598 infallibilis,
748 5522 921 5602 quod
954 5528 1285 5603 repugnat.
1320 5522 1510 5584 Aiunt
1534 5538 1639 5585 ve-

402 5640 492 5689 11.

1739 503 1813 546 ro
1838 486 1905 546 hi
1931 486 2230 566 Theologi
2258 487 2460 548 Deum
2486 504 2614 546 non
2645 485 3042 564 praedefinire
3077 487 3140 548 in
3166 505 3314 566 par-

1738 579 1990 640 ticulari
2041 582 2157 642 hos
2206 586 2404 654 actus,
2455 597 2666 660 neque
2717 581 2840 642 hoc
2891 583 3175 660 spectare
3232 582 3314 643 ad

1742 673 2192 751 perfectionem
2235 671 2638 754 providentiae
2667 673 2826 753 ejus,
2868 673 2981 734 sed
3010 675 3214 734 solum
3242 681 3314 734 ut

1740 767 2082 845 unicuique
2136 767 2227 828 rei
2278 765 2602 846 provideat
2643 766 2832 827 modo
2885 771 3310 830 consentaneo

1740 866 1979 920 naturae
2007 859 2192 920 illius,
2217 859 2398 932 Quod
2419 860 2472 920 si
2497 859 2812 920 interdum
2835 861 3004 921 Deus
3027 861 3312 940 praedefi-

1738 951 1831 1012 nit
1867 951 2140 1030 aliquem
2187 952 2502 1025 effectum,
2551 951 2658 1030 qui
2703 969 2819 1030 per
2859 958 3034 1012 actus
3075 951 3310 1015 liberos

1736 1045 2136 1105 mandandus
2163 1051 2258 1106 est
2285 1044 2659 1121 executioni,
2683 1044 2860 1106 aiunt
2879 1062 3008 1106 non
3029 1045 3311 1124 1118111811-

1732 1137 1869 1198 nire
1910 1137 2158 1216 singula
2187 1137 2394 1198 media
2425 1137 2486 1197 in
2519 1136 2898 1216 particulari,
2931 1137 3044 1198 sed
3083 1156 3308 1218 praeor-

1734 1229 1954 1290 dinare
1996 1230 2188 1291 talem
2237 1229 2596 1291 mediorum
2625 1230 2851 1290 seriem
2885 1235 2950 1292 et
2993 1230 3304 1304 ordinem,

1732 1330 1827 1398 ut,
1854 1325 1904 1385 si
1933 1343 2133 1385 unum
2161 1342 2290 1384 non
2315 1324 2546 1384 habeat
2571 1323 2886 1398 effectum,
2913 1325 3084 1386 aliud
3110 1326 3308 1406 appli-

1734 1423 1932 1486 cetur,
1965 1423 2028 1478 et
2057 1435 2134 1479 eo
2174 1415 2506 1478 deficiente
2550 1417 2723 1479 aliud
2761 1417 3162 1498 adjungatur,
3193 1419 3306 1480 do-

1732 1528 1851 1572 nec
1880 1510 2143 1572 effectus
2183 1510 2460 1572 intentus
2499 1509 2878 1571 obtineatur.
2913 1509 3026 1581 Qui
3055 1509 3302 1572 dicendi

1730 1602 1960 1664 modus
1983 1603 2231 1666 videtur
2251 1603 2568 1664 interdum
2593 1621 2720 1664 non
2746 1602 3134 1682 displicuisse
3160 1605 3302 1666 divo

1730 1697 2012 1770 Thomae‚
2039 1715 2189 1758 nam
2215 1696 2296 1757 ad
2323 1697 2492 1757 hunc
2519 1696 2780 1758 modum
2808 1696 3087 1759 declarat
3111 1697 3304 1760 inter-

1730 1789 1883 1850 dum
1921 1788 2400 1869 providentiam,
2446 1807 2640 1868 quam
2683 1790 2852 1850 Deus
2897 1789 3090 1852 babet
3135 1789 3300 1852 circa

1732 1900 1881 1943 suos
1910 1883 2166 1956 electos,
2199 1887 2270 1942 ut
2295 1880 2404 1942 lib.
2439 1883 2500 1956 3,
2533 1899 2588 1942 0.
2623 1883 2723 1954 16,
2744 1881 3118 1944 videbimus.

1807 1974 2120 2039 Judioimn
2143 1979 2342 2049 feo-tm·
2376 1976 2446 2038 do
2463 1976 2768 2058 pra-diota
2795 1975 3176 2056 opiniom.—
3189 1979 3300 2037 At-

1728 2086 1850 2147 que
1888 2069 1953 2128 hi
1987 2067 2242 2146 quidem
2291 2067 2580 2130 doctores
2629 2075 3092 2146 consequenter
3124 2070 3300 2150 loqui

1726 2159 1878 2220 mihi
1906 2159 2234 2235 videntur3
2265 2165 2327 2222 et
2367 2160 2418 2221 si
2456 2179 2678 2222 verum
2725 2167 2890 2223 esset
2927 2160 3129 2223 Deum
3169 2181 3298 2224 non

1727 2253 1962 2314 habere
1993 2253 2316 2315 scientiam
2344 2253 2518 2316 illam
2551 2253 2906 2316 futurorum
2935 2256 3299 2336 contingen-

1728 2347 1887 2408 tium
1922 2346 2512 2420 conditionatorum,
2544 2345 2630 2408 ita
2673 2351 2840 2408 esset
2879 2348 3134 2410 omnino
3163 2349 3298 2428 phi-

1729 2439 2213 2520 losophandum,
2239 2440 2572 2518 potiusque
2611 2443 2778 2501 esset
2808 2440 2928 2501 1100
2955 2445 3156 2502 10111111
3184 2440 3300 2502 ad-

1730 2532 2128 2606 mittendum,
2175 2549 2367 2611 quam
2414 2532 2708 2611 ponenda
2755 2533 3016 2612 physica
3069 2540 3298 2596 nostrae

1728 2627 2065 2688 voluntatis
2088 2625 2656 2706 praedeterminatio
2680 2626 2762 2687 ad
2787 2627 3066 2708 singulos
3085 2635 3262 2692 actus
3275 2645 3297 2707 3

1730 2722 1930 2782 multo
1966 2721 2134 2782 enim
2160 2721 2390 2782 certius
2419 2726 2516 2781 est
2553 2721 2745 2781 Deum
2785 2739 2916 2782 non
2955 2723 3298 2801 praedeter-

1728 2815 1970 2876 minare
2001 2815 2120 2875 hoc
2147 2813 2334 2874 modo
2362 2813 2746 2874 voluntatem
2767 2819 3070 2890 nostram,
3103 2833 3294 2894 quam

1729 2908 1808 2970 sit
1852 2913 2116 2980 certum,
2161 2906 2264 2968 vel
2313 2907 2546 2968 habere
2586 2905 3074 2969 conditionatum
3123 2909 3297 2971 illam

1730 3001 2081 3074 scientiam,
2113 2998 2217 3060 vel
2252 2998 2648 3079 praedefinire
2687 3006 2865 3061 actus
2895 2999 3206 3062 humanos
3235 3005 3298 3064 et

1727 3092 1985 3166 11118108,
2049 3092 2224 3173 prius
2277 3091 2522 3155 ratione
2575 3109 2766 3171 quam
2815 3092 3099 3173 praesciat
3157 3093 3295 3156 illos

1730 3204 1869 3248 esse
1895 3186 2162 3247 futuros.
2181 3186 2264 3247 Jn
2293 3186 2390 3246 his
2419 3185 2588 3246 enim
2615 3184 2862 3247 duabus
2889 3186 3122 3249 ultimis
3151 3206 3298 3249 sen-

1727 3280 1959 3353 tentiis,
1985 3280 2140 3340 nihil
2162 3277 2446 3358 estquod
2463 3284 2747 3358 apertam
2775 3297 2850 3341 ac
2873 3281 3296 3343 necessariam

1728 3373 2184 3435 connexionem
2224 3372 2458 3433 habeat
2495 3390 2642 3432 cum
2689 3371 2900 3451 aliquo
2942 3381 3113 3435 certo
3145 3374 3298 3456 dog-

1726 3473 1895 3529 mate
1923 3466 2097 3539 fidei,
2123 3466 2282 3527 sicut
2309 3465 2492 3527 estin
2521 3464 2625 3525 illa
2653 3464 2868 3544 priori.
2896 3467 3053 3527 Nam
3082 3486 3160 3529 ex
3187 3468 3296 3529 illa

1726 3558 2249 3621 determinatione
2279 3556 2560 3637 physica,
2586 3564 2792 3637 potest
2817 3558 3032 3619 inferri
3063 3560 3294 3623 ablatio

1726 3652 1903 3713 liberi
1933 3670 2088 3713 usus
2111 3657 2364 3713 actuum
2391 3650 2844 3725 humanorum3
2875 3670 2952 3711 ex
2980 3652 3116 3713 aliis
3141 3671 3292 3715 vero

1726 3745 2074 3819 sententiis,
2095 3762 2304 3823 neque
2329 3743 2468 3819 1100,
2501 3762 2618 3805 1180
2645 3743 2818 3805 aliud
2845 3743 3044 3806 simile
3073 3744 3292 3807 incon-

1722 3839 1985 3900 veniens
2030 3842 2163 3899 tam
2203 3836 2442 3899 efficaci
2487 3836 3032 3916 argumentatione
3083 3838 3292 3919 colligi

1768 3938 1950 3993 otest.

1724 3950 1765 4013 p
1801 4029 1863 4087 4.
1908 4024 2132 4088 Posito
2165 4022 2234 4085 in
2273 4022 2398 4085 Deo
2433 4021 2830 4085 conditionali
2874 4022 3154 4098 scientia,
3173 4042 3289 4105 po-

1721 4119 1915 4181 nenda
1953 4121 2046 4180 est
2085 4114 2426 4197 aliquorum
2456 4117 2700 4177 actuum
2728 4115 3159 4194 praedefinitio.
3206 4147 3289 4163 —

1721 4210 2136 4272 Nihilominus
2161 4214 2397 4280 tamen,
2423 4206 2626 4285 posita
2650 4206 2716 4267 in
2738 4208 2870 4267 Deo
2899 4206 3005 4267 illa
3031 4208 3290 4270 scientia

1718 4303 2074 4365 futurorum
2103 4300 2221 4362 sub
2257 4298 2638 4375 conditione,
2665 4317 2878 4379 quam,
2914 4307 2981 4361 ut
3013 4300 3161 4377 dixi,
3192 4304 3291 4363 ir.-

1718 4398 1837 4469 fra,
1868 4397 1936 4457 in
1975 4398 2016 4457 4
2052 4400 2230 4475 parte
2275 4393 2464 4473 hujus
2508 4393 2814 4473 opusculi,
2859 4394 3188 4456 ostendam
3221 4397 3287 4457 in

1720 4489 2053 4570 Scripturis
2081 4492 2145 4549 et
2173 4484 2458 4548 Patribus
2480 4486 2716 4547 habere
2743 4503 3046 4566 magnum
3074 4494 3290 4551 aucte-

1718 4582 1919 4645 ritatis
1962 4579 2210 4661 pondus
2234 4624 2250 4653 ,
2301 4584 2364 4641 et
2417 4596 2556 4641 esse
2605 4578 2832 4641 divinae
2882 4580 3285 4660 perfectioni,

1721 4676 2018 4755 omnique
2045 4672 2269 4734 rationi
2294 4672 2476 4734 valde
2507 4678 3018 4749 consentaneam,
3047 4692 3121 4735 ac
3151 4674 3284 4737 fere

1718 4772 1960 4832 nullam
1995 4768 2231 4830 habere
2271 4768 2722 4843 difficultatem,
2751 4784 2891 4846 quae
2920 4768 2984 4829 in
3025 4770 3284 4832 scientia

1720 4864 2010 4925 absoluta
2049 4863 2399 4923 futurorum
2429 4860 2921 4941 contingentium
2951 4879 3082 4924 non
3118 4864 3288 4926 inve-

1718 4961 1958 5033 niatur;
1987 4960 2108 5019 hac
2138 4956 2459 5036 (inquam)
2489 4956 2810 5037 supposita
2838 4957 3120 5035 scientia,
3151 4978 3288 5022 om-

1718 5054 1783 5115 ni
1808 5052 2097 5133 angustia
2117 5056 2182 5112 et
2198 5049 2606 5129 perplexitate
2627 5048 2989 5127 liberamur,
3013 5060 3076 5116 et
3103 5072 3288 5117 usum

1716 5146 2022 5208 libertatis
2049 5149 2276 5205 nostrae
2305 5161 2449 5205 cum
2475 5161 2874 5223 quacumque
2901 5146 3284 5223 perfectione

1718 5240 1940 5301 divinae
1964 5236 2394 5319 providentiae,
2419 5240 2484 5296 et
2504 5236 3000 5315 proedefimtione
3031 5246 3284 5302 actuum

1716 5332 2083 5404 liberorum,
2111 5328 2220 5391 ubi
2254 5329 2612 5390 necessaria
2657 5328 2867 5404 fuerit,
2897 5331 2984 5390 ita
3031 5350 3288 5412 compo-

1717 5426 1949 5499 nimuS,
1985 5430 2074 5499 ut,
2111 5428 2418 5503 quantum
2460 5440 2562 5483 res
2605 5421 2858 5501 patitur,
2891 5410 3286 5487 difficultates

1717 5538 1940 5582 omnes
1967 5534 2300 5597 superasse
2327 5514 2672 5577 videamur.
2699 5516 2916 5593 Neque
2944 5517 3113 5579 enim
3141 5537 3288 5581 con-

2919 5622 2959 5686 6
