3850 6225
547 393 664 454 194

546 498 722 559 dium
756 496 855 558 vel
902 496 1078 558 illud.
1131 499 1305 560 Sicut
1342 500 1550 562 divina
1591 501 1881 563 voluntas
1925 499 2118 580 elegit

543 593 713 652 hunc
751 591 1072 652 hominem
1117 593 1198 652 ad
1235 593 1520 674 gloriam,
1565 595 1772 673 potius
1813 612 2008 674 quam
2040 593 2116 653 il-

543 686 676 746 lum
700 729 715 758 ,
775 685 866 744 vel
922 685 1306 746 creationem
1361 686 1549 765 hujus
1601 685 1856 760 mundi,
1907 685 2116 766 potius

545 796 735 858 quam
765 776 1042 850 alterius,
1071 797 1198 838 non
1225 797 1300 839 ex
1329 779 1980 858 praedeterminatione
2008 778 2117 840 ali·

547 889 674 948 qua
705 871 959 949 physica
994 870 1094 932 vel
1131 871 1375 944 morali,
1413 871 1526 933 sed
1554 890 1631 932 ex
1657 891 1772 932 sua
1802 870 2111 933 libertate.

550 967 648 1028 Sic
679 983 829 1044 ergo
861 966 1048 1025 etiam
1072 969 1275 1044 potest
1303 965 1596 1026 voluntas
1625 972 1840 1031 nostra
1870 965 2115 1046 operari

545 1077 661 1138 per
689 1059 1124 1137 participatam
1163 1059 1514 1120 libertatem
1547 1077 1757 1131 suam,
1811 1065 2117 1139 quantum

547 1157 742 1214 estex
765 1169 854 1211 se.
887 1152 1100 1230 Neque
1130 1151 1698 1232 praedeterminatio
1727 1153 1832 1212 illa
1851 1152 2117 1213 moralis

547 1250 643 1306 est
695 1263 810 1324 per
855 1262 922 1305 se
969 1245 1287 1324 loquendo
1341 1245 1430 1306 illi
1479 1247 1860 1318 necessaria,
1906 1263 2116 1325 neque

547 1338 836 1418 physice,
880 1355 1088 1416 neque
1124 1339 1467 1399 moraliter.
1515 1339 1688 1399 Prior
1717 1357 1864 1400 vero
1896 1356 2119 1400 conse-

548 1431 804 1510 quentia
827 1475 842 1502 ,
891 1429 1210 1502 nimirum,
1256 1430 1424 1491 idem
1461 1449 1598 1492 esse
1636 1431 1973 1493 dicendum
2004 1450 2119 1512 per

547 1541 614 1584 se
641 1523 954 1602 loquendo
983 1523 1046 1582 in
1076 1524 1318 1585 actibus
1347 1525 1963 1603 supernaturalibuS‚
2012 1544 2120 1586 ea-

549 1619 691 1679 dem
719 1619 960 1679 ratione
991 1619 1234 1680 ostendi
1263 1625 1487 1698 potest,
1531 1621 1678 1699 quia
1703 1619 1838 1682 sine
1867 1620 1978 1681 tali
2008 1619 2119 1680 de-

547 1711 982 1772 terminatione
1016 1730 1388 1774 concurrere
1422 1720 1690 1792 possunt
1717 1731 1941 1775 omnes
1970 1732 2119 1774 cau-

548 1824 632 1867 sae
660 1807 932 1886 physicae
963 1807 1330 1868 necessariae
1371 1807 1454 1867 ad
1481 1808 1674 1868 talem
1704 1812 1935 1882 actum,
1983 1813 2118 1868 tum

549 1917 626 1960 ex
661 1906 836 1978 parte
867 1898 1094 1978 objecti
1135 1905 1196 1962 et
1223 1901 1600 1976 intellectuS,
1645 1909 1778 1964 tum
1821 1920 1898 1962 ex
1938 1906 2119 1980 parte

545 1993 657 2053 Dei
707 1993 1029 2054 excitantis
1076 1994 1482 2068 sufficienter,
1529 1999 1590 2056 et
1633 2012 1822 2056 suum
1869 1993 2119 2075 adjuto-

549 2085 711 2146 rium
739 2085 1054 2148 offerentis
1080 2103 1096 2159 ;
1131 2093 1192 2147 et
1221 2086 1468 2148 nullum
1504 2106 1582 2148 ex
1619 2087 1992 2152 necessitate
2023 2088 2123 2148 in-

551 2177 816 2240 tervenit
835 2179 1352 2258 impedimentum
1374 2181 1545 2260 qnod
1561 2182 1863 2244 voluntati
1888 2182 2115 2255 obstet,

549 2277 658 2334 aut
701 2272 1128 2334 difficultatem
1162 2291 1460 2353 magnam
1495 2275 1766 2355 ingerat,
1802 2293 1883 2336 ne
1930 2274 2120 2336 liber-

547 2372 676 2429 tate
706 2385 822 2427 sua
849 2369 1171 2428 moraliter
1197 2369 1287 2428 uti
1322 2367 1551 2447 possit,
1601 2373 1664 2430 et
1689 2387 1828 2429 sese
1855 2369 2118 2447 conjun-

550 2477 696 2540 gere
724 2461 960 2520 caeteris
987 2461 1191 2522 causis
1216 2459 1300 2524 ad
1323 2461 1870 2540 supernaturalem
1903 2467 2115 2522 actum

549 2555 957 2628 eliciendum;
993 2573 1144 2634 ergo
1166 2573 1278 2634 per
1299 2574 1368 2616 se
1393 2555 1708 2635 loquendo
1733 2575 1856 2616 nou
1886 2561 1983 2617 est
2004 2574 2117 2617 cur

549 2647 801 2709 moralis
863 2647 999 2708 haec
1062 2647 1497 2710 determinatio
1569 2650 1926 2710 necessaria
1982 2649 2062 2711 sit
2094 2695 2109 2723 ,

550 2742 736 2802 etiam
769 2741 1090 2802 moraliter
1117 2748 1180 2804 et
1206 2743 1582 2822 regulariter
1609 2743 1948 2822 loquendo.

627 2837 688 2895 4.
735 2835 882 2896 Dico
922 2841 1130 2896 autem
1177 2853 1288 2918 por
1323 2855 1408 2908 ee,
1437 2837 1585 2915 quia
1621 2843 1864 2916 oportet
1905 2837 1969 2898 in
2020 2837 2117 2897 liis

549 2929 894 2990 moralibus
922 2929 1271 2990 actionibus
1310 2929 1694 3010 distinguere
1726 2949 1800 2992 ea
1833 2948 1972 3009 quae
2004 2948 2117 3010 per

549 3022 841 3084 accidens
879 3020 1164 3082 accidere
1219 3028 1484 3099 possunt
1521 3041 1597 3084 ex
1643 3023 2115 3102 indispositione

551 3116 840 3198 subjecti,
867 3116 949 3177 ab
977 3116 1075 3177 his
1101 3116 1206 3195 qui
1235 3135 1350 3195 per
1379 3136 1446 3178 se
1491 3118 1871 3178 conveniunt
1897 3118 2117 3178 volun-

549 3212 659 3274 tati
689 3218 798 3272 aut.
815 3211 1032 3291 gratiae
1061 3209 1379 3291 adjuvanti
1409 3212 1602 3273 illam.
1635 3213 1788 3273 Hinc
1821 3212 1989 3273 enim
2010 3230 2119 3273 soe·

553 3324 632 3385 pe
663 3306 914 3366 evenire
945 3308 1150 3383 potest
1176 3310 1244 3365 ut
1274 3304 1586 3377 excitatio,
1616 3322 1754 3385 quae
1780 3324 1856 3367 ex
1891 3324 1958 3367 se
1988 3322 2119 3366 mo·

551 3400 764 3461 raliter
809 3400 1124 3461 sufficeret
1180 3397 1262 3459 ad
1319 3398 1693 3461 eliciendum
1733 3406 1965 3475 actum,
2006 3418 2121 3461 seu

554 3492 635 3553 ad
683 3494 1157 3554 conversionem
1212 3493 1451 3571 absque
1486 3494 1714 3573 proevia
1751 3494 1971 3555 morali
2014 3494 2121 3555 de·

552 3586 1011 3657 terminatione,
1045 3604 1187 3646 curn
1227 3585 1358 3647 sola
1388 3586 1754 3649 sufficientia
1785 3604 2117 3649 causarum

553 3678 832 3740 omnium
879 3678 1012 3739 sine
1065 3679 1412 3741 extrinseca
1443 3680 1806 3743 difficultate
1857 3688 1966 3743 aut
2001 3682 2119 3741 im-

551 3774 938 3854 pediment0‚
957 3774 1097 3834 talis
1129 3776 1468 3855 (inquam)
1497 3777 1786 3838 excitatio
1815 3778 1876 3837 in
1907 3778 2117 3856 aliquo

553 3868 833 3947 subjecto
877 3867 1199 3928 moraliter
1247 3886 1368 3929 non
1407 3869 1692 3945 sufficiat,
1725 3876 1794 3931 ut
1818 3872 2120 3951 contingit

550 3960 814 4021 fortasse
841 3960 904 4021 in
934 3960 1274 4037 induratis:
1317 3962 1379 4023 id
1409 3972 1620 4024 autem
1651 3982 1780 4025 non
1829 3966 2119 4043 provenit

553 4073 631 4116 ex
659 4054 883 4116 morali
911 4054 1354 4117 insufficientia
1396 4057 1536 4117 talis
1577 4058 1790 4135 gratiae
1840 4063 1903 4119 et
1950 4058 2119 4118 auxi-

551 4148 641 4220 lii,
687 4147 800 4208 sed
837 4166 911 4209 ex
938 4149 1296 4228 particulari
1325 4150 1796 4230 indispositione
1825 4151 2109 4231 subJecti.

552 4242 699 4301 Haec
726 4259 876 4302 vero
908 4242 1294 4321 indispositio
1316 4249 1423 4304 aut
1465 4243 1794 4305 difficultas
1835 4263 1964 4305 non
2019 4263 2115 4306 re·-

551 4335 791 4414 peritur
818 4335 882 4394 in
923 4336 1214 4397 omnibus
1239 4336 1616 4411 bominibus,
1643 4355 1849 4416 neque
1879 4344 1975 4399 est
1997 4337 2117 4399 fre-

553 4431 820 4507 quenter
835 4434 895 4488 et
923 4428 1294 4508 regulariter
1318 4430 1456 4510 conj
1466 4441 1648 4491 uncta
1667 4448 1808 4493 cum
1840 4432 2115 4492 humana

551 4527 799 4595 natura,
846 4522 1032 4581 etiam
1059 4522 1274 4602 lapsa;
1305 4527 1368 4583 et
1397 4523 1538 4584 ideo
1583 4525 1685 4585 illa
1715 4525 1971 4586 moralis
2010 4544 2117 4586 ne·

553 4614 810 4675 cessitas
845 4632 972 4675 non
1003 4616 1310 4694 reperitur
1336 4617 1727 4697 regulariter,
1754 4635 1965 4695 neque
1992 4618 2117 4679 fre-

553 4714 819 4786 quenter
865 4706 927 4765 in
973 4708 1361 4781 hominibus;
1409 4728 1536 4769 non
1567 4711 1736 4769 enim
1785 4728 2007 4771 omnes
2039 4728 2116 4771 ex

552 4818 621 4861 se
667 4806 812 4860 sunt
841 4800 1133 4873 indurati,
1174 4820 1380 4881 neque
1413 4803 1648 4864 hahent
1678 4804 1850 4865 illam
1879 4803 2116 4883 specia—

548 4892 678 4953 lem
706 4890 1135 4954 difficultatem
1177 4895 1596 4975 respondendi
1653 4896 1964 4958 vocationi
2004 4898 2117 4957 Dei

552 5004 696 5046 cum
725 4986 922 5065 ipsius
969 4986 1298 5065 adjutor-in.
1347 4988 1653 5061 Quinimo,
1685 4989 1736 5049 si
1783 4990 2117 5051 difficultas

547 5079 654 5139 illa
687 5080 975 5141 omnibus
1006 5080 1362 5143 hominibus
1386 5083 1738 5143 communis
1755 5090 1943 5157 esset,
1974 5102 2116 5161 per-

547 5173 836 5233 tinuisset
866 5172 946 5233 ad
989 5174 1306 5251 copiosam
1341 5175 1566 5236 Christi
1587 5175 2108 5256 redemptionem,

553 5265 718 5327 etad
749 5266 1092 5345 perfectam
1121 5274 1182 5329 et
1197 5285 1455 5329 suavem
1481 5270 1590 5329 Dei
1629 5270 2107 5348 providentiam,

551 5362 742 5421 talem
789 5360 1048 5421 modum
1092 5362 1433 5423 vocationis
1477 5364 1576 5423 vel
1601 5364 1989 5425 excitationis
2034 5384 2111 5426 ex

554 5473 620 5516 se
647 5471 1046 5515 communem
1097 5461 1158 5517 et
1187 5456 1548 5534 generalem
1575 5458 1867 5518 omnibus
1911 5458 2115 5536 provi-

551 5546 728 5623 dere,
763 5554 834 5609 ut
869 5547 933 5609 in
963 5566 1078 5610 suo
1117 5566 1350 5629 genere
1402 5550 1484 5611 ad
1511 5568 1656 5613 eam
1683 5550 2114 5613 difficultatem

1374 397 1586 450 OPUSC.
1623 398 1662 458 1,
1695 399 1813 452 ms.
1852 397 1935 450 111.
1972 393 2053 449 DE
2086 395 2359 450 Auxlms
2392 397 2623 450 mvmAE
2654 391 2919 452 GRATUE.

2198 502 2622 580 superandam
2650 499 2969 562 moraliter
2992 497 3323 560 sufficeret.
3366 498 3514 558 Nam
3536 502 3690 576 pron·-

2197 594 2431 668 dentia,
2465 596 2625 657 sicut
2656 601 2719 656 et
2748 591 3082 674 prudentia
3120 609 3197 652 ac
3234 590 3353 662 lex,
3402 590 3619 670 respicit
3640 612 3691 654 ca

2198 703 2338 765 quae
2392 687 2782 767 frequentius
2837 685 3128 747 accidunt
3159 728 3176 755 ,
3240 702 3354 745 seu
3401 687 3691 747 necessaria

2200 785 2365 840 sunt.
2399 779 2557 852 Quin
2589 781 2796 861 potius
2836 780 2921 840 ita
2950 778 3029 839 de
3059 776 3265 837 divina
3292 775 3553 836 bonitate
3596 795 3693 837 sen·

2197 874 2308 938 tio.
2356 880 2427 934 ut
2454 873 2827 946 existimem,
2864 873 3055 935 etiam
3098 887 3243 932 cum
3282 869 3381 930 his
3421 869 3481 929 in
3522 872 3695 948 quihus

2199 973 2295 1028 est
2338 967 2443 1027 illa
2493 967 2825 1047 peculiaris
2870 964 3237 1038 difficultas,
3270 963 3355 1023 ita
3396 980 3461 1023 se
3490 981 3692 1042 gerere,

2198 1065 2289 1134 ut,
2322 1061 2372 1120 si
2400 1061 2485 1121 illi
2524 1060 2758 1121 faciant
2787 1059 2960 1140 quod
2984 1057 3305 1118 moraliter
3328 1062 3590 1133 possunt,
3618 1058 3697 1117 ali—

2198 1154 2350 1234 quid
2380 1154 2545 1215 enim
2590 1160 2757 1214 certe
2798 1157 3062 1231 possunt
3112 1167 3257 1210 cum
3300 1149 3409 1208 illa
3452 1149 3697 1210 excitante

2200 1248 2423 1328 gratia,
2462 1247 2685 1308 saltem
2714 1249 2932 1326 petere
2986 1244 3317 1323 majorem,
3360 1239 3458 1300 vel
3484 1247 3545 1300 ut
3578 1243 3699 1303 Deus
3785 1273 3787 1276 >

2200 1342 2407 1421 aliqua
2446 1343 2689 1402 ratione
2720 1339 2891 1400 illam
2940 1336 3369 1399 difficultatem
3396 1334 3697 1405 minuat3si

2196 1435 2319 1496 hoc
2345 1435 2364 1513 (
2392 1435 2695 1513 inquam)
2724 1432 2980 1503 faciant,
3034 1432 3203 1491 Deus
3242 1433 3571 1508 negaturus
3608 1448 3699 1488 non

2200 1529 2281 1589 sit
2310 1529 2553 1607 majora
2586 1525 2873 1605 praesidia
2922 1530 2984 1586 et
3012 1521 3315 1595 subsidia,
3348 1520 3563 1601 quibus
3592 1541 3701 1600 pau·

2196 1621 2370 1684 latim
2406 1620 2727 1683 moraliter
2756 1619 2996 1700 possint
3024 1617 3100 1678 ad
3138 1615 3479 1698 perfectam
3506 1633 3701 1676 conver-

2200 1716 2440 1777 sionem
2488 1715 2839 1795 pervenire.
2889 1714 2965 1774 Et
3006 1712 3069 1772 in
3127 1710 3486 1771 universum
3534 1710 3703 1786 opinor
3785 1781 3787 1784 y

2201 1827 2455 1870 omnem
2482 1808 2789 1878 adultum,
2820 1805 2927 1886 qui
2958 1804 3196 1866 hahere
3227 1802 3453 1863 dicitur
3466 1801 3701 1862 auxilium

2200 1901 2539 1978 sufficienS,
2570 1899 2804 1980 aliquid
2836 1916 3023 1978 posse
3076 1898 3383 1977 potestate
3415 1895 3613 1954 morali
3650 1915 3702 1955 ex

2199 1995 2261 2055 vi
2296 1995 2464 2056 illius
2512 1993 2799 2073 operari3
2854 1991 3025 2071 quod
3054 1992 3105 2052 si
3148 1989 3361 2062 faciat,
3390 2005 3515 2049 non
3554 1987 3701 2048 deerit

2200 2088 2287 2150 illi
2316 2088 2517 2168 gratia
2559 2087 2767 2147 divina
2800 2084 3119 2146 sufficiens
3142 2081 3484 2153 moraliter,
3522 2087 3581 2140 ut
3609 2087 3703 2140 tan·

2200 2181 2348 2242 dem
2390 2179 2735 2260 perfectam
2790 2178 3265 2240 conversionem
3326 2173 3587 2245 efficiat,
3634 2174 3703 2234 rel

2200 2273 2419 2338 saltem
2461 2273 2782 2334 moraliter
2822 2270 3073 2332 efficere
3124 2268 3345 2349 possit.
3400 2265 3541 2339 Sed,
3570 2267 3703 2344 quid-

2200 2369 2351 2450 quid
2380 2369 2457 2429 sit
2484 2367 2563 2428 de
2599 2365 3107 2428 extraordinariis
3134 2361 3464 2425 eventibus
3490 2365 3585 2420 aut
3602 2378 3703 2438 per-

2198 2464 2368 2526 sonis
2410 2462 2803 2545 peculiariter
2861 2459 3196 2540 impeditis,
3238 2457 3307 2518 in
3364 2455 3578 2536 quibus
3614 2472 3703 2514 nou

2194 2564 2325 2619 tam
2358 2563 2452 2618 est
2484 2555 2783 2616 auxilium
2816 2553 3131 2614 sufficiens
3152 2552 3217 2612 in
3244 2556 3416 2623 actu,
3458 2566 3623 2628 quam
3659 2549 3703 2609 in

2194 2653 2497 2732 potentia,
2551 2649 2630 2711 de
2664 2649 2921 2730 reliquis
2955 2646 3342 2716 hominihus,
3374 2644 3481 2724 qui
3514 2643 3705 2704 ordina·

2196 2746 2288 2807 rio
2319 2752 2381 2808 et
2408 2743 2742 2806 sufficienti
2770 2741 2959 2804 modo
2990 2747 3131 2802 actu
3156 2739 3507 2800 excitantur
3528 2737 3613 2798 vel
3634 2755 3707 2797 vo-

2196 2847 2420 2902 cantur
2448 2839 2528 2900 ad
2554 2839 2745 2900 fidem
2762 2837 2860 2898 vel
2881 2835 3345 2916 poenitentiam,
3376 2840 3597 2894 certum
3620 2837 3705 2904 est,

2198 2934 2431 2996 habere
2459 2951 2588 2994 non
2612 2931 2817 2994 solum
2844 2929 3193 3011 physicam,
3240 2927 3361 2990 sed
3404 2927 3579 2988 etiam
3614 2943 3707 2984 mo-

2197 3030 2395 3090 ralem
2436 3031 2811 3108 potestatem
2850 3029 2920 3085 ut
2966 3022 3280 3084 vocationi
3322 3021 3705 3089 consentiant3

2197 3120 2366 3202 quod
2392 3140 2471 3182 ex
2498 3120 2781 3182 doctrina
2798 3119 2985 3180 etiam
3012 3117 3263 3179 Concilii
3290 3113 3617 3177 Tridentini
3636 3132 3709 3171 su-

2198 3216 2409 3295 perius
2436 3218 2697 3275 tractata
2736 3211 2885 3273 satis
2924 3209 3257 3289 colligitur.
3282 3212 3492 3287 Atque
3516 3206 3591 3267 ita
3611 3211 3709 3265 tan·

2200 3308 2344 3371 dem
2372 3306 2443 3369 fit
2466 3312 2536 3370 ut
2560 3307 2693 3368 haec
2729 3305 2927 3386 gratia
2960 3304 3261 3378 excitans,
3294 3300 3604 3363 moraliter
3634 3300 3709 3357 ho-

2200 3402 2431 3463 minem
2464 3398 2917 3472 determinans,
2954 3415 3073 3459 nec
3118 3396 3505 3477 simpliciter,
3554 3408 3709 3469 neque

2200 3494 2518 3556 moraliter
2584 3490 2942 3555 necessaria
2986 3490 3065 3551 sit
3114 3489 3197 3551 ad
3252 3484 3711 3569 supernatmales

2198 3594 2395 3649 actus.

2282 3679 2641 3744 Occurritur
2680 3677 3013 3759 objectioni.
3040 3709 3123 3725 —-
3150 3677 3373 3739 Dices:
3428 3680 3499 3737 ut
3540 3670 3713 3751 aliquis

2200 3778 2598 3835 convertatur
2640 3790 2901 3835 necesse
2962 3777 3057 3833 est
3086 3770 3245 3833 trahi
3306 3776 3375 3830 et
3404 3766 3657 3829 inclinari
3690 3781 3715 3823 a

2198 3869 2328 3933 Deo
2360 3868 2736 3940 efficaciter;
2770 3866 2877 3945 qui
2905 3873 3117 3926 autem
3156 3866 3245 3925 sic
3274 3863 3564 3936 trahitur,
3604 3859 3715 3920 satis

2200 3961 2657 4023 determinatur
2690 3959 3031 4020 moraliter.
3064 3959 3219 4019 Item
3264 3957 3613 4017 necessaria
3650 3955 3717 4012 est

2200 4056 2511 4135 completa
2554 4054 2747 4115 motio
2778 4058 2841 4113 et
2888 4052 3097 4113 suasio
3126 4052 3253 4123 Dei,
3290 4058 3365 4111 ut
3392 4051 3573 4111 homo
3614 4066 3718 4125 per-

2200 4150 2579 4221 suadeatur;
2614 4148 2719 4208 illa
2748 4164 2898 4228 ergo
2928 4146 3151 4207 merito
3178 4141 3717 4225 potestdetermina·

2199 4243 2285 4303 tio
2310 4240 2565 4303 moralis
2594 4239 2917 4319 appellari.
2950 4237 3393 4317 Respondetur
3425 4234 3716 4296 efficaciam

2196 4334 2491 4396 motionis
2530 4334 2641 4393 Dei
2680 4350 2809 4393 non
2852 4332 3192 4393 consistere
3238 4330 3301 4391 in
3338 4325 3717 4408 pra-determi-

2196 4430 2449 4489 natione
2479 4428 2669 4488 etiam
2703 4426 2949 4499 morali,
2983 4424 3099 4487 sed
3126 4426 3189 4484 in
3214 4424 3342 4484 alia
3368 4442 3437 4485 re
3465 4422 3614 4483 infza
3642 4418 3719 4478 de·

2199 4521 2529 4593 claranda;
2556 4520 3119 4597 excitationemque
3145 4517 3425 4579 divinam
3454 4517 3568 4577 dici
3588 4531 3719 4574 com-

2197 4614 2431 4695 pletam
2445 4613 2511 4673 in
2528 4630 2641 4673 suo
2664 4611 2905 4685 ordine,
2927 4630 3053 4673 non
3072 4610 3218 4688 quia
3234 4610 3619 4679 determinat,
3637 4602 3720 4665 sed

2197 4706 2345 4788 quia
2386 4706 2495 4767 dat
2536 4706 2917 4783 completum
2958 4704 3337 4785 principium
3366 4700 3646 4783 operandi
3672 4698 3720 4757 in

2198 4818 2310 4861 suo
2342 4818 2599 4880 genere,
2634 4799 2803 4859 unde
2848 4799 3034 4860 etiam
3066 4798 3173 4877 qui
3199 4798 3435 4859 resistit
3454 4790 3719 4857 vocationi

2198 4897 2347 4957 satis
2376 4894 2685 4974 complete
2717 4895 3041 4954 excitatur.
3060 4894 3185 4953 Nec
3211 4909 3359 4953 vero
3380 4890 3623 4952 moralis
3641 4886 3718 4946 illa

2197 4988 2509 5059 inductio,
2556 5006 2697 5068 qum
2740 5006 2855 5067 per
2904 4988 3171 5067 gratiam
3216 4988 3585 5049 excitantem
3630 4982 3717 5047 fit,

2196 5084 2445 5163 proprie
2482 5082 2707 5143 dicitur
2734 5098 2985 5161 semper
3032 5080 3287 5142 moralis
3339 5072 3721 5161 praedetermi-

2194 5178 2364 5237 natio
2398 5196 2414 5249 3
2458 5176 2605 5256 quia
2638 5194 2766 5235 non
2792 5193 3042 5253 semper
3070 5178 3243 5235 tanta
3288 5180 3386 5235 est
3414 5180 3487 5233 ut
3518 5168 3721 5233 indiffe-

2192 5270 2458 5332 rentiam
2488 5268 2807 5329 moraliter
2834 5267 3107 5341 auferre,
3125 5286 3238 5329 seu
3264 5266 3613 5327 notabiliter
3636 5258 3721 5319 mi-

2193 5382 2388 5426 nuere
2408 5364 2725 5435 videatur3
2752 5362 2870 5423 hoc
2903 5367 3115 5422 autem
3140 5368 3230 5423 est
3256 5360 3427 5441 quod
3462 5378 3577 5419 vox
3598 5371 3721 5435 prae-

2192 5457 2735 5519 determinationis
2766 5456 2931 5517 inter
2958 5454 3115 5517 alias
3138 5454 3537 5536 singulariter
3562 5445 3720 5529 signi·

2194 5550 2361 5613 ficat.
