3850 6225
503 356 580 415 74

501 458 838 521 cessariam
885 458 1366 538 applicationem
1411 462 1596 523 aliam
1666 460 1963 541 praeviam
2000 461 2063 521 in

500 572 692 615 causa
718 552 1033 626 secunda;
1081 560 1142 613 et
1191 554 1274 613 ita
1321 554 1599 617 declarat
1643 556 1776 635 ipse
1806 573 2065 616 concur-

501 665 640 707 sum
665 647 778 707 Dei
827 646 909 706 ad
937 652 1147 707 actum
1177 648 1436 721 malum,
1469 653 1537 708 ut
1577 667 1709 727 seq.
1752 648 1888 721 lib.,
1915 666 2055 726 cap.

501 744 562 810 3,
580 739 969 812 videbimus;
1002 740 1275 818 loquitur
1301 759 1452 820 ergo
1479 742 1830 821 specialiter
1853 742 1933 801 de
1962 760 2061 801 ac-

501 834 666 895 tibus
692 833 896 909 bonis,
930 833 1014 892 ad
1039 851 1197 912 quos
1226 852 1446 895 omnes
1475 840 1652 913 putat
1681 854 1816 896 esse
1847 853 2062 895 neces-

502 927 739 987 sarium
765 927 1065 987 auxilium
1097 926 1312 1005 gratiae
1340 929 1798 1007 praevenientis,
1832 934 1906 989 -et
1948 946 2061 1007 per

504 1020 655 1080 illud
693 1020 843 1081 dicit
885 1019 1188 1099 applicari
1223 1021 1632 1095 voluntatem,
1675 1040 1804 1082 non
1847 1030 2057 1082 tamen

501 1114 902 1177 determinari
937 1132 1054 1175 nec
1101 1114 1487 1187 necessitari,
1524 1116 1745 1175 sedita
1767 1121 1838 1176 ut
1862 1115 2059 1193 possit

500 1208 814 1269 resistere.
849 1208 934 1269 De
957 1226 1082 1286 qua
1103 1226 1172 1269 re
1194 1214 1410 1287 postea
1439 1227 1554 1269 suo
1582 1209 1720 1271 loco
1749 1209 2053 1270 dicemus,

584 1306 682 1364 17.
711 1301 984 1374 Gabriel,
1017 1302 1082 1363 in
1113 1305 1172 1371 1,
1200 1302 1262 1363 d.
1295 1304 1396 1376 45,
1423 1309 1484 1364 et
1511 1302 1698 1363 latius
1721 1304 1786 1363 in
1809 1306 1870 1377 2,
1903 1302 1967 1363 d.
1996 1307 2057 1377 1,

501 1415 563 1475 q.
598 1398 658 1466 2,
695 1400 812 1455 art.
855 1397 916 1466 2,
963 1396 1162 1455 conci.
1209 1398 1271 1468 4,
1314 1401 1374 1457 et
1416 1402 1534 1455 art.
1581 1397 1636 1471 3,
1689 1396 1840 1456 dub.
1891 1400 1952 1469 1,
1999 1402 2061 1457 et

501 1490 564 1551 d.
601 1492 702 1564 37,
731 1494 847 1549 art.
870 1491 928 1561 1,
953 1488 1074 1547 late
1105 1488 1382 1551 defendit
1403 1490 1868 1551 conclusionem
1893 1508 1931 1549 a
1952 1508 2062 1551 no-

499 1584 596 1643 bis
623 1583 1028 1655 declaratam,
1063 1588 1123 1644 et
1149 1588 1338 1663 negat
1359 1601 1614 1645 causam
1645 1583 1912 1663 primam
1950 1582 2063 1643 de-

498 1677 857 1749 terminare,
881 1681 990 1737 aut
1017 1678 1371 1739 necessario
1393 1695 1772 1756 praemovere
1801 1694 2059 1739 causam

500 1769 863 1838 secundam,
895 1776 1002 1831 aut
1033 1769 1099 1829 in
1123 1770 1332 1850 aliquo
1363 1771 1542 1851 signo
1577 1790 1766 1851 agere
1795 1771 1929 1831 sine
1964 1790 2062 1831 se·-

499 1862 724 1937 cunda,
759 1863 871 1924 sed
897 1882 1084 1943 agere
1114 1869 1358 1925 tantum
1385 1883 1527 1925 cum
1553 1865 1678 1937 illa,
1703 1866 1810 1927 sed
1828 1864 1896 1925 in
1924 1881 2065 1927 cau-

497 1956 588 2019 sis
609 1956 836 2029 liberis,
871 1957 974 2031 ait,
1020 1958 1088 2019 in
1129 1975 1336 2021 earum
1383 1976 1510 2021 esse
1545 1962 1862 2039 potestate,
1909 1958 2069 2038 qnod

500 2068 687 2113 causa
719 2052 928 2129 prima
967 2053 1191 2131 efficiat
1231 2070 1428 2115 neom.
1483 2054 1559 2113 Et
1595 2050 1678 2111 ad
1710 2051 2061 2112 libertatem

500 2143 650 2203 dicit
675 2145 1102 2205 necessarium
1155 2162 1292 2205 esse
1338 2150 1407 2205 ut
1448 2147 1613 2205 Deus
1657 2144 1879 2205 offerat
1916 2160 2065 2204 con-

502 2254 754 2297 cursum
790 2236 968 2297 illum
1015 2238 1390 2299 indifferenti
1427 2237 1640 2312 modo,
1691 2237 1948 2309 scilicet,
1992 2240 2065 2295 ut

498 2330 648 2391 velit
679 2331 1002 2391 coefficere
1031 2348 1282 2391 omnem
1303 2336 1535 2405 actum,
1576 2348 1765 2409 quem
1794 2329 2063 2389 liberum

503 2424 826 2484 arbitrium
855 2426 1134 2503 elegerit.

581 2518 807 2593 Adam,
865 2518 929 2579 in
983 2521 1043 2591 3,
1101 2518 1242 2579 dist.
1301 2519 1401 2590 14,
1455 2536 1516 2595 q.
1565 2520 1626 2590 2,
1681 2517 1832 2580 dub.
1901 2522 1958 2591 1,
2002 2523 2064 2577 et

503 2631 567 2690 q.
603 2614 662 2685 3,
699 2612 848 2673 dub.
885 2616 942 2685 1,
979 2614 1095 2674 hoc
1125 2612 1395 2682 indicat;
1440 2611 1666 2671 clarius
1701 2610 1848 2671 dub.
1891 2614 1954 2686 2,
1994 2628 2059 2689 q.

505 2712 564 2781 3,
629 2706 736 2767 ubi
754 2707 862 2780 ait,
885 2724 1004 2769 non
1035 2704 1432 2769 determinare
1477 2706 1670 2768 Deum
1697 2706 2065 2768 voluntatem

501 2818 677 2863 suam
697 2799 1064 2879 simpliciter
1083 2801 1166 2863 ad
1184 2817 1372 2861 unum
1401 2804 1604 2861 actum
1627 2816 1826 2861 causa·
1837 2799 2060 2871 liberoe,

502 2894 608 2955 sed
645 2892 1060 2972 indifferenter
1097 2894 1180 2955 ad
1229 2909 1458 2955 omnem
1493 2890 1672 2953 illum
1711 2908 1884 2972 quem
1924 2890 2065 2969 ipsa

500 2984 1047 3058 voluerit,·etd11b.
1085 2987 1144 3057 3,
1179 2984 1369 3045 refert
1396 2986 1567 3045 hunc
1585 2984 1919 3045 articulum
1946 2982 2063 3043 Pa-

502 3079 828 3141 risiensem
854 3099 869 3140 :
901 3078 1156 3143 Falsum
1177 3085 1269 3143 est
1283 3078 1486 3142 omnia
1503 3095 1628 3142 esse
1643 3078 2067 3159 praeordinata

503 3193 544 3238 a
565 3192 753 3238 causa
771 3173 996 3256 prima,
1025 3175 1174 3254 quia
1194 3167 1284 3236 s'ic
1315 3174 1516 3236 omnia
1543 3171 1843 3236 evenirent
1869 3175 1939 3234 de
1966 3189 2063 3233 ne-

506 3267 786 3331 cessitate
807 3292 834 3340 ‚·
863 3268 1018 3346 quod
1039 3272 1131 3329 est
1163 3284 1354 3328 error.

587 3361 869 3422 Andreas
923 3361 1004 3420 de
1051 3361 1452 3431 Castronov0‚
1507 3359 1574 3419 in
1635 3361 1695 3429 1,
1765 3356 1908 3418 dist.
1959 3359 2061 3430 22,

505 3473 620 3535 per
660 3455 872 3533 plures
909 3453 1286 3530 quaestiones
1329 3453 1448 3513 hoc
1505 3453 1802 3532 disputat,
1855 3455 1918 3512 et
1960 3469 2067 3512 ex-

504 3567 720 3628 presse
769 3553 942 3608 tenet
963 3552 1244 3608 nostram
1279 3547 1678 3622 sententiam,
1717 3545 2063 3626 praesertim

506 3646 721 3720 quaest.
743 3643 803 3702 2.
817 3685 834 3714 ,
857 3640 938 3700 ad
963 3643 1024 3712 2,
1045 3640 1152 3701 ubi
1169 3640 1448 3701 declarat
1463 3641 1665 3700 Deum
1691 3657 2063 3702 concurrere

505 3753 650 3795 cum
671 3734 874 3794 causis
899 3733 1188 3795 secundis
1207 3751 1322 3812 per
1341 3733 1658 3812 quoddam
1683 3733 1870 3805 velle,
1897 3731 2067 3811 quod

503 3833 688 3888 vocat
726 3827 1026 3910 qomralis
1065 3827 1426 3908 influentiae,
1467 3827 1641 3906 quod
1663 3845 1794 3887 non
1825 3831 1919 3887 est
1955 3826 2069 3886 ab-

507 3920 781 3981 solutum
831 3920 1214 3998 simpliciter,
1245 3919 1360 3982 sed
1405 3919 1752 3982 secundum
1807 3918 1961 3997 quid
2004 3923 2067 3978 et

506 4013 1019 4088 conditionatum,
1051 4018 1116 4074 et
1155 4031 1216 4092 q.
1257 4014 1318 4086 5,
1363 4013 1428 4074 in
1461 4013 1614 4086 fine,
1657 4012 1888 4091 optime
1922 4012 2069 4072 dicit

504 4108 729 4180 Deum,
769 4107 920 4166 dum
969 4106 1281 4167 concurrit
1335 4123 1478 4167 cum
1527 4123 1718 4166 causa
1765 4103 2063 4178 secunda,

504 4200 744 4260 nullum
775 4199 1065 4260 effectum
1101 4218 1334 4260 novum
1362 4200 1571 4262 facere
1611 4203 1838 4278 praeter
1885 4197 2069 4258 effec-

504 4300 638 4354 tum
711 4292 904 4372 ipsius
946 4311 1151 4354 causae
1201 4293 1533 4365 secundae;
1589 4293 1702 4354 sed
1749 4291 1836 4352 ait
1881 4290 2069 4352 inter-

505 4387 660 4446 dum
702 4386 852 4447 dare
905 4388 1110 4447 Deum
1157 4387 1456 4448 auxilium
1500 4385 1754 4465 aliquod
1797 4383 2066 4463 speciale

507 4499 714 4540 causae
739 4479 1054 4552 secundae,
1080 4485 1170 4552 ut,
1199 4480 1422 4540 animoe
1451 4487 1678 4540 nostrae
1703 4497 1832 4538 non
1853 4497 1933 4537 ex
1960 4495 2071 4536 ne-

507 4573 778 4634 cessaria
810 4572 1134 4632 influentia
1176 4589 1380 4633 causae
1407 4572 1646 4650 primae,
1691 4570 1802 4632 sed
1831 4589 1906 4632 ex
1958 4571 2069 4631 ali-

507 4686 630 4745 qua
661 4665 914 4744 speciali
947 4665 1210 4726 ratione.
1248 4664 1450 4725 Habet
1472 4670 1686 4725 tamen
1707 4663 1794 4724 ihi
1827 4663 2069 4742 aliquas

507 4759 940 4822 conclusiones
965 4777 1104 4838 quae
1149 4759 1438 4820 videntur
1487 4758 1912 4820 contradicere
1966 4776 2071 4818 su-

508 4852 733 4932 periori
765 4851 1100 4924 doctrinan
1134 4858 1224 4925 ut,
1273 4869 1528 4913 causam
1571 4853 1838 4930 primam
1879 4869 2069 4931 agere

508 4947 679 5026 prius
709 4965 898 5024 quam
933 4945 1312 5018 secundam
1359 4950 1422 5006 et
1473 4963 1610 5006 esse
1657 4963 1914 5006 causam
1958 4965 2071 5006 cur

507 5061 698 5104 causa
741 5041 1018 5103 secunda
1069 5041 1218 5119 agit,
1265 5045 1328 5101 et
1353 5057 1480 5102 non
1513 5058 1548 5100 e
1577 5040 1911 5102 contrario.
1944 5039 2071 5102 Sed

507 5140 656 5200 satis
706 5136 942 5197 ibidem
989 5134 1297 5208 declarat,
1339 5135 1684 5214 praesertim
1733 5135 2063 5213 quaestion.

506 5235 568 5304 5,
595 5233 658 5291 in
677 5231 803 5291 fine
829 5276 844 5303 ‚
879 5248 954 5290 ea
977 5229 1186 5290 omnia
1211 5247 1340 5289 non
1362 5227 1485 5289 dici
1510 5234 1766 5308 propter
1789 5228 2067 5308 aliquam

504 5324 802 5405 praeviam
859 5323 1168 5384 actionem
1221 5341 1424 5384 causae
1473 5322 1692 5401 primae
1731 5321 1794 5381 in
1849 5339 2069 5382 secun-

505 5417 676 5494 dam,
715 5416 828 5478 sed
857 5415 1060 5476 solum
1084 5414 1230 5492 quia
1260 5433 1452 5477 causa
1479 5415 1682 5493 prima
1715 5413 1824 5474 dat
1851 5433 2071 5475 sccun-

507 5512 603 5574 dae
640 5511 932 5572 virtutem
985 5509 1236 5589 agendi,
1295 5515 1358 5570 ct
1383 5507 1638 5588 adjuvat
1674 5507 1879 5580 illam;
1937 5507 2071 5568 haec

1247 358 1456 412 OPUSC.
1493 361 1532 419 l,
1570 359 1682 411 ΗΒ.
1721 360 1757 411 1.
1797 361 1876 411 DE
1909 359 2227 413 CONCURSU
2262 361 2365 412 DEI
2396 360 2521 413 CUM
2556 358 2943 412 VOLUNTATE.

2145 478 2295 521 vero
2322 460 2555 539 pendet
2582 460 2665 521 ab
2690 460 2817 533 illa,
2850 466 2911 521 et
2940 478 3065 521 non
3112 478 3147 520 e
3180 479 3507 523 converso.
3536 460 3730 521 Idem

2144 554 2371 632 repetit
2397 553 2463 614 d.
2504 554 2603 625 38,
2634 569 2697 630 q.
2728 556 2785 625 1,
2834 558 2896 613 et
2946 553 3299 631 specialiter
3324 554 3620 615 declarat
3664 552 3731 611 in

2144 647 2327 707 solut.
2380 646 2459 706 ad
2498 649 2559 719 4,
2588 646 2669 707 ad
2706 648 2767 707 6.

2222 740 2545 801 Almainus
2570 784 2586 813 ,
2639 739 2732 799 tit.
2783 743 2810 799 1
2865 740 3191 801 Moralium
3214 786 3229 815 ,
3282 760 3337 803 c.
3392 745 3450 814 1,
3514 741 3735 801 citans

2140 833 2509 911 Dionysium
2530 876 2547 904 ,
2581 836 2651 891 ut
2680 832 2967 893 conciliet
3002 833 3391 895 influentiam
3418 835 3540 896 Dei
3572 852 3735 893 cum

2140 927 2451 1000 libertate,
2486 927 2575 987 ait
2607 945 2982 989 concursum
3024 930 3137 990 Dei
3162 947 3291 991 non
3318 947 3457 991 esse
3488 948 3573 990 ex
3612 946 3737 987 an-

2138 1020 2573 1081 tecedentibus
2596 1019 2906 1081 actionem
2938 1020 3223 1095 liberam,
3256 1021 3367 1083 sed
3392 1041 3469 1083 ex
3484 1038 3739 1083 conco-

2137 1114 2519 1176 mitantibus.

2218 1210 2573 1290 Hangestus
2602 1254 2622 1284 ‚
2662 1210 2727 1270 in
2764 1208 3047 1271 Moralih.
3072 1254 3087 1281 ,
3136 1228 3277 1289 cap.
3327 1213 3355 1270 1
3378 1254 3395 1283 ,
3430 1228 3607 1271 eom.
3651 1210 3695 1268 2
3716 1252 3733 1280 ‚

2140 1302 2353 1363 notab.
2385 1305 2445 1377 1,
2500 1304 2589 1365 ait
2614 1320 2993 1365 concursum
3036 1301 3149 1363 Dei
3202 1303 3521 1365 actualem
3574 1320 3739 1363 cum

2139 1394 2485 1471 voluntate,
2520 1415 2657 1457 esse
2683 1399 2927 1457 tantum
2958 1397 3515 1470 concomitantem3
3542 1394 3739 1475 prius

2142 1495 2353 1549 autem
2376 1494 2601 1551 natura
2632 1490 2836 1551 solum
2882 1506 3020 1549 esse
3048 1490 3246 1549 Deum
3283 1497 3577 1569 paratum
3610 1507 3739 1547 vo-

2139 1582 2361 1643 luntati
2414 1601 2709 1662 coagere,
2772 1581 3043 1661 ideoque
3092 1600 3277 1661 posse
3321 1584 3739 1644 voluntatem

2142 1694 2271 1737 non
2302 1693 2493 1754 agere
2538 1677 2587 1736 si
2636 1676 2823 1748 velit3
2856 1681 2919 1737 et
2942 1694 2998 1736 c.
3042 1678 3103 1750 3,
3146 1676 3295 1738 dicit
3330 1696 3533 1756 agens
3561 1676 3739 1735 libe-

2143 1787 2283 1830 rum
2336 1768 2471 1831 sine
2534 1770 2879 1831 extrinseca
2950 1768 3469 1831 determinatione
3528 1786 3735 1848 posse

2144 1862 2421 1941 seipsum
2462 1862 2540 1923 ad
2564 1868 2795 1935 actum,
2827 1863 2928 1923 vel
2957 1862 3039 1923 ad
3066 1862 3465 1934 contrarium,
3498 1863 3611 1923 vel
3646 1861 3739 1921 ad

2143 1962 2438 2017 neutrum
2464 1956 2907 2029 determinare,
2940 1962 3005 2017 et
3036 1956 3155 2019 h-oc
3176 1972 3315 2017 esse
3342 1956 3424 2017 ad
3457 1956 3739 2017 liberta—

2144 2055 2271 2111 tem
2295 2050 2745 2111 necessarium.

2222 2143 2461 2203 Ochum
2520 2144 2736 2216 etiam,
2795 2142 2859 2201 in
2908 2142 3130 2221 primo,
3186 2141 3475 2205 eamdem
3522 2142 3740 2201 habet

2143 2236 2515 2309 doctrinam,
2556 2255 2631 2297 ac
2668 2235 2893 2297 eodem
2930 2235 3143 2309 modo,
3188 2253 3315 2315 quo
3352 2235 3608 2297 Gabriel
3672 2239 3741 2296 et

2144 2329 2503 2409 Gregorius,
2534 2330 2703 2391 illam
2729 2329 3027 2391 declarat.

2224 2423 2556 2503 Dionysius
2604 2422 3027 2484 Cisterciensis
3058 2467 3077 2497 ,
3133 2423 3199 2483 in
3246 2424 3285 2483 2
3318 2468 3335 2497 ,
3386 2422 3532 2483 dist.
3584 2425 3683 2483 25
3718 2468 3735 2493 ,

2144 2523 2261 2578 art.
2290 2518 2351 2587 2,
2382 2534 2497 2595 per
2526 2521 2748 2589 totum,
2778 2522 2840 2577 et
2867 2515 3183 2595 praecipue
3212 2516 3488 2578 conclus.
3516 2518 3579 2589 5,
3608 2534 3741 2575 ne-

2146 2616 2254 2689 gat
2282 2610 2753 2688 praemotionem
2784 2610 3062 2671 divinam
3092 2609 3602 2682 antecedentem,
3636 2610 3743 2669 cf-

2145 2703 2407 2764 ficacem
2434 2708 2497 2763 et
2526 2704 3203 2781 praedeterminantem,
3252 2703 3407 2781 quia
3434 2722 3567 2763 non
3614 2722 3743 2782 po-

2144 2801 2266 2857 test
2312 2814 2451 2857 esse
2480 2796 2627 2856 cum
2666 2798 2981 2871 libertate;
3022 2804 3085 2859 ct
3126 2802 3343 2877 quoest.
3380 2798 3442 2869 2,
3495 2805 3625 2859 art.
3664 2800 3735 2870 2,

2143 2892 2209 2952 in
2232 2892 2415 2952 tertia
2448 2897 2625 2969 parte
2666 2892 2933 2965 articuli,
2959 2894 3047 2953 ait
3068 2910 3137 2953 ca
3148 2910 3327 2951 usam
3352 2892 3631 2970 primam
3670 2899 3743 2952 et

2146 2984 2509 3057 secundam,
2536 3002 2649 3043 seu
2668 2985 2891 3056 Deum,
2918 2992 2981 3047 et
2999 2986 3385 3047 voluntatem
3406 2991 3737 3054 nostram,

2145 3078 2355 3158 quoad
2370 3076 2681 3138 actionem
2696 3095 2875 3156 aeque
2892 3078 3249 3140 immediate
3267 3077 3531 3138 influere
3542 3125 3558 3150 ,
3574 3078 3741 3139 licet

2143 3173 2385 3234 dicatur
2412 3172 2579 3231 Deus
2610 3171 3029 3233 immediatius
3047 3173 3343 3244 influere,
3378 3172 3529 3250 quia
3550 3173 3741 3249 prin-

2142 3267 2402 3345 cipalius
2434 3269 2497 3325 et
2524 3265 2989 3344 quodammodo
3028 3267 3301 3326 intimius
3332 3273 3665 3344 operatur.

2229 3359 2661 3421 Armachanus
2680 3403 2701 3434 ,
2756 3365 2884 3420 toto
2939 3359 3072 3420 fere
3123 3359 3165 3419 l.
3224 3360 3297 3420 16
3357 3358 3435 3420 de
3484 3363 3735 3437 quaest.

2146 3458 2431 3528 Armen„
2480 3453 2643 3514 hanc
2682 3453 3055 3514 sententiam
3090 3453 3405 3523 declarat;
3462 3459 3525 3513 ct
3554 3469 3741 3531 prte-

2148 3549 2361 3609 sertim
2402 3565 2543 3626 cap.
2602 3549 2662 3619 5,
2718 3550 2754 3607 7
2798 3551 2863 3607 et
2920 3549 3032 3618 123
3076 3553 3141 3608 et
3194 3549 3269 3610 13
3308 3546 3395 3608 ait
3429 3547 3741 3606 volunta-

2146 3647 2273 3702 tem
2296 3647 2571 3702 creatam
2588 3657 2727 3700 esse
2752 3657 3009 3700 causam
3032 3641 3203 3718 quod
3228 3642 3397 3701 Deus
3428 3639 3741 3700 absolute

2144 3735 2297 3796 velit
2340 3740 2550 3796 actum
2598 3733 2756 3813 ejus,
2822 3733 2995 3812 quod
3026 3733 3267 3794 dictum
3310 3733 3584 3804 videtur,
3622 3733 3741 3792 vel

2146 3827 2293 3906 quia
2318 3833 2413 3888 est
2448 3827 2605 3887 ratio
2628 3826 2709 3887 ob
2736 3845 2927 3905 quam
2964 3826 3255 3888 voluntas
3287 3825 3740 3887 conditionata

2148 3921 2369 3981 transit
2396 3921 2461 3978 in
2484 3919 2855 3992 absolutam,
2874 3920 2975 3981 vel
2992 3920 3161 3998 quia,
3182 3921 3384 3999 posito
3400 3937 3739 3980 consensu

2148 4012 2481 4075 voluntatis
2511 4015 2828 4087 humanae,
2858 4015 3141 4092 seqnitur
3164 4014 3455 4075 voluntas
3490 4033 3741 4094 appro-
3811 4013 3812 4016 ’

2148 4108 2417 4169 bationis
2452 4107 2517 4168 in
2546 4109 2699 4180 Deo,
2718 4107 2770 4167 si
2792 4114 2967 4168 actus
2982 4108 3187 4168 bonus
3208 4108 3307 4181 sit;
3336 4114 3397 4168 ct
3418 4127 3474 4169 c.
3509 4111 3589 4170 15
3608 4109 3743 4170 de-

2149 4201 2365 4274 clarat,
2410 4201 2493 4261 ad
2534 4201 2898 4271 efficaciam,
2942 4206 3007 4261 et
3038 4199 3555 4280 omnipotentiam
3606 4203 3739 4262 Dei

2148 4293 2481 4374 pertinere,
2513 4294 2597 4354 ita
2639 4294 2797 4354 velle
2828 4294 3070 4373 aliquos
3089 4295 3367 4366 effectus,
3396 4300 3467 4355 ut
3494 4300 3561 4354 et
3580 4294 3741 4355 fieri

2150 4388 2413 4466 possint,
2467 4393 2527 4448 et
2578 4387 2867 4464 impediri
2904 4405 3018 4465 per
3056 4387 3443 4448 voluntatem
3490 4389 3739 4447 huma—

2150 4497 2330 4552 nam3
2350 4487 2414 4540 et
2438 4479 2544 4554 ita,
2562 4499 2619 4540 c.
2662 4481 2731 4540 16
2760 4486 2823 4540 et
2854 4481 2956 4555 18,
2984 4498 3279 4559 expresse
3298 4481 3619 4542 concludit.
3654 4482 3739 4540 il-

2150 4571 2260 4632 lud
2280 4573 2441 4634 velle
2457 4573 2759 4646 divinum,
2780 4573 2949 4651 quod
2974 4577 3067 4634 est
3088 4575 3269 4653 quasi
3288 4573 3429 4634 fons
3452 4593 3739 4653 genera-

2150 4666 2225 4726 lis
2248 4683 2588 4728 concursus
2619 4667 2835 4746 primoe
2858 4685 3090 4740 causae,
3122 4685 3263 4728 esse
3290 4667 3467 4746 quasi
3498 4668 3743 4728 condi·-

2150 4761 2455 4822 tionatum
2476 4778 2587 4820 seu
2602 4761 2929 4838 requirens
2946 4761 3491 4821 concomitantiam
3508 4779 3741 4821 causae

2152 4853 2652 4932 secundoe‚quae,
2688 4853 2737 4914 si
2766 4854 2844 4914 sit
2868 4853 3085 4925 libera,
3120 4859 3323 4933 potest
3352 4855 3521 4914 illam
3538 4855 3743 4914 adhi-

2150 4965 2220 5008 re
2250 4947 2347 5008 vel
2392 4947 2721 5018 cohibere,
2750 4965 2869 5008 nec
2906 4947 2988 5007 ad
3016 4947 3383 5008 alterutrum
3426 4948 3745 5007 determi-

2150 5046 2337 5100 natur
2362 5057 2476 5119 per
2502 5039 2671 5100 iliam
2704 5041 2817 5100 Dei
2848 5040 3255 5100 voluntatem.
3294 5041 3467 5102 Idem
3496 5057 3743 5118 prose—

2150 5133 2361 5212 quitur
2380 5151 2519 5211 cnp.
2546 5135 2622 5194 19
2646 5139 2709 5194 et
2727 5136 2827 5205 21,
2858 5132 2977 5193 etl.
3008 5136 3105 5205 17,
3128 5151 3182 5193 c.
3210 5135 3247 5194 3
3272 5139 3333 5193 et
3354 5151 3513 5211 seq.,
3534 5134 3737 5212 plura

2148 5224 2504 5287 testimonia
2552 5244 2747 5287 sacrae
2800 5227 3135 5304 Scripturas
3186 5227 3487 5305 congerit,
3530 5233 3596 5286 et
3648 5225 3787 5288 ex*

2149 5322 2269 5382 hoc
2300 5321 2601 5399 principio
2630 5321 2738 5381 illa
2772 5321 3069 5382 declarat.
3120 5319 3125 5324 ’

2233 5413 2545 5475 Adrianus
2578 5415 2737 5475 solet
2780 5415 2843 5474 in
2872 5413 3257 5475 eontrarium
3297 5413 3513 5474 referri
3552 5413 3621 5472 in
3660 5417 3733 5487 4,

2152 5511 2375 5585 quaest.
2404 5505 2484 5568 de
2524 5507 2907 5569 Poenitentiae
2940 5513 3353 5580 sacramente,
3386 5505 3466 5568 ad
3485 5505 3729 5580 fine1n3
