3850 6225
560 434 697 487 non
732 436 817 487 ex
854 414 920 487 vi
962 411 1269 487 aetionis,
1320 410 1520 488 Unde
1548 438 1685 489 non
1712 410 1973 513 agimus
2006 414 2094 489 de
2121 414 2402 491 scientia
2451 416 2902 513 contingentis
2941 413 3068 489 sub
3111 415 3244 489 hac
3287 416 3577 505 ratione,
3613 416 3758 511 quia

566 512 715 584 talis
744 513 1023 585 scientia
1051 514 1277 609 potius
1310 525 1414 585 est
1438 512 1795 610 eujusdam
1821 514 2068 610 obiecti
2096 515 2481 589 necessarii.
2537 516 2746 587 Addit
2769 537 2927 611 ergo
2956 515 3289 603 futurum,
3320 524 3399 585 ut
3431 515 3554 605 sic,
3588 516 3756 609 quod

560 609 732 682 iilud
768 610 1165 707 contingens
1198 609 1284 685 ad
1317 634 1526 684 unam
1555 624 1817 709 partem
1859 614 1945 684 sit
1987 611 2600 687 determinandum.
2646 612 2758 701 Et,
2803 613 2960 709 quia
2996 612 3149 685 haec
3171 612 3648 686 determinatio
3671 613 3758 685 fu-

562 708 695 780 turi
726 708 815 781 ad
844 731 1053 781 unam
1078 719 1341 805 partem
1366 710 1745 782 communis
1788 720 1894 783 est
1924 711 2127 783 etiam
2151 712 2552 783 necessariis
2572 700 2952 799 effectibus,
2989 710 3142 782 ideo
3165 710 3480 783 futurum
3505 711 3757 783 contin-

560 829 729 902 gens
769 818 1135 902 utrumque
1172 805 1377 879 simul
1420 808 1791 904 conjungit,
1840 807 2098 882 scilicet
2138 808 2765 881 determinationem
2811 808 3108 881 suturam
3141 808 3231 880 ad
3267 830 3479 881 unam
3510 820 3754 904 partem

558 926 717 976 cum
748 916 1078 1001 potestate
1106 903 1195 976 ad
1228 906 1639 1001 oppositam:
1678 916 1745 978 et
1772 906 1860 979 de
1892 906 2172 979 scientia
2202 906 2409 1003 hujus
2449 906 2724 1003 objecti,
2773 917 2847 978 ut
2875 907 2995 987 sio,
3033 917 3141 978 est
3181 928 3492 1003 praesens
3525 907 3748 1002 dispu-

556 1002 749 1074 tatio.
783 1002 870 1074 Et
895 1003 1207 1098 quamvis
1235 1003 1534 1076 futurum
1560 1004 1688 1076 sub
1712 1004 1847 1078 hac
1867 1028 2034 1078 voce
2061 1005 2367 1076 videatur
2394 1004 2939 1094 affirmationem,
2969 1026 3089 1077 seu
3113 1004 3482 1100 positivum
3507 1016 3752 1077 tantum

561 1100 972 1196 significare,
1018 1112 1244 1172 tamen
1269 1100 1337 1171 in
1374 1103 1716 1199 proposito
1752 1102 2272 1201 comprehendit
2310 1103 2511 1176 etiam
2539 1102 2966 1199 negationem
3001 1102 3302 1175 suturam
3335 1124 3498 1174 cum
3537 1120 3754 1199 potes-

558 1208 697 1270 tate
732 1198 819 1271 ad
856 1199 1238 1295 oppositam
1278 1199 1797 1274 affirmationem
1827 1231 1845 1287 3
1908 1223 2046 1273 non
2096 1200 2276 1273 enim
2325 1213 2428 1273 est
2475 1202 2699 1273 minus
2749 1202 3049 1273 futurum
3100 1201 3532 1293 contin-gem,
3587 1202 3752 1296 quod

558 1296 801 1369 Petrus
834 1320 971 1369 non
997 1296 1084 1369 sit
1116 1308 1540 1393 peccaturus,
1596 1322 1803 1395 quam
1828 1299 2008 1395 quod
2039 1298 2124 1371 sit
2150 1310 2578 1396 peccaturus,
2632 1298 2774 1371 Sub
2799 1298 2933 1371 hoc
2965 1320 3124 1395 ergo
3149 1296 3422 1393 objecto
3453 1320 3752 1393 compre-

555 1394 877 1467 henditur
914 1395 1133 1469 omnis
1160 1395 1405 1469 veritas
1437 1398 1507 1469 in
1536 1398 1760 1471 futuro
1785 1407 2089 1495 tempore
2117 1397 2538 1491 contingenS,
2582 1409 2720 1469 tam
2753 1396 3156 1469 affirmativa
3185 1418 3400 1492 quam
3427 1400 3745 1492 negativa.

554 1492 867 1589 Denique
912 1492 1067 1567 haec
1109 1495 1353 1565 veritas
1392 1496 1787 1592 contingens
1830 1496 2152 1591 quaedam
2188 1506 2410 1591 potest
2440 1495 2851 1569 considerari
2885 1505 3090 1591 prout
3119 1516 3355 1567 revera
3408 1494 3635 1567 futura
3665 1508 3754 1566 est

556 1591 628 1661 in
662 1590 887 1687 aliqua
919 1589 1302 1664 differentia
1337 1594 1687 1691 temporiS‚
1722 1593 1853 1667 alia
1882 1616 2042 1667 vero
2071 1590 2199 1665 suh
2237 1593 2536 1688 quadam
2561 1592 2953 1691 hypothesi,
2989 1614 3109 1665 seu
3135 1592 3556 1675 conditione,
3601 1594 3756 1665 scili-

560 1701 695 1779 cet,
747 1689 939 1785 quod
976 1690 1281 1763 futurum
1310 1703 1518 1781 esset,
1570 1691 1627 1764 si
1660 1691 1794 1765 hoc
1816 1690 1923 1764 vel
1957 1691 2128 1765 illud
2147 1691 2512 1782 accideret,
2549 1692 2734 1787 quod
2775 1690 3027 1787 inquiri
3049 1690 3256 1763 etiam
3293 1700 3529 1787 potest
3557 1691 3645 1763 de
3667 1714 3752 1763 re-

560 1784 689 1859 bus
725 1810 883 1882 quae
916 1810 1271 1882 nunquam
1314 1788 1559 1863 futurae
1595 1801 1750 1862 sunt
1783 1822 1801 1873 ς
1852 1802 1924 1861 et
1946 1790 2035 1863 de
2063 1791 2196 1862 hoc
2221 1790 2575 1885 posteriori
2599 1788 2802 1863 modo
2825 1800 2930 1861 est
2967 1788 3247 1860 scientia
3273 1788 3747 1879 conditionata,

556 1906 765 1981 quam
792 1884 1371 1959 considerabimus
1397 1888 1469 1959 in
1497 1890 1809 1985 sequenti
1835 1886 2006 1961 libro
2039 1920 2056 1973 ;
2099 1887 2172 1959 in
2199 1886 2332 1960 hoc
2356 1911 2513 1961 vero
2539 1887 2758 1961 solum
2785 1888 3046 1983 agimus
3076 1885 3166 1959 de
3198 1886 3435 1983 priori.

1742 3212 2004 3354 Q
1965 3211 2596 3398 ΞΕἯ

1886 3354 1982 3494 ι*
2041 3347 2450 3563 σέβω
