3850 6225
404 353 525 415 264

395 464 580 525 datur
639 463 867 527 adultis
914 466 1061 541 ,sine
1108 466 1318 546 aliquo
1356 468 1613 540 merito,
1676 469 1801 529 imo
1846 484 1966 529 nec

402 558 601 635 gratia
640 559 841 637 prima
877 559 1061 620 datur
1100 561 1191 621 eis
1219 561 1353 622 sine
1384 561 1593 641 aliquo
1636 562 1855 623 merito
1886 560 1966 621 de

401 669 703 725 congruo,
734 653 835 712 vel
886 654 1017 714 sine
1060 653 1269 731 aliqua
1311 654 1715 733 dispositione
1742 654 1961 728 libera,

402 744 479 805 de
502 744 729 821 quibus
758 745 977 806 eadem
1010 749 1105 807 est
1135 746 1313 819 ratio,
1346 754 1416 807 ut
1446 748 1697 826 patebit.
1728 747 1963 807 Electio

402 855 551 916 ergo
578 837 793 917 gratias
830 840 997 916 apud
1030 841 1442 921 Augustinum
1478 841 1667 902 etiam
1696 858 1963 919 regnum

403 929 704 991 coelorum
756 933 1207 1011 complectitur,
1248 940 1555 1011 quatenus
1599 934 1815 995 ordine
1867 934 1967 993 in-

401 1026 695 1085 tentionis
724 1026 1051 1088 dilectione
1084 1028 1317 1089 el'ticaci
1350 1029 1579 1089 talibus
1607 1027 1965 1089 hominibus

404 1118 765 1179 intenditur.
829 1122 1042 1200 Neque
1100 1122 1510 1183 dubitandum
1561 1128 1656 1183 cst
1714 1128 1970 1201 propter

402 1228 635 1271 nomen
682 1213 1001 1273 electionis
1056 1216 1296 1294 gratiae,
1340 1220 1476 1276 tum
1510 1217 1659 1296 quia
1696 1216 1968 1275 maxime

403 1304 489 1365 sic
518 1304 679 1364 dicta
712 1312 826 1378 est,
871 1308 1017 1385 quia
1048 1326 1174 1369 non
1199 1308 1499 1369 fundatur
1526 1310 1589 1368 in
1624 1308 1869 1380 merite,
1906 1312 1972 1369 ut

404 1415 593 1475 supra
620 1400 861 1460 ostendi
890 1418 904 1471 ς
945 1407 1079 1461 tum
1102 1403 1289 1461 etiam
1320 1402 1467 1480 quia
1493 1401 1627 1480 ipsa
1653 1400 1777 1461 vita
1798 1408 1974 1462 aeter-

402 1507 483 1551 na
506 1494 599 1551 est
624 1492 811 1551 etiam
838 1494 1058 1572 gratia,
1094 1494 1400 1574 quaelicet
1423 1495 1487 1555 in
1512 1494 1731 1555 ordine
1752 1512 1973 1555 execu-

404 1585 587 1645 tionis
634 1586 713 1647 sit
740 1588 939 1666 gratia
982 1605 1097 1666 pro
1127 1589 1349 1667 gratia,
1390 1594 1603 1650 tamen
1646 1586 1709 1647 in
1752 1587 1970 1649 ordine

406 1678 769 1743 intentionis
806 1684 900 1739 est
947 1680 1147 1758 prima
1180 1682 1403 1761 gratia,
1447 1681 1511 1741 id
1551 1686 1665 1753 est,
1696 1681 1968 1760 primum

405 1770 641 1831 donum
696 1772 1031 1849 gratuitum
1082 1774 1254 1852 quod
1309 1774 1545 1835 bomini
1600 1780 1869 1849 amatur,
1908 1778 1968 1835 et

404 1882 517 1943 per
544 1864 699 1924 alias
725 1866 957 1943 gratias
989 1874 1382 1944 procuratur.

480 1961 541 2019 5.
574 1957 865 2021 Rationes
882 1960 1091 2039 quibus
1104 1960 1463 2043 impuqnant
1479 1961 1773 2043 duplicem
1794 1960 1972 2023 illam

402 2050 1207 2113 voluntatem.—-Adduntur
1230 2072 1378 2113 vero
1404 2053 1664 2114 ulterius
1692 2054 1968 2115 rationes

404 2143 876 2223 philosophicae,
904 2146 1131 2223 quibus
1162 2146 1267 2207 illa
1294 2146 1605 2207 distinctio
1636 2147 1970 2227 impugna-

402 2245 523 2309 tur,
548 2257 815 2316 quarum
843 2258 1085 2299 summa
1116 2247 1229 2313 est,
1264 2241 1432 2319 quia,
1465 2242 1610 2303 licet
1630 2243 1798 2321 apud
1828 2243 1966 2321 phi-

401 2333 697 2411 losophos
728 2340 789 2394 et
814 2334 1166 2413 Theologos
1188 2335 1275 2395 ita
1310 2335 1775 2415 distinguantur
1809 2337 1962 2397 ordo

400 2426 761 2487 intentionis
803 2432 863 2487 et
892 2429 1297 2500 executionis,
1352 2428 1563 2508 itaque
1612 2432 1842 2509 opponi
1872 2430 1966 2492 di-

399 2525 645 2591 cantur,
675 2525 745 2579 ut
772 2519 943 2599 quod
974 2524 1068 2580 est
1094 2522 1367 2600 primum
1413 2521 1479 2581 in
1520 2522 1863 2584 intentione
1888 2524 1966 2585 sit

396 2610 689 2673 ultimum
708 2612 771 2671 in
803 2614 1168 2675 executione
1186 2633 1213 2685 ,·
1228 2619 1439 2674 tamen
1470 2614 1678 2675 nullus
1698 2616 1969 2694 philoso-

395 2706 669 2785 phorum
684 2707 1004 2767 constituit
1020 2711 1358 2784 utrumque
1376 2706 1659 2769 ordinem
1678 2708 1742 2768 in
1760 2715 1970 2769 mente

398 2798 499 2859 vel
521 2798 840 2859 voluntate
864 2799 1139 2871 artificis,
1182 2798 1295 2858 sed
1318 2800 1585 2860 alterum
1611 2805 1853 2861 tantum
1874 2820 1972 2861 or·

402 2891 637 2963 dinem,
664 2891 894 2952 scilicet
910 2890 1309 2967 intentionis;
1334 2891 1599 2953 alterum
1615 2912 1788 2965 vere,
1812 2894 1971 2954 scili-

404 2988 502 3044 cet
528 2984 933 3057 executionis,
966 2984 1031 3044 in
1058 3003 1127 3045 re
1157 2985 1291 3063 ipsa
1314 3003 1329 3056 ;
1356 3003 1471 3045 nos
1499 2992 1711 3046 autem
1733 2993 1968 3048 utrum-

404 3096 527 3158 que
557 3078 731 3138 illum
763 3078 1045 3140 ordinem
1080 3077 1511 3140 constituimus
1548 3081 1613 3140 in
1648 3081 1966 3142 voluntate

408 3173 519 3232 Dei
559 3179 861 3252 tanquam
891 3173 955 3232 in
997 3179 1206 3234 mente
1238 3172 1511 3234 artificis
1560 3176 1635 3235 Et
1668 3180 1970 3254 proeterea

403 3265 691 3326 videmur
718 3266 926 3327 dicere
956 3267 1179 3338 Deum,
1225 3275 1370 3345 post
1408 3267 1653 3327 finitum
1685 3268 1970 3330 ordinem

406 3359 789 3434 intentionis,
822 3365 1035 3420 nostro
1064 3359 1250 3421 modo
1294 3360 1703 3439 intelligendi,
1738 3362 1968 3422 iterum

405 3458 623 3530 postea
652 3453 1005 3514 consultare
1039 3458 1101 3512 et
1124 3453 1301 3532 quasi
1327 3454 1600 3534 cogitare
1627 3453 1707 3514 de
1742 3472 1968 3516 execu-

406 3544 598 3618 tione,
658 3545 826 3624 quod
873 3545 1083 3606 nullus
1122 3545 1341 3605 artifex
1366 3545 1543 3626 [facin
1593 3547 1643 3606 si
1686 3547 1965 3625 prudens

407 3638 485 3698 sit
542 3644 607 3700 et
662 3638 951 3698 disertus,
1013 3637 1311 3704 Videmur
1340 3639 1489 3700 item
1528 3639 1734 3700 dicere
1762 3640 1964 3700 Deum

406 3727 623 3790 ordine
674 3730 1037 3791 intentionis
1080 3731 1314 3811 eligere
1358 3731 1675 3792 hominem
1706 3732 1785 3792 ad
1838 3732 1968 3812 glo-

402 3823 585 3895 riam,
618 3823 765 3903 quia
790 3823 1095 3902 praescivit
1124 3823 1331 3884 media
1359 3842 1474 3903 per
1494 3843 1644 3910 quoe·
1662 3831 1866 3904 potest
1894 3826 1968 3885 il-

398 3915 531 3976 lum
566 3914 647 3975 ad
671 3933 816 3977 eum
841 3915 1030 3976 finem
1060 3916 1426 3994 perducere.
1457 3919 1545 3976 Ac
1580 3917 1851 3996 denique
1879 3920 1967 3978 vi-

400 4009 621 4070 demur
649 4009 855 4070 dicere
891 4011 1089 4071 Deum
1122 4010 1355 4090 eligere
1380 4009 1855 4088 praedestinatos
1884 4011 1967 4072 ad

403 4102 689 4182 gloriam,
722 4105 793 4162 ut
816 4120 925 4163 eos
974 4107 1224 4163 sanctos
1261 4101 1513 4174 efficiam
1556 4103 1726 4181 quod
1752 4109 1964 4164 tamen

403 4213 530 4255 non
553 4196 638 4256 ita
684 4202 799 4268 cst,
828 4195 941 4256 sed
970 4195 1177 4274 potius
1206 4213 1315 4256 eos
1359 4196 1723 4269 sanctificat,
1764 4203 1832 4258 ut
1860 4215 1966 4258 ca-

399 4307 589 4368 paces
618 4290 829 4369 gloriae
864 4289 1109 4351 efficiat.
1172 4287 1455 4366 Denique
1506 4289 1821 4351 adduntur
1864 4291 1965 4350 hic

401 4381 538 4442 alife
591 4383 889 4454 rationes,
943 4399 1083 4462 quae
1108 4382 1469 4444 coincidunt
1516 4401 1659 4444 cum
1702 4384 1797 4444 his
1826 4401 1965 4462 quoe

400 4475 559 4535 circa
612 4493 747 4536 rem
790 4477 993 4555 ipsam
1036 4481 1256 4556 postea
1303 4476 1486 4550 fiunt,
1534 4482 1597 4538 et
1636 4475 1777 4538 ideo
1826 4477 1966 4538 illas

399 4585 568 4628 nunc
613 4569 1039 4646 praetermittO.

478 4662 536 4721 6.
590 4660 929 4723 Solvuntur
946 4662 1141 4738 facile.
1159 4693 1241 4708 —
1260 4663 1549 4727 Rationes
1576 4670 1789 4724 autem
1816 4681 1964 4744 pro-

399 4753 614 4830 positae
643 4753 823 4813 facile
870 4771 907 4813 a
949 4755 1129 4815 nobis
1180 4756 1621 4816 dissolvuntur.
1667 4759 1823 4818 Nam
1879 4755 1962 4815 ad

399 4845 664 4923 primam
714 4847 1206 4926 respondemu8‚
1252 4867 1471 4910 verum
1522 4848 1774 4927 quidem
1822 4866 1960 4910 esse

397 4939 680 4999 ordinem
710 4943 1092 5002 executionis
1121 4961 1257 5002 esse
1282 4943 1345 5002 in
1364 4961 1431 5002 re
1450 4943 1619 5022 ipsa;
1648 4948 1885 5016 tamen,
1908 4941 1960 5002 si

398 5032 679 5092 executio
712 5034 793 5092 ab
827 5035 1049 5094 eodem
1078 5035 1311 5096 artifice
1342 5054 1457 5114 per
1480 5053 1659 5096 suam
1678 5036 1960 5097 volunta-

394 5129 519 5184 tem
545 5133 841 5204 operante
869 5134 1233 5188 emanatura
1257 5135 1369 5200 cst,
1398 5129 1752 5190 necessario
1783 5128 1960 5190 intel-

393 5219 588 5298 ligere
622 5225 865 5299 oportet
904 5219 967 5278 in
1016 5221 1280 5298 ipsomet
1318 5221 1574 5294 artifice,
1608 5229 1836 5300 praeter
1864 5226 1961 5284 to-

393 5317 528 5372 tum
579 5312 865 5373 ordinem
915 5313 1273 5375 intentionis
1330 5320 1391 5375 et
1445 5315 1913 5376 consultationis
1938 5361 1953 5389 ,

390 5404 774 5466 voluntatem
804 5425 841 5466 a
864 5424 989 5486 qua
1034 5406 1390 5468 immediate
1410 5414 1623 5468 manet
1644 5407 1949 5483 executi0‚

392 5515 532 5576 quae
560 5498 813 5581 incipiat
835 5517 873 5560 a
905 5499 1189 5579 proximo
1217 5501 1449 5575 medie,
1481 5500 1652 5583 quod
1682 5501 1743 5562 in
1790 5501 1956 5564 elec-

1243 360 1453 415 OPUSC.
1489 366 1527 425 1,
1574 362 1687 416 Lm.
1727 364 1811 417 nl.
1846 363 1926 415 m:
1959 364 2234 419 Auxluls
2265 367 2495 421 1³1leAE
2525 364 2788 421 cunm.

2048 469 2216 531 tione
2263 470 2380 532 fuit
2409 476 2814 550 postremum,
2857 476 2921 531 et
2947 470 3386 549 progrediatur
3413 488 3616 549 nsque

2048 562 2128 623 ad
2177 565 2608 625 executionem
2665 562 2808 623 finis
2844 563 3046 641 primo
3098 563 3344 624 intenti.
3400 564 3618 641 Neque

2046 654 2165 715 hoc
2222 662 2316 717 est
2357 674 2588 717 novum
2637 655 2806 734 apud
2832 656 3236 735 philosophos
3293 656 3618 724 morales;

2045 766 2192 807 nam
2217 755 2356 828 post
2377 755 2568 809 totam
2592 749 2958 809 electionem
2987 748 3358 819 mediorum,
3397 750 3468 808 in
3497 767 3620 826 qua

2047 840 2259 903 finitur
2273 842 2426 903 ordo
2449 842 2834 913 intentionis,
2867 842 3087 903 dicunt
3105 842 3375 921 incipere
3399 859 3620 907 usum.

2045 936 2175 1013 qui,
2201 942 2270 997 ut
2289 936 2486 996 active
2515 942 2608 997 est
2635 936 2716 996 ab
2747 934 2970 995 eodem
3003 936 3260 1008 artifice,
3289 938 3348 997 in
3389 936 3622 995 volun-

2043 1034 2170 1090 tate
2199 1030 2335 1109 ejus
2364 1030 2590 1099 existit,
2622 1035 2684 1091 et
2712 1030 2792 1090 ab
2817 1029 2921 1090 illo
2941 1029 3270 1091 inchoatur
3297 1030 3618 1093 executio.

2051 1122 2342 1194 Quamvis
2357 1139 2509 1199 ergo
2526 1122 2588 1182 in
2599 1125 2730 1183 Deo
2749 1122 3094 1183 secundum
3109 1141 3242 1183 rem
3253 1142 3378 1185 non
3399 1123 3494 1183 sit
3509 1122 3622 1182 dis-

2049 1218 2262 1277 tinctio
2288 1216 2504 1277 talium
2535 1222 2812 1289 actuum,
2844 1223 3056 1277 tamen
3079 1234 3224 1277 vere
3253 1236 3326 1279 ac
3351 1215 3622 1297 proprie

2051 1311 2136 1370 illi
2167 1310 2543 1383 tribuuntur,
2579 1314 2638 1371 et
2668 1309 3012 1371 secundum
3032 1309 3334 1371 rationem
3359 1328 3406 1371 a
3439 1309 3623 1369 nobis

2053 1402 2548 1482 distinguuntur;
2583 1420 2730 1465 nam
2777 1403 3136 1481 hujusmodi
3169 1408 3340 1465 actus
3361 1402 3464 1462 ad
3497 1418 3628 1477 per-

2051 1497 2386 1557 fectionem
2431 1499 2736 1575 spectant,
2767 1502 2829 1557 et
2855 1495 3196 1556 formaliter
3229 1496 3490 1556 nullam
3513 1493 3630 1551 im·

2051 1588 2498 1668 perfectionem
2543 1587 2887 1649 involvunt.
2936 1588 3068 1649 Stat
3115 1606 3260 1667 ergo
3311 1588 3514 1647 firma
3567 1592 3628 1644 et

2053 1681 2250 1743 solida
2293 1681 2398 1741 illa
2425 1682 2733 1743 distinctio
2767 1688 3022 1742 actuum
3059 1681 3515 1760 pertinentium
3545 1677 3628 1738 ad

2051 1774 2338 1836 ordinem
2377 1774 2766 1847 intentionis,
2806 1775 2906 1835 vel
2949 1774 3030 1835 ad
3071 1774 3350 1835 ordinem
3387 1789 3632 1833 execu-

2049 1868 2258 1939 tioniS,
2283 1868 2594 1929 intellecta
2627 1886 2757 1929 non
2783 1868 2987 1929 solum
3015 1867 3093 1927 de
3123 1868 3358 1927 actibus
3387 1866 3630 1926 imma-

2050 1959 2343 2022 nentibus
2387 1962 2450 2021 in
2477 1966 2690 2021 mente
2719 1960 2998 2033 artificiS,
3047 1966 3110 2021 et
3147 1958 3629 2021 transeuntibus

2051 2054 2261 2133 quoad
2313 2058 2636 2115 externam
2697 2054 3128 2115 executionem
3163 2098 3178 2125 ,
3243 2053 3354 2113 sed
3425 2051 3628 2111 etiam

2047 2146 2256 2224 quoad
2286 2146 2562 2207 internos
2591 2152 2768 2205 actus
2798 2144 3134 2207 voluntatis
3161 2145 3454 2225 ejusdem
3479 2144 3630 2203 arti-

2045 2237 2202 2311 ficis,
2241 2244 2309 2299 ut
2354 2238 2740 2299 declaratum
2773 2244 2889 2299 est.
2923 2238 3100 2309 Quod
3131 2239 3180 2299 si
3209 2238 3533 2299 addamus
3563 2238 3628 2295 iu

2044 2333 2178 2392 Deo
2235 2348 2414 2410 aeque
2476 2338 2774 2392 aeternam
2847 2350 2984 2393 esse
3053 2332 3446 2393 voluntatem
3509 2348 3632 2409 per

2047 2442 2238 2503 quam
2263 2423 2326 2483 in
2351 2429 2633 2502 tempore
2672 2425 3000 2503 exequitur
3029 2424 3198 2503 quod
3225 2424 3373 2495 vult,
3413 2430 3490 2484 et
3519 2442 3634 2482 vo-

2047 2518 2350 2579 luntatem
2375 2536 2500 2597 qua
2530 2519 2796 2579 intendit
2821 2518 3054 2596 aliquid
3083 2537 3194 2578 seu
3237 2516 3628 2597 praedefinit,

2046 2616 2214 2673 recte
2239 2610 2686 2671 concludemus
2727 2611 2788 2670 in
2829 2611 2963 2689 ipsa
2989 2616 3224 2671 aeterna
3253 2610 3364 2671 Dei
3385 2610 3633 2669 volun-

2051 2710 2178 2765 tate
2205 2704 2550 2764 etdecretis
2579 2702 2787 2763 liberis
2819 2704 2978 2781 ejus,
3031 2704 3262 2782 optime
3315 2702 3630 2780 distingui

2051 2814 2250 2857 unum
2311 2796 2476 2875 quod
2521 2798 2600 2857 sit
2643 2814 2758 2875 per
2795 2795 3053 2857 modum
3101 2796 3510 2867 inten'tioniS,
3565 2802 3632 2855 et

2051 2892 2220 2951 aliud
2255 2890 2424 2969 quod
2459 2891 2535 2951 sit
2577 2909 2691 2969 per
2719 2891 2977 2952 modum
3017 2890 3352 2951 voluntatis
3389 2908 3634 2951 execu-

2050 2985 2214 3061 tivae,
2249 2991 2310 3045 et
2338 2983 2701 3062 applicantis
2733 2984 2814 3043 ad
2841 3002 3021 3044 usum
3053 3002 3166 3063 pro
3191 2983 3296 3045 tali
3331 2990 3630 3063 tempore

2052 3096 2298 3151 causaS,
2335 3096 2444 3138 scu
2493 3078 2836 3156 poter-tiam
2875 3078 3154 3157 proxime
3198 3083 3636 3156 exequentem

2050 3173 2242 3234 uilem
2271 3171 2582 3233 effectum.

2132 3267 2191 3326 7.
2237 3265 2322 3326 In
2363 3263 2609 3326 illorum
2651 3262 2926 3326 doctrina
2970 3270 3183 3327 nostra
3225 3265 3628 3344 supponitur.

2047 3361 2356 3436 —Atque
2393 3357 2556 3418 hanc
2599 3356 2799 3436 ipsam
2853 3357 3312 3418 distinctionem
3365 3355 3454 3416 ab
3507 3358 3634 3418 eis-

2047 3449 2192 3511 dem
2221 3450 2603 3525 auctoribus‚
2630 3451 2733 3528 qui
2765 3450 2933 3510 illam
2961 3450 3353 3528 impugnant,
3376 3469 3450 3510 re
3493 3450 3634 3529 ipsa

2047 3544 2312 3615 admitti,
2343 3543 2588 3604 duobus
2609 3543 2813 3604 modis
2837 3543 3201 3604 ostenditur.
3217 3543 3422 3603 Primo
3447 3545 3631 3621 qnia,

2047 3637 2298 3718 quando
2317 3639 2486 3699 Deus
2509 3635 2860 3716 praedefinit
2880 3636 3029 3696 dare
3047 3636 3280 3696 homini
3297 3637 3636 3714 cogitatio-

2047 3748 2194 3792 ncm
2223 3749 2301 3791 ex
2329 3749 2456 3810 qua
2495 3731 2610 3792 scit
2639 3748 2776 3791 esse
2813 3729 3093 3789 futurum
3123 3735 3484 3809 peccatum.
3535 3731 3634 3790 vel

2047 3824 2492 3904 cogitationem
2521 3841 2600 3884 ex
2627 3841 2754 3902 qua
2801 3821 2914 3883 scit
2951 3823 3232 3882 futurum
3277 3841 3420 3884 esse
3463 3843 3636 3904 opus

2047 3916 2309 3988 virtutiS,
2334 3934 2482 3978 vere
2509 3915 2775 3977 dicimus
2797 3917 2996 3977 Deum
3023 3915 3183 3978 velle
3227 3915 3384 3976 dare
3420 3935 3634 3976 unam

2046 4018 2302 4090 propter
2355 4027 2516 4088 opus
2549 4009 2812 4081 virtutis,
2859 4026 2984 4068 non
3041 4027 3190 4069 vero
3225 4008 3416 4068 aliam
3481 4028 3634 4088 pro·

2045 4109 2184 4183 pter
2214 4120 2372 4182 opus
2407 4102 2668 4181 pcccati.
2727 4102 2916 4180 Cujus
2952 4100 3042 4161 rei
3079 4119 3268 4162 causa
3311 4119 3458 4162 esse
3495 4121 3632 4162 non

2045 4201 2270 4274 potest,
2297 4195 2417 4255 nisi
2467 4195 2612 4273 quia
2651 4195 2714 4254 in
2749 4195 2945 4256 altero
2979 4213 3130 4255 casu
3161 4194 3483 4256 antecedit
3533 4215 3634 4256 se·

2045 4290 2320 4350 cundum
2376 4289 2684 4349 rationem
2729 4295 2905 4350 actus
2949 4287 3172 4367 aliquis
3225 4287 3454 4349 divinae
3513 4307 3632 4350 xo-

2043 4384 2322 4460 luntatiS,
2355 4401 2478 4462 quo
2510 4382 2773 4444 intendit
2792 4381 2916 4444 tale
2945 4401 3103 4462 opus
3143 4382 3404 4453 bonum,
3441 4389 3516 4444 et
3549 4403 3630 4444 ex

2047 4496 2172 4558 quo
2220 4483 2354 4539 orta
2383 4483 2478 4538 est
2507 4476 2820 4556 cogitatio,
2851 4493 2991 4556 quae
3037 4477 3247 4536 futura
3275 4480 3370 4536 est
3417 4495 3626 4538 causa

2047 4572 2210 4632 illius
2241 4571 2484 4650 operis;
2522 4571 2582 4630 in
2607 4570 2730 4631 alio
2771 4589 2921 4630 vero
2961 4588 3112 4630 casu
3139 4588 3268 4629 non
3295 4572 3626 4632 antecedit

2043 4667 2184 4728 talis
2206 4665 2488 4736 intenti0,
2519 4665 2629 4725 sed
2659 4665 2862 4724 solum
2889 4671 3030 4744 post
3049 4664 3438 4725 voluntatem
3457 4665 3628 4725 dan-

2043 4760 2106 4821 di
2157 4759 2346 4821 talem
2401 4758 2862 4838 cogitationem,
2919 4757 3200 4836 sequitur
3245 4757 3308 4816 in
3337 4759 3470 4818 Deo
3503 4777 3624 4819 vo-

2038 4853 2248 4916 luntas
2276 4851 2687 4914 concurrendi
2715 4870 2858 4911 cum
2913 4851 3190 4912 humano
3236 4851 3500 4911 arbitrio
3533 4853 3618 4912 ad

2043 4951 2250 5008 actum
2303 4946 2565 5025 peccati,
2625 4961 2764 5022 quae
2807 4950 2904 5005 est
2930 4945 3218 5005 voluntas
3253 4945 3614 5019 executiva,

2042 5045 2105 5100 et
2133 5039 2252 5099 alia
2281 5036 2759 5118 proportionalis
2807 5037 3092 5116 ponenda
3122 5043 3216 5098 est
3251 5036 3420 5098 circa
3447 5055 3614 5116 opus

2039 5133 2299 5204 honum,
2345 5131 2493 5210 quia
2541 5131 2728 5191 etiam
2755 5131 2922 5190 Deus
2949 5129 3079 5190 vult
3115 5147 3496 5190 concurrere
3531 5131 3616 5190 ad

2042 5224 2214 5285 illud.
2259 5226 2420 5302 Ergo
2461 5225 2622 5284 circa
2676 5224 2980 5284 illummet
3012 5229 3220 5284 actum
3251 5223 3490 5282 honum
3521 5225 3616 5284 in·

2037 5317 2395 5378 terveniunt
2449 5334 2528 5377 ex
2550 5326 2726 5396 parte
2770 5316 2878 5377 Dei
2907 5316 3032 5377 duo
3069 5317 3330 5376 affectus
3359 5318 3610 5378 ratione

2037 5409 2340 5472 distincti:
2383 5427 2568 5480 unus,
2609 5410 2932 5488 pertinens
2961 5409 3042 5470 ad
3073 5409 3362 5472 ordinem
3401 5409 3610 5472 inten-

2037 5505 2242 5576 tionis,
2282 5503 2440 5564 alius
2475 5521 2624 5564 vero
2659 5503 2740 5566 ad
2778 5502 3233 5566 executionem.
3281 5505 3488 5584 Atque
3517 5504 3610 5565 ita
