3850 6225
514 422 637 483 486

516 524 931 607 praecedentia
970 532 1227 605 peccata
1254 545 1369 606 per
1402 545 1541 607 quae
1567 527 1799 589 merita·
1820 526 2082 587 mortifi-

516 624 657 679 cata
715 617 1001 692 fuerunt3
1058 621 1207 700 quia
1258 622 1449 682 etiam
1506 618 1854 681 secundum
1916 620 2082 679 hanc

513 711 1051 791 comparationem
1113 720 1319 792 potest
1387 712 1673 775 contritio
1741 711 2080 773 existimari

516 805 839 866 moraliter
882 807 1086 884 major
1124 807 1227 867 vel
1269 808 1475 868 minor
1525 806 1870 886 dispositio.
1922 806 2079 871 Item

516 896 783 959 deberet
812 898 1196 959 considerari
1222 900 1541 978 proportio
1571 899 1652 959 ad
1672 898 1893 959 merita
1920 915 2080 976 prae-

516 989 827 1063 cedentia,
859 1008 989 1051 non
1016 997 1146 1052 tam
1176 991 1525 1053 secundum
1574 991 2078 1053 mathematicam

514 1082 1007 1160 proportionem,
1035 1088 1101 1143 ut
1120 1082 1266 1145 dicti
1290 1090 1577 1146 auctores
1596 1084 1856 1159 faciunt,
1886 1100 2078 1161 quam

512 1174 858 1235 secundum
901 1176 1206 1237 moralem
1264 1177 1787 1239 existimationem
1814 1222 1829 1249 ,
1884 1193 2077 1253 quam

514 1266 845 1343 omittunt}
872 1274 935 1328 et
958 1267 1101 1329 ideo
1127 1268 1287 1331 forte
1330 1270 1395 1330 in
1434 1270 1659 1331 eadem
1676 1268 2079 1331 incommoda

511 1359 796 1421 incidunt
822 1380 961 1439 quae
988 1362 1183 1425 vitare
1207 1364 1497 1443 cupiunt3
1535 1370 1603 1425 ut
1634 1364 1829 1441 (verbi
1852 1363 2078 1441 gratia)

510 1452 687 1531 quod
714 1472 944 1531 parvus
980 1474 1272 1517 excessus
1296 1457 1684 1518 contritionis
1704 1457 1845 1535 plus
1873 1456 2078 1517 valeat

508 1543 595 1605 ad
628 1547 935 1625 majorem
972 1548 1236 1629 gloriam
1266 1550 1673 1611 obtinendam
1704 1568 1895 1627 quam
1943 1567 2080 1609 ma·-

508 1656 676 1717 gnus
727 1658 1019 1703 excessus
1049 1642 1415 1705 meritorum
1470 1642 1985 1723 praecedentium,
2017 1649 2079 1704 et

508 1730 760 1806 similia,
812 1752 951 1813 quae
1002 1735 1182 1797 facile
1223 1736 1445 1797 inferri
1495 1741 1776 1816 possunt.
1825 1734 2080 1797 Accedit

510 1824 767 1887 taudem
806 1828 997 1907 quod,
1032 1828 1211 1909 juxta
1242 1829 1414 1890 illam
1465 1830 1865 1904 sententiam,
1920 1826 2078 1888 nihil

511 1916 765 1980 firmum
788 1922 889 1981 vel
916 1922 1064 1983 satis
1089 1941 1483 2001 consequens
1502 1922 1623 1983 dici
1650 1927 1855 2001 potest
1877 1921 1957 1984 de
1981 1939 2078 1983 re-

511 2013 835 2092 paratione
870 2015 1235 2078 meritorum
1261 2034 1375 2095 per
1398 2016 1779 2077 attritionem
1808 2033 1952 2077 cum
1978 2033 2078 2075 sa-

512 2113 858 2168 cramento,
910 2109 1403 2189 Respondebunt
1458 2109 1524 2169 in
1568 2128 1645 2171 ea
1704 2108 2076 2170 servandam

516 2216 657 2259 esse
696 2200 963 2261 similem
1010 2202 1499 2283 proportionem,
1527 2203 1613 2264 ita
1666 2209 1732 2263 ut
1770 2220 1883 2281 per
1913 2220 2078 2261 sum-

512 2310 681 2352 mam
711 2293 1090 2356 attritionem
1119 2313 1263 2355 cum
1285 2301 1677 2356 sacramento
1706 2300 2078 2373 reparentur

515 2387 725 2447 omnia
754 2387 1007 2459 merita;
1053 2390 1224 2450 etsie
1252 2390 1331 2449 de
1360 2390 1600 2451 caeteris
1645 2388 2076 2468 proportiona-

514 2479 688 2552 liter;
723 2480 869 2559 quia
900 2482 1127 2544 attritio
1156 2500 1301 2543 cum
1326 2487 1716 2544 sacramento
1747 2481 2080 2561 aequivalet

514 2573 890 2635 contritioni.
924 2574 1047 2637 Sed
1076 2576 1193 2637 hoc
1223 2576 1411 2637 etiam
1440 2595 1567 2637 non
1610 2575 1835 2635 dicitur
1862 2592 2080 2635 conse-

514 2672 807 2746 quenter,
841 2686 959 2729 nec
993 2684 1135 2729 cum
1164 2668 1611 2740 fundamento;
1652 2673 1783 2729 tum
1812 2668 1959 2747 quia
1989 2674 2077 2729 at-

514 2760 679 2821 tritio
719 2778 861 2821 cum
908 2766 1299 2823 sacramento
1348 2762 1681 2841 aequivalet
1722 2761 2078 2823 contritioni

514 2853 721 2933 quoad
751 2854 1041 2916 effectum
1071 2856 1463 2929 sacramenti,
1517 2873 1643 2915 non
1684 2872 1834 2915 vero
1868 2854 2078 2933 quoad

513 2946 669 3018 alia;
711 2949 843 3009 tum
896 2947 1085 3009 etiam
1143 2948 1289 3027 quia
1348 2948 1555 3009 minor
1599 2948 1885 3009 contritio
1932 2966 2074 3009 cum

514 3046 904 3101 sacramento
938 3040 1159 3102 melior
1182 3041 1501 3121 dispositio
1550 3046 1644 3102 est
1685 3058 1875 3120 quam
1906 3058 2072 3101 sum·

510 3149 617 3192 ma
663 3133 891 3195 attritio
914 3180 929 3207 ,
988 3135 1176 3196 etiam
1236 3153 1377 3196 cum
1434 3125 1857 3207 sacramento;
1918 3151 2070 3213 ergo

509 3225 705 3286 multo
760 3227 961 3306 magis
1016 3245 1131 3307 per
1180 3227 1351 3289 illam
1402 3227 1812 3290 restituentur
1858 3227 2072 3287 omnia

507 3321 751 3394 merita,
781 3321 951 3400 quod
981 3323 1097 3401 ipsi
1140 3341 1267 3383 non
1314 3321 1668 3384 admittunt.
1698 3321 1836 3382 Non
1866 3325 2072 3400 potest

507 3429 659 3492 ergo
698 3413 875 3492 juxta
931 3415 1099 3476 hunc
1146 3415 1563 3495 proportionis
1602 3413 1861 3476 modum
1894 3412 2072 3474 satis-

506 3505 643 3568 fieri
693 3506 1159 3569 difficultatibus
1196 3509 1512 3583 omnibuS,
1548 3507 1645 3568 vel
1690 3507 2073 3569 sufficienter

508 3599 803 3679 explicari
833 3600 1263 3663 reviviscentia
1286 3601 1673 3663 meritorum.

633 3849 877 3915 Tertius
908 3849 1251 3934 explicandi
1289 3852 1499 3915 modus
1530 3851 1930 3933 improbatur.

584 4071 681 4130 12.
743 4069 1151 4132 Dicere-vero
1204 4075 1415 4150 posset
1453 4069 1699 4149 aliquis,
1750 4087 2065 4131 summam

502 4163 957 4232 contritionem,
990 4180 1131 4241 quae
1176 4169 1273 4224 est
1298 4164 1499 4242 prima
1548 4179 1849 4224 mensura
1876 4161 2066 4241 hujus

497 4254 940 4335 proportioniS,
983 4273 1111 4316 non
1150 4273 1287 4317 esse
1324 4255 1697 4318 sumendam
1734 4273 1847 4334 per
1892 4272 2066 4316 com·

495 4348 887 4428 parationem
916 4347 998 4408 ad
1042 4348 1339 4409 auxilium
1375 4349 1709 4420 sufficienS,
1756 4353 1826 4409 ut
1870 4365 2062 4426 supra

494 4439 885 4516 dicebamus,
931 4441 1043 4502 sed
1070 4459 1183 4520 per
1220 4443 1751 4520 comparationem
1789 4441 1871 4502 ad
1902 4442 2062 4502 intc-

492 4549 673 4610 gram
710 4533 1141 4594 remissionem
1180 4540 1577 4612 peecatorum
1600 4579 1615 4608 ,
1668 4533 2060 4596 considerato

493 4631 657 4687 statu
706 4631 767 4688 et
809 4627 1109 4706 gravitate
1156 4629 1395 4707 peccati
1438 4629 1633 4707 ipsius
1664 4625 2052 4706 poenitentis3

490 4719 575 4782 ita
634 4727 701 4780 ut
758 4721 823 4780 in
878 4737 1261 4798 unoquoque
1320 4720 1423 4780 illa
1473 4720 1715 4782 dicatur
1768 4717 2056 4780 contritio

488 4829 761 4886 summa,
792 4813 891 4874 vel
928 4813 1242 4874 sufficiens
1272 4814 1353 4875 ad
1395 4815 1607 4874 omnia
1652 4812 1875 4874 merita
1904 4811 2056 4872 vivi-

485 4905 755 4982 ficanda,
784 4922 923 4984 quae
956 4905 1270 4968 sufficiens
1299 4911 1394 4968 est
1419 4905 1500 4968 ad
1531 4904 1934 4966 obtinendam
1962 4903 2052 4965 in·

484 5005 727 5078 tegram
768 4999 1201 5062 remissionem
1232 5007 1633 5078 peccatorum
1674 4993 1885 5077 quoad
1931 4997 2057 5058 cul-

482 5109 629 5170 pam
687 5099 749 5152 et
788 5111 1083 5172 poenam;
1141 5094 1288 5172 quia
1338 5094 1468 5154 haec
1526 5091 1771 5152 videtur
1822 5092 2056 5170 optima

482 5186 831 5266 dispositio,
882 5205 1019 5266 quae
1060 5205 1097 5247 a
1144 5187 1247 5248 tali
1286 5185 1544 5247 bomine
1576 5185 1796 5247 merito
1840 5192 2058 5264 postu·

474 5279 593 5340 lari
632 5284 862 5359 potest,
906 5285 969 5342 et
996 5280 1138 5341 ideo
1167 5297 1307 5358 quae
1348 5279 1557 5359 miuus
1604 5278 1879 5357 perfecta
1922 5277 2056 5338 fue·

472 5373 575 5445 rit,
604 5389 733 5432 non
781 5373 899 5434 erit
944 5373 1259 5435 sufficiens
1296 5371 1378 5432 ad
1412 5371 1624 5432 omnia
1660 5371 1907 5446 merita,
1941 5371 2052 5432 sed

473 5464 559 5526 ad
590 5464 803 5544 aliqua
828 5465 1006 5544 juxta
1050 5465 1541 5546 proportionem.
1592 5463 1717 5526 Sed
1758 5464 1859 5524 hic
1907 5481 2046 5524 mo-

1092 426 1303 481 OPUSC.
1338 428 1399 478 V.
1434 426 1735 481 numerio
1772 428 1850 479 m:
1880 425 2362 479 REvtvlscENTm
2393 423 2774 477 HERlTORUB.
2811 422 3051 475 nisPU'r.
3083 421 3150 474 11.

2163 523 2520 585 declarandi
2543 522 2888 601 perfectam
2915 517 3406 598 dispositionem,
3431 524 3490 579 et
3511 524 3678 598 quoad

2165 634 2306 677 eam
2335 622 2578 697 partem
2607 634 2732 695 qua
2767 613 3038 675 affirmat
3073 612 3264 673 talem
3295 612 3676 677 contritionem
3768 644 3769 659 π

2165 726 2302 771 esse
2333 710 2746 769 sufficientem
2797 706 2878 767 ad
2917 706 3130 765 omnia
3165 704 3391 765 merita
3415 704 3678 767 vivifican-

2163 800 2244 861 da
2267 822 2300 873 ‚·
2343 818 2456 881 per
2507 820 2574 861 se
2626 800 2898 860 maxime
2937 796 3278 877 probabilis
3315 797 3434 869 sit,
3485 802 3672 873 tamen,
3768 828 3769 853 i

2160 900 2470 973 quatenus
2517 893 2780 973 requirit
2831 897 3068 953 tantam
3117 889 3572 969 dispositionem
3619 895 3677 954 ad
3768 952 3769 971 ἦ

2159 988 2350 1049 talem
2379 988 2694 1059 effectum,
2743 992 2806 1046 et
2843 984 2922 1045 de
2969 982 3477 1063 dispositionibus
3513 984 3675 1047 minas
3768 1046 3769 1051 ,

2159 1080 2450 1160 perfectis
2479 1098 2624 1139 cum
2655 1078 2954 1157 praedicta
2993 1077 3400 1155 proportione
3426 1075 3672 1154 loquitur,
3768 1142 3769 1145 ,

2159 1192 2288 1235 non
2315 1174 2506 1235 habet
2531 1174 2736 1252 majus
2766 1170 3244 1231 fundamentum
3279 1187 3470 1248 quam
3495 1188 3678 1248 praece-
3768 1182 3769 1191 ²

2160 1266 2318 1329 dens
2359 1266 2608 1327 dicendi
2637 1264 2884 1337 modus„
2915 1270 2976 1325 et
3007 1263 3264 1324 easdem
3309 1262 3534 1341 patitur
3555 1264 3677 1325 diffi-
3768 1336 3769 1349 ἢ

2161 1360 2446 1430 annates,
2479 1367 2542 1421 et
2579 1359 2722 1419 ideo
2749 1357 2932 1419 nobis
2977 1357 3168 1417 etiam
3211 1374 3346 1417 non
3392 1355 3672 1435 probatnr;
3768 1394 3769 1425 2

2161 1453 2226 1513 in
2251 1472 2326 1515 eo
2353 1459 2570 1515 tamen
2597 1450 3024 1531 impugnando
3051 1466 3180 1509 non
3229 1448 3676 1520 immorabimur,
3768 1442 3769 1477 l

2160 1547 2308 1627 quia
2333 1546 2516 1608 facile
2555 1548 2820 1624 possunt
2861 1543 3070 1606 omnia
3115 1544 3412 1622 superius
3439 1540 3582 1603 dicta
3605 1542 3676 1605 hic

2160 1640 2480 1722 applicari.

2242 1737 2339 1796 ¹3.
2377 1732 2614 1808 Quarta
2645 1734 2948 1797 sententia
2967 1732 3366 1813 antiquorum
3388 1729 3674 1809 exponitur.

2157 1864 2232 1875 --
2267 1830 2374 1889 Est
2415 1829 2604 1908 igitur
2639 1828 2897 1889 ultimus
2939 1825 3164 1886 modus
3205 1822 3490 1897 dicendi,
3532 1842 3680 1901 quem

2157 1922 2577 1986 communiter
2603 1920 2882 1982 indicant
2909 1919 3153 1998 antiqui
3169 1918 3491 1990 Doctore8‚
3520 1916 3678 1977 dicen-

2158 2023 2254 2078 tes
2285 2012 2708 2094 praecedentia
2733 2013 2956 2073 merita
2983 2011 3373 2087 reviviscere
3389 2010 3680 2069 secundum
3768 2088 3769 2091 Ἴ

2157 2108 2626 2189 proportionem
2655 2106 2998 2179 charitatiS,
3040 2105 3106 2164 in
3139 2122 3272 2181 qua
3301 2103 3486 2161 homo
3521 2121 3682 2163 resur·

2160 2202 2271 2281 git,
2295 2202 2378 2262 ad
2397 2200 2764 2261 charitatem
2789 2216 2978 2277 quam
2995 2214 3112 2275 per
3131 2196 3360 2257 merita
3381 2196 3676 2273 proeceden-
3768 2224 3769 2227 ¹

2158 2294 2244 2356 tia
2269 2300 2640 2355 consecutus
2667 2292 2896 2363 fuerat,
2925 2309 3040 2351 seu
3069 2289 3135 2349 in
3162 2308 3296 2368 qua
3325 2291 3456 2349 erat
3477 2288 3678 2365 quando

2157 2388 2458 2469 peccavit.
2515 2389 2610 2449 Ita
2655 2388 2842 2449 sentit
2883 2386 3062 2447 divus
3107 2385 3408 2447 Thomas,
3457 2384 3492 2443 3
3527 2392 3670 2461 part,
3768 2438 3769 2447 2

2159 2487 2378 2561 quaest.
2428 2482 2530 2553 89,
2593 2486 2711 2541 art.
2765 2482 2828 2551 2,
2873 2479 2938 2539 in
2986 2494 3278 2556 corpore,
3329 2482 3392 2537 et
3421 2477 3584 2536 ιιι-ιδ
3615 2477 3672 2535 ad
3768 2526 3769 2547 ζ

2158 2577 2233 2651 33
2277 2592 2466 2653 quem
2511 2574 2870 2635 Paludsnus
2911 2572 3198 2649 sequitur
3239 2570 3306 2630 in
3351 2572 3413 2641 A,
3445 2568 3567 2629 dist.
3597 2574 3664 2639 u,

2157 2673 2378 2747 quaest.
2415 2672 2610 2739 1,art.
2641 2668 2702 2738 Ξ,
2735 2667 2804 2726 in
2827 2665 2984 2737 fine;
3020 2670 3082 2725 et
3107 2661 3470 2742 Capreolus,
3499 2670 3664 2740 quaest.
3768 2688 3769 2693 κ

2158 2762 2222 2833 2,
2253 2766 2367 2821 art.
2413 2765 2470 2835 1,
2508 2762 2706 2821 concl.
2757 2762 2822 2835 2,
2877 2764 2939 2821 et
2985 2764 3100 2819 art.
3147 2759 3211 2829 3,
3245 2756 3329 2817 ad
3361 2763 3668 2836 argumenta

2159 2853 2324 2915 Scoti
2355 2860 2570 2915 contra
2601 2854 2740 2923 illa;
2777 2859 2840 2913 et
2876 2852 3211 2931 cajetanus
3243 2868 3434 2929 super
3467 2852 3530 2909 D.
3553 2850 3672 2907 Tho-

2157 2964 2326 3007 mam
2371 2964 2582 3025 supra,
2615 2953 2679 3008 et
2725 2946 2943 3007 Petrus
2973 2946 3140 3014 Sot0,
3171 2942 3322 3005 lect.
3355 2944 3395 3003 6
3417 2942 3489 3003 de
3514 2934 3670 3005 Poeni-

2155 3040 2372 3101 tentia.
2415 3038 2714 3120 Idemque
2761 3038 3038 3099 sentiunt
3080 3036 3436 3097 Alexander
3480 3033 3670 3095 Alensis

2151 3135 2190 3194 4
2225 3139 2413 3212 part.‚
2461 3138 2684 3211 quaest.
2736 3133 2834 3204 12,
2879 3129 3116 3191 memb.
3154 3133 3220 3202 4,
3253 3135 3373 3191 art.
3405 3131 3474 3201 ὃς
3499 3135 3552 3190 et
3585 3131 3670 3190 Bo·

2151 3231 2520 3298 naventura,
2585 3225 2652 3284 in
2711 3224 2851 3286 dist.
2911 3225 3009 3298 15,
3061 3223 3346 3284 secunda
3391 3227 3533 3302 part.
3575 3221 3670 3282 dis-

2149 3319 2488 3392 tinctioniS,
2519 3325 2638 3380 art.
2687 3321 2756 3390 Ξ,
2802 3336 2864 3396 q.
2923 3322 2982 3390 1,
3029 3317 3112 3378 ad
3152 3321 3214 3377 4.
3253 3317 3400 3389 Quae
3447 3335 3572 3376 vero
3611 3316 3666 3374 sit

2152 3413 2288 3474 haec
2331 3411 2652 3492 proportio
2678 3411 2996 3473 charitatis
3025 3411 3106 3472 ab
3141 3410 3236 3472 eis
3277 3429 3406 3472 non
3435 3409 3666 3470 distinete

2153 3507 2518 3588 explicatur,
2567 3506 2682 3567 sed
2707 3507 2908 3568 solum
2939 3506 3156 3568 dieunt
3183 3507 3408 3566 merita
3431 3521 3666 3582 resurge·

2151 3620 2246 3674 re,
2297 3620 2427 3663 non
2479 3599 2828 3662 secundum
2879 3617 3248 3660 mensuram
3291 3598 3582 3660 charitatis
3620 3597 3664 3655 in

2152 3712 2282 3774 qua
2308 3694 2470 3756 facta
2511 3699 2676 3766 sunt,
2719 3691 2844 3754 sed
2887 3693 2952 3753 in
3003 3711 3130 3771 qua
3185 3693 3378 3752 homo
3423 3695 3658 3768 resuigit.
3768 3709 3769 3762 j

2151 3787 2299 3860 Quae
2327 3787 2710 3866 comparatio
2741 3785 3146 3866 intelligenda
3179 3791 3280 3846 est
3313 3785 3391 3846 de
3420 3785 3662 3846 chaiitate
3768 3773 3769 3844 Ῐ

2149 3881 2216 3942 in
2257 3899 2382 3960 qua
2427 3881 2616 3942 homo
2645 3881 2918 3960 resurgit
2945 3898 3024 3940 ex
3059 3879 3120 3938 vi
3152 3879 3526 3940 contritionis
3545 3895 3662 3956 prae·
3768 3875 3769 3958 j

2151 3973 2278 4034 eise
2303 3971 2711 4034 consideratas
2733 3973 2868 4034 sine
2897 3991 3206 4034 concursu
3235 3971 3658 4051 praecedentium
3768 3993 3769 4054 3

2147 4065 2511 4128 meritorum
2535 4085 2552 4138 ;
2599 4065 2686 4126 sic
2741 4065 2911 4126 enim
2951 4064 3178 4144 aliquis
3233 4071 3441 4126 certus
3476 4063 3658 4144 gradus

2147 4159 2466 4220 charitatis
2495 4157 2942 4237 correspondet
2970 4159 3350 4219 contritioni.
3389 4160 3519 4220 Haec
3543 4175 3655 4232 ergo
3768 4155 3769 4162 ’

2145 4249 2417 4312 charitas
2459 4250 2776 4312 interdum
2819 4255 3026 4330 potest
3061 4269 3202 4314 esse
3248 4252 3463 4332 major,
3507 4267 3654 4329 quam

2143 4343 2248 4405 illa
2275 4361 2416 4423 quae
2465 4343 2816 4405 debebatur
2844 4362 2920 4405 ex
2963 4345 3022 4406 vi
3045 4347 3328 4406 omnium
3359 4344 3656 4424 praec-eden-

2139 4435 2296 4498 tium
2322 4437 2710 4508 meritorum,
2742 4436 3058 4498 interdum
3089 4439 3372 4518 aequaliS,
3397 4437 3652 4499 interdum

2139 4547 2292 4590 vero
2335 4529 2562 4603 minor,
2609 4531 2788 4608 juxta
2835 4530 3146 4592 fervorem
3185 4531 3545 4593 contritionis
3569 4548 3652 4606 per
3768 4589 3769 4598 ἦ

2142 4639 2335 4702 quam
2357 4631 2544 4683 nomo
2573 4642 2611 4682 a
2641 4629 2898 4701 peccato
2921 4625 3206 4703 resurgit.
3245 4625 3516 4686 Sentiunt
3535 4639 3649 4700 ergo

2139 4717 2422 4778 valorem
2465 4717 2954 4794 praecedentium
2997 4719 3360 4780 meritorum
3393 4737 3506 4778 non
3541 4735 3646 4776 esse

2136 4809 2630 4872 mensurandum
2661 4829 2738 4872 ex
2767 4811 3066 4872 charitate
3097 4811 3162 4872 in
3192 4831 3316 4891 qua
3347 4813 3493 4874 facta
3513 4815 3644 4878 sunt,

2136 4923 2248 4964 seu
2277 4923 2314 4964 a
2343 4921 2470 4982 qua
2511 4905 2700 4965 homo
2745 4904 2990 4978 cecidit,
3037 4905 3152 4966 sed
3195 4924 3271 4966 ex
3319 4906 3418 4965 illa
3459 4905 3513 4964 in
3549 4919 3643 4979 qua

2137 4999 2440 5078 resurgit;
2491 4997 2762 5076 ideoque
2803 4997 2938 5058 fieri
2981 5017 3164 5077 posse
3211 5006 3281 5060 ut
3318 5017 3438 5059 non
3479 4994 3644 5057 omnia

2136 5091 2358 5151 merita
2405 5088 2812 5162 vivificentur,
2859 5089 2920 5150 id
2968 5099 3098 5164 est,
3153 5110 3280 5152 non
3325 5091 3402 5154 ad
3449 5087 3640 5166 aequale

2137 5183 2462 5262 proemium
2493 5182 2851 5256 essentiale,
2889 5185 3061 5263 quia,
3107 5185 3158 5246 si
3206 5187 3387 5246 bomo
3411 5185 3640 5258 resurgat

2135 5276 2217 5337 ad
2245 5277 2555 5336 minorem
2585 5276 2980 5352 charitatem,
3011 5295 3088 5340 ex
3115 5279 3170 5339 vi
3201 5297 3326 5340 suae
3343 5275 3636 5356 dispositio-

2133 5368 2232 5428 nis
2269 5368 2478 5447 priora
2509 5371 2730 5429 merita
2759 5387 2886 5430 non
2917 5371 3240 5432 habebunt
3273 5375 3492 5432 tantum
3517 5383 3636 5445 prae-

2131 5465 2350 5536 mium,
2379 5469 2680 5542 quantum
2707 5463 3018 5528 haberent
3045 5485 3082 5526 a
3109 5465 3403 5546 principio
3420 5464 3575 5534 tacta,
3595 5458 3630 5517 si

472 5555 593 5618 dus
620 5556 767 5620 licet
806 5557 1225 5638 distinguatur
1262 5575 1299 5618 a
1340 5556 1720 5638 praecedenti
1762 5557 1825 5616 in
1856 5554 2047 5617 modo
2127 5556 2268 5618 viva
2315 5575 2566 5640 semper
2607 5557 2906 5632 fuissent3
2949 5559 2998 5620 si
3039 5565 3252 5622 autem
3289 5557 3547 5630 charitas„
3585 5553 3630 5610 in
