3850 6225
585 378 704 443 358
1095 382 1304 435 OPUSG.
1343 384 1405 444 ll,
1442 382 1554 433 [ΑΒ.
1593 382 1654 433 ll.
1691 378 1770 431 m:
1801 374 2087 430 semma
2120 373 2577 431 coxm‘rtoxam
2613 377 2836 431 FUTL'R.
2870 376 3279 430 comissam.

583 487 978 556 eventurum,
1004 482 1054 543 si
1071 481 1222 543 illud
1240 481 1382 552 fian
1410 482 1530 541 hoc
1551 498 1702 558 ergo
1718 479 1926 559 ipsum
1944 479 2151 557 potest

585 577 946 655 simpliciter
1002 575 1122 637 illis
1195 574 1724 655 propositionibus
1783 570 2143 651 significari.

585 670 742 741 Imo,
767 670 815 730 si
841 686 942 729 res
970 672 1202 729 attente
1231 668 1684 739 consideretur,
1719 683 1858 726 cum
1883 664 1986 725 ille
2012 680 2149 723 mo·

585 762 706 823 dus
733 763 840 843 qui
861 761 1268 840 significatur,
1291 780 1434 823 eum
1463 760 1687 823 dicitur
1707 760 1825 819 hoc
1853 776 1991 819 esse
2009 774 2147 837 pro-

583 856 792 918 babile
823 855 922 916 vel
949 855 1306 947 verisimile,
1335 874 1465 915 non
1503 854 1582 915 sit
1609 852 1982 913 intrinsecus
2011 852 2145 930 ipse

585 950 676 1011 rei
718 948 816 1011 vel
860 947 1289 1027 propositioni,
1331 966 1471 1027 quse
1520 946 1744 1007 dicitur
1781 942 2143 1023 probabilia,

587 1042 700 1104 sed
727 1043 1109 1103 extrinsecus
1135 1042 1454 1121 pertinens
1476 1040 1554 1101 ad
1575 1030 2146 1101 manifestationem

585 1136 686 1195 vel
717 1135 1156 1213 cogitationem
1186 1134 1343 1213 ejuS,
1369 1132 1664 1212 supponit
1688 1131 1965 1210 aliquam
1992 1130 2149 1193 veri-

587 1234 782 1290 tatem
820 1246 928 1289 seu
963 1227 1456 1307 propositionem
1496 1226 1576 1287 de
1613 1226 1838 1297 inesse,
1872 1242 2011 1304 quae
2041 1224 2149 1284 de-

586 1320 950 1383 nominetur
989 1319 1327 1400 probabilis
1381 1322 1491 1379 aut
1553 1318 1942 1390 verisimilis;
1999 1336 2149 1396 ergo

591 1420 796 1493 potest
825 1413 928 1474 illa
970 1412 1330 1492 simpliciter
1357 1410 1690 1491 significari
1717 1410 1852 1473 sine
1881 1410 1988 1472 tali
2016 1428 2153 1470 mo-

591 1505 696 1578 do,
727 1512 790 1567 et
810 1506 928 1567 hoc
957 1506 1023 1566 fit
1063 1505 1124 1567 in
1155 1505 1272 1565 illis
1301 1504 1738 1565 locutionibus.

674 1600 772 1659 10.
817 1598 920 1661 An
966 1598 1318 1676 cateyoricoe
1355 1597 1484 1661 sint
1518 1615 1600 1661 an
1643 1595 2034 1677 hypotheticoe
2062 1596 2155 1659 Itoe

581 1689 1021 1771 propositiones
1087 1722 1156 1735 -
1186 1689 1310 1753 Sed
1337 1688 1592 1751 instabit
1616 1688 1774 1751 forte
1805 1688 2029 1767 aliquis
2058 1687 2155 1765 jn-

589 1789 944 1863 terroganS,
973 1801 1150 1845 more
1175 1783 1534 1863 sophistice,
1578 1802 1662 1845 an
1707 1800 1782 1843 ea
1812 1781 2153 1861 propositio

594 1875 654 1937 in
687 1875 978 1955 praedicto
1031 1894 1222 1937 sensu
1261 1876 1633 1956 appellanda
1679 1876 1758 1936 sit
1801 1874 2152 1955 categorica

591 1969 692 2029 vel
733 1968 1167 2047 hypothetica3
1225 1975 1448 2029 neutra
1487 1969 1654 2029 enim
1703 1967 1947 2030 videtur
1988 1986 2145 2029 esse.

594 2062 1031 2139 Respondetur
1057 2067 1268 2122 tamen
1297 2081 1424 2123 non
1461 2080 1596 2123 esse
1629 2061 1896 2121 multum
1929 2059 1991 2121 in
2016 2079 2153 2121 ver·

593 2154 689 2215 bis
723 2154 1208 2227 immorandum,
1252 2154 1503 2233 quando
1532 2172 1634 2214 res
1681 2155 1830 2214 satis
1881 2152 2153 2231 concipi-

599 2252 714 2319 tur,
768 2252 828 2307 et
857 2266 968 2325 per
1011 2266 1078 2308 se
1124 2247 1446 2307 evidenter
1489 2251 1732 2308 constat
1785 2245 2153 2327 praedictum

595 2358 851 2401 sensum
880 2358 1064 2418 posse
1095 2340 1460 2401 affirmativa
1488 2338 1801 2401 locutione
1841 2338 2153 2417 significa-

597 2432 671 2502 ri,
693 2431 819 2491 sive
837 2450 974 2491 eam
995 2433 1134 2511 quis
1149 2438 1324 2491 vocet
1343 2432 1780 2511 categoricam,
1803 2431 1933 2491 sive
1952 2432 2154 2509 hypo-

593 2524 910 2585 theticam.
943 2524 1119 2585 Addo
1149 2543 1296 2585 vero
1335 2523 1700 2597 formaliter,
1733 2531 1794 2585 et
1823 2543 1897 2584 ex
1925 2524 1983 2584 vi
2018 2542 2153 2585 ver·

593 2619 842 2689 borum,
872 2620 1042 2681 illam
1073 2637 1210 2679 esse
1241 2618 1728 2699 hypotheticam,
1758 2620 1904 2699 quia
1927 2638 2005 2679 ex
2036 2620 2155 2698 hy-

597 2712 843 2791 pothesi
869 2717 1112 2773 tantum
1141 2712 1430 2786 affirmat,
1467 2719 1529 2773 et
1552 2714 1694 2791 quia
1724 2713 1826 2773 illa
1849 2712 2159 2791 hypothe-

598 2806 680 2865 sis
701 2824 830 2867 non
857 2805 1240 2886 significatur
1265 2810 1332 2865 ut
1361 2806 1654 2884 ponenda
1685 2806 1744 2865 in
1767 2824 1857 2876 re,
1889 2806 2031 2866 ideo
2053 2806 2159 2865 ha-

594 2898 702 2960 bet
725 2899 992 2960 formam
1018 2900 1350 2960 etmodum
1379 2898 1830 2969 conditionalis,
1853 2906 1912 2959 et
1942 2900 2021 2959 ita
2046 2916 2159 2959 nos

595 2993 674 3053 dc
713 2992 816 3053 illa
845 2992 1192 3069 loquimur;
1227 3010 1354 3052 non
1393 2998 1603 3052 tamen
1631 2998 1724 3051 est
1761 3010 1838 3052 ex
1865 2992 1984 3053 illis
2009 3010 2158 3052 con—

597 3085 996 3147 ditionalibus
1030 3104 1168 3164 quae-
1211 3084 1554 3147 fundantur
1580 3086 1644 3146 in
1675 3084 1915 3146 formali
1938 3084 2158 3147 illatio·

595 3198 702 3251 ne,
735 3185 795 3240 et
821 3199 958 3258 quae
985 3179 1298 3240 affirmant
1324 3179 1743 3241 necessariam
1767 3181 2157 3240 consecutio-

601 3289 746 3333 nem
777 3272 962 3332 unius
992 3273 1074 3333 ab
1097 3273 1242 3344 alic,
1277 3273 1388 3333 sed
1416 3291 1492 3332 ex
1519 3271 1638 3333 illis
1671 3291 1810 3350 quoe
1843 3273 2156 3334 affirmant

599 3371 842 3426 tantum
909 3365 1416 3445 conjunctionem
1478 3385 1590 3426 seu
1667 3365 2159 3427 dimanationem

601 3458 788 3519 unius
819 3458 900 3518 ab
933 3458 1078 3530 alio,
1109 3477 1237 3518 non
1255 3463 1325 3518 ut
1352 3459 1796 3531 necessariam,
1824 3459 1935 3520 sed
1966 3465 2030 3520 ut
2058 3458 2159 3519 fu-

595 3557 812 3613 turam
831 3555 1097 3624 tantum,
1137 3551 1186 3612 si
1217 3551 1484 3612 alterum
1525 3557 1814 3630 ponatur.
1847 3552 1920 3612 Et
1949 3551 2010 3611 in
2042 3551 2159 3611 hoc

597 3643 966 3724 participant
1004 3643 1100 3704 hae
1127 3643 1583 3722 propositiones
1613 3645 1919 3706 rationem
1946 3643 2160 3704 condi-

595 3735 924 3798 tionalium
954 3736 1362 3808 locutionum,
1400 3736 1546 3814 quia
1597 3755 1721 3796 non
1761 3737 2046 3796 absolute
2076 3736 2154 3796 si-

599 3827 897 3908 gnificant
951 3828 1187 3908 aliquid
1238 3827 1394 3901 fore,
1431 3828 1544 3888 sed
1577 3847 1654 3890 ex
1707 3829 2063 3908 hypothesi,
2098 3834 2161 3889 et

592 3921 920 3998 requirunt
976 3921 1207 3981 bonam
1253 3921 1592 3982 illationem
1659 3926 1721 3982 et
1772 3921 2161 3982 consecutio-

595 4031 765 4086 nem,
801 4031 928 4076 non
955 4012 1308 4086 formalem,
1341 4019 1408 4074 ut
1439 4014 1526 4074 sic
1553 4012 1780 4085 dicam,
1814 4013 1924 4073 sed
1964 4021 2161 4074 mate-

601 4106 850 4180 rialem,
887 4105 1154 4186 ideoque
1186 4125 1310 4166 non
1348 4106 1770 4168 necessariam
1809 4125 1886 4167 ex
1912 4107 1973 4166 vi
2022 4106 2161 4167 talis

596 4217 823 4271 causoe,
854 4199 968 4260 sed
1009 4199 1215 4260 solum
1243 4199 1330 4260 ita
1370 4199 1646 4260 futuram
1679 4217 1756 4260 ex
1783 4199 2163 4262 determina-

599 4294 768 4354 tione
795 4293 1076 4371 ejusdem
1103 4311 1333 4354 causae.
1372 4294 1586 4370 Neque
1633 4293 1732 4352 hic
1761 4293 1986 4354 modus
2014 4311 2163 4353 eon—

593 4385 985 4446 ditionalium
1034 4383 1150 4446 tuit
1206 4383 1560 4463 incognitus
1608 4383 1969 4458 dialecticis,
2012 4405 2161 4446 nam

595 4477 710 4555 ipsi
766 4481 1006 4555 ponunt
1051 4476 1524 4545 conditionaleS,
1579 4494 1736 4554 quas
1765 4483 1991 4538 vocant
2018 4497 2162 4556 pro·

597 4569 905 4640 missivaS,
938 4587 1080 4648 qum
1107 4587 1230 4630 non
1265 4569 1618 4648 significant
1643 4570 2063 4630 necessariam
2091 4571 2163 4630 il-

595 4661 918 4732 lationem,
949 4665 1013 4722 et
1039 4661 1192 4722 alias
1223 4663 1410 4722 etiam
1458 4669 1682 4724 vocant
1711 4681 1822 4742 per
1849 4681 1914 4723 se
1943 4663 2161 4742 proba·

599 4753 776 4815 biles,
839 4753 1054 4826 Quoad
1111 4773 1368 4816 sensum
1399 4761 1610 4816 autem
1661 4756 2037 4834 aequivalent
2064 4757 2161 4817 hae

597 4847 1055 4928 propositiones
1090 4848 1618 4927 propositionibus
1659 4849 2047 4928 categoricis,
2098 4850 2161 4910 in

599 4940 825 5019 quibus
875 4958 1069 5000 unum
1112 4939 1471 5019 simpliciter
1517 4940 1596 5000 de
1627 4940 1748 5002 alio
1777 4942 2156 5016 affirmatur,

601 5031 928 5110 solumque
971 5031 1265 5094 differunt
1309 5033 1478 5112 quod
1517 5033 1583 5094 in
1617 5033 1713 5093 his
1755 5033 2161 5113 praedicatum

598 5142 726 5184 non
771 5125 996 5186 dicitur
1034 5125 1112 5186 dc
1154 5126 1436 5205 subjecto
1491 5126 1775 5188 absolute
1831 5133 2155 5206 concepte,

591 5215 706 5278 sed
737 5217 940 5278 solum
969 5217 1172 5296 posito
1203 5218 1320 5280 sub
1349 5219 1466 5279 hac
1501 5223 1610 5279 aut
1630 5219 1734 5278 illa
1775 5219 2154 5281 conditione.

675 5363 892 5427 Illatio
913 5381 1030 5446 pro
1058 5366 1473 5446 impugnanda
1505 5364 1714 5446 prima
1753 5365 2073 5428 enuntia.

674 5501 765 5560 tt.
818 5499 1176 5562 Occurritur
1205 5497 1540 5578 objectioni.
1567 5499 1750 5560 —Ex
1779 5498 1897 5560 hoc
1936 5499 2158 5580 princi-

2230 475 2335 555 pio
2388 474 2715 537 manifeste
2772 474 3035 535 infertur
3083 480 3299 535 contra
3346 476 3607 555 primam
3642 498 3753 541 sen-

2228 570 2487 629 tentiam
2509 614 2525 641 ,
2562 568 2679 629 has
2708 567 3163 647 propositiones
3200 586 3330 628 non
3382 586 3524 631 esse
3570 570 3752 633 intrin-

2230 678 2373 723 sece
2399 661 2591 723 falsas
2628 668 2691 723 et
2730 660 3167 739 impossibilem
3196 661 3365 741 quod
3394 663 3547 723 satis
3568 666 3753 741 proba-

2228 760 2363 817 tum
2404 760 2618 819 manet
2656 754 2969 816 destructo
3015 754 3429 818 fundamento
3470 759 3751 819 sententia

2228 849 2416 921 illius,
2450 850 2598 929 quia
2651 849 2749 909 hai
2777 848 3235 929 propositiones
3263 868 3391 910 non
3446 850 3755 929 significant

2228 941 2647 1001 necessariam
2670 942 3121 1003 connexionem
3142 942 3241 1003 vel
3264 942 3635 1011 illationem:
3666 947 3749 1007 sed

2230 1053 2306 1095 ex
2330 1035 2451 1095 hac
2484 1034 2615 1097 sola
2644 1040 2905 1115 possunt
2934 1034 3167 1096 habere
3196 1036 3597 1100 intrinsecam
3619 1038 3755 1099 falsi-

2226 1133 2450 1200 tatem;
2488 1146 2660 1207 ergo.
2696 1129 2855 1189 Item
2880 1128 3073 1207 quod,
3100 1128 3219 1189 hoc
3242 1130 3476 1207 posito,
3502 1140 3755 1209 sequatur

2230 1220 2405 1291 illud,
2441 1220 2601 1282 sicut
2634 1239 2765 1281 non
2794 1228 2888 1283 est
2922 1222 3346 1283 necessarium
3366 1266 3386 1293 ‚
3418 1223 3503 1282 ita
3540 1241 3645 1283 nec
3670 1226 3751 1285 im-

2230 1314 2561 1394 possihile;
2614 1332 2767 1391 ergo
2796 1314 3133 1395 propositio
3169 1332 3309 1394 quae
3350 1316 3633 1385 affirmat,
3662 1318 3751 1379 hoc

2234 1408 2459 1487 posite,
2491 1406 2645 1468 illud
2694 1424 2831 1469 esse
2861 1407 3158 1483 futurum,
3192 1426 3338 1469 cum
3372 1426 3505 1469 non
3532 1409 3751 1472 affirmet

2234 1501 2593 1563 necessario
2642 1501 2958 1574 futurum,
3011 1501 3125 1563 sed
3162 1507 3417 1563 tantum
3472 1503 3746 1573 futurum,

2236 1613 2363 1656 non
2385 1594 2579 1655 hahet
2603 1594 2773 1655 unde
2798 1595 2877 1655 sit
2902 1595 3327 1673 impossibilis,
3356 1596 3508 1672 quia
3534 1596 3649 1657 sola
3670 1600 3745 1658 illa

2234 1688 2575 1769 propositio
2634 1689 2953 1749 affirmans
3010 1694 3105 1749 est
3162 1687 3565 1767 impossibilis
3586 1734 3601 1760 ‚
3646 1708 3749 1769 quae

2236 1780 2471 1860 aliquid
2492 1780 2875 1861 impossibile
2908 1782 3193 1843 affirmat.
3227 1781 3471 1843 Deinde
3498 1780 3747 1843 declarari

2236 1874 2357 1935 hoc
2404 1880 2609 1954 potest
2632 1920 2653 1947 ,
2706 1892 2854 1934 nam
2892 1892 3290 1953 quacumque
3334 1875 3573 1935 ratione
3618 1883 3749 1937 certo

2238 1972 2476 2028 constet
2502 1968 2777 2041 Petrum,
2804 1968 2979 2028 verbi
3006 1971 3229 2047 gratia,
3260 1972 3649 2047 peccaturum
3666 1972 3745 2030 tali

2236 2060 2360 2131 die,
2398 2060 2449 2121 si
2488 2059 2625 2140 quis
2658 2078 2733 2121 ex
2766 2060 2883 2120 bac
2912 2060 3265 2139 cognitione
3292 2060 3393 2121 vel
3422 2062 3747 2123 revelatione

2235 2152 2321 2213 sic
2352 2152 2659 2231 proferat:
2708 2152 2771 2214 Si
2810 2154 3029 2213 Petrus
3074 2153 3243 2226 vivit,
3294 2154 3403 2215 tali
3450 2153 3544 2215 die
3576 2174 3747 2233 peeca-

2234 2246 2347 2319 bit,
2380 2264 2507 2305 non
2556 2245 2831 2327 proferet
2872 2245 3097 2306 falsum
3130 2264 3207 2306 ex
3246 2246 3459 2307 forma
3502 2254 3559 2307 et
3602 2249 3745 2307 modo

2234 2338 2586 2411 locutioniS,
2629 2344 2695 2399 ut
2737 2358 2851 2418 per
2904 2357 2970 2399 se
3024 2345 3307 2411 constan
3344 2358 3495 2419 ergo
3548 2340 3741 2418 signum

2234 2438 2331 2493 est
2357 2430 2733 2493 locutionem
2764 2432 2935 2493 illam
2963 2452 3093 2493 non
3122 2451 3261 2493 esse
3296 2450 3377 2493 ex
3406 2433 3657 2493 terminis
3677 2434 3742 2491 in-

2234 2528 2501 2585 trinsece
2542 2524 2761 2585 falsam
2826 2532 2887 2587 et
2936 2526 3430 2605 impossibilem,
3480 2544 3609 2585 nam
3638 2545 3738 2605 qum
3795 2528 3796 2535 ’

2234 2617 2377 2677 talis
2406 2622 2525 2689 est,
2558 2636 2882 2697 nunquam
2912 2624 3117 2698 potest
3172 2636 3313 2681 esse
3360 2636 3527 2678 vera.
3558 2620 3621 2678 Et
3654 2621 3741 2679 hoe.

2240 2712 2597 2791 exemplum
2612 2713 2799 2773 etiam
2822 2713 3169 2790 confirmat,
3196 2732 3315 2793 per
3344 2714 3516 2773 illum
3542 2713 3737 2773 modum

2238 2805 2560 2884 loquendi,
2588 2824 2717 2866 non
2763 2806 3100 2885 significari
3129 2806 3547 2867 necessariam
3572 2806 3739 2865 illatio-

2242 2916 2408 2959 nem.
2444 2899 2747 2960 Praeterea
2782 2900 2899 2959 hoc
2932 2900 3121 2959 etiam
3156 2900 3489 2961 confirmat
3524 2917 3739 2959 commu-

2240 2992 2339 3053 nis
2374 2992 2597 3053 modus
2639 2991 3027 3071 concipiendi
3065 2993 3353 3053 omnium
3414 2992 3589 3052 etiam
3622 2993 3738 3049 viro·

2238 3102 2381 3146 rum
2420 3085 2818 3165 sapientium,
2849 3104 2994 3146 nam
3026 3085 3253 3147 auditis
3292 3085 3395 3146 his
3432 3082 3739 3164 propositio
3795 3076 3796 3152 ᾖ

2236 3179 2420 3240 nibus
2436 3198 2559 3240 non
2579 3180 2784 3242 statim
2816 3182 3349 3260 apprehendimus
3370 3181 3503 3240 illas
3522 3185 3581 3240 ut
3598 3179 3740 3238 falsas

2240 3273 2339 3334 vel
2380 3279 2449 3333 ut
2496 3273 2933 3352 impossibileS,
2966 3275 3078 3336 sed
3118 3281 3184 3335 ut
3224 3275 3563 3354 ambiguas·
3588 3279 3641 3332 et
3678 3271 3741 3332 in-

2240 3371 2442 3426 certas
2470 3366 2685 3438 nobis;
2725 3369 2788 3427 et
2816 3367 2957 3427 ideo
2991 3367 3203 3444 plures
3248 3367 3331 3428 de
3360 3368 3481 3428 illis
3506 3364 3741 3444 quaestio·

2240 3476 2354 3518 nes
2384 3462 2747 3531 tractamus,
2778 3464 2869 3531 ut,
2902 3459 2955 3520 si
2986 3454 3240 3521 duraret
3270 3467 3472 3520 status
3500 3459 3743 3518 innocen-

2240 3549 2360 3622 tim,
2399 3569 2481 3610 an
2522 3559 2854 3630 peccarent
2886 3553 3193 3626 homine-5,
3248 3560 3372 3614 etc.
3406 3553 3553 3626 Quin
3584 3552 3741 3629 potius

2245 3643 2437 3722 (quod
2464 3644 2735 3706 maxime
2766 3647 2993 3724 urget),
3016 3647 3181 3706 Deus
3209 3664 3377 3724 saepe
3400 3647 3463 3706 in
3482 3645 3735 3723 Scriptura

2246 3737 2375 3796 haec
2404 3735 2673 3796 affirmat
2700 3744 2763 3796 et
2802 3736 3066 3810 revelat,
3100 3745 3164 3799 ut
3200 3739 3339 3816 jam
3392 3737 3733 3800 ostendimus.

2243 3826 2419 3898 Quod
2466 3828 2515 3888 si
2562 3827 2735 3888 dicas
2778 3829 2979 3889 solum
3021 3829 3285 3890 revelari
3322 3837 3391 3892 ut
3438 3829 3735 3890 verisimiles

2245 3939 2323 3981 ex
2369 3921 2764 3999 conjectum,
2794 3922 3233 3999 respondetur,
3264 3922 3415 3983 licet
3454 3923 3559 3982 hoc
3598 3921 3735 3980 dare·
3795 3975 3796 3984 2

2240 4032 2383 4074 mus
2412 4013 2607 4092 (quod
2660 4031 2877 4074 revera
2928 4014 3153 4074 falsum
3202 4017 3361 4094 est),
3392 4013 3649 4094 pra-senti
3670 4013 3735 4070 in-
3795 4049 3796 4064 ι

2240 4105 2501 4168 tentioni
2531 4105 2839 4179 sufficere,
2872 4107 3017 4188 quia
3048 4109 3270 4176 saltem
3290 4107 3375 4168 ad
3406 4109 3515 4168 hoe
3538 4123 3733 4166 necesse

2244 4203 2338 4260 est
2384 4206 2609 4260 utnon
2658 4198 2781 4260 sint
2816 4201 3251 4278 impossibiles,
3310 4219 3435 4262 nec
3466 4199 3733 4260 intrinsece

2242 4291 2438 4365 falsa»,
2470 4291 2625 4352 alias
2658 4311 2775 4353 nec
2820 4293 3187 4356 verisimiles
3214 4311 3356 4355 esse
3385 4297 3615 4373 possent
3642 4292 3733 4350 Deo

2244 4405 2321 4446 ex
2374 4385 2791 4464 conjecturis;
2834 4405 3020 4458 nam,
3066 4387 3213 4448 licet
3264 4393 3545 4465 respectu
3588 4383 3733 4442 nostri

2242 4479 2501 4559 aliquid,
2534 4479 2705 4558 quod
2734 4499 2811 4540 ex
2853 4498 2919 4541 se
2952 4488 3047 4542 est
3072 4481 3456 4560 impossibile
3490 4486 3543 4539 et
3568 4476 3733 4538 intrin-

2244 4591 2386 4632 sece
2414 4571 2664 4642 falsum,
2696 4591 2834 4634 esse
2866 4574 3059 4652 possit
3086 4574 3411 4652 probabile
3448 4578 3545 4634 aut
3569 4567 3731 4630 verisi-

2242 4665 2387 4724 mile
2431 4683 2543 4744 per
2570 4665 2773 4726 media
2808 4667 2985 4726 valde
3018 4667 3391 4738 extrinseca,
3432 4673 3491 4726 ut
3516 4671 3599 4732 est
3620 4681 3729 4722 auc-

2242 4757 2483 4828 toritaS,
2532 4759 2631 4818 vel
2670 4759 2904 4837 aliquid
2964 4759 3187 4827 simile,
3242 4766 3522 4837 respectu
3566 4765 3731 4818 tamen

2242 4850 2377 4923 Dei,
2408 4848 2513 4930 qui
2544 4868 2646 4912 res
2688 4869 2909 4912 omnes
2946 4853 3267 4931 cognoscit
3294 4855 3477 4930 prout
3500 4855 3639 4918 sunt,
3664 4845 3725 4909 id.

2244 4943 2413 5020 quod
2448 4945 2627 5004 estin
2661 4962 2728 5004 se
2754 4945 3158 5024 impossibile,
3192 4963 3319 5004 non
3348 4949 3539 5024 potest
3560 4957 3728 5018 appre-

2242 5035 2433 5096 hendi
2480 5041 2547 5097 ut
2586 5036 2907 5116 probabile
2934 5043 3045 5098 aut
3074 5037 3591 5114 i⁷erisimi103ergo
3610 5049 3725 5110 quo·

2242 5128 2703 5206 modoeumque
2732 5131 2901 5190 Deus
2930 5131 3161 5191 revelet
3192 5128 3533 5210 hujusmodi
3562 5123 3725 5188 condi-

2240 5221 2507 5282 tionales
2535 5265 2550 5294 ‚
2584 5222 2683 5282 vel
2726 5229 2791 5283 ut
2820 5241 3070 5304 semper
3096 5241 3301 5294 veras,
3346 5221 3437 5284 vel
3473 5219 3654 5285 saltem
3676 5220 3721 5274 ut

2242 5313 2305 5372 in
2331 5313 2693 5392 plurimum,
2737 5320 2903 5378 recte
2932 5314 3324 5378 concluditur
3344 5314 3473 5375 illas
3496 5329 3601 5372 non
3620 5323 3722 5368 esse

2240 5423 2353 5484 per
2382 5425 2449 5468 se
2478 5406 2916 5486 impossibiles.

2322 5501 2417 5560 12.
2466 5497 2748 5580 objectio.
2782 5533 2862 5546 —
2898 5500 3195 5566 Solvitur.
3222 5501 3433 5564 -Sed
3459 5497 3714 5578 objicitur,
