3850 6225
722 404 858 458 GAP.
893 405 1022 458 Xlss.
1059 402 1479 457 vammum!
1511 401 1766 456 nonnus
1797 400 1920 455 NON
1954 401 2536 464 PRAEDETEMENARI,
2570 403 2703 455 E‘rc.

134 518 206 579 hil
239 517 438 576 facere
467 515 694 594 posset,
725 525 852 569 non
895 524 974 568 ex
1009 511 1210 585 parte,
1257 505 1366 567 sed
1411 503 1668 566 omnino

135 611 430 674 tolleretur
470 605 730 667 liberum
792 600 1140 660 arbitrium.
1190 600 1280 660 De
1328 597 1552 660 eadem
1599 613 1668 656 re

89 689 94 694 ’
133 704 306 766 multa
353 700 478 780 legi
525 701 794 777 possunt
838 693 1007 774 apud
1057 693 1532 772 Hieronymum,
1588 689 1670 752 ad

134 801 286 860 Rom.
321 795 362 855 8
393 799 456 854 et
481 794 538 864 9,
565 789 648 850 ad
671 788 871 850 Galat.
909 791 970 860 1,
1001 792 1066 847 et
1089 785 1356 848 Malach.
1389 788 1446 845 1.

205 890 290 950 19.
334 886 524 946 Venio
557 883 639 944 ad
681 881 1139 962 Augustinum,
1183 879 1290 959 qui
1327 877 1476 940 huic
1525 894 1668 938 sen·

137 983 314 1048 tentioe
339 977 727 1058 potissimum
747 973 1066 1036 adversari
1095 975 1388 1034 censetur
1408 991 1424 1044 ς
1452 969 1666 1030 nullus

137 1087 318 1139 tamen
346 1078 460 1144 est,
505 1077 575 1130 ut
619 1068 930 1144 existimo,
963 1067 1070 1152 qui
1108 1066 1309 1146 magis
1338 1065 1423 1126 illi
1453 1069 1667 1144 patro-

137 1170 366 1239 cinctur,
407 1164 556 1243 quia
599 1161 811 1223 nullus
861 1161 950 1222 ita
979 1161 1194 1240 gratiae
1226 1159 1666 1220 necessitatem

137 1271 188 1325 et
218 1257 545 1322 efficaciam
573 1255 889 1335 explicuit,
920 1252 1346 1334 exaggeravit,
1379 1269 1454 1312 ac
1481 1249 1666 1330 plene

136 1353 334 1425 docuit,
365 1351 528 1412 sicut
555 1350 940 1430 Augustinus
963 1366 979 1420 3
1013 1352 1075 1408 et
1102 1351 1314 1408 tamen
1341 1361 1668 1424 nunquam

136 1450 260 1512 dixit
305 1452 412 1507 aut
449 1441 822 1524 significavit
859 1440 942 1502 ad
977 1438 1418 1502 necessitatem
1455 1437 1556 1500 vel
1585 1436 1670 1498 ef·

135 1545 300 1606 fectus
328 1539 544 1618 gratim
575 1537 916 1617 pertinere,
955 1539 1026 1594 ut
1066 1533 1410 1594 humanam
1449 1530 1668 1592 volun-

137 1642 296 1697 tatem
341 1629 598 1692 omnino
648 1646 762 1690 seu
807 1625 1067 1706 physice
1112 1624 1662 1704 praedetenninet3

137 1731 236 1790 imo
265 1726 416 1784 hanc
443 1722 1040 1783 determinationem
1071 1737 1320 1796 semper
1349 1716 1497 1779 dicit
1527 1733 1664 1777 esse

139 1819 414 1901 propriam
445 1814 826 1886 voluntatis3
871 1816 1056 1875 vocat
1086 1817 1300 1872 autem
1323 1809 1662 1890 propriam,

140 1931 240 1974 non
264 1910 398 1990 quia
437 1909 574 1970 sine
623 1908 834 1968 divina
874 1905 1330 1985 praeparatione
1369 1903 1499 1975 fiat,
1549 1919 1668 1962 nec

143 2008 256 2087 quia
279 2005 354 2064 ab
381 2002 488 2063 illa
526 2003 666 2064 sola
695 2000 828 2062 sine
873 1999 983 2060 Dei
1035 1998 1478 2077 cooperatione
1515 1995 1666 2068 fiat;

144 2119 260 2180 ergo
287 2097 481 2158 solum
511 2096 722 2175 potuit
751 2093 1068 2173 appellare
1102 2092 1418 2172 propriam
1451 2091 1670 2150 volun·-

146 2196 276 2262 tatiS,
301 2192 440 2270 quia
470 2209 592 2270 per
634 2189 1039 2250 intrinsecam
1065 2188 1420 2248 libertatem
1448 2184 1672 2245 divinas

145 2287 318 2366 gratiae
355 2289 754 2362 cooperatur,
788 2300 916 2342 non
957 2280 1372 2342 determinata
1402 2279 1484 2340 ab
1523 2277 1666 2348 ali0,

143 2397 281 2448 nam,
309 2377 353 2436 si
398 2377 478 2436 ab
509 2375 638 2435 alio
677 2381 843 2435 esset
865 2374 1000 2453 jam
1029 2372 1464 2442 determinata,
1499 2369 1670 2430 nulla

143 2472 340 2533 ratione
362 2474 575 2546 posset
599 2469 658 2528 01
686 2467 936 2528 attribui
969 2466 1108 2526 talis
1131 2471 1342 2525 motus
1367 2470 1670 2541 tunquam

144 2563 385 2644 proprius
430 2562 572 2641 ejus
595 2607 610 2632 ‚
670 2567 732 2620 et
769 2567 1073 2638 tanquam
1121 2557 1376 2618 omnino
1427 2555 1672 2616 indiffe-

143 2675 274 2717 rens
310 2655 404 2716 Sic
438 2654 726 2732 loquitur
767 2653 1150 2732 Augustinus
1198 2650 1276 2711 de
1326 2649 1556 2728 Spiritu
1607 2655 1671 2708 et

143 2751 326 2824 littera,
352 2767 484 2827 cap.
525 2749 612 2808 34
652 2765 665 2806 ε
709 2743 1051 2808 Consentire
1090 2742 1389 2808 vocationi
1423 2743 1516 2805 vel
1545 2739 1670 2804 dis-

143 2844 342 2914 sentire,
378 2841 662 2922 proprioe
701 2837 1238 2910 voluntatis-«est,-
1303 2842 1369 2896 et
1413 2835 1521 2896 lib.
1591 2835 1670 2894 83

145 2935 543 3008 0000110011111,
581 2937 808 3013 quaest.
845 2933 948 3003 68,
987 2931 1294 3011 imprimis
1324 2931 1408 2992 ait
1453 2945 1470 2990 ε
1515 2929 1672 3003 Quia

144 3051 226 3093 nec
261 3030 392 3091 velle
419 3028 752 3110 quidquam
775 3030 997 3107 potest,
1053 3021 1184 3086 nisi
1226 3021 1566 3087 admonitas
1611 3026 1672 3084 et

144 3130 366 3198 vocatas,
396 3122 668 3203 efficitur
713 3126 788 3183 at
814 3125 875 3182 et
903 3118 1104 3200 ipsam
1133 3118 1283 3181 velle
1332 3120 1495 3181 Deus
1537 3135 1670 3200 ope-

145 3221 278 3277 retur
317 3218 380 3277 in
425 3215 626 3277 uobis.
663 3213 780 3276 Ubi
821 3212 1094 3292 primum
1141 3210 1670 3273 considerandum

145 3316 234 3381 cst,
265 3327 378 3369 non
406 3309 525 3370 hoc
569 3307 854 3369 tribuere
890 3307 1306 3384 Augustinum
1339 3303 1669 3384 praedeter·

145 3402 418 3461 minationi
445 3399 714 3474 efficaci,
752 3398 866 3459 sed
887 3398 1234 3471 vocationi;
1262 3397 1340 3459 de
1370 3416 1494 3477 qua
1525 3396 1669 3459 suh-

146 3493 240 3554 dit:
278 3496 502 3560 Vocatio
531 3510 706 3571 erqo,
761 3498 899 3555 ante
942 3493 1252 3565 meritum,
1295 3492 1668 3555 volantatem

146 3594 400 3667 operatur.
452 3587 818 3668 Propterea,
875 3586 994 3647 etsi
1045 3585 1350 3665 quispiam
1396 3582 1512 3645 sibi
1551 3583 1668 3647 tri-

146 3680 259 3752 buit,
297 3681 444 3760 quod
467 3680 642 3742 venit
671 3682 944 3751 vocatus,
992 3696 1114 3740 non
1145 3681 1346 3758 potest
1383 3674 1501 3739 sibi
1554 3677 1668 3739 tri·-

147 3773 280 3833 buere
315 3774 463 3852 quod
487 3778 744 3836 vocatus
801 3776 914 3835 est.
966 3771 1266 3831 Eamdem
1317 3769 1666 3831 doctrinam

144 3864 296 3925 habet
313 3866 386 3925 de
417 3866 718 3927 Praedest.
753 3871 816 3926 et
839 3870 1027 3943 grat„
1059 3868 1122 3925 et
1149 3863 1258 3925 lib.
1293 3863 1371 3925 de
1397 3864 1568 3925 Grat.
1605 3868 1669 3923 et

147 3958 302 4017 libero
345 3957 622 4032 arbitrio,
643 3976 722 4018 .c.
767 3960 845 4019 3:
899 3956 1058 4025 Velle
1088 3956 1334 4036 (inquit)
1379 3962 1438 4020 et
1483 3956 1664 4028 nolle,

142 4049 362 4130 propriae
395 4050 736 4115 voluntatis
777 4056 888 4114 est.
930 4052 1084 4111 Item
1133 4048 1272 4110 libr.
1317 4052 1348 4111 1
1382 4048 1462 4110 de
1491 4049 1664 4110 Grat.

151 4144 348 4217 Christi,
373 4144 556 4224 capit.
585 4146 688 4217 14,
713 4151 778 4205 et
798 4144 906 4204 lib.
938 4149 1103 4205 cont.
1133 4143 1448 4204 Adimant.
1468 4142 1663 4215 Man„

151 4237 295 4315 capit.
337 4239 432 4310 26,
481 4238 570 4298 ait
617 4254 758 4298 esse
801 4236 866 4296 in
908 4242 1122 4297 nostra
1160 4240 1466 4316 potestate
1498 4234 1668 4314 posi-

152 4335 252 4389 tum
265 4331 630 4391 voluntatem
647 4335 892 4390 mutare
903 4374 916 4389 .
943 4329 1122 4401 Quod
1137 4346 1659 4400 commemoranS,

153 4422 231 4480 lib.
273 4424 298 4481 1
337 4425 691 4497 Retractat.‚
741 4440 878 4502 cap.
911 4422 1214 4502 vigesimo
1247 4420 1547 4493 secundo,
1581 4420 1666 4481 ait

153 4533 250 4573 non
275 4534 396 4575 esse
436 4523 652 4577 contra
680 4515 956 4575 divinam
989 4515 1276 4594 gratiam,
1310 4516 1476 4595 qvia,
1523 4514 1668 4577 lieet

152 4609 340 4670 matari
368 4610 432 4670 in
471 4609 690 4672 melius
723 4608 811 4674 sit
861 4610 930 4671 in
957 4612 1256 4691 potestate
1305 4608 1660 4680 voluntatis,

156 4705 314 4760 tamen
349 4702 466 4765 laec
492 4707 770 4783 potestas
811 4706 903 4764 est
953 4720 994 4767 a
1028 4702 1310 4773 Domino,
1345 4718 1385 4763 a
1423 4718 1535 4781 qao
1573 4718 1671 4762 vo-

157 4789 322 4854 luntas
349 4800 740 4878 preparatur
787 4801 846 4858 et
869 4796 1138 4875 juvatur
1151 4820 1178 4867 ;
1209 4812 1535 4872 nunquam
1565 4812 1672 4853 au-

161 4888 254 4943 tem
275 4884 440 4946 dixit:
463 4890 512 4948 A
551 4906 678 4966 quo
708 4880 1315 4966 proedeterminatur.
1345 4888 1476 4947 Hoc
1502 4886 1667 4947 idem

161 4976 506 5039 confirmatur
551 4998 636 5041 ex
677 4980 838 5041 libro
884 4979 964 5041 (10
1011 4979 1458 5059 Ecclesiasticis
1513 4980 1669 5065 dog·

161 5072 299 5137 mat,
339 5090 466 5151 cap.
505 5074 608 5144 21,
652 5072 872 5134 inillis
906 5073 1173 5133 verbis:
1209 5054 1426 5181 Manet
1461 5074 1732 5155 utique-s

161 5160 360 5224 arbitrii
397 5164 664 5237 libertas,
709 5168 782 5229 id
830 5171 944 5242 est,
991 5152 1317 5229 rationalis
1361 5168 1672 5246 voluntas,

160 5253 242 5313 ud
257 5254 572 5320 mmmnte
590 5258 768 5339 prius
791 5260 936 5333 Deo,
969 5264 1029 5321 et
1063 5260 1362 5323 invitante
1386 5260 1470 5323 ad
1498 5260 1670 5323 salio-.-

163 5345 270 5413 tem,
296 5350 356 5407 at
373 5350 460 5410 vel
489 5350 676 5433 eliyat
715 5351 806 5414 vel
842 5358 1152 5432 sequatwr,
1184 5353 1280 5415 vel
1321 5359 1470 5435 aqat
1501 5371 1666 5417 ocea-

163 5434 290 5498 sione
338 5441 584 5517 salutis,
636 5446 740 5508 hoe
786 5450 920 5517 est,
973 5446 1381 5528 inspiratione
1407 5446 1570 5519 Dei;
1605 5452 1666 5507 et

163 5527 328 5593 infla:
373 5536 630 5601 Initium
662 5556 804 5622 erqo
842 5540 1070 5605 salutis
1106 5544 1334 5605 nostrae
1375 5542 1498 5603 Deo
1551 5542 1664 5605 mi-

3190 400 3315 462 217

1749 508 1989 566 seruate
2028 503 2306 566 habemas
2330 533 2351 576 ,-
2383 507 2455 566 ut
2490 502 2937 584 aequiescamus
2986 503 3322 583 salutifero

1749 595 2165 678 inspirationi,
2198 602 2427 662 oiostroe
2448 598 2775 682 potestatis
2811 601 2923 660 est.
2962 597 3321 670 011οᾶ11110-

1751 691 1880 750 rius
1927 691 2065 753 aliis
2113 691 2322 754 verbis
2364 692 2590 752 dicitur
2646 709 2661 752 :
2702 689 3049 754 Arbitrium
3080 696 3323 757 natum

1749 789 1977 848 nostra·
2003 801 2233 866 sequaa·
2266 802 2392 848 esse
2415 785 2639 848 divim
2668 784 3098 866 inspirationis
3140 785 3321 850 libere

1747 879 2125 954 eonfitemur.
2160 877 2339 950 Quod
2366 879 2517 940 item
2568 877 2707 938 aliis
2742 877 2953 938 verbis
2993 877 3148 940 dixit
3195 882 3322 940 Au·

1745 968 2058 1048 gustinus,
2115 971 2359 1050 epistol.
2422 973 2579 1034 106:
2624 971 3003 1038 Voluntatem
3056 989 3183 1035 esse
3230 991 3323 1036 oo·

1743 1065 1951 1127 mitem
1982 1069 2040 1126 et
2066 1066 2483 1145 pedissequam
2508 1066 2769 1148 qratioe,
2818 1082 2939 1126 non
2974 1067 3177 1128 ducem
3212 1083 3319 1130 aee

1742 1155 2059 1236 proeviam.
2102 1158 2425 1237 Denique,
2466 1165 2535 1220 ut
2570 1176 2793 1238 supra,
2846 1157 3029 1237 capit.
3076 1161 3116 1220 4
3162 1163 3223 1220 et
3252 1160 3317 1230 5,

1748 1247 1874 1310 late
1912 1249 2289 1324 notavimuS,
2322 1269 2651 1332 nunquam
2684 1252 3069 1330 Augustinus
3107 1251 3320 1314 docuit

1752 1341 1922 1403 aliud
1952 1359 2155 1420 genus
2192 1345 2405 1405 auxilii
2435 1346 2671 1424 gratiae,
2701 1343 2820 1405 nisi
2854 1345 3177 1406 excitantis
3204 1363 3317 1406 seu

1753 1435 2093 1515 operantia,
2134 1440 2197 1496 et
2229 1436 2584 1518 adjuvantis
2612 1455 2729 1499 seu
2772 1436 3207 1517 cooperantis3
3242 1455 3319 1500 ex

1751 1529 1979 1606 quibus
2030 1530 2185 1592 illud
2236 1531 2552 1593 antecedit
2604 1549 2790 1592 usum
2826 1530 3151 1604 libertatis,
3189 1549 3317 1592 non

1749 1628 1964 1683 tamen
2006 1623 2532 1702 praedeterminat,
2572 1629 2642 1684 ut
2672 1629 2995 1684 ostensum
3028 1629 3157 1696 est3
3198 1625 3319 1684 hoc

1748 1722 1961 1777 autem
1999 1735 2126 1778 non
2163 1716 2479 1780 antecedit
2522 1717 2856 1779 causaliter
2906 1734 3095 1778 usum
3136 1717 3319 1778 liber-

1747 1811 1914 1884 tatis,
1952 1811 2062 1873 sed
2082 1811 2263 1891 juvat
2286 1811 2487 1886 illum,
2528 1817 2591 1874 et
2618 1817 2992 1891 cooperatur
3016 1829 3163 1872 cum
3188 1809 3317 1887 illa,

1749 1911 1820 1966 ut
1841 1905 2049 1984 ipsum
2082 1923 2315 1966 nomen
2342 1923 2557 1984 praese
2585 1905 2729 1978 fert,
2755 1910 2819 1966 et
2842 1909 3178 1983 utrumque
3206 1903 3320 1966 do-

1751 1999 1876 2061 cuit
1900 1998 2287 2077 Augustinus
2324 1999 2525 2060 citatis
2550 1996 2725 2069 locis,
2754 2004 2814 2058 et
2850 1998 3012 2060 libro
3038 2001 3078 2059 4
3100 2003 3317 2058 contm

1752 2091 1911 2152 duas
1942 2091 2237 2170 epistolas
2268 2090 2505 2170 Pelag.,
2539 2091 2740 2171 capite
2785 2093 2847 2164 6,
2894 2098 2957 2152 et
2984 2090 3141 2152 libro
3174 2093 3204 2152 1
3236 2089 3317 2151 ad

1753 2185 2059 2264 Simplic.,
2094 2185 2437 2264 quaestione
2460 2189 2523 2257 2,
2558 2189 2619 2246 et
2648 2184 2713 2245 in
2734 2184 3011 2256 Euchir.,
3044 2201 3184 2262 cap.
3214 2185 3313 2252 32,

1756 2283 1818 2341 et
1847 2296 2015 2358 saepe
2048 2278 2225 2338 alias.
2273 2278 2535 2340 Possent
2576 2278 2763 2340 etiam
2794 2279 2912 2339 hoc
2940 2278 3081 2338 loco
3110 2275 3317 2338 afferri

1753 2372 2132 2445 testimonia,
2186 2372 2250 2432 in
2312 2371 2541 2450 quibus
2598 2371 2983 2450 Augustinus
3044 2369 3321 2432 declarat

1753 2471 1967 2544 gratiae
2002 2465 2343 2526 efficaciam
2373 2465 2506 2525 sine
2546 2465 2667 2526 hac
2693 2464 2953 2543 physica
2982 2462 3319 2543 praedeter-

1751 2558 2132 2631 minatione,
2175 2575 2316 2636 quae
2363 2557 2563 2636 capite
2622 2557 2908 2637 sequenti
2954 2557 3312 2617 afferemus.

1750 2651 1907 2710 Item
1941 2669 2017 2711 ea
2040 2651 2417 2724 testimonia,
2442 2649 2668 2729 quibus
2691 2650 2895 2724 docet,
2921 2668 3063 2711 cum
3094 2649 3317 2710 eadem

1752 2743 1951 2823 gratia
1982 2743 2407 2823 praeveniente
2465 2749 2527 2804 et
2570 2749 2895 2818 movente,
2942 2741 3081 2820 fieri
3126 2743 3319 2804 inter-

1750 2838 1903 2897 dum
1938 2842 2007 2898 ut
2031 2854 2193 2898 unus
2224 2842 2539 2916 operetur,
2579 2843 2641 2898 et
2668 2855 2795 2898 non
2818 2837 3019 2910 alius;
3048 2854 3197 2898 nam
3226 2836 3319 2896 in·

1751 2930 1831 2991 de
1883 2929 2208 2990 evidenter
2274 2930 2662 2990 convincitur
2720 2929 3318 3008 praedeterminatio-

1751 3041 1899 3084 nem
1930 3023 2257 3102 physicam
2286 3043 2414 3084 non
2442 3043 2581 3085 esse
2610 3025 3053 3098 necessariam,
3083 3024 3163 3086 de
3190 3041 3317 3102 qua

1751 3136 1819 3179 re
1847 3118 2133 3179 dicemus
2156 3118 2341 3190 infra,
2373 3136 2510 3198 cap.
2540 3122 2639 3179 17.

1831 3212 1931 3273 20.
1982 3212 2125 3272 Post
2141 3212 2579 3289 Augustinum‚
2615 3210 2839 3273 eodem
2880 3210 3069 3271 modo
3098 3228 3319 3291 opera-

1751 3304 1989 3365 tionem
2020 3304 2235 3383 gratiae
2266 3310 2326 3365 et
2350 3304 2856 3384 cooperationem
2872 3304 3049 3365 liberi
3082 3302 3317 3365 arbitrii

1749 3397 2152 3459 declararunt
2178 3397 2313 3458 fere
2342 3397 2566 3477 reliqui
2599 3398 2832 3471 Patres,
2864 3397 2969 3477 qui
3005 3416 3149 3459 eum
3182 3396 3315 3457 imi-

1747 3492 1858 3553 tati
1889 3497 2058 3564 sunt,
2079 3496 2149 3552 ut
2175 3492 2463 3569 Prosper,
2492 3496 2517 3553 1
2544 3491 2623 3553 (10
2640 3493 2855 3553 Vocat.
2880 3492 3090 3564 Gent.,
3114 3490 3317 3570 capite

1750 3587 1810 3658 3,
1855 3586 2011 3645 alias
2048 3588 2111 3658 9,
2151 3586 2310 3646 libro
2352 3586 2413 3658 2,
2438 3602 2577 3664 cap.
2610 3587 2674 3658 4,
2705 3587 2747 3649 9
2777 3590 2838 3647 et
2869 3587 2967 3657 10,
3012 3584 3166 3645 alias
3215 3586 3313 3659 12,

1749 3682 1848 3751 16,
1881 3680 1995 3751 283
2032 3681 2211 3758 cujus
2236 3680 2429 3740 verba
2460 3679 2597 3759 jam
2626 3698 2705 3741 ex
2748 3684 2923 3760 parte
2972 3698 3161 3757 supra
3213 3697 3309 3741 re-

1747 3772 1881 3843 tuli,
1917 3777 1983 3834 et
2017 3774 2303 3833 sufficere
2331 3771 2655 3846 existimo;
2710 3779 2772 3835 et
2798 3773 2863 3834 in
2910 3772 3317 3850 responsione

1747 3865 1829 3926 ad
1854 3866 2251 3944 objectiones·
2266 3865 2603 3940 Gallorum,
2628 3866 2860 3945 passim
2882 3866 3001 3925 hoc
3016 3865 3309 3937 insinuat;

1751 3958 1864 4021 sed
1907 3957 2261 4038 specialiter
2300 3958 2579 4019 notanda
2612 3966 2757 4020 sunt
2783 3958 2996 4032 verba,
3035 3976 3173 4037 quae
3203 3959 3317 4017 ha-

1749 4054 1979 4115 bentur
2032 4071 2087 4113 c.
2123 4054 2197 4113 6:
2240 4052 2856 4117 Proedestinationem
2892 4051 3007 4115 Dei
3029 4097 3048 4127 ,
3080 4054 3205 4115 sive
3240 4053 3323 4115 ad

1750 4147 1984 4222 bonam,
2016 4146 2144 4209 sive
2170 4148 2253 4209 ad
2278 4146 2507 4209 malum
2528 4194 2543 4219 ,
2574 4147 2643 4207 in
2686 4145 3023 4208 hominibus
3052 4146 3315 4226 operari,

1744 4238 2119 4321 ineptissime
2169 4238 2421 4311 dicitur,
2452 4242 2525 4301 at
2572 4240 2655 4301 ad
2693 4241 3014 4318 utrumque
3052 4239 3318 4301 homines

1745 4332 2021 4413 qaoedam
2048 4329 2373 4395 necessitas
2406 4331 2684 4395 videatur
2722 4331 3045 4412 impellere,
3082 4349 3217 4394 eim
3248 4332 3317 4393 ia

1745 4426 1914 4487 bonis
1938 4425 2215 4487 voluntas
2244 4425 2331 4485 sit
2354 4424 2747 4507 incelliyenda
2764 4425 2833 4487 de
2857 4424 3087 4507 qratia,
3106 4422 3173 4485 in
3190 4442 3319 4487 ma-

1748 4519 1830 4580 lis
1877 4522 2077 4581 autem
2132 4517 2413 4579 voluntas
2466 4516 2863 4600 intelliyenda
2906 4518 3037 4579 sine
3082 4516 3311 4601 qratia.

1754 4611 1902 4683 Quae
1954 4608 2145 4670 verba
2178 4627 2253 4669 ex
2284 4609 2633 4690 Augustino
2659 4608 3017 4671 referuntur
3044 4610 3107 4669 in
3147 4610 3317 4690 capi-

1753 4704 1883 4764 tulo
1918 4702 2094 4769 Varis
2124 4701 2236 4765 ἕνα·
2262 4704 2365 4774 23,
2390 4702 2731 4781 quaestione
2758 4705 2815 4765 4.
2845 4702 3144 4764 Eamdem
3175 4704 3319 4765 doc-

1751 4797 1984 4857 trinam
2016 4796 2341 4875 amplexus
2374 4800 2469 4855 est
2496 4795 2885 4876 Fulgentius,
2914 4796 3073 4857 libro
3105 4800 3132 4857 1
3189 4804 3249 4858 et
3276 4799 3317 4857 2

1753 4889 1834 4950 ad
1849 4890 2153 4967 Monym„
2174 4894 2237 4949 et
2258 4888 2617 4961 AnselmuS‚
2646 4888 2804 4949 libro
2836 4889 2913 4950 de
2948 4890 3312 4963 Concordia,

1748 4982 2305 5044 Praedestiuatione
2342 4986 2405 5041 et
2433 4980 2654 5042 Libero
2672 4982 2962 5055 Arbitrio,
2990 4983 3141 5043 ubi
3124 5002 3191 5043 111
3215 5002 3319 5044 ca-

1739 5062 1874 5156 pite
1913 5076 2140 5155 primo,
2171 5081 2240 5136 ut
2280 5094 2471 5153 supra
2515 5074 2804 5148 vidimus,
2836 5076 3157 5157 distinguit
3204 5076 3316 5137 du-

1750 5165 1975 5261 plicam
2027 5168 2487 5240 necessitatem,
2521 5186 2596 5229 ex
2638 5170 3063 5248 suppositione
3102 5187 3319 5231 conse-

1749 5256 2005 5341 quante,
2031 5280 2170 5340 quae
2197 5279 2326 5322 non
2356 5266 2670 5340 repugnat
2691 5262 2957 5323 libertati
2976 5308 2991 5335 ,
3020 5269 3085 5323 et
3104 5281 3180 5323 ex
3206 5280 3315 5323 an-

1747 5354 2075 5439 tecedente
2129 5353 2581 5433 suppositione,
2614 5372 2757 5433 quae
2799 5354 3153 5417 libertatem
3203 5356 3318 5417 tol·

1747 5448 1841 5521 lit3
1901 5446 2069 5507 unde
2114 5445 2427 5507 concludit
2474 5448 2538 5507 in
2566 5446 2693 5509 fine
2740 5446 2999 5528 capitis:
3038 5446 3195 5513 Sola
3220 5468 3317 5511 vo·

1745 5542 1957 5614 luntas,
1980 5539 2341 5603 deta-minat
2379 5537 2463 5603 ibi
2506 5540 2657 5621 quid
2692 5544 2928 5605 teneat:
2967 5541 3071 5603 ubi
3126 5540 3313 5604 dictio
