3850 6225
731 399 869 452 GAP.
900 401 987 452 xt.
1023 399 1391 454 SOLVUNTUR
1424 399 1771 452 NONNULLAE
1804 399 2208 453 omEC‘rloNEs
2242 398 2504 462 CONTRA,
2541 397 2675 450 E'rC.

148 499 259 561 huit
302 496 525 577 primos
578 506 749 560 actus
794 502 1019 562 harum
1066 501 1511 580 potentiarum.
1567 503 1657 564 De

146 597 245 654 hac
285 592 547 653 motione
617 593 823 654 divina
878 600 1107 656 tractat
1170 596 1374 674 prima
1425 600 1603 675 parte
1638 639 1655 670 ‚

147 693 335 764 quaest.
366 687 499 760 104,
528 686 702 747 artic.
740 688 779 748 3
804 693 867 749 et
905 690 969 760 4,
1008 688 1119 748 ubi
1148 689 1241 766 (ut
1266 689 1501 768 legenti
1534 689 1659 750 evi-

145 781 333 840 denter
359 779 679 858 constabit)
706 797 834 840 non
858 781 987 860 agit
1014 781 1091 841 dc
1118 781 1393 843 motione
1430 782 1564 853 Dei,
1588 784 1661 842 ut

148 889 320 934 tausae
360 871 569 949 prima».
597 873 1023 935 concurrentis
1064 892 1209 935 cum
1248 875 1567 936 voluntate
1598 879 1661 934 et

151 965 444 1036 intellectu,
474 970 543 1024 ut
578 967 781 1026 causis
822 965 1137 1039 secundiS,
1172 967 1285 1028 sed
1312 968 1391 1028 de
1422 967 1527 1028 illa
1561 986 1659 1028 ac-

146 1058 281 1119 tione
307 1075 421 1136 qua
447 1057 613 1118 Deus
648 1059 821 1120 dedit
849 1060 943 1120 his
972 1059 1373 1121 facultatibus
1399 1060 1659 1121 virtutes

142 1151 484 1229 intelligendi
534 1157 599 1212 et
640 1152 913 1226 volendi,
964 1159 1027 1214 et
1080 1153 1547 1216 inclinationem
1592 1155 1659 1214 in

142 1245 386 1322 proprios
424 1249 597 1303 actus
632 1248 697 1304 et
724 1245 991 1324 obJecta,
1044 1246 1287 1308 ratione
1343 1247 1524 1326 cujus
1578 1245 1661 1308 ad

142 1338 223 1396 illa
248 1337 533 1396 feruntur.
580 1339 835 1398 Tractat
882 1338 1072 1400 etiam
1122 1338 1202 1400 de
1245 1339 1523 1401 motione
1582 1357 1661 1400 ex

142 1436 287 1508 parte
321 1429 561 1508 objecti,
607 1447 803 1508 quam
846 1426 1011 1492 Deus
1057 1432 1264 1494 facere
1300 1439 1528 1512 potest,
1558 1431 1661 1494 vel

146 1522 511 1600 imprimendo
562 1525 809 1602 species
859 1524 920 1584 in
980 1525 1301 1586 intellectu
1333 1572 1350 1599 ,
1408 1527 1507 1587 vel
1548 1543 1663 1605 per

144 1616 359 1675 modum
382 1617 605 1695 objecti
636 1635 885 1679 summe
914 1619 1060 1680 boni
1100 1619 1413 1680 movendo
1440 1620 1665 1680 volun-

144 1713 323 1780 uitem,
352 1707 517 1786 quod
556 1715 713 1771 tunc
753 1711 955 1771 solum
992 1711 1139 1772 facit
1166 1712 1423 1773 omnino
1458 1713 1663 1773 effica-

142 1804 283 1874 citer,
318 1803 560 1881 quando
594 1811 695 1866 est
722 1806 887 1868 clare
926 1807 1118 1880 visus,
1154 1813 1226 1868 ut
1259 1807 1393 1886 ipse
1430 1807 1663 1868 docue-

144 1895 443 1956 rateadem
485 1898 693 1977 prima
724 1906 925 1978 parte,
968 1909 1190 1979 quaest.
1234 1902 1337 1972 82,
1390 1901 1564 1962 artic.
1596 1902 1656 1961 2.

146 1990 216 2046 De
253 1989 355 2047 hac
391 1989 577 2049 etiam
628 1991 911 2052 motione
956 1993 1291 2053 voluntatis
1323 1993 1453 2073 agit
1502 1999 1559 2054 1.
1596 1995 1659 2066 2,

142 2081 457 2158 saepissime,
479 2084 837 2162 praesertim
858 2091 1073 2163 qua‘st.
1096 2087 1138 2146 9
1153 2090 1217 2146 et
1236 2088 1337 2160 10,
1356 2092 1419 2146 et
1436 2089 1659 2164 quoest.

150 2177 246 2234 109
266 2179 322 2234 et
340 2177 769 2253 sequentibus.
798 2177 921 2238 Sed
947 2177 1012 2237 in
1034 2178 1135 2238 his
1168 2179 1323 2239 locis
1349 2177 1665 2239 interdum

144 2267 375 2346 loquitur
422 2269 498 2328 de
540 2271 825 2330 motione
870 2289 983 2350 per
1030 2271 1499 2333 inclinationem
1552 2289 1668 2332 na·-

141 2361 359 2420 turalem
403 2361 667 2422 inditam
698 2364 1003 2424 voluntati
1052 2363 1133 2424 ad
1176 2365 1517 2424 volendum
1553 2363 1668 2424 bo-

142 2471 285 2526 num,
320 2459 385 2516 ut
408 2473 603 2534 quum
634 2455 727 2516 ait
766 2457 1152 2518 voluntatem
1188 2458 1427 2518 moveri
1474 2475 1510 2516 a
1552 2475 1665 2517 suo

144 2552 357 2607 auctore
391 2549 467 2608 ad
511 2548 859 2610 volendum
907 2551 1144 2611 bonum
1190 2551 1251 2609 in
1302 2550 1661 2624 communi,

142 2639 221 2698 vel
244 2639 439 2714 finem3
470 2641 794 2704 interdum
820 2643 1096 2722 loquitur
1128 2645 1209 2704 de
1246 2644 1523 2705 motione
1554 2662 1669 2723 per

144 2749 465 2794 concursum
500 2736 897 2814 generalem,
944 2737 1115 2816 quia,
1176 2755 1319 2797 cum
1378 2736 1666 2797 voluntas

144 2841 237 2900 per
277 2845 441 2886 suum
476 2829 645 2890 velle
696 2837 1047 2904 moveatur,
1081 2832 1251 2891 Deus
1270 2875 1287 2902 ,
1336 2831 1665 2892 efficiendo

150 2918 285 2988 illud,
313 2939 445 2982 vere
474 2921 709 2984 dicitur
734 2941 987 2984 movere
1010 2925 1420 2997 voluntatem,
1446 2943 1667 3003 quam-

156 3010 227 3068 vis
247 3029 347 3072 non
370 3014 497 3074 sine
524 3015 660 3091 illa,
704 3022 774 3076 ut
799 3017 1109 3078 iu-ultimo
1150 3017 1353 3096 capite
1383 3017 1569 3097 hujus
1596 3017 1667 3078 li-

156 3101 229 3162 bri
273 3105 601 3170 declarabo.
660 3111 739 3170 Et
778 3109 865 3173 ita
914 3111 1104 3173 etiam
1147 3118 1353 3191 potest
1404 3111 1663 3191 intelligi

150 3196 284 3273 quod
308 3199 439 3261 dicit
486 3204 553 3263 in
600 3203 783 3263 artic.
840 3206 901 3276 4,
936 3210 1156 3283 quaest.
1194 3206 1335 3277 w5‚
1384 3210 1411 3267 1
1470 3212 1662 3283 part„

148 3290 307 3351 Deum
332 3294 538 3357 intime
568 3297 877 3358 inclinare
908 3298 1299 3359 voluntatem
1338 3298 1663 3359 efficiendo

148 3384 198 3443 in
236 3404 299 3447 ea
342 3388 540 3467 ipsum
576 3390 771 3463 velle,
820 3391 969 3471 quia
1003 3392 1162 3454 velle
1214 3398 1307 3453 est
1352 3392 1661 3455 inclinari.

147 3478 415 3543 Interdum
446 3501 599 3544 vero
636 3490 703 3545 et
734 3486 959 3563 saepius
982 3485 1259 3563 loquitur
1282 3484 1359 3545 de
1388 3486 1665 3545 motione

147 3574 350 3647 morali,
378 3577 473 3637 vel
506 3578 953 3651 antecedente,
979 3577 1151 3655 quod
1178 3584 1275 3638 est
1294 3577 1391 3639 vel
1422 3596 1500 3637 ex
1526 3596 1667 3655 par-

144 3666 191 3721 te
219 3665 442 3744 objecti,
472 3670 576 3731 vel
605 3688 725 3749 per
752 3676 999 3732 sanctas
1017 3670 1473 3731 inclinationes.
1505 3668 1667 3740 Quo·

142 3758 299 3819 modo
314 3760 579 3841 loquitur
604 3770 847 3843 aperte,
870 3764 1072 3843 prima
1100 3762 1411 3837 secundae,
1441 3768 1661 3841 quaest.

148 3854 259 3925 109,
288 3858 471 3930 art.6,
506 3859 593 3919 ad
630 3858 883 3919 tertium
908 3878 924 3931 ;
960 3861 1023 3920 et
1054 3859 1119 3918 in
1141 3862 1272 3920 tota
1298 3858 1559 3918 materia
1585 3856 1665 3917 de

146 3949 329 4023 gratia,
382 3956 449 4012 ut
502 3952 695 4013 latius
744 3951 851 4013 lib.
912 3952 952 4012 3
1000 3951 1367 4029 explicaturi
1422 3968 1659 4011 sumus,

145 4039 433 4119 Nunquam
458 4049 681 4107 tamen
712 4044 779 4105 in
807 4064 881 4105 eo
908 4045 1186 4124 reperies
1218 4044 1411 4122 (quod
1438 4044 1666 4104 iterum

146 4132 601 4199 animadvertere
642 4156 771 4198 non
812 4138 1153 4217 gravabor)
1194 4139 1395 4197 Deum
1430 4135 1667 4215 praede-

144 4226 435 4299 terminare
462 4232 856 4292 voluntatem
875 4276 891 4303 ‚
923 4231 1162 4293 nedum
1203 4230 1461 4310 physice
1506 4246 1664 4307 prae-

146 4314 555 4395 determinare3
590 4326 717 4384 imo
746 4324 811 4383 in
840 4324 1077 4385 eisdem
1108 4324 1307 4385 citatis
1326 4323 1479 4383 locis
1506 4341 1666 4383 sem·

148 4426 241 4485 per
262 4413 535 4477 observat
562 4418 761 4478 Deum
816 4416 903 4479 ita
958 4436 1213 4479 movere
1254 4416 1661 4489 voluntatem,

144 4507 199 4561 ut
237 4504 387 4567 illam
436 4528 503 4571 se
544 4528 803 4572 movere
850 4512 1037 4588 sinat,
1090 4514 1217 4573 imo
1261 4518 1331 4573 ut
1380 4528 1523 4572 eam
1582 4509 1665 4571 ad

144 4612 309 4657 unum
321 4618 441 4662 non
463 4603 841 4665 determinet
857 4605 1086 4683 praevia
1112 4603 1657 4677 determinatione,

145 4692 199 4747 ut
222 4692 353 4752 satis
375 4694 741 4775 significavit
774 4700 827 4758 1.
856 4700 919 4771 2,
942 4703 1160 4776 quaest.
1186 4702 1283 4770 10,
1314 4697 1489 4758 artic.
1517 4699 1579 4757 4.

206 4786 259 4843 9.
300 4786 513 4852 Tertia.-
559 4792 911 4871 objectionis
956 4792 1198 4855 solutio.
1218 4823 1301 4837 -
1320 4789 1664 4872 Emplioan·

152 4876 235 4979 &fr
252 4884 675 4961 propositiones
707 4884 937 4966 aliquot
960 4883 1107 4948 lion·
1131 4886 1201 4947 de
1227 4887 1432 4949 causis
1447 4902 1664 4965 propo-

148 4972 303 5031 satum
332 4977 943 5040 &nomentan-Ad
970 4978 1244 5053 tertium,
1271 4982 1499 5055 praeter
1521 4993 1669 5054 pro-

150 5062 485 5134 positionem
518 5068 607 5129 ibi
653 5070 931 5144 allatam,
960 5075 1106 5131 sunt
1150 5070 1285 5131 alite
1337 5069 1571 5129 similes
1600 5068 1665 5128 in

152 5168 212 5257 eo
256 5155 419 5233 libro,
450 5179 607 5239 quas
646 5166 719 5225 D.
777 5164 1047 5225 Thomas
1104 5180 1181 5225 ex
1236 5168 1411 5243 parte
1450 5162 1663 5235 refert,

153 5243 287 5309 d1cta
333 5264 547 5331 quaest.
602 5260 641 5319 3
688 5258 767 5320 de
808 5258 1111 5331 Potentia,
1142 5259 1315 5319 artic.
1356 5260 1415 5317 7.
1461 5255 1667 5317 Prima

156 5346 231 5399 est
257 5358 269 5400 ε
312 5344 510 5411 Virtus
535 5368 731 5413 causoe
748 5352 971 5431 pn'moe
990 5350 1169 5431 pn‘us
1197 5351 1328 5431 aqit
1362 5350 1429 5411 in
1453 5368 1669 5413 caum-

154 5433 277 5509 tm,
306 5443 359 5501 et
376 5442 761 5506 vekmmtius
788 5442 1129 5527 inflectitur
1154 5444 1223 5505 in.
1237 5444 1462 5523 ipsvm.
1490 5442 1667 5503 Nona

155 5532 231 5585 est
262 5547 275 5588 ;
308 5532 705 5617 [nulliqentia
736 5556 855 5601 nou
890 5540 999 5603 dat
1022 5554 1169 5613 esse,
1206 5539 1334 5601 nisi
1360 5541 1547 5621 prout
1577 5542 1669 5601 est

3227 388 3300 450 51

1738 500 1806 564 in
1830 519 1901 568 ea
1922 503 2126 567 virtus
2154 502 2388 566 divina.
2423 501 2548 562 Sed
2589 500 2728 560 haec
2754 499 2818 571 9,
2863 501 2926 557 et
2959 496 3038 556 16
3064 512 3204 574 quae
3241 495 3306 554 in

1740 597 2098 677 objectione
2158 595 2406 664 citatur,
2458 594 2690 673 optime
2726 591 3128 670 exponuntur
3165 606 3304 649 ver-

1738 691 1835 751 bis
1861 692 1936 751 D.
1984 691 2262 760 Thomoe,
2312 689 2350 748 3
2388 693 2604 748 contra
2651 685 2860 756 Gent„
2895 699 3032 760 cap.
3065 683 3165 753 70,
3197 681 3304 742 ubi

1740 783 1827 843 sic
1859 782 2072 842 scribit
2099 800 2114 841 ε
2163 779 2373 847 Virtus
2401 777 2714 858 inferioris
2736 777 2971 858 ayentis
2994 775 3208 855 pendet
3233 791 3308 834 etr

1738 875 1968 939 tio-tute
2013 873 2349 955 superioris
2379 875 2641 954 agentis,
2687 871 2754 932 iu
2792 874 3085 950 quantum
3132 885 3309 948 supe-

1738 969 1875 1030 rius
1902 985 2088 1050 aqam
2125 968 2230 1030 dat
2255 966 2542 1028 virtutem
2573 966 2770 1044 ipsam
2798 959 3075 1040 infcriori
3105 959 3308 1042 ayonti

1731 1079 1847 1144 per
1868 1079 2050 1142 quam
2077 1058 2231 1141 agit,
2269 1060 2364 1122 vel
2401 1061 2716 1120 conservat
2742 1073 2890 1118 eam.
2929 1053 3106 1117 Unde
3149 1053 3309 1113 infe-

1740 1155 1869 1215 rius
1900 1155 1990 1215 sic
2019 1154 2292 1232 colligit:
2323 1149 2571 1234 Oportet
2600 1149 2796 1231 igitur
2829 1149 2988 1228 quod
3027 1146 3182 1210 actio
3213 1145 3306 1206 in-

1737 1248 1986 1328 ferioris
2013 1247 2250 1328 aquatis
2277 1263 2398 1306 non
2429 1244 2624 1306 solum
2658 1241 2742 1306 sit
2779 1243 2850 1304 ab
2885 1256 2948 1303 eo
2973 1257 3086 1322 per
3109 1239 3309 1302 virtu-

1742 1345 1859 1403 tem
1884 1339 2226 1420 propriam,
2252 1339 2360 1400 sed
2378 1354 2492 1418 por
2517 1334 2804 1412 virtutem
2834 1335 3100 1395 omnium
3133 1349 3308 1412 supe-

1738 1432 1976 1495 riorum
2013 1430 2318 1514 aymtium
2349 1455 2376 1504 ,·
2419 1427 2550 1510 aqit
2591 1425 2748 1490 enim
2799 1427 2868 1489 in
2921 1422 3148 1488 cio-tuh
3189 1445 3308 1488 om-

1739 1527 1937 1588 nium.
1967 1526 2182 1606 Igitur,
2239 1543 2316 1584 ex
2362 1524 2435 1583 D.
2467 1522 2720 1583 Thomae
2773 1519 3303 1596 interpretatione,

1743 1637 2000 1681 causam
2051 1617 2394 1678 secundam
2428 1631 2616 1694 agere
2673 1613 2738 1673 in
2793 1611 3018 1672 virtute
3061 1610 3303 1690 primae,

1742 1712 1898 1774 nihil
1949 1712 2120 1774 aliud
2165 1716 2260 1773 est
2313 1727 2502 1790 quam
2533 1725 2724 1787 agere
2751 1723 2866 1786 per
2890 1705 3182 1766 virtutem
3229 1703 3310 1764 81)

1743 1807 1851 1867 1118
1881 1805 2340 1885 participatam,
2371 1807 2435 1865 et
2473 1801 2558 1863 ita
2604 1799 3066 1880 dependentem
3097 1797 3180 1858 81)
3205 1797 3314 1858 illa

1745 1901 1813 1962 in
1844 1899 2121 1980 agendO,
2156 1905 2225 1960 ut
2255 1897 2458 1959 omnis
2488 1896 2648 1956 actio
2692 1895 2826 1973 ejus
2853 1893 3056 1972 magis
3091 1891 3316 1972 princi-

1744 1993 2074 2074 paliusque
2129 1992 2366 2052 nitatur
2415 1991 2482 2050 in
2529 1989 2756 2050 virtute
2811 2002 3016 2046 causae
3068 1985 3308 2064 primae,

1746 2105 1937 2164 quam
1989 2087 2057 2146 in
2085 2085 2360 2164 propria.
2392 2085 2469 2144 Et
2513 2083 2634 2142 hac
2671 2081 2858 2142 etiam
2892 2079 3134 2140 ratione
3163 2079 3312 2138 sub-

1745 2180 1835 2241 dit
1862 2179 2030 2240 idem
2077 2181 2152 2240 D.
2186 2179 2482 2247 ThomaS,
2543 2175 2767 2236 eodem
2816 2172 2977 2246 1888,
3017 2173 3309 2232 virtutem

1742 2273 1932 2353 primi
1959 2271 2204 2352 agentis
2243 2287 2380 2332 esse
2423 2287 2502 2330 ex
2533 2287 2602 2330 se
2629 2266 3093 2347 productivam;
3121 2265 3310 2325 virtu-

1748 2373 1845 2426 tes
1873 2371 2088 2425 autem
2115 2363 2506 2434 inferiorum,
2544 2379 2670 2421 non
2701 2359 2820 2420 nisi
2851 2377 2928 2420 ex
2950 2359 3176 2419 virtute
3207 2376 3313 2418 su-

1749 2458 2034 2538 perioriS,
2067 2457 2130 2518 id
2163 2463 2278 2529 est,
2312 2462 2382 2518 ut
2418 2456 2482 2516 in
2511 2455 2616 2515 illa
2643 2454 2803 2514 nixae
2844 2457 2906 2514 ct
2947 2453 3030 2514 ab
3066 2452 3170 2514 illa
3199 2451 3314 2512 ad-

1741 2553 1917 2631 jutae.
1953 2553 2042 2611 Ex
2070 2551 2190 2610 hac
2235 2567 2388 2627 ergo
2419 2548 2700 2609 doctrina
2730 2546 2911 2608 facile
2948 2545 3312 2624 intelligitur

1745 2664 1934 2707 verus
1973 2663 2197 2706 sensus
2225 2643 2475 2704 illarum
2516 2641 3008 2722 propositionum
3047 2640 3192 2700 libri
3231 2638 3311 2699 de

1746 2739 1954 2800 causis
2011 2743 2074 2798 et
2124 2736 2442 2798 similium.
2493 2737 2564 2796 In
2617 2735 2818 2814 prima
2865 2733 3031 2793 enim
3089 2732 3313 2794 dicitur

1746 2849 1939 2893 causa
1976 2831 2177 2910 prima
2205 2829 2378 2910 prius
2409 2845 2629 2907 agere,
2671 2827 2814 2906 quia
2847 2845 2920 2886 ex
2951 2843 3016 2886 se
3047 2831 3110 2886 et
3135 2826 3312 2886 inde-

1746 2924 2098 3004 pendenter
2149 2923 2300 3003 agit,
2337 2928 2404 2983 ut
2447 2922 2674 2981 iterum
2705 2919 2863 2980 infra
2910 2919 3094 2980 latius
3149 2918 3313 2980 dice·

1744 3037 1907 3078 mue.
1952 3018 2188 3080 Dicitur
2239 3017 2427 3077 etiam
2463 3015 2898 3075 vehementius
2933 3012 3173 3092 ingredi
3227 3012 3312 3072 ef-

1743 3111 2002 3186 fectum,
2029 3110 2176 3189 quia
2205 3109 2486 3171 intimius
2515 3114 2610 3169 est
2637 3107 2699 3168 in
2727 3105 2856 3181 illo,
2889 3106 3216 3185 magisque
3245 3105 3312 3166 in

1742 3205 1921 3265 illum
1948 3204 2172 3277 influit,
2208 3204 2432 3282 etipse
2468 3201 2862 3263 essentialius
2904 3200 2983 3259 ab
3025 3197 3128 3259 illa
3159 3217 3314 3279 pen-

1744 3298 1871 3359 det.
1902 3299 1976 3358 In
2004 3315 2195 3369 nona,
2223 3296 2451 3356 dicitur
2487 3312 2677 3355 causa
2708 3292 2985 3354 secunda
3029 3292 3178 3353 dare
3217 3310 3314 3352 es-

1746 3411 1836 3468 se,
1879 3397 2069 3471 prout
2096 3396 2192 3451 est
2223 3390 2288 3449 in
2325 3407 2400 3450 ea
2429 3389 2624 3449 virtus
2659 3387 2892 3461 divina,
2935 3387 3034 3446 vel
3063 3385 3314 3465 partici-

1745 3486 1976 3565 pative,
2010 3502 2126 3563 per
2151 3484 2486 3563 ipsammet
2522 3481 2886 3543 facultatem
2915 3486 2978 3540 ct
3018 3480 3312 3539 virtutem

1746 3578 2150 3639 intrinsecam
2199 3595 2236 3637 a
2277 3577 2408 3636 Deo
2441 3574 2898 3654 participatam,
2949 3590 3074 3651 quo
3121 3570 3310 3631 modo

1748 3671 1973 3732 dicitur
2001 3669 2272 3729 charitas
2315 3668 2524 3728 divina
2567 3684 2704 3727 esse
2734 3666 2798 3726 in
2830 3665 3034 3739 nobie,
3067 3670 3127 3725 et
3157 3664 3313 3725 divi-

1746 3780 1899 3823 num
1948 3763 2162 3823 lumen
2198 3761 2264 3821 in
2305 3761 2540 3833 beatis;
2573 3760 2672 3821 vel
2721 3758 3074 3831 causaliter,
3104 3757 3168 3818 id
3217 3761 3314 3818 est

1747 3863 2060 3936 quatenus
2085 3856 2354 3935 ipsamet
2379 3855 2576 3915 virtus
2607 3852 2715 3913 Dei
2741 3858 2836 3913 est
2875 3852 2940 3913 in
2972 3870 3162 3913 causa
3211 3868 3312 3912 se-

1748 3950 1954 4011 cunda
2005 3949 2314 4030 adjuvans
2357 3948 2550 4021 illam,
2603 3952 2666 4007 et
2720 3964 2864 4007 cum
2915 3945 3022 4006 illa
3055 3964 3312 4007 concur-

1744 4062 1913 4105 rens.
1949 4046 2152 4119 Atque
2194 4043 2314 4103 hoc
2347 4042 2534 4103 ctiam
2576 4040 2764 4101 modo
2805 4039 3029 4101 dicitur
3073 4040 3137 4101 in
3165 4058 3313 4118 pro-

1745 4137 2054 4217 positione
2077 4136 2324 4197 decima
2351 4140 2528 4196 sexta
2543 4132 2836 4195 uirtutem
2865 4132 3141 4194 divinam
3171 4150 3310 4193 esse

1742 4233 2038 4293 virtutem
2068 4231 2348 4291 omnium
2387 4245 2741 4300 causarum,
2774 4227 2871 4287 vel
2916 4226 3063 4305 quia
3091 4242 3310 4286 omnes

1746 4324 1827 4385 ab
1858 4325 1964 4385 illa
1997 4324 2230 4384 habent
2266 4323 2580 4396 virtutem,
2628 4321 2732 4381 vel
2770 4321 2914 4399 quia
2959 4319 3062 4380 illa
3093 4337 3310 4379 omncs

1738 4419 1938 4497 juvat,
1969 4424 2031 4479 et
2063 4434 2207 4477 cum
2240 4414 2530 4475 omnibus
2559 4414 2687 4494 agit
2717 4416 2780 4475 et
2820 4412 3152 4486 concurrit,
3183 4431 3309 4492 quo

1746 4528 1938 4572 sensu
1981 4510 2168 4571 etiam
2219 4506 2340 4569 dici
2378 4512 2584 4587 potest
2641 4508 3030 4588 conjungere
3089 4524 3309 4568 omncs

1746 4622 1970 4665 causas
2013 4602 2141 4663 suis
2189 4602 2536 4677 effectibuS,
2589 4606 2650 4662 et
2691 4600 3008 4680 applicare
3039 4600 3196 4674 illas,
3241 4606 3310 4659 ut

1744 4696 1980 4757 dictum
2001 4700 2119 4757 est.
2177 4706 2184 4713 ’

1790 4884 2092 4960 Quartum
2121 4882 2410 4964 objeotwm
2438 4900 2512 4947 ea:
2535 4880 2864 4947 Aristotele
2885 4880 3267 4945 dissolvitwr.

1835 5066 1926 5126 10.
1978 5062 2098 5138 Qui
2117 5061 2400 5126 dicantwr
2423 5078 2706 5144 corporea
2727 5055 2974 5142 ayentia
3003 5065 3167 5124 mota
3189 5076 3311 5122 mo-

1745 5178 1901 5224 vere.
1941 5192 2023 5205 -
2062 5156 2400 5239 Qotwpleoe
2428 5156 2736 5238 oontinyat
2759 5156 2998 5237 pra-via
3025 5156 3206 5217 motio
3233 5155 3316 5217 ad

1746 5252 2041 5318 actionem
2066 5252 2338 5314 secundoe
2365 5268 2582 5313 causoe.
2611 5280 2692 5295 --
2709 5248 2806 5309 Ad
2835 5253 3148 5326 quartum,
3201 5247 3314 5305 mi·

1748 5366 1853 5409 ror
1876 5365 2028 5408 sane
2060 5346 2230 5424 quod
2255 5344 2320 5405 in
2347 5344 2466 5403 hac
2487 5360 2677 5403 causa
2695 5341 3057 5402 Aristoteles
3083 5340 3311 5399 affera-

1746 5448 1871 5517 tur,
1902 5441 2010 5521 qui
2039 5458 2166 5503 non
2197 5439 2400 5499 solum
2425 5454 2506 5497 ne
2535 5434 2794 5497 verbum
2829 5434 3082 5513 quidem
3111 5432 3312 5491 ullum

1748 5536 1829 5599 de
1880 5532 2242 5613 hujusmodi
2292 5528 2698 5611 praemotione
2753 5544 2958 5589 causae
3015 5524 3308 5587 secundae
