3850 6225
541 482 770 558 potest,
805 475 902 538 cui
933 477 1167 557 aliquid
1193 480 1621 542 necessarium
1655 479 1986 540 deest'rlta
2018 497 2113 539 re-

542 571 754 632 ferunt
780 570 1074 631 Catholici
1123 577 1432 645 auctoreS,
1462 573 1568 652 qui
1597 573 1694 634 his
1723 572 2111 651 temporibus

544 669 760 725 contra
815 682 922 724 eos
973 665 1378 744 scripserunt,
1417 669 1520 746 qui
1571 685 1680 727 eos
1731 685 1856 727 non
1907 667 2112 744 impu-

543 763 760 836 gnant,
807 776 881 819 eo
933 759 1103 836 quod
1141 759 1304 821 male
1335 761 1636 834 inferant,
1669 760 1782 821 sed
1823 777 1898 821 eo
1942 757 2112 837 quod

543 851 908 913 haereticum
938 853 1166 931 dogma
1189 871 1266 914 ex
1291 853 1447 914 falso
1469 855 1774 933 principio
1797 854 2103 925 i11fe1ant;

545 962 751 1024 neque
793 951 1015 1024 putant
1051 965 1117 1006 se
1167 965 1352 1026 posse
1395 947 1513 1007 illis
1557 947 1938 1018 satisfacere,
1974 947 2111 1006 illa-

543 1037 778 1099 tionem
818 1037 1180 1112 inficiando‚
1215 1042 1327 1102 sed
1363 1039 1654 1119 negando
1685 1042 1906 1102 efficax
1936 1040 2111 1100 auxi·

542 1133 694 1193 lium
725 1132 789 1193 in
819 1133 1000 1195 simili
1031 1134 1306 1197 mot-ione
1339 1137 1702 1211 consistere,
1735 1143 1919 1214 prout
1950 1135 2111 1196 infra

543 1226 914 1288 videbimus.
953 1229 1256 1290 Probatur
1285 1247 1434 1310 ergo
1485 1230 1590 1290 illa
1635 1230 2105 1310 consequentia,

543 1322 609 1381 in
635 1339 759 1400 qua
787 1325 916 1382 tota
946 1323 1036 1382 vis
1079 1329 1306 1384 nostrae
1352 1326 1678 1386 sententiae
1708 1325 1918 1404 quoad
1946 1325 2107 1384 hanc

541 1419 786 1494 partem
813 1415 1123 1488 consistit;
1157 1417 1302 1496 quia
1331 1417 1634 1479 auxilium
1664 1418 1981 1478 sufficiens
2011 1416 2107 1476 iu-

540 1507 734 1570 cludit
763 1509 972 1588 aliquo
998 1510 1188 1572 modo
1219 1511 1522 1592 quidquid
1553 1517 1648 1573 est
1675 1511 2107 1574 necessarium

541 1599 623 1662 ad
652 1599 966 1676 effectum,
997 1602 1078 1664 ad
1125 1623 1316 1683 quem
1355 1605 1580 1668 dicitur
1607 1605 1957 1676 sufficiens;
1992 1603 2105 1664 sed

541 1695 842 1757 auxilium
869 1696 1085 1758 datum
1117 1698 1172 1760 ei
1201 1698 1306 1778 qui
1336 1717 1465 1760 non
1497 1699 1898 1773 convertitur,
1930 1698 2102 1757 nullo

541 1787 730 1850 modo
771 1789 1032 1852 includit
1061 1793 1400 1853 motionem
1434 1792 1690 1872 physice
1736 1797 1798 1852 et
1843 1791 2105 1852 efficaci-

539 1886 639 1942 ter
693 1881 1340 1961 praedeterminantem
1407 1884 1675 1947 liberum
1731 1883 2093 1954 arbitrium;

541 1991 715 2056 ergo,
748 1975 800 2036 si
826 1977 960 2038 haec
987 1978 1294 2056 promotio
1321 1978 1579 2058 physica
1605 1983 1700 2038 est
1721 1977 2098 2048 necessaria,

540 2065 693 2129 illud
722 2069 1020 2131 auxilium
1049 2089 1176 2131 non
1209 2077 1301 2133 cst
1325 2073 1660 2133 sufficiens

618 2161 680 2223 2.
731 2161 974 2226 Salutio
1003 2167 1452 2246 arqwmenti.-
1477 2165 1922 2243 Resellitur.-
1943 2164 2102 2225 Duo·

540 2256 658 2318 bus
685 2255 888 2318 modis
917 2257 1283 2337 responderi
1326 2259 1516 2320 solet:
1557 2258 1726 2337 prior
1770 2263 1885 2330 est,
1933 2255 2101 2316 auxi-

537 2348 714 2422 lium,
775 2350 944 2428 quod
991 2355 1085 2412 est
1135 2357 1376 2414 tantum
1422 2352 1759 2425 sufficienS,
1808 2369 1936 2411 non
1978 2349 2100 2410 dici

534 2443 855 2504 'sufficiens
884 2444 966 2506 ad
985 2443 1166 2518 velle,
1198 2445 1308 2506 sed
1327 2451 1569 2506 tantum
1595 2445 1676 2505 ad
1707 2462 1889 2523 posse
1909 2443 2093 2516 veile3

536 2536 1251 2616 proedeterminationem
1312 2545 1522 2600 autem
1585 2537 1910 2617 physicam
1969 2555 2098 2597 non

538 2647 675 2692 esse
724 2631 1144 2693 necessariam
1174 2632 1254 2693 ad
1305 2651 1512 2713 posse,
1569 2631 1681 2692 sed
1731 2637 1973 2690 tantum
2016 2630 2096 2691 ad

537 2723 719 2797 velle,
755 2732 817 2785 et
844 2725 986 2787 ideo
1029 2725 1136 2786 illa
1177 2725 1302 2787 duo
1351 2744 1478 2786 non
1505 2742 1863 2804 repugnare
1885 2769 1900 2796 ,
1935 2723 2097 2784 scili-

533 2822 654 2890 cet,
687 2818 856 2896 quod
887 2819 1070 2880 detur
1099 2819 1396 2880 auxilium
1427 2818 1738 2880 sufficiens
1786 2817 1920 2878 sine
1968 2817 2096 2877 effi-

531 2911 697 2983 caci;
749 2918 810 2974 et
859 2911 1261 2973 nihilominus
1314 2913 1486 2992 quod
1534 2911 1832 2972 auxilium
1877 2911 2095 2972 efficax

529 3006 608 3066 sit
643 3006 727 3066 ita
755 3007 1204 3080 necessarium,
1241 3012 1309 3067 ut
1333 3007 1467 3067 sine
1500 3005 1602 3066 illo
1635 3023 1957 3084 nunquam
1986 3005 2093 3064 ho-

527 3117 632 3161 mo
672 3118 787 3179 per
827 3101 1030 3163 solum
1078 3101 1377 3163 auxilium
1429 3101 1745 3163 sufficiens
1790 3099 1938 3160 velit
1983 3104 2093 3160 aut

527 3194 898 3256 consentiat.
943 3196 1066 3256 Sed
1106 3196 1242 3257 haec
1297 3196 1644 3273 respons10,
1689 3211 1894 3272 neque
1946 3210 2091 3253 con-

525 3292 688 3348 stare
720 3294 925 3367 potest
953 3288 1019 3349 in
1051 3289 1359 3351 sententia
1391 3288 1698 3349 dictorum
1735 3293 2085 3363 auctorum,

523 3398 732 3459 neque
773 3380 1133 3460 simpliciter
1172 3381 1553 3443 satisfacere.
1587 3380 1862 3441 Primum
1893 3379 2082 3453 enim,

522 3472 668 3535 dicti
722 3480 1009 3535 auctores
1064 3474 1293 3535 docent
1349 3474 1648 3536 auxilium
1698 3475 1818 3534 hoc
1867 3472 2087 3533 efficax

521 3586 660 3629 esse
709 3569 1050 3629 motionem
1101 3568 1437 3649 quamdam
1477 3568 1780 3631 voluntati
1827 3568 2087 3648 impres-

519 3679 678 3735 sam,
711 3661 894 3741 eique
927 3662 1358 3737 inhaerentem,
1391 3681 1530 3743 quae
1562 3670 1655 3724 est
1687 3662 1873 3723 veluti
1911 3679 2083 3723 com-

515 3752 904 3831 plementum
955 3754 1244 3815 ultimum
1298 3756 1537 3817 virtutis
1581 3754 1952 3816 necessariae
2000 3753 2081 3814 ad

515 3846 868 3927 agendum;
901 3866 1054 3929 ergo
1091 3867 1222 3910 non
1264 3850 1468 3911 solum
1512 3855 1606 3910 est
1653 3849 2079 3909 necessarium

513 3939 632 4001 hoc
677 3941 977 4001 auxilium
1006 3948 1076 4003 ut
1105 3942 1393 4004 voluntas
1421 3943 1589 4017 velit,
1621 3942 1733 4003 sed
1775 3942 1964 4003 etiam
2009 3945 2078 4002 ut

509 4033 668 4094 velle
709 4034 924 4113 possit,
957 4036 1104 4115 quia
1143 4036 1276 4097 sine
1321 4036 1426 4096 illo
1473 4035 1668 4096 virtus
1713 4034 2071 4099 voluntatis.

1389 379 1602 432 OPUSC.
1641 381 1679 444 1,
1715 381 1833 432 Lm.
1871 381 1953 432 111.
1990 380 2071 432 DE
2104 379 2375 432 AnlenS
2409 380 2639 432 131leAE
2670 381 2935 434 enum.

2194 497 2379 557 posse
2409 478 2592 552 velle,
2627 483 2689 540 et
2713 498 2840 540 non
2867 483 3110 541 tantum
3138 479 3221 540 ad
3268 478 3462 552 velle;
3486 493 3696 554 nam,ut

2194 590 2401 651 supra,
2446 592 2583 652 cap.
2624 575 2686 648 6,
2736 573 3067 647 declaravi,
3118 591 3261 632 cum
3311 571 3529 634 dicitur
3572 580 3696 638 auxi-

2192 665 2345 726 lium
2374 665 2454 727 acl
2482 685 2689 745 posse,
2721 685 2851 728 non
2880 672 2973 726 est
3018 665 3493 745 intelligendum
3540 668 3694 748 ipsum

2193 777 2375 838 posse
2408 779 2545 821 esse
2570 760 2909 822 terminum
2934 761 3031 821 vel
3062 759 3254 820 finem
3302 759 3382 818 ad
3422 779 3591 838 quem
3626 782 3697 824 or-

2190 852 2443 914 dinatur
2460 853 2783 924 auxilium,
2810 853 2923 914 sed
2950 871 3087 914 esse
3116 853 3296 932 quasi
3320 855 3595 914 effectum
3613 855 3697 915 fcr-
3787 913 3789 916 ,

2190 945 2447 1019 malem,
2490 947 2595 1026 qui
2626 947 2946 1008 confertur
2988 965 3100 1026 per
3136 947 3439 1006 auxilium
3468 965 3697 1008 necessa-

2192 1039 2375 1112 rium,
2418 1039 2589 1118 quod
2639 1039 2824 1101 datur
2869 1058 2979 1118 per
3016 1038 3275 1100 modum
3329 1039 3619 1120 principii,
3658 1051 3699 1103 et

2192 1133 2431 1193 confert
2484 1152 2667 1212 posse
2722 1151 2951 1212 agere;
3014 1133 3191 1212 quia,
3248 1151 3393 1194 cum
3452 1133 3614 1194 datur
3654 1145 3700 1196 ut

2189 1226 2561 1306 principium
2586 1227 2668 1287 ad
2694 1227 3032 1308 agendum,
3066 1245 3210 1288 cum
3242 1226 3555 1288 voluntate
3592 1249 3703 1288 con-
3787 1243 3789 1268 s

2191 1320 2387 1382 stituit
2411 1321 2727 1399 integrum
2754 1321 3127 1400 principium
3156 1319 3411 1399 agendi,
3446 1325 3503 1380 et
3525 1321 3701 1402 hoc-ip

2190 1431 2330 1475 sum
2365 1421 2461 1476 est
2489 1415 2639 1476 dare
2669 1415 2971 1476 voluntati
3004 1421 3074 1476 ut
3118 1415 3313 1494 possit
3338 1433 3559 1492 agere;
3590 1435 3701 1496 ergo
3787 1461 3789 1464 ψ

2186 1526 2315 1568 non
2348 1514 2591 1569 tantum
2622 1509 2700 1569 ad
2730 1506 2913 1582 velle,
2958 1509 3064 1574 sed
3104 1509 3288 1569 ctiam
3314 1507 3396 1569 ad
3428 1527 3598 1588 posse
3636 1519 3702 1570 est
3790 1507 3792 1512 ’

2186 1601 2609 1662 necessarium
2636 1603 2758 1664 hoc
2780 1603 3105 1674 auxilium,
3131 1602 3276 1680 quia
3302 1601 3439 1662 sine
3466 1601 3565 1660 ino
3586 1621 3701 1662 non·
3790 1603 3792 1612 '

2186 1694 2337 1756 dum
2390 1703 2483 1756 est
2536 1696 2937 1758 constitutum
2986 1695 3298 1758 sufficiens
3346 1695 3699 1774 principium,

2184 1807 2303 1848 nee
2362 1789 2677 1850 sufficiens
2736 1790 3015 1870 potentia
3062 1789 3144 1850 ad
3193 1789 3545 1869 agendum;
3588 1808 3700 1868 ergo

2184 1881 2460 1960 implicat
2500 1883 2848 1963 intelligere
2897 1882 3208 1944 sufficiens
3252 1881 3551 1942 auxilium
3600 1882 3699 1941 sine

2184 1977 2419 2038 efficaci
2460 1977 2709 2039 auxilio.
2744 1977 2819 2037 Et
2864 1976 3269 2038 confirmatur
3305 1993 3383 2036 ex
3434 1973 3605 2036 dictis
3645 1975 3701 2037 de

2184 2069 2527 2131 sufficiente
2550 2069 2807 2142 auxili03
2841 2070 3227 2131 ostendimus
3251 2068 3423 2129 enim
3447 2068 3701 2130 auxilium

2182 2163 2495 2224 sufficiens
2524 2161 2657 2224 dari
2696 2181 2811 2244 per
2837 2163 3095 2225 modum
3126 2162 3437 2242 principii,
3470 2179 3603 2222 eum
3628 2161 3703 2222 de-

2182 2261 2283 2316 tur
2324 2257 2561 2336 absque
2614 2259 2791 2332 actu,
2834 2263 2895 2318 et
2935 2261 3416 2335 consequenter,
3463 2261 3532 2314 ut
3562 2255 3619 2314 in
3646 2273 3701 2314 eo

2183 2352 2399 2413 ordine
2429 2353 2507 2414 sit
2540 2352 2871 2428 sufficiens»,
2910 2353 3143 2414 debere
3176 2352 3385 2430 aliquo
3426 2349 3606 2411 modo
3632 2350 3702 2408 in·

2180 2445 2433 2506 cludere
2457 2465 2643 2507 omne
2669 2445 2990 2520 auxilium,
3010 2445 3179 2525 quod
3199 2451 3295 2506 est
3314 2444 3703 2505 necessarium
3791 2445 3792 2448 ’

2178 2557 2293 2618 per
2339 2540 2598 2601 modum
2644 2539 2951 2619 principii,
2990 2539 3139 2620 quia
3188 2557 3317 2600 non
3370 2542 3574 2617 potest
3612 2536 3701 2596 dici
3791 2555 3792 2558 ¹

2176 2633 2550 2711 principium
2583 2633 2920 2706 sufficiens,
2939 2631 3107 2712 quod
3127 2650 3255 2692 non
3281 2629 3543 2691 includit
3564 2630 3705 2708 quid·
3790 2713 3792 2716 Α

2178 2726 2329 2805 quid
2380 2733 2473 2787 est
2522 2727 2945 2788 necessarium
3007 2727 3071 2787 in
3124 2725 3367 2786 ratione
3414 2723 3699 2803 principii:

2178 2837 2327 2900 ergo
2369 2821 2417 2881 si
2450 2821 2565 2880 hoc
2606 2821 2899 2880 auxilium
2932 2821 3151 2880 efficax
3180 2825 3273 2878 est
3306 2817 3703 2878 necessarium

2175 2912 2237 2972 in
2268 2913 2507 2974 ratione
2540 2914 2843 2992 principii,
2877 2913 3009 2974 sinc
3038 2913 3145 2973 illo
3176 2911 3419 2972 nullum
3454 2919 3549 2972 est
3567 2911 3703 2970 auxi·

2176 3005 2323 3064 lium
2357 3007 2688 3068 sufficiens,
2730 3007 2887 3078 Quin
2918 3006 3144 3086 potius,
3177 3013 3247 3066 ut
3274 3003 3505 3064 eodem
3535 3003 3701 3080 capite

2174 3098 2479 3171 dicebam,
2519 3101 2570 3161 si
2602 3099 2854 3179 aliquod
2886 3099 3183 3161 auxilium
3224 3097 3543 3159 interdum
3582 3095 3703 3155 dici-

2173 3198 2275 3253 tur
2302 3194 2613 3254 sufficiens
2662 3194 2740 3255 ad
2790 3200 3021 3265 actum,
3072 3211 3259 3273 quem
3304 3192 3557 3253 efficere
3602 3208 3701 3247 non

2172 3292 2375 3365 potest
2402 3286 2534 3349 sine
2564 3286 2685 3347 alio
2711 3288 2929 3367 majori
2959 3286 3208 3359 auxilio,
3243 3284 3413 3364 quod
3445 3284 3525 3343 sit
3544 3283 3701 3342 etiam

2170 3380 2541 3458 principium
2576 3386 2773 3452 actus,
2808 3380 2958 3441 illud
2980 3380 3105 3440 tale
3140 3379 3441 3439 auxilium
3468 3396 3591 3437 non
3618 3394 3701 3453 po·

2166 3477 2289 3534 test
2314 3492 2450 3534 esse
2486 3474 2797 3535 sufficiens
2840 3474 3143 3552 proxime,
3182 3492 3323 3535 cum
3364 3490 3481 3551 per
3509 3488 3572 3531 sc
3598 3487 3699 3529 uon

2166 3566 2452 3639 sufficiat,
2490 3568 2603 3627 sed
2632 3574 2894 3639 remote,
2928 3585 3040 3627 seu
3091 3584 3205 3645 per
3254 3564 3461 3635 aliud;
3502 3563 3581 3623 ad
3610 3564 3701 3620 hoe

2166 3660 2551 3720 ostendimus
2586 3661 3010 3721 necessarium
3041 3678 3178 3721 esse
3216 3664 3283 3720 ut
3321 3660 3396 3719 sit
3432 3659 3499 3718 in
3528 3656 3702 3717 homi-

3708 1764 3747 1817 ἣ

2163 3753 2260 3813 nis
2292 3760 2620 3833 potestate,
2662 3753 2894 3833 aliquid
2934 3752 3142 3815 facere
3186 3772 3299 3833 per
3342 3752 3515 3831 prius
3552 3749 3703 3809 auxi-

2160 3846 2335 3922 lium,
2369 3864 2493 3923 quo
2533 3848 2843 3925 posterius
2871 3854 2933 3907 et
2967 3848 3169 3925 majus
3196 3846 3499 3915 obtineat,
3526 3844 3603 3903 ad
3632 3840 3703 3901 cf-

2157 3939 2493 4001 ficiendum
2518 3940 2708 3999 alium
2739 3945 2967 4001 actum.
3004 3941 3102 4003 Sic
3136 3958 3287 4019 ergo
3312 3940 3374 3998 in
3399 3936 3699 4018 praesenti.

2159 4032 2208 4092 si
2248 4032 2367 4093 hoc
2400 4033 2698 4093 auxilium
2746 4035 2964 4095 efficax
3005 4040 3101 4096 est
3138 4032 3563 4093 necessarium
3604 4046 3703 4106 per

509 4126 635 4187 imo
668 4126 758 4203 (ut
787 4126 902 4207 ipsi
933 4128 1128 4207 aiunt)
1157 4128 1352 4190 virtus
1385 4128 1574 4189 etiam
1601 4126 1918 4187 charitalis
1961 4127 2074 4187 ha-
2156 4128 2414 4188 modum
2464 4128 2769 4208 principii,
2800 4130 2934 4191 sine
2977 4130 3081 4190 illo
3114 4128 3356 4189 nullum
3396 4126 3565 4187 aliud
3609 4142 3699 4203 po-

509 4217 824 4282 hitualiter
872 4221 1118 4295 infusae,
1171 4227 1264 4281 est
1320 4220 1720 4299 incompleta,
1754 4227 1816 4279 et
1837 4220 2073 4281 insuffi-
2152 4222 2295 4282 terit
2325 4240 2461 4281 esse
2493 4223 2807 4283 sufficiens
2836 4223 3117 4301 proxime
3148 4229 3209 4284 et
3232 4220 3611 4287 immediate,
3642 4223 3697 4275 ut

504 4312 674 4373 ciens
717 4312 800 4373 ad
853 4321 1062 4375 actum
1117 4314 1526 4385 eliciendum3
1585 4332 1735 4392 ergo
1785 4313 1918 4373 sine
1961 4314 2068 4373 illo
2152 4320 2591 4393 argumentum
2610 4314 2844 4377 factum
2876 4316 3199 4378 evidenter
3226 4314 3560 4377 concludit.
3590 4310 3699 4373 Sed

503 4404 730 4465 auxilio
760 4424 888 4467 non
935 4406 1138 4469 solum
1187 4426 1316 4469 non
1365 4412 1531 4485 aget,
1564 4406 1676 4467 sed
1704 4425 1822 4467 nec
1864 4413 2069 4485 potest
2154 4424 2355 4483 neque
2404 4425 2539 4468 esse
2592 4413 2797 4487 potest
2846 4410 3159 4471 sufficiens
3212 4408 3521 4479 mediate;
3564 4406 3698 4485 quia

499 4516 728 4576 agei-ez
765 4516 914 4579 ergo
945 4518 1130 4561 omne
1161 4500 1460 4561 auxilium
1482 4499 1652 4579 quod
1680 4500 1800 4559 hoc
1825 4518 1952 4560 non
1977 4500 2067 4559 in-
2148 4516 2261 4576 per
2308 4498 2458 4560 illud
2498 4500 2651 4560 nihil
2684 4506 2888 4581 potest
2917 4500 3123 4563 facere
3156 4502 3341 4561 homo
3384 4518 3508 4581 quo
3552 4498 3699 4558 obti-

497 4590 710 4665 cludit,
749 4611 872 4653 non
919 4600 1124 4671 potest
1169 4594 1288 4655 dici
1344 4594 1695 4665 sufficienS,
1743 4592 1933 4653 etiam
1984 4591 2063 4652 ad
2147 4600 2295 4653 neat
2338 4594 2637 4655 auxilium
2676 4596 2927 4668 efficax,
2986 4602 3053 4657 ut
3106 4596 3354 4675 ipsimet
3420 4600 3697 4655 auctores

497 4700 704 4760 posse.
2146 4684 2307 4747 illius
2354 4688 2664 4766 opinionis
2698 4689 3087 4769 frequentius
3128 4688 3367 4762 dicunt,
3400 4694 3695 4768 ponentes

577 4778 633 4836 3.
679 4778 918 4841 Deinde
951 4780 1068 4842 hoc
1099 4780 1400 4841 auxilium
1429 4780 1649 4840 efficax
1675 4784 1784 4840 aut
1811 4786 1905 4839 est
1949 4798 2061 4840 ne·
2142 4778 2260 4838 hoc
2308 4780 2607 4841 auxilium
2648 4782 2867 4843 efficax
2916 4784 2980 4845 in
3034 4784 3164 4845 sola
3208 4784 3319 4845 Dei
3358 4784 3689 4843 voluntate.

490 4872 834 4955 cessarium
861 4890 974 4951 per
1001 4874 1260 4935 modum
1289 4873 1594 4952 principii,
1634 4879 1742 4933 aut
1769 4890 1882 4952 per
1923 4892 2059 4933 mo·
2140 4872 2272 4932 sine
2306 4873 2432 4934 ullo
2462 4882 2748 4955 respectu
2776 4876 2855 4935 ad
2888 4882 3168 4938 nostram
3194 4878 3568 4948 libertatem,
3602 4874 3693 4933 vei

487 4961 638 5021 dum
668 4982 1009 5026 concursus
1039 4965 1382 5027 immediati
1412 4967 1474 5025 in
1506 4966 1712 5044 ipsum
1732 4974 1963 5027 actum.
1992 4966 2053 5027 Si
2137 4966 2274 5044 ejus
2308 4986 2515 5039 usum,
2548 4974 2615 5028 ut
2644 4969 3121 5031 antecedentem
3150 4972 3249 5030 vel
3280 4970 3692 5032 concomitan-

485 5052 727 5117 dicatur
762 5058 1032 5137 primum
1065 5060 1155 5138 (ut
1191 5059 1549 5120 necessario
1580 5058 1789 5120 dicere
1821 5060 2055 5121 debent
2136 5062 2287 5131 tem,
2325 5060 2439 5119 scd
2481 5066 2720 5121 tantum
2772 5068 2840 5122 ut
2890 5063 3419 5141 subsequentem;
3470 5064 3531 5125 in
3571 5080 3691 5142 quo

485 5152 772 5210 auctores
822 5152 986 5213 illius
1039 5154 1386 5227 sentcntiae,
1442 5153 1588 5230 quia
1631 5170 1760 5213 non
1809 5158 2052 5231 ponunt
2134 5169 2285 5211 sanc
2332 5160 2791 5234 consequenter
2835 5154 3198 5232 loquuntur,
3230 5161 3299 5217 ut
3352 5156 3553 5218 statim
3592 5172 3691 5214 os-

481 5238 601 5301 hoc
629 5242 929 5304 auxilium
954 5263 1092 5307 esse
1123 5245 1481 5307 immediate
1506 5244 1572 5305 in
1609 5246 1902 5307 effectum
1940 5254 2049 5309 aut
2138 5245 2415 5305 tendam.

477 5338 712 5407 actum,
741 5338 855 5400 sed
883 5338 946 5399 in
989 5357 1270 5413 causam,
1299 5338 1366 5399 id
1391 5344 1507 5411 est,
1539 5339 1603 5399 in
1633 5338 2046 5411 voluntatem,
2216 5342 2275 5400 4.
2322 5340 2386 5401 Si
2414 5359 2563 5401 vero
2586 5341 2705 5402 hoc
2725 5342 3027 5405 auxilium
3054 5345 3273 5407 efficax
3302 5346 3538 5407 dicatur
3550 5348 3689 5403 tan-

473 5429 547 5487 ut
571 5426 775 5490 eliciat
803 5434 1061 5512 actum),
1095 5432 1146 5493 si
1173 5433 1295 5494 hoc
1328 5432 1634 5512 (inquam)
1666 5430 1929 5507 dicatur,
1956 5450 2049 5493 se·
2130 5440 2265 5495 tum
2295 5435 2719 5497 necessarium
2750 5454 2863 5515 per
2889 5438 3147 5499 modum
3188 5458 3544 5512 concursuS,
3579 5458 3683 5501 ve·

475 5521 689 5601 quitur
741 5524 860 5588 hoc
923 5527 1224 5591 auxilium
1279 5546 1417 5591 esse
1471 5529 1900 5591 necesfflrium
1966 5527 2045 5589 ad
2128 5545 2268 5586 rum
2300 5528 2553 5605 quidem
2588 5534 2679 5589 est
2721 5529 2843 5589 tale
2884 5531 3207 5605 auxilium,
3238 5538 3307 5593 ut
3334 5542 3473 5596 actu
3500 5533 3683 5595 colla-
