3850 6225
618 417 749 468 CAP.
783 415 866 467 IX.
903 413 1121 466 Posffl
1154 413 1571 466 NECESSITATE
1602 413 1882 465 PHYSICAE
1916 412 2636 474 ΡΒᾸΞΒΕΤΕΒΜΙΝΑΤΙΟΝΙΒ,
2673 414 2807 465 ETC.

136 516 451 591 terminari,
496 534 685 594 quam
712 516 953 576 efficere
980 515 1341 577 volitionem
1368 516 1470 576 vel
1500 513 1660 576 noli-

138 613 379 682 tionem;
418 609 483 669 in
508 627 737 689 genere
767 613 979 669 autem
1004 625 1211 669 causae
1238 608 1519 668 formalis
1549 609 1661 670 de·-

134 704 433 766 terminata
458 708 694 776 manet,
738 702 883 780 quia
911 707 1125 762 manet
1153 703 1376 763 affecta
1410 704 1529 763 hac
1556 721 1663 764 vo-

130 799 339 866 litione,
374 796 581 875 potins
612 813 801 873 quam
826 794 949 854 alia
976 813 994 865 ς
1034 795 1203 856 etita
1231 795 1295 854 in
1324 796 1445 855 hoc
1472 813 1663 856 sensu

130 909 239 951 non
262 895 351 950 est
374 887 791 967 repugnantia
814 887 879 946 in
906 886 1013 946 illa
1038 887 1352 949 locutione
1380 906 1393 947 :
1429 888 1663 949 Volun-

132 991 211 1044 tas
232 981 677 1042 determinatur
699 979 846 1059 quia
875 979 1041 1053 vult,
1086 980 1373 1058 quamvis
1398 998 1529 1040 non
1556 979 1661 1040 de-

130 1075 465 1136 terminetur
490 1074 612 1133 nisi
636 1073 907 1134 volendo
930 1119 947 1146 ,
988 1073 1137 1152 quia
1164 1073 1251 1134 ibi
1278 1092 1407 1134 non
1430 1073 1661 1152 impor-

127 1175 269 1229 tatur
292 1185 473 1228 causa
498 1166 802 1240 effidem,
838 1166 951 1228 sed
978 1166 1281 1227 formalis.
1316 1166 1665 1245 Propriissi-

126 1278 213 1320 me
239 1263 437 1320 autem
468 1265 531 1320 et
563 1260 701 1320 sine
732 1259 861 1319 ulla
904 1259 1395 1337 aequivocatione
1422 1258 1665 1320 dicetur

126 1355 381 1414 voluntas
404 1371 545 1413 sese
572 1352 1014 1426 determinare,
1048 1351 1318 1412 volendo
1341 1369 1359 1422 ς
1392 1357 1455 1412 et
1476 1350 1655 1426 velle,

124 1465 243 1508 sese
284 1444 781 1507 determinando·
835 1445 925 1504 Ex
964 1461 1091 1522 quo
1134 1443 1517 1504 satisfactum
1562 1447 1657 1504 est

122 1540 327 1600 ultimae
368 1537 829 1599 confirmationi
876 1537 1243 1616 objectionis
1283 1536 1649 1616 propositae3

123 1633 361 1709 satisque
403 1631 748 1711 probatum
797 1629 1163 1708 reliquimus
1217 1629 1605 1690 voluntatem
1634 1673 1651 1702 ,

123 1727 189 1786 ob
212 1741 373 1785 snam
398 1722 910 1797 indifferentiam,
938 1741 1069 1782 non
1092 1722 1373 1802 indigere
1400 1721 1653 1800 speciali

119 1817 605 1878 determinatione
635 1814 1023 1877 extrinsecus
1050 1814 1492 1892 proveniente3
1525 1813 1652 1874 imo

121 1912 239 1972 ideo
283 1911 443 1972 illam
496 1927 635 1970 non
677 1909 995 1989 postulare
1022 1953 1039 1981 ,
1094 1909 1243 1987 quia
1292 1907 1653 1968 indifferens

122 2009 217 2063 est.

186 2099 271 2156 Η.
317 2095 435 2168 Quo
457 2111 653 2158 sensu
676 2094 873 2158 eadem
896 2093 1173 2174 potentia
1198 2094 1445 2156 dicatwr
1467 2092 1655 2172 indif-

116 2195 283 2264 ferens
304 2195 359 2253 et
380 2186 1133 2252 determinatae-Deinde
1160 2193 1405 2250 constat
1426 2205 1505 2248 ex
1531 2186 1655 2248 dic-

118 2282 200 2349 tis,
238 2299 351 2360 quo
389 2300 584 2342 sensu
619 2299 837 2342 verum
862 2281 943 2341 sit
978 2280 1268 2341 eamdem
1310 2281 1656 2359 potentiam

118 2392 222 2432 non
258 2393 431 2452 posse
470 2391 623 2436 esse
664 2373 1127 2435 indifferentem
1174 2379 1240 2434 et
1282 2373 1655 2434 determina-

116 2473 257 2538 tam3
288 2474 377 2529 est
394 2468 559 2528 enim
588 2467 715 2526 hoc
734 2483 975 2539 verum,
1003 2465 1055 2525 si
1074 2465 1141 2524 in
1166 2465 1391 2526 eodem
1418 2484 1651 2545 genere

116 2579 293 2620 sermo
330 2561 439 2634 sit,
486 2577 629 2620 non
678 2565 887 2620 autem
924 2559 988 2618 in
1030 2558 1311 2620 diversis„
1352 2561 1567 2636 ltaque
1599 2560 1649 2620 si

116 2653 359 2730 potentia
406 2652 485 2714 sit
532 2652 627 2713 ab
668 2651 1007 2712 intrinseco
1051 2651 1413 2712 indifferens
1452 2653 1651 2714 active

118 2763 211 2804 seu
234 2746 307 2806 ad
330 2745 681 2826 agendum,
724 2750 795 2804 ut
822 2750 917 2805 est
944 2744 1257 2818 voluntaS,
1291 2763 1419 2805 non
1446 2751 1651 2824 potest

116 2837 169 2897 in
193 2857 289 2898 sua
307 2839 523 2900 virtute
554 2839 769 2898 activa
794 2837 1032 2898 habere
1060 2837 1650 2898 determinationem

118 2930 173 2988 in
196 2937 317 2990 actu
342 2931 587 3010 primo;
632 2930 859 3009 poterit
887 2947 1036 2990 vero
1071 2928 1415 2991 formaliter
1443 2931 1651 2992 deter-

124 3021 307 3082 minari
336 3040 446 3101 per
484 3029 711 3084 actum
749 3020 1095 3082 secundum
1120 3067 1137 3095 ,
1186 3029 1251 3084 et
1278 3023 1531 3102 quando
1556 3029 1650 3085 est

123 3115 487 3177 determinata
514 3118 593 3177 in
634 3122 779 3176 actu
820 3115 1099 3177 seeundo
1120 3160 1135 3189 ,
1177 3134 1305 3175 non
1343 3122 1545 3195 potest
1574 3116 1653 3176 si-

116 3209 223 3269 mul
248 3228 369 3271 esse
401 3210 780 3271 indifferens
810 3208 1019 3287 quoad
1056 3209 1350 3269 eumdem
1380 3215 1609 3270 statum
1629 3253 1646 3282 ,

113 3304 231 3364 licet
251 3324 417 3365 suam
442 3304 820 3367 facultatem
857 3303 1323 3365 indifferentem
1354 3305 1641 3365 retineat.

662 3544 911 3607 CAPUT
949 3544 1053 3603 IX.

104 3758 279 3805 Postu
312 3760 721 3807 mussrn'rz
760 3759 940 3805 umus
977 3759 1095 3804 rm
1098 3759 1241 3805 81OE
1282 3760 1641 3806 mutuu-

164 3852 493 3899 muloms
518 3884 549 3912 ,
612 3852 778 3898 'rom
821 3850 937 3898 NON
972 3851 1197 3897 mutim
1228 3852 1635 3914 LIBRRTATEM,

167 3944 264 3990 SEU
297 3944 817 3993 mnrssfflruu
857 3944 1051 3997 ouon>
1094 3945 1631 3993 srmmusslormu.

169 4142 218 4198 1.
256 4141 573 4204 Docti-ina
606 4142 793 4204 cer-ies
818 4146 879 4205 et
899 4142 1203 4205 connecto.
1220 4174 1302 4189 -
1325 4143 1639 4203 Hactenus

100 4230 302 4294 directe
346 4233 742 4295 ostendimus
788 4234 1029 4294 nullam
1074 4234 1285 4296 afferri
1326 4253 1509 4314 posse
1536 4253 1641 4295 ra-

99 4324 303 4386 tionem
330 4333 439 4389 ant
466 4345 731 4389 eausam
778 4327 860 4388 ob
888 4346 1077 4407 quam
1116 4328 1251 4390 haec
1298 4327 1641 4407 praedeter-

98 4420 326 4481 minatio
352 4422 716 4483 necessaria
751 4422 849 4483 sit.
887 4422 1159 4485 Ulterius
1190 4440 1340 4501 ergo
1387 4437 1641 4500 progre-

100 4511 393 4589 diendum,
428 4514 1119 4595 demonstrandumque
1156 4522 1271 4589 est,
1310 4516 1497 4576 talem
1528 4515 1641 4576 de-

100 4608 581 4670 terminationem
606 4608 911 4669 voluntatl
931 4609 1225 4669 humanae
1252 4626 1632 4687 repugnare,

102 4714 215 4766 seu,
247 4702 409 4778 quod
438 4700 707 4780 perinde
752 4707 867 4775 est,
897 4718 1082 4761 usum
1115 4700 1417 4761 libertatis
1444 4700 1637 4780 impe-

101 4787 233 4850 dire.
264 4792 551 4855 Continet
576 4798 791 4855 autem
835 4794 937 4854 hie
979 4812 1131 4853 usus
1183 4793 1341 4853 duas
1371 4798 1584 4872 partes
1616 4812 1631 4853 z

103 4898 213 4941 una
253 4888 363 4958 est,
414 4885 501 4946 ad
554 4884 967 4947 omittendam
1014 4886 1349 4957 actionem,
1396 4903 1522 4945 non
1560 4902 1637 4945 ex

103 4970 461 5051 impotentia,
494 4978 607 5038 sed
638 4996 713 5039 ex
754 4978 999 5039 interna
1039 4978 1103 5039 vi
1145 4977 1502 5052 voluntatis,
1530 4977 1638 5037 ha-

102 5062 279 5127 bentis
306 5070 491 5129 simul
512 5076 885 5149 potestatem
921 5070 1271 5150 proximam
1302 5068 1637 5130 exercendi

103 5155 286 5232 illam;
339 5160 533 5223 altera
574 5170 691 5238 est,
732 5162 814 5223 ad
868 5163 1283 5223 exercendam
1324 5162 1637 5223 actionem

105 5264 227 5309 cum
262 5254 481 5315 eadem
519 5255 765 5317 interna
790 5254 1087 5317 facultate
1118 5254 1544 5335 suspendendi
1570 5254 1638 5314 il-

106 5336 231 5400 lam.
276 5344 363 5405 De
410 5346 529 5408 bac
568 5348 903 5426 posteriori
960 5351 1139 5427 parte
1188 5347 1472 5409 dicemus
1538 5366 1641 5408 se-

105 5437 295 5507 quenti
337 5439 557 5517 capite.
607 5440 679 5501 In
720 5442 839 5501 hoc
880 5459 1031 5521 ergo
1077 5438 1637 5501 demonstrandum

107 5532 205 5599 281,
250 5530 297 5590 si
336 5534 631 5609 praedicta
662 5535 1098 5597 determinatio
1148 5534 1357 5597 divina
1400 5540 1495 5595 est
1524 5553 1635 5597 ne·

3231 413 3310 473 39

1740 515 2013 576 cessaria
2065 521 2133 577 ut
2169 516 2462 576 voluntas
2501 515 2668 587 velit,
2707 532 3032 594 nunquam
3086 516 3308 576 volun·-

1742 613 1934 668 tatem
1961 609 2246 670 omittere
2278 616 2488 670 actum
2517 626 2596 669 ex
2623 609 2872 668 interna
2897 613 3204 686 potestate
3244 616 3306 671 et

1742 701 2050 774 libertate,
2085 701 2198 763 sed
2237 721 2317 762 ex
2343 701 2711 779 impotentia
2749 705 3018 773 tantum,
3064 705 3126 760 et
3161 719 3306 762 con-

1744 801 2082 872 sequenter
2131 812 2456 872 nunquam
2496 793 2584 854 illi
2631 811 2814 873 posse
2867 792 3066 870 culpae
3121 792 3305 854 tribui

1742 881 1915 966 quod
1942 905 2072 946 non
2109 883 2293 959 velit}
2336 887 2388 948 si
2418 887 2674 966 quidem
2719 885 2878 946 velle
2923 903 3047 944 non
3100 891 3304 964 potest

1742 980 2084 1059 quidquam
2121 998 2342 1042 eorum
2369 998 2508 1059 quae
2539 979 2617 1040 de
2645 980 2808 1040 facto
2835 997 2964 1038 non
2993 977 3146 1049 vult,
3186 997 3304 1038 nec

1738 1074 1934 1134 libere
1969 1079 2078 1134 aut
2100 1074 2422 1136 moraliter
2455 1072 2702 1135 omittit.

1824 1169 1883 1228 2.
1929 1167 2238 1230 Probatur
2285 1166 2355 1230 id
2397 1168 2558 1248 quod
2587 1165 2954 1246 proponitur
3007 1164 3073 1227 iu
3123 1165 3304 1229 titulo

1744 1261 1930 1340 hujus
1955 1261 2197 1341 capitis.
2237 1293 2303 1306 -
2339 1262 2759 1339 Argumentor
2807 1259 2998 1338 igitur
3040 1261 3104 1320 in
3133 1259 3302 1320 hunc

1741 1353 2021 1426 modum,
2051 1353 2220 1432 quia,
2253 1352 2302 1412 si
2333 1351 2770 1414 determinatio
2794 1351 2898 1412 illa
2927 1358 3022 1413 est
3048 1353 3128 1412 ad
3153 1369 3302 1430 ope-

1737 1446 2010 1506 randum
2037 1445 2392 1506 necessaria
2419 1463 2534 1524 per
2560 1444 2822 1505 modum
2853 1446 3190 1505 necessarii
3212 1445 3302 1504 in-

1733 1539 1940 1600 fluxus
1979 1538 2198 1618 primae
2245 1556 2450 1598 causta
2477 1582 2492 1610 ,
2536 1555 2686 1616 ergo
2726 1537 2861 1598 sine
2907 1537 3012 1598 illo
3059 1537 3298 1599 influxu

1732 1650 1863 1692 non
1892 1637 2100 1711 potest
2136 1631 2374 1692 moveri
2422 1630 2710 1691 voluutas
2734 1675 2749 1704 ,
2785 1631 3083 1709 potentia,
3133 1631 3297 1692 scili-

1734 1730 1854 1797 cet,
1885 1725 2170 1804 proxima
2198 1730 2262 1785 et
2290 1724 2578 1803 expedita
2619 1723 2702 1784 ad
2731 1742 2924 1802 opus;
2979 1724 3136 1784 sicut
3167 1743 3298 1785 non

1734 1823 1940 1896 potest
1969 1817 2313 1878 calefacere
2337 1816 2498 1898 ignis
2523 1817 2658 1878 sine
2686 1835 2992 1877 concursu
3013 1817 3148 1889 Dei,
3181 1836 3300 1880 nec

1733 1929 1959 1972 manus
1987 1916 2192 1990 potest
2233 1928 2484 1972 movere
2531 1910 2876 1983 calamum,
2919 1910 3038 1970 nisi
3086 1910 3221 1989 ipsa
3258 1929 3298 1970 a

1732 2003 2051 2064 voluntate
2093 2003 2192 2063 vel
2240 2003 2524 2082 appetitu
2564 2008 2912 2064 moveatur.
2947 2005 3102 2064 Nam
3159 2003 3298 2063 inti-

1734 2096 1897 2156 mius
1929 2101 1991 2156 et
2018 2096 2412 2156 essentialius
2453 2096 2680 2157 dicitur
2707 2095 2984 2174 pendere
3010 2096 3296 2157 voluntas

1736 2189 1817 2250 ab
1840 2189 1958 2250 hac
1978 2190 2251 2250 motione
2281 2195 2344 2252 et
2368 2189 2885 2251 determinatione
2915 2191 3022 2250 Dei
3056 2189 3120 2249 in
3147 2207 3296 2268 ope-

1734 2284 1974 2344 ratione
2022 2303 2157 2357 sua,
2209 2301 2398 2362 quam
2438 2283 2792 2361 dependeat
2843 2302 3067 2344 manus
3119 2302 3156 2343 a
3186 2301 3296 2343 vo-

1736 2376 2014 2448 luntate;
2049 2395 2200 2456 ergo
2229 2377 2528 2456 quamdiu
2579 2379 2746 2438 Deus
2799 2396 2926 2438 non
2974 2377 3082 2437 dat
3133 2377 3296 2437 hanc

1733 2468 2342 2543 determinationem,
2387 2469 2628 2530 etiamsi
2655 2471 2864 2530 omnia
2909 2470 3030 2530 alia
3077 2487 3296 2530 neces-

1732 2563 1895 2623 saria
1920 2563 2002 2622 ad
2030 2561 2370 2622 volendum
2399 2562 2627 2633 adsint,
2671 2562 2876 2622 adhuc
2917 2581 3045 2623 non
3093 2569 3186 2623 est
3229 2562 3295 2621 in

1728 2655 2064 2716 voluntatis
2094 2660 2398 2733 potestate
2427 2655 2700 2734 positum
2725 2655 2884 2716 velle
2931 2655 3030 2716 vel
3075 2672 3294 2732 opera-

1729 2748 1804 2810 ri.
1839 2749 2144 2810 Probatur
2169 2749 2637 2827 consequentia,
2680 2749 2826 2826 quia
2854 2766 3061 2826 neque
3103 2753 3198 2808 est
3227 2747 3292 2807 in

1730 2847 2037 2920 potestate
2066 2840 2402 2902 voluntatis
2429 2841 2587 2901 velle
2615 2841 2748 2902 sine
2780 2841 2888 2901 tali
2918 2840 3294 2902 determina-

1729 2934 1917 3008 tione,
1966 2951 2174 3010 neque
2221 2934 2410 2994 etiam
2442 2939 2538 2994 est
2577 2933 2642 2993 in
2675 2936 2982 3011 potestate
3010 2934 3144 3012 ejus
3185 2933 3292 2992 ha-

1730 3027 1881 3087 bere
1929 3025 2119 3087 talem
2149 3025 2759 3100 determinationem,
2805 3033 2875 3087 ut
2899 3027 3084 3100 velit;
3139 3031 3300 3106 ergo'

1730 3138 2058 3200 nunquam
2096 3121 2304 3199 ipsum
2347 3121 2506 3181 velle
2541 3126 2634 3181 est
2674 3121 2740 3180 in
2781 3126 3088 3199 potestate
3115 3122 3250 3199 ejus
3272 3166 3287 3193 ,

1730 3213 1848 3273 nisi
1874 3212 2046 3292 prius
2088 3214 2254 3275 Deus
2299 3214 2658 3293 hujusmodi
2704 3213 3288 3274 determinationem

1728 3305 1986 3378 tribuat,
2014 3306 2186 3384 quod
2237 3306 2440 3366 solnm
2493 3312 2590 3367 est
2615 3306 2682 3366 in
2711 3308 2848 3385 ejus
2877 3311 3182 3385 potestate
3229 3310 3293 3367 et

1726 3398 2004 3459 arbitrie.
2028 3399 2206 3461 Unde
2229 3400 2350 3477 ipsi
2386 3400 2511 3461 Deo
2539 3398 2736 3460 libera
2766 3417 2904 3461 esse
2931 3399 3159 3479 poterit
3180 3400 3293 3459 ho-

1723 3491 1908 3551 minis
1937 3491 2129 3551 motio
2160 3496 2224 3553 et
2249 3491 2709 3567 determinatio,
2755 3511 2884 3553 non
2927 3498 3142 3554 autem
3168 3491 3288 3572 ipsi

1722 3584 1986 3657 homini,
2021 3584 2180 3645 sicut
2221 3586 2414 3646 motio
2437 3604 2665 3647 manus
2708 3586 2906 3646 libera
2935 3592 3031 3646 est
3071 3584 3291 3646 volun-

1721 3677 1883 3751 tatis,
1912 3694 2042 3736 non
2071 3683 2282 3737 autem
2309 3678 2548 3738 manui.

1806 3772 1861 3829 3.
1906 3768 2010 3831 Aa
2058 3770 2308 3851 praxim
2361 3771 2676 3834 reducitur
2717 3771 3020 3852 proediota
3061 3772 3284 3835 doctri-

1718 3881 1821 3926 na.
1850 3896 1936 3910 —-
1963 3864 2067 3923 Vis
2091 3864 2278 3943 hujus
2307 3865 2566 3925 rationis
2619 3866 2844 3926 melius
2873 3866 3280 3945 percipietur,

1720 3957 1771 4017 si
1804 3958 1865 4016 in
1902 3957 2260 4036 particulari
2299 3958 2453 4019 etin
2484 3958 2754 4036 practico
2785 3976 2907 4019 usu
2935 3958 3038 4036 (ut
3079 3959 3166 4019 sic
3194 3958 3289 4019 di-

1720 4050 1893 4129 cam)
1939 4052 2233 4112 attentius
2276 4050 2659 4129 inspiciatur.
2691 4052 3155 4113 Constituamus
3187 4070 3282 4112 er·

1720 4163 1801 4223 go
1846 4144 2168 4204 hominem
2219 4149 2362 4205 actu
2417 4143 2943 4217 considerantem,
2980 4164 3118 4206 esse
3170 4146 3287 4205 ho-

1718 4240 1970 4297 nestum
1999 4236 2240 4315 sibique
2287 4236 2468 4297 valde
2499 4237 2648 4298 utile
2697 4236 2952 4315 aliquod
2989 4256 3149 4317 opus
3193 4237 3287 4297 fa-

1720 4345 1887 4402 cere,
1918 4329 2094 4389 verbi
2125 4328 2350 4409 gratia,
2381 4328 2602 4389 litteris
2633 4347 2881 4405 vacare,
2911 4336 2974 4390 et
3001 4330 3287 4409 posthoc

1712 4420 2019 4499 judicium
2048 4421 2250 4481 adhuc
2281 4439 2421 4482 esse
2465 4420 2929 4482 indifferentem
2973 4422 3056 4481 ad
3085 4422 3150 4481 id
3179 4440 3290 4481 vo·-

1718 4514 1998 4585 lendum,
2037 4518 2144 4574 aut
2192 4514 2570 4585 nolendum;
2605 4514 2655 4574 si
2687 4533 2836 4594 ergo
2867 4514 2968 4575 ille
2998 4520 3288 4591 neutram

1718 4613 1962 4687 partem
1995 4607 2156 4668 velle
2185 4612 2390 4687 potest
2432 4608 2551 4668 nisi
2577 4609 2749 4687 prius
2779 4627 2816 4668 a
2859 4609 2992 4669 Deo
3025 4608 3289 4686 recipiat
3321 4592 3336 4605 ’
3375 4617 3380 4623 ’

1718 4698 2306 4761 determinationem
2335 4701 2526 4775 illam,
2558 4701 2897 4781 interroga,
2943 4702 2993 4762 si
3022 4702 3102 4761 ad
3127 4719 3286 4762 neu-

1716 4798 1877 4853 tram
1920 4792 2169 4853 illarum
2208 4794 2480 4872 partium
2523 4793 2786 4873 recipiat
2817 4794 3286 4855 determinatio-

1716 4902 1888 4957 nem,
1919 4903 2000 4945 an
2031 4885 2226 4963 possit
2275 4886 2550 4963 aliquam
2581 4886 2828 4945 illarum
2859 4884 3133 4965 partium
3161 4888 3286 4948 vel-

1717 4976 1815 5049 le;
1868 4976 2234 5057 negandum
2286 4978 2472 5057 plane
2519 4978 2583 5038 id
2639 4982 2734 5040 est
2780 4985 3282 5057 consequenter;

1718 5070 1865 5148 quia
1895 5069 2270 5149 supponitur
2307 5071 2650 5149 potentiam
2701 5071 3168 5134 indifferentem
3221 5079 3284 5134 et

1716 5180 1848 5223 non
1897 5163 2070 5242 prius
2118 5163 2599 5225 determinatam
2646 5182 2774 5226 non
2813 5182 2999 5244 posse
3053 5165 3289 5245 aliquid

1719 5255 2129 5317 determinate
2177 5256 2361 5317 velle.
2414 5257 2593 5319 Unde
2647 5258 2908 5318 ulterius
2971 5258 3286 5336 interrogo

1718 5367 1801 5409 an
1832 5350 1896 5409 in
1939 5368 2016 5409 eo
2046 5367 2197 5410 casu
2226 5350 2306 5411 sit
2348 5350 2440 5409 illi
2477 5350 2778 5412 voluntati
2829 5350 3149 5412 moraliter
3179 5350 3288 5409 tri-

1718 5441 2067 5516 buendum,
2102 5443 2273 5521 quod
2301 5442 2456 5503 nihil
2496 5443 2781 5506 voluerit.
2817 5445 2996 5504 Certe
3027 5442 3090 5501 id
3119 5442 3288 5501 affir—

1718 5536 1873 5595 mari
1904 5553 2032 5596 non
2073 5541 2308 5615 potest;
2353 5536 2500 5614 quia
2540 5535 3125 5598 determinationem
3159 5552 3289 5594 non
