3850 6225
541 417 660 477 536
1487 421 1698 474 OPL'SC.
1736 419 1817 472 vl.
1857 417 2225 470 msvuu'rlo
2258 417 2339 468 DE
2372 415 2649 468 JuS‘rlTlA
2684 413 2804 465 1)ss1.

539 513 728 597 nique
747 517 1076 592 convincit,
1099 518 1360 580 formale
1377 521 1482 599 jus
1503 519 1690 597 hujus
1702 514 1957 595 justitiae
1978 531 2105 574 non

541 628 680 672 esse
727 609 921 685 aliud,
969 630 1160 690 quam
1200 613 1307 691 jus
1341 611 1664 691 proprium
1707 609 1964 671 alterius
1990 653 2005 680 ,
2038 613 2109 668 ut

541 703 920 782 explendum
949 708 1012 766 et
1035 705 1412 766 servandum
1439 703 1720 765 illoesum.

541 953 813 1018 Materia
841 959 1069 1018 remota
1083 954 1355 1034 justitia»
1375 955 1814 1018 commutatico-2
1839 971 1973 1036 qna·
1990 951 2103 1025 sit.

620 1172 719 1231 22.
763 1170 1054 1232 Secundo
1085 1170 1348 1232 infertur
1395 1189 1472 1232 ex
1520 1171 1738 1243 dictis,
1789 1169 2107 1249 quomodo

543 1283 766 1326 verum
817 1266 895 1325 sit
951 1265 1256 1344 justitiam
1307 1245 1816 1326 commu‘tativam
1863 1271 2109 1326 tantum

539 1356 776 1419 versari
805 1357 969 1418 circa
1003 1359 1120 1418 tria
1167 1359 1357 1431 bona,
1399 1359 1754 1438 pecuniam,
1799 1360 2105 1419 honorem

541 1455 604 1513 et
633 1451 922 1512 salutem.
953 1451 1047 1512 Ad
1075 1469 1394 1512 summum
1421 1451 1591 1512 enim
1619 1451 1810 1511 habet
1835 1451 1959 1512 hoc
1998 1469 2105 1512 ve-

539 1561 682 1604 rum
721 1543 784 1603 in
832 1544 1067 1623 ,iustitia
1103 1545 1401 1617 humana,
1439 1545 1585 1622 quia
1635 1543 1840 1604 solum
1893 1543 1959 1603 in
2006 1543 2104 1603 his

538 1637 720 1699 bonis
750 1637 998 1698 videtur
1037 1657 1202 1698 unus
1238 1638 1428 1698 homo
1471 1655 1654 1717 posse
1699 1637 1967 1697 alterum
1996 1636 2107 1695 loe-

541 1730 714 1800 dere,
755 1737 860 1791 aut
883 1731 1116 1810 aliquid
1137 1731 1504 1803 retribuere,
1527 1747 1890 1809 quanquam
1919 1747 2104 1808 opor-

540 1829 628 1884 tet
647 1823 1032 1884 subhonore
1061 1823 1292 1884 famam
1319 1821 1882 1902 comprehendere,
1899 1827 1963 1882 et
1982 1821 2103 1882 sub

539 1915 740 1977 salute
785 1916 998 1977 omnia
1035 1915 1372 1977 intrinseca
1423 1915 1593 1976 bona
1621 1915 1916 1994 corporis,
1968 1931 2104 1975 om-

537 2025 810 2088 nemque
855 2027 1042 2070 usum
1093 2010 1520 2070 membrorum
1568 2009 1738 2088 ejus;
1799 2009 1957 2069 sicut
1984 2009 2101 2068 sub

537 2102 806 2182 pecnnia
855 2101 1306 2181 comprehendi
1375 2101 1610 2163 debent
1675 2101 1884 2162 omnia
1934 2101 2101 2162 bona

537 2195 824 2274 ejusdem
875 2193 1114 2256 ordinis
1132 2243 1146 2267 ,
1201 2213 1342 2273 quae
1395 2195 1666 2274 pecunia
1715 2193 2103 2256 aestimabilia

538 2295 705 2350 sunt.
745 2289 818 2349 Et
845 2287 1109 2368 adjungi
1135 2291 1439 2367 praeterea
1479 2292 1745 2367 possunt
1769 2288 1939 2348 bona
1968 2287 2103 2348 ani-

537 2399 678 2453 mae,
727 2387 792 2442 ut
839 2387 986 2442 sunt
1027 2379 1306 2442 veritatis
1333 2380 1634 2460 cognitio,
1677 2387 1788 2442 aut
1815 2380 2093 2454 scientia,

537 2475 638 2536 vel
675 2474 918 2536 virtutis
957 2473 1270 2553 operatio,
1315 2480 1425 2535 aut
1457 2473 1618 2535 liber
1657 2491 2005 2536 consensus
2032 2473 2099 2533 in

538 2567 748 2646 aliqua
777 2585 884 2640 re;
911 2565 1114 2630 omnis
1137 2565 1306 2628 enim
1329 2566 1582 2646 injuria,
1605 2584 1746 2646 quie
1775 2567 1943 2629 circa
1964 2567 2099 2628 haec

535 2659 702 2722 bona
725 2659 816 2732 fit,
849 2666 960 2721 aut
992 2677 1108 2739 per
1131 2658 1521 2733 violentiam,
1541 2666 1652 2721 aut
1672 2678 1786 2740 per
1815 2661 2097 2738 iniquam

535 2751 994 2831 deceptionem,
1027 2752 1292 2814 materia
1321 2757 1420 2816 est
1457 2752 1776 2832 injustitias
1821 2771 2099 2814 commu-

533 2845 738 2906 tativae
767 2889 783 2916 ,
839 2851 904 2906 et
947 2849 1409 2924 consequenter
1463 2846 1766 2926 oppositis
1819 2846 2099 2908 actiones

537 2937 798 3000 materia
827 2943 974 3000 sunt
1003 2939 1466 3000 commutativae
1487 2939 1780 3018 justitiae3
1813 2946 1875 3000 et
1897 2939 2004 3017 jus
2034 2941 2099 3000 in

535 3029 654 3092 illis
689 3031 870 3091 bonis
925 3030 1279 3104 fundatum,
1325 3032 1407 3092 ad
1461 3033 1778 3113 objectum
1813 3032 2097 3113 ejusdem

533 3124 778 3187 virtutis
807 3124 1124 3205 pertinet;
1163 3126 1476 3205 quamvis,
1505 3126 1654 3205 quia
1681 3127 1748 3187 in
1779 3126 1876 3187 his
1915 3127 2099 3187 bonis

533 3236 660 3281 non
691 3224 894 3297 potest
925 3218 1114 3281 homo
1145 3219 1376 3283 loedere
1401 3220 1668 3283 alterum
1697 3220 1815 3283 nisi
1841 3238 1957 3299 per
2000 3238 2099 3281 ac-

533 3312 740 3375 tiones
775 3312 1076 3391 corporis,
1130 3312 1331 3393 possit
1381 3314 1519 3375 haec
1565 3313 1828 3375 materia
1863 3312 1943 3375 ad
1992 3313 2099 3375 illa

533 3406 650 3467 tria
681 3404 968 3467 membra
1001 3404 1243 3478 reduci,
1296 3406 1454 3469 sicut
1504 3407 1568 3467 in
1613 3406 1796 3467 simili
1845 3408 2101 3468 diceba-

533 3518 676 3561 mus
709 3516 902 3578 supra
931 3498 1012 3561 de
1044 3498 1439 3567 liberalitate.
1492 3502 1566 3562 In
1607 3502 1728 3563 boc
1759 3500 1926 3561 enim
1970 3519 2099 3562 non

533 3592 856 3665 immoror,
901 3591 1068 3671 quia,
1119 3598 1188 3655 ut
1225 3592 1377 3668 dixi,
1409 3594 1610 3655 solum
1645 3612 1866 3656 verum
1905 3594 2101 3656 habet

533 3686 596 3745 in
619 3684 856 3765 justitia
887 3685 1328 3747 commutetiva
1353 3688 1631 3749 humana
1655 3694 1716 3749 et
1735 3688 1918 3749 civili.
1940 3686 2099 3749 Hine

533 3784 744 3839 autem
781 3778 1074 3857 colligere
1119 3798 1374 3841 omnem
1404 3780 1712 3860 justitiam
1755 3786 2099 3843 commuta-

531 3871 720 3933 tivam
755 3870 822 3933 in
863 3877 994 3934 tota
1043 3890 1156 3933 sua
1197 3872 1604 3953 amplitudine
1633 3874 1716 3935 ad
1753 3874 1887 3935 hoec
1927 3858 2099 3935 bona

529 3966 808 4027 humana
834 3966 924 4029 sic
943 3966 1272 4041 coarctari,
1297 3971 1368 4029 ut
1403 3966 1508 4029 illa
1529 3972 1774 4029 tantum
1799 3966 2095 4046 respiciat

528 4064 830 4137 tanquam
859 4058 1250 4139 adaequatam
1292 4058 1640 4133 materiam,
1681 4058 2093 4139 improbabile

529 4150 784 4229 quidem
825 4158 942 4224 est,
991 4152 1140 4231 quia
1167 4168 1378 4230 neque
1420 4152 1614 4213 illatio
1645 4152 1834 4214 habet
1872 4151 2095 4213 funda-

527 4250 835 4316 mentum,
857 4262 1066 4323 neque
1098 4262 1492 4324 consequens
1521 4250 1732 4325 potest
1753 4244 1964 4324 aliqua
1993 4263 2093 4307 ra-

527 4337 696 4399 tione
717 4337 1040 4416 probabile
1059 4337 1344 4410 sua-:leth
1375 4337 1546 4415 quod
1571 4339 1828 4417 quidem
1859 4339 2093 4418 optime

525 4430 880 4493 declaratur
908 4431 1196 4511 exemplo
1223 4431 1708 4493 misericordiae:
1747 4450 1898 4491 nam
1942 4431 1993 4491 si
2022 4432 2099 4491 il-

527 4522 652 4584 lam
695 4523 1186 4598 consideremus,
1241 4531 1554 4603 quatenus
1601 4524 1891 4585 homines
1934 4523 2099 4585 inter

529 4635 596 4677 sc
619 4621 880 4695 possunt
909 4612 1428 4689 illam'exercere,
1457 4623 1626 4679 certe
1647 4618 1909 4679 materia
1936 4618 2097 4679 adoe·

529 4716 720 4789 quata
749 4710 888 4789 ejus
915 4715 1062 4771 sunt
1093 4710 1226 4771 haec
1261 4710 1428 4773 bona
1469 4709 1839 4782 materialia,
1863 4710 2097 4789 quibus

528 4821 692 4865 uuus
719 4802 908 4863 homo
937 4808 1142 4881 potest
1171 4803 1352 4865 alteri
1381 4802 1740 4874 subvenire,
1777 4802 1872 4865 vel
1901 4804 1969 4865 in
1998 4822 2095 4865 or-

525 4896 676 4957 dine
717 4894 800 4957 ad
853 4894 1120 4957 salutem
1153 4898 1432 4975 corporis
1456 4942 1471 4968 ,
1516 4896 1620 4958 vel
1659 4896 1739 4957 ad
1785 4896 2093 4959 honorem

529 5006 642 5049 seu
673 4988 928 5050 famam.
961 4988 1138 5059 Quod
1163 4988 1216 5048 si
1245 4988 1435 5050 etiam
1461 4988 1528 5049 in
1552 4988 1774 5051 ordine
1815 4988 1894 5049 ad
1923 4990 2091 5050 bona

527 5080 870 5161 spiritualia
897 5080 984 5141 illi
1011 5080 1346 5141 subvenire
1377 5086 1604 5160 potest,
1631 5082 1836 5159 solum
1867 5082 2093 5144 mediis

529 5174 876 5235 actionibus
901 5174 1200 5253 corporis.
1239 5176 1454 5255 Neque
1497 5175 1861 5236 Aristoteles
1891 5175 2095 5253 potuit

527 5268 896 5349 ampliorem
925 5268 1252 5329 materiam
1269 5266 1336 5329 in
1361 5269 1638 5329 humana
1667 5268 2093 5331 misericordia

526 5377 940 5441 cognoscere3
985 5378 1102 5423 nos
1167 5364 1380 5423 autem
1445 5360 1850 5440 intelligimus
1901 5361 2093 5423 etiam

525 5472 640 5535 per
667 5454 996 5517 interiores
1033 5460 1232 5528 actus,
1265 5456 1506 5517 orando
1535 5462 1598 5517 et
1623 5454 2087 5527 satisfaciendo,

523 5564 708 5628 posse
767 5546 1258 5611 misericordiam
1321 5566 1470 5629 erga
1529 5549 1724 5611 alium
1785 5548 2085 5613 exerceri.

2186 512 2341 572 Item
2404 513 2803 592 agnoscimus
2858 515 3149 572 externas
3200 513 3481 572 actiones
3542 533 3703 578 sacra-

2188 611 2567 678 mentorum,
2598 623 2737 685 quae
2783 605 3151 667 diviniorem
3186 606 3527 684 quamdam
3560 611 3699 672 virtu·

2188 704 2315 760 tem
2346 699 2603 772 habent,
2634 717 2827 776 quam
2872 705 3115 760 ratione
3152 700 3425 760 naturali
3465 707 3701 779 cognosci
3783 691 3784 718 ᾗ

2190 791 2416 870 possit;
2450 797 2512 852 et
2558 797 2627 852 ut
2654 792 2742 852 sic
2768 797 3034 870 possunt
3078 793 3267 853 etiam
3304 810 3447 852 esse
3492 799 3699 858 matena
3783 793 3784 804 ³

2188 882 2651 958 misericordiae,
2674 889 2739 944 et
2762 901 2877 945 suo
2906 885 3097 945 etiam
3114 884 3307 946 modo
3328 893 3579 963 possunt
3598 906 3701 950 esse
3783 905 3784 918 ³

2190 979 2454 1040 materia
2484 977 2731 1058 justitiae
2766 978 2835 1040 in
2874 978 2991 1052 his,
3034 979 3143 1058 qui
3180 996 3261 1039 ex
3300 977 3505 1040 officio
3538 985 3701 1042 tenen-
3783 1005 3784 1010 ¹

2189 1075 2295 1132 tur
2322 1089 2399 1132 ea
2428 1089 2745 1132 exercere.
2790 1070 2943 1142 Quis
2970 1088 3123 1149 ergo
3166 1071 3421 1142 inferet,
3452 1072 3581 1149 quia
3618 1077 3702 1134 mi·
3783 1067 3784 1142 ζ

2190 1163 2532 1226 sericordia
2558 1165 2835 1224 humana
2864 1163 3027 1222 ultra
3055 1163 3221 1223 hanc
3250 1162 3571 1223 materiam
3606 1185 3699 1228 non

2190 1255 2565 1330 extenditur,
2591 1274 2843 1318 omnem
2874 1255 3402 1328 misericordiam,
3430 1273 3536 1316 seu
3559 1259 3701 1318 mise-

2186 1349 2521 1411 ricordiam
2548 1349 2899 1412 secundum
2928 1367 2995 1410 se
3025 1349 3125 1410 his
3150 1348 3443 1410 terminis
3485 1359 3699 1412 coareta-

2184 1443 2278 1504 ri?
2320 1441 2492 1504 Sicut
2528 1460 2681 1522 ergo
2730 1443 2871 1504 talis
2900 1442 3093 1504 illatio
3144 1459 3261 1504 seu
3302 1445 3631 1504 consecutio
3654 1447 3699 1504 in
3783 1487 3784 1506 1

2184 1535 2612 1598 misericordia
2656 1535 2891 1596 nullius
2930 1536 3239 1598 momenti
3288 1539 3411 1606 est,
3440 1537 3515 1595 ita
3552 1538 3699 1598 etiam
3783 1543 3784 1556 ¹

2184 1627 2247 1688 in
2270 1629 2510 1708 justitia
2538 1631 3005 1690 commutativa.
3783 1627 3784 1632 ’

2262 1724 2363 1784 23.
2414 1723 2522 1783 Est
2564 1740 2715 1802 ergo
2760 1722 3218 1784 consideranda
3248 1721 3525 1784 formalis
3560 1724 3697 1798 ratio,
3783 1749 3784 1764 ¹

2182 1814 2265 1876 ob
2294 1833 2487 1894 quam
2510 1815 2613 1876 illa
2634 1816 2803 1876 hona
2826 1821 2975 1878 sunt
3000 1816 3271 1877 materia
3308 1815 3553 1894 justitiae
3579 1816 3701 1878 inter
3783 1823 3784 1872 ῑ

2182 1908 2493 1981 homines,
2524 1909 2817 1970 nimirum
2847 1909 2995 1988 quia
3014 1908 3079 1970 in
3102 1910 3201 1970 bis
3222 1910 3435 1980 bonis,
3456 1915 3513 1970 et
3530 1927 3635 1970 non
3654 1910 3703 1971 in

2182 2001 2345 2074 aliis,
2376 2008 2582 2082 potest
2606 2020 2771 2063 unus
2798 2004 2987 2064 homo
3018 2004 3115 2064 vel
3144 2003 3345 2064 alium
3378 2001 3604 2072 laedere,
3632 2006 3703 2063 vel

2180 2093 2471 2156 ditiorem
2500 2095 2772 2169 efficere,
2830 2114 2943 2157 seu
2992 2097 3203 2176 aliquo
3254 2095 3447 2156 modo
3485 2094 3699 2174 juvare;
3783 2093 3784 2150 ἐ

2182 2187 2451 2267 ideoque
2480 2187 2644 2250 circa
2664 2188 2889 2250 eadem
2908 2195 3155 2250 tantum
3174 2189 3354 2250 bona
3372 2193 3559 2267 potest
3576 2208 3703 2249 unus
3783 2201 3784 2266 j

2180 2282 2371 2342 homo
2410 2283 2645 2344 habere
2678 2284 3001 2362 proprium
3034 2284 3141 2362 jus
3176 2285 3473 2361 respectu
3496 2281 3701 2343 alterius
3783 2283 3784 2286 ’

2180 2374 2473 2436 hominis.
2506 2375 2571 2438 Si
2600 2393 2753 2453 ergo
2782 2375 3011 2436 dentur
3036 2394 3332 2454 personae
3362 2375 3700 2435 intellectua-
3783 2367 3784 2422 Τ

2180 2467 2309 2540 lea,
2352 2468 2519 2536 inter
2548 2487 2707 2548 quas
2756 2469 2949 2547 possit
2992 2487 3129 2530 esse
3172 2467 3631 2528 communicatio
3650 2487 3697 2528 111

2180 2560 2303 2622 alio
2328 2579 2561 2640 genere
2588 2560 2924 2634 bonorum,
2956 2568 3019 2623 et
3050 2567 3513 2638 consequenter
3550 2563 3696 2639 possit
3721 2547 3737 2559 ⁸
3783 2555 3784 2558 ’

2180 2655 2369 2716 etiam
2394 2673 2533 2716 esse
2556 2655 2669 2732 jus·
2690 2655 3013 2734 proprium
3042 2655 3127 2715 ad
3146 2655 3277 2716 tale
3310 2654 3553 2718 bonum,
3580 2671 3694 2731 qua·
3783 2665 3784 2670 ’

2178 2747 2511 2826 lecumque
2558 2747 2713 2810 illud
2756 2749 2857 2820 sit,
2904 2755 3195 2827 respectu
3240 2746 3495 2808 alterius
3530 2765 3694 2824 perso·
3783 2775 3784 2786 2

2178 2859 2297 2913 nae,
2334 2858 2473 2918 quae
2514 2840 2671 2900 illud
2712 2847 2917 2920 potest
2968 2846 3031 2902 et
3078 2841 3279 2902 debet
3326 2839 3587 2901 conferre
3626 2839 3695 2897 vel
3783 2879 3784 2926 3

2180 2933 2453 3012 operari,
2482 2951 2671 2994 omne
2700 2934 2825 2995 tale
2854 2933 3093 2994 bonnm
3118 2934 3241 2994 erit
3269 2932 3522 2992 materia
3550 2932 3693 3008 huju's
3783 2935 3784 2968 ³

2172 3026 2453 3106 Justitiae,
2480 3027 2995 3106 quandoquidem
3028 3033 3123 3088 est
3152 3025 3475 3088 sufficiens
3498 3024 3569 3084 ad
3588 3024 3697 3082 fun·
3783 3021 3784 3064 l

2180 3120 2459 3183 dandum
2480 3122 2586 3200 jus
2614 3122 2961 3200 proprium,
3005 3120 3177 3201 quod
3220 3126 3325 3181 est
3360 3120 3693 3197 adaquatum
3783 3190 3784 3199 χ

2180 3214 2499 3293 objectum
2527 3214 2791 3277 formale
2819 3215 3007 3294 hujus
3034 3214 3327 3293 Justitiae.
3354 3213 3591 3274 Materia
3614 3212 3693 3291 igi·
3783 3266 3784 3303 ἦ

2178 3314 2282 3369 tur
2304 3308 2633 3387 adaquata
2651 3308 2907 3387 justitiae
2922 3308 3391 3369 commutativae
3414 3314 3477 3367 nt
3498 3308 3591 3379 sic,
3610 3306 3694 3365 crit
3783 3344 3784 3399 }

2180 3418 2367 3461 omne
2392 3400 2546 3461 illud
2582 3402 2843 3475 bonum,
2876 3400 3048 3479 quod
3066 3400 3205 3479 quis
3234 3400 3431 3461 debet
3450 3403 3509 3461 et
3538 3404 3693 3476 polest
3783 3422 3784 3467 ᾗ

2180 3493 2467 3557 conferre
2508 3494 2686 3555 alteri
2728 3512 2807 3555 ex
2848 3494 2904 3553 vi
2954 3493 3188 3573 proprii
3238 3493 3427 3571 juris,
3466 3490 3613 3570 quod
3648 3491 3691 3548 in

2181 3586 2303 3648 alio
2332 3592 2427 3649 est
2450 3586 2535 3649 ad
2573 3586 2699 3648 tale
2728 3586 2991 3648 bonum.

2232 3838 2711 3923 Contrapassum
2746 3842 3029 3925 quomodo
3072 3842 3155 3905 ad
3192 3840 3353 3903 Itane
3376 3838 3653 3918 justitiam

2766 3934 3145 4015 requiratur.

2250 4150 2353 4209 24.
2398 4145 2545 4211 Non
2588 4153 2679 4211 est
2714 4148 2787 4211 do
2820 4148 3059 4241 ratingen
3092 4148 3375 4225 justicia·
3418 4152 3686 4211 commuta-

2172 4241 2317 4303 tiva·
2352 4244 2567 4303 mum
2612 4239 2855 4303 utilitas
2894 4242 3103 4303 dantis
3144 4245 3205 4303 ot
3249 4240 3593 4323 recipientis.
3628 4271 3685 4283 —
3783 4236 3784 4303 3

2176 4334 2407 4407 Tertio,
2436 4334 2745 4414 colligitur
2764 4352 2845 4397 ex
2866 4334 3045 4397 dictis
3068 4352 3198 4413 quo
3216 4354 3409 4397 sensu
3434 4334 3685 4411 accipien-
3783 4364 3784 4377 ι

2178 4429 2329 4489 dum
2354 4426 2453 4501 sit,
2476 4428 2555 4490 de
2586 4428 2823 4491 ratione
2836 4429 3094 4508 Justitiae
3116 4428 3555 4491 otmimutaliva²
3577 4444 3681 4487 csse
3783 4450 3784 4477 l

2178 4521 2631 4599 repassionem,
2672 4538 2783 4581 seu
2840 4528 3339 4600 contrapassum.
3378 4522 3525 4583 Dicti
3558 4520 3681 4578 (nim
3783 4540 3784 4607 ᾗ

2178 4618 2467 4675 auctores
2494 4612 2641 4673 binc
2672 4613 2969 4691 colligere
2996 4614 3289 4677 videntur
3316 4616 3453 4676 duo·
3474 4630 3591 4675 esse
3620 4611 3678 4671 (le

2174 4706 2417 4767 ratione
2440 4704 2687 4765 formali
2709 4705 2965 4783 justitiae
3002 4708 3475 4769 commutativae.
3519 4706 3677 4767 Unum

2174 4802 2289 4871 est,
2320 4802 2391 4859 ut
2404 4798 2519 4877 qui
2560 4816 2637 4861 ex
2666 4798 2785 4861 hac
2816 4800 3059 4877 justitia
3099 4800 3333 4879 aliquid
3382 4798 3589 4861 confert
3612 4796 3679 4853 al·
3783 4790 3784 4856 I

2170 4894 2325 4967 teri,
2382 4892 2616 4971 aliquid
2652 4893 2933 4954 utilitatis
2988 4893 3071 4955 ab
3124 4894 3249 4955 alio
3302 4893 3561 4971 accipiat,
3604 4890 3677 4947 vel
3783 4910 3784 4941 ἢ

2174 4994 2343 5049 certe
2372 4984 2545 5065 quod
2568 4986 2653 5047 ab
2688 5004 2767 5047 eo
2812 4985 3205 5047 tantumdem
3238 4983 3567 5047 nocumenti
3602 5000 3675 5040 ac·
3783 5034 3784 5069 ἢ

2174 5080 2431 5159 ceperit.
2464 5078 2649 5141 Aliud
2688 5085 2806 5155 est,
2838 5086 2907 5141 ut
2936 5079 3146 5159 quiex
3188 5080 3307 5143 bac
3342 5078 3555 5159 justitia
3590 5074 3673 5133 ali-
3783 5090 3784 5099 2

2174 5172 2327 5251 quid
2350 5171 2529 5233 alteri
2554 5170 2819 5244 confert,
2854 5188 2933 5233 ex
2960 5174 3079 5235 hoc
3121 5174 3257 5253 ipso
3304 5172 3569 5251 patiatur,
3590 5164 3669 5226 ali-

2174 5266 2325 5343 quid
2362 5266 2509 5327 mali
2546 5266 2643 5327 vel
2684 5266 2893 5328 oneris
2938 5266 3339 5339 sustinendo,
3374 5265 3463 5327 vel
3498 5262 3667 5322 saltem

2173 5359 2451 5421 dominio
2478 5359 2645 5420 illius
2667 5360 2785 5433 rei,
2816 5376 3009 5439 quam
3032 5360 3271 5439 praebet
3292 5357 3479 5427 alteri,
3502 5373 3558 5415 se
3577 5351 3665 5431 pri-

2174 5452 2399 5513 vando.
2444 5454 2789 5531 Utrumque
2820 5468 2967 5515 vero
2996 5458 3093 5513 est
3126 5452 3371 5515 falsum.
3402 5452 3486 5509 De
3512 5461 3661 5525 primo

2172 5547 2237 5608 id
2272 5553 2593 5611 ostensum
2632 5552 2749 5622 est,
2780 5546 2969 5609 etiam
3002 5546 3067 5609 in
3106 5548 3377 5609 humana
3390 5540 3591 5623 justitia
3613 5536 3657 5595 in
