3850 6225
499 379 618 442 576

497 494 688 560 poena
716 482 1000 554 taxatur;
1035 484 1099 542 et
1139 478 1206 542 in
1231 480 1354 544 hoe
1397 486 1607 543 servat
1634 478 1906 544 formam
1927 499 2078 561 pro-

499 572 920 654 portionatam
939 574 1396 638 commutativae
1417 573 1694 654 justitia,
1723 580 1790 638 et
1815 591 2074 656 propor-

499 663 738 726 tionem
781 665 1263 742 arithmeticam,
1309 671 1374 728 et
1415 668 1840 748 oequalitatem
1867 685 2073 749 poenae

501 755 724 818 saltem
771 757 994 839 legalis
1021 803 1038 834 ,
1089 779 1202 822 seu
1247 762 1383 840 jam
1429 763 1656 824 taxatoe
1725 779 1840 842 per
1891 779 2075 824 suam

499 849 730 932 legem,
775 853 858 914 ad
887 854 1158 939 culpam,
1207 861 1278 918 ut
1319 873 1510 935 supra
1538 855 1924 919 declaratum
1954 861 2071 918 est.

499 945 576 1006 Et
618 944 1020 1008 nihilominus
1064 966 1192 1008 non
1245 950 1502 1011 omnino
1533 949 1885 1012 excluditur
1932 967 2077 1030 proe

499 1039 704 1119 portio
733 1041 1135 1120 geometrica,
1162 1047 1232 1104 ut
1261 1060 1452 1122 supra
1477 1043 1542 1104 in
1581 1043 1854 1124 proemiis
1887 1061 2075 1124 expo-

499 1131 688 1194 situm
717 1138 830 1194 est.
863 1133 1198 1196 Intercedit
1217 1141 1428 1197 tamen
1447 1135 1752 1198 nonnulla
1781 1135 2071 1198 differen-

499 1224 608 1302 tia,
635 1225 780 1304 quia
807 1225 1046 1288 bonum
1093 1230 1189 1290 est
1215 1245 1332 1308 per
1359 1246 1426 1290 se
1465 1229 1798 1302 intentum,
1829 1228 2073 1290 malum

497 1323 710 1380 autem
738 1337 852 1398 per
893 1321 1218 1393 accidens;
1261 1321 1594 1400 praemium
1623 1327 1840 1383 autem
1869 1321 2073 1384 bono-

497 1431 639 1474 rum
685 1413 878 1476 habet
899 1432 1198 1495 magnam
1223 1414 1533 1478 rationem
1549 1415 1724 1492 boni,
1757 1419 1820 1478 et
1841 1413 2022 1478 ideo
2004 1431 2071 1474 ιιι

493 1505 602 1570 illo
625 1512 722 1568 est
741 1524 856 1586 per
881 1525 948 1570 se
977 1507 1310 1582 intentum,
1339 1525 1470 1570 non
1498 1513 1746 1570 tantum
1771 1509 2071 1570 uniuscu-

487 1598 720 1678 jusque
749 1600 915 1662 beati
941 1601 1294 1681 praemium,
1325 1600 1440 1664 sed
1465 1601 1654 1664 etiam
1705 1599 1884 1674 ordo,
1915 1618 2071 1664 con·-

497 1693 778 1770 sociatio,
809 1699 872 1757 et
901 1695 1218 1776 proportio
1239 1695 1521 1756 omnium
1543 1693 1874 1756 beatorum
1903 1695 2070 1756 inter

497 1805 590 1860 se,
621 1793 686 1848 et
707 1795 1168 1866 consequenter
1195 1789 1384 1850 etiam
1411 1806 1526 1868 per
1555 1805 1624 1850 se
1655 1795 1803 1851 sunt
1825 1789 2066 1850 intenta

497 1879 634 1960 ipsa
675 1882 898 1942 merita
925 1887 989 1944 et
1017 1899 1234 1944 eorum
1263 1883 1607 1964 proportio,
1638 1887 1953 1962 quatenus
1986 1881 2067 1942 ad

495 1971 688 2035 talem
738 1973 930 2036 finem
975 1975 1332 2037 necessaria
1381 1981 1550 2037 sunt.
1589 1974 1876 2038 Vindicta
1914 1991 2067 2036 vero

495 2068 738 2148 peccati
763 2068 954 2131 habet
975 2068 1284 2132 rationem
1313 2069 1486 2142 mali,
1518 2074 1582 2131 et
1605 2068 1749 2131 ideo
1775 2085 1893 2148 per
1923 2084 2067 2128 sese

497 2177 628 2220 non
661 2166 757 2222 est
781 2159 1042 2237 intenta,
1077 2161 1190 2224 sed
1229 2168 1473 2224 tantum
1517 2179 1597 2224 ex
1639 2160 2067 2242 suppositione

495 2255 734 2334 peccati
762 2272 779 2328 3
821 2253 991 2334 quod
1017 2259 1350 2334 peccatum
1391 2256 1566 2318 nullo
1595 2255 1788 2318 modo
1815 2260 1914 2316 est
1955 2273 2069 2334 per

499 2363 568 2408 se
589 2345 922 2422 intentum,
949 2348 1065 2411 sed
1091 2355 1333 2412 tantum
1362 2347 1740 2428 permissum
1763 2367 1780 2422 ;
1829 2353 1894 2410 et
1921 2346 2067 2410 ideo

497 2457 706 2521 neque
747 2442 1064 2522 proportio
1107 2449 1170 2505 et
1197 2442 1378 2518 ordo,
1423 2443 1584 2505 inter
1609 2443 1778 2523 ipsos
1805 2441 1915 2520 qui
1952 2459 2068 2520 pu-

495 2535 776 2612 niuntur,
797 2535 1089 2598 videntur
1111 2555 1224 2616 per
1250 2555 1318 2598 se
1345 2536 1610 2610 intendi,
1635 2535 1752 2598 sed
1775 2536 2069 2597 matos-ia-

493 2627 638 2690 liter
660 2629 958 2709 consequi
987 2647 1066 2692 ex
1089 2629 1406 2710 condigna
1431 2629 1924 2709 uniuscujusque
1952 2647 2069 2708 pu-

493 2721 752 2784 nitione.
809 2723 941 2786 Hac
993 2739 1144 2802 ergo
1193 2722 1436 2785 ratione
1459 2769 1476 2798 ,
1529 2722 1854 2786 retributio
1909 2740 2069 2801 prae-

491 2815 766 2878 miorum
807 2817 1012 2898 magis
1057 2816 1306 2878 videtur
1355 2815 1494 2878 fieri
1539 2815 1890 2880 secundum
1946 2814 2067 2876 for-

489 2927 664 2971 mam
698 2910 954 2990 justitio
999 2909 1402 2972 distributivae
1429 2955 1446 2986 ‚
1499 2925 1690 2990 quam
1731 2925 2063 2989 poenarum

494 3001 772 3066 inflictio.

575 3097 674 3159 18.
718 3095 1132 3161 Nihilominus
1173 3103 1388 3163 tamen
1417 3114 1548 3161 non
1575 3093 1834 3159 omnino
1861 3091 2069 3157 exclu-

491 3188 659 3253 ditur
671 3191 806 3255 haec
817 3192 976 3255 ratio
993 3192 1273 3257 ettorma
1297 3192 1380 3253 ab
1396 3190 1518 3253 hac
1541 3188 1866 3270 punitione
1881 3192 2069 3269 prout

491 3302 530 3347 a
560 3284 690 3347 Deo
719 3285 811 3361 fit,
841 3286 1186 3367 prasertim
1223 3285 1276 3348 si
1309 3303 1456 3347 cum
1481 3282 1816 3363 Theologis
1839 3300 2069 3363 suppo·

491 3395 720 3439 namus
766 3381 968 3443 Deum
1011 3380 1236 3460 punire
1277 3380 1434 3441 citra
1477 3377 1882 3458 condignum,
1932 3376 2065 3437 sive

491 3472 614 3535 hoc
639 3473 720 3535 sit
754 3472 822 3535 in
855 3474 1062 3555 poenis
1099 3474 1248 3554 ipsis
1279 3471 1660 3555 infligendis,
1713 3472 1840 3533 sive
1871 3468 2108 3565 (quod‘

489 3566 876 3645 probabilius
894 3566 1162 3647 videtur)
1193 3568 1259 3629 in
1285 3568 1438 3647 ipsis
1461 3564 1770 3629 taxandis.
1801 3566 1985 3637 Nam,
2012 3562 2063 3625 si

489 3658 660 3721 Deus
703 3660 1036 3739 unicuique
1077 3664 1336 3741 peccato
1365 3678 1496 3721 non
1532 3658 1766 3722 taxavit
1805 3676 2063 3739 poenam

491 3752 750 3813 omnino
793 3751 1194 3835 adaequatam
1235 3752 1488 3817 melitite
1527 3754 1690 3832 ejus,
1721 3758 1784 3814 et
1827 3749 2065 3830 alioqui

491 3846 784 3907 omnibus
834 3848 1066 3910 taxavit
1105 3847 1610 3927 proportionatae
1653 3862 1876 3927 poenas
1915 3860 2063 3905 cum

490 3936 702 4019 aliqua
725 3940 1128 4021 proportione
1155 3947 1218 4003 et
1245 3940 1564 4019 oequitate,
1587 3956 1846 4001 necesse
1875 3944 1971 4000 est
1994 3939 2064 4000 ut

489 4032 572 4095 ad
599 4032 990 4095 definiendas
1008 4052 1228 4114 poenas
1251 4034 1640 4113 singulorum
1659 4038 2063 4113 peccatorum

489 4144 620 4189 non
655 4127 858 4189 solum
887 4127 1192 4202 absolute,
1223 4127 1336 4189 sed
1369 4126 1558 4189 etiam
1587 4132 1947 4207 comparate
1978 4124 2063 4187 ad

491 4218 882 4301 singulorum
923 4223 1294 4303 gravitatem
1335 4222 1704 4301 respexerit.
1739 4219 1902 4292 Quin
1948 4236 2063 4299 po-

489 4316 614 4377 tius
659 4316 722 4377 in
775 4316 1160 4389 universum,
1209 4315 1728 4395 quotiescumque
1773 4312 2061 4393 pluribus

489 4407 774 4471 debitum
799 4407 1080 4483 solvitur,
1109 4411 1172 4471 et
1197 4408 1352 4469 nulli
1383 4425 1602 4469 eorum
1629 4408 1700 4469 fit
1727 4408 2061 4487 adaquata

491 4502 743 4575 solutio,
763 4502 1084 4563 moraliter
1107 4502 1447 4581 loquendo,
1477 4520 1608 4564 non
1635 4506 1842 4581 potest
1869 4500 2061 4563 etiam

491 4596 628 4659 fieri
661 4596 1152 4677 proportionata,
1193 4596 1316 4659 nisi
1345 4597 1412 4657 in
1455 4596 1762 4659 solutione
1791 4596 1929 4676 ipsa
1966 4594 2063 4657 di-

489 4696 660 4751 recte
703 4708 778 4751 ac
807 4706 922 4770 per
965 4706 1036 4751 se
1063 4688 1176 4752 fiat
1219 4691 1606 4769 comparatio
1645 4706 2061 4771 personarum

491 4786 654 4846 inter
677 4800 778 4856 se;
805 4782 976 4863 qnia,
1003 4802 1148 4847 cum
1171 4783 1276 4845 illa
1299 4784 1620 4864 proportio
1647 4801 1773 4846 non
1805 4802 2059 4847 consur-

493 4882 600 4959 gat
617 4895 694 4939 ex
717 4876 1046 4956 adaquata
1065 4878 1474 4941 retributione
1504 4878 1917 4961 singulorum,
1944 4876 2058 4939 sed

493 4988 571 5032 ex
619 4970 932 5049 inaequali,
963 4988 1106 5051 quae
1153 4976 1322 5033 certa
1369 4990 1500 5033 non
1545 4978 1664 5046 est,
1701 4971 1816 5035 sed
1853 4976 2061 5051 potest

493 5082 632 5127 esse
655 5065 860 5145 major
882 5070 946 5126 et
962 5064 1189 5139 minor,
1213 5063 1354 5127 fleri
1381 5082 1506 5127 non
1531 5071 1738 5146 potest
1763 5072 1836 5127 ut
1849 5082 2060 5144 aequa-

489 5160 634 5221 litas
655 5158 1075 5239 proportionis
1097 5159 1262 5221 inter
1297 5178 1408 5221 eos
1435 5166 1794 5237 consurgat,
1829 5159 1953 5221 nisi
1980 5158 2061 5221 sit

489 5270 608 5333 per
627 5270 696 5313 se
725 5250 1149 5327 consideratu
1173 5252 1330 5314 alias
1349 5270 1526 5315 mere
1543 5250 1796 5315 fortuito
1825 5260 1892 5315 et
1911 5270 2059 5315 con-

491 5348 812 5425 tingenter
837 5344 1212 5427 insurgeret.
1243 5344 1314 5407 In
1339 5346 1548 5425 poenis
1587 5352 1802 5409 autem
1837 5364 1979 5426 ane
2018 5364 2059 5408 a

489 5440 620 5502 Deo
655 5438 1023 5519 infliguntur
1055 5438 1136 5501 ad
1169 5438 1394 5519 puram
1433 5436 1773 5503 vindictam
1801 5438 1918 5516 (de
1958 5438 2057 5501 his

493 5532 662 5597 enim
707 5533 976 5613 agimus,
1029 5550 1178 5595 nam
1229 5532 1368 5594 alioe
1387 5576 1404 5607 ,
1459 5548 1598 5613 quae
1653 5530 2057 5596 medicinales

1443 383 1655 438 OPUSG.
1691 383 1774 439 Vi.
1811 383 2196 452 unsruuuo,
2214 385 2297 438 nt
2328 385 2607 438 Jusuru
2639 385 2759 440 nm.

2156 487 2325 554 sunt,
2358 481 2551 544 aliam
2588 481 2829 544 hahent
2862 481 3235 560 rationem),
3264 483 3558 540 servatur
3594 475 3727 537 sine

2152 572 2347 636 dubio
2380 574 2929 653 proportionalitas
2968 591 3303 655 poenarum
3354 569 3443 632 ad
3490 569 3723 650 culpas,

2154 674 2224 729 ut
2251 674 2557 747 quantum
2594 669 2777 748 culpa
2816 667 3062 731 excedit
3096 667 3351 748 culpam
3388 665 3457 726 in
3486 680 3607 724 sno
3634 681 3729 724 or-

2156 762 2327 838 dine,
2354 766 2601 824 tantum
2628 781 2819 844 poena
2856 751 3119 824 excedat
3144 778 3411 841 poenarn
3436 759 3507 820 in
3534 756 3731 838 gradu

2156 873 2303 929 suo;
2332 873 2483 918 nam
2504 856 2623 918 hoc
2652 857 2843 918 etiam
2872 855 2953 918 ad
2980 855 3341 936 equitatem
3360 851 3645 932 justitiae,
3672 857 3735 911 et

2156 949 2455 1030 optimam
2490 951 3017 1032 gubernationem
3046 953 3307 1028 spectat.
3342 949 3495 1008 Haee
3520 949 3733 1005 autem

2154 1042 2703 1123 proportionalitas
2729 1062 2859 1106 non
2886 1043 3209 1122 consurgit
3244 1060 3323 1103 ex
3368 1036 3731 1101 omnimoda

2152 1135 2591 1216 adaequatione
2630 1137 3127 1216 uniuscujusque
3168 1152 3379 1215 poenae
3424 1132 3511 1194 ad
3553 1149 3729 1194 suam

2150 1230 2605 1310 culpam‚·quia
2630 1249 2763 1292 non
2800 1231 3147 1309 puniuntur
3174 1245 3321 1290 cum
3366 1227 3728 1288 omnimoda

2151 1323 2511 1404 aequalitate
2542 1325 2637 1386 rei
2668 1323 2753 1385 ad
2780 1339 2954 1402 rem3
2992 1340 3201 1402 neque
3240 1321 3439 1383 etiam
3473 1318 3725 1382 fortuito

2150 1423 2215 1480 et
2260 1435 2433 1478 mere
2484 1418 2923 1498 contingenter
2972 1416 3317 1496 consurgit,
3374 1420 3447 1476 ut
3496 1431 3617 1493 per
3662 1433 3726 1474 se
3808 1404 3819 1414 ’

2149 1513 2429 1584 constan
2460 1527 2613 1590 ergo
2640 1509 2785 1573 ideo
2812 1511 3159 1590 consurgit,
3186 1509 3339 1588 quia
3370 1508 3439 1568 in
3462 1507 3729 1586 ipsamet

2146 1604 2465 1668 taxatione
2492 1604 2595 1667 vel
2636 1604 2979 1667 inflictione
3020 1620 3385 1682 poenarum,
3418 1600 3727 1681 guberna-

2146 1701 2249 1758 tor
2290 1696 2511 1760 habuit
2560 1703 2921 1780 respectum
2968 1697 3053 1759 ad
3090 1695 3575 1778 proportionem
3622 1711 3727 1753 seu

2146 1791 2684 1872 comparationem
2710 1793 3039 1874 culparum
3070 1792 3237 1853 inter
3263 1809 3358 1852 se.
3394 1787 3553 1860 Ques
3578 1787 3725 1846 ratio

2148 1903 2291 1946 cum
2322 1883 2511 1946 simili
2536 1887 2939 1966 proportione
2974 1885 3191 1948 locum
3220 1883 3423 1945 etiam
3450 1879 3651 1942 babet
3672 1879 3729 1937 in

2146 1977 2557 2040 retributione
2604 1979 3033 2058 proemiorum,
3076 1985 3401 2059 quatenus
3444 1974 3557 2034 illa
3602 1971 3730 2034 fieri

2148 2071 2374 2132 dicitur
2390 2069 2553 2132 ultra
2574 2071 2992 2153 condignum;
3010 2089 3161 2134 nam
3178 2067 3545 2132 secundum
3560 2065 3729 2126 illum

2148 2183 2479 2228 excessum
2517 2183 2647 2226 non
2686 2171 2895 2245 potest
2936 2165 3174 2228 servari
3212 2161 3551 2244 proportio
3578 2159 3731 2221 inter

2146 2257 2403 2332 multos,
2442 2257 2565 2320 nisi
2601 2259 2681 2320 sit
2720 2277 2835 2340 per
2874 2277 2943 2321 se
2984 2259 3251 2332 intenta,
3278 2265 3347 2320 et
3386 2253 3729 2318 formaliter

2146 2351 2257 2414 fiat
2294 2351 2680 2432 comparatio
2708 2353 2869 2414 inter
2904 2352 3066 2414 illos.

2231 2445 2331 2508 19.
2378 2443 2747 2525 woodo.—
2764 2443 3119 2510 Saletio.--
3136 2443 3264 2520 Quo
3286 2461 3483 2509 um
3504 2443 3725 2506 dicitnr

2146 2537 2217 2602 in
2240 2536 2599 2622 Scriptus-ie
2624 2557 2747 2603 nos
2770 2538 3039 2623 accipere
3056 2537 3653 2622 porsom.—Quod
3674 2537 3720 2596 si

2146 2631 2315 2694 dicat
2342 2631 2569 2712 aliquis
2613 2633 2785 2695 hunc
2832 2650 3163 2696 excessum
3202 2633 3273 2694 in
3316 2631 3629 2714 praemiis,
3662 2635 3719 2690 et

2148 2723 2629 2788 diminutionem
2656 2726 2723 2787 in
2750 2727 2956 2805 poenis
2982 2744 3113 2788 non
3146 2727 3471 2807 pertinere
3490 2724 3577 2785 ad
3594 2725 3718 2804 jus-

2148 2817 2347 2881 titiam
2366 2863 2385 2894 ,
2438 2819 2556 2882 sed
2606 2820 2693 2882 ad
2738 2821 3237 2884 misericordiam
3256 2865 3273 2894 ,
3320 2818 3683 2900 respondeo
3698 2863 3713 2890 ‚

2148 2912 2471 2992 supposita
2512 2913 2617 2974 illa
2662 2914 2983 2976 voluntate
3026 2912 3395 2986 miserendi,
3434 2910 3523 2974 ad
3552 2911 3719 2992 justi-
3829 2954 3836 2960 .

2148 3005 2299 3067 tiam
2328 3005 2805 3086 gubernativam
2832 3008 3150 3089 pertinere
3176 3007 3351 3069 illam
3380 3006 3470 3068 ita
3496 3004 3718 3085 dirige-

2146 3117 2237 3176 re,
2279 3105 2349 3161 ut
2392 3118 2537 3162 cum
2574 3099 2741 3163 dicta
2780 3101 3185 3183 proportione
3220 3101 3363 3174 fiat3
3394 3105 3539 3163 tum
3578 3099 3711 3177 quia

2146 3192 2255 3254 ubi
2280 3211 2407 3255 non
2426 3193 2499 3255 fit
2519 3194 2845 3274 aequalitas
2866 3194 3257 3271 omnimoda,
3280 3194 3367 3255 ad
3386 3210 3711 3257 commune

2146 3286 2387 3349 bonum
2424 3293 2669 3367 spectat
2692 3295 2763 3351 ut
2788 3288 2899 3350 flat
2930 3288 3153 3350 saltem
3198 3286 3705 3369 proportionalis;

2146 3388 2281 3445 tum
2310 3381 2501 3444 etiam
2538 3380 2711 3461 quia,
2740 3382 3063 3444 moraliter
3095 3382 3444 3461 loquendo,
3474 3381 3603 3443 duo
3628 3380 3709 3441 vi·

2146 3476 2377 3539 dentur
2400 3476 2635 3540 includi
2657 3478 2723 3539 in
2740 3476 2981 3539 ratione
3002 3476 3240 3557 pra-,mii
3262 3475 3705 3557 proportionati

2146 3570 2251 3631 tali
2282 3568 2527 3631 merito.
2562 3570 2771 3633 Unum
2818 3576 2933 3645 est,
2988 3575 3061 3632 ut
3098 3570 3208 3649 qui
3258 3568 3388 3631 tale
3426 3568 3707 3630 meritam

2144 3662 2355 3738 habet,
2382 3662 2577 3725 talem
2604 3662 2823 3725 sedem
2844 3661 3139 3744 recipiat;
3168 3661 3343 3724 aliud
3370 3668 3495 3734 est,
3518 3662 3707 3740 utqui
3839 3684 3840 3689 ¹

2144 3761 2241 3817 est
2266 3754 2523 3817 minoris
2548 3755 2777 3831 meriti,
2800 3774 2929 3819 non
2958 3756 3333 3837 adaequetur
3358 3756 3451 3817 illi
3474 3756 3545 3817 in
3572 3774 3707 3835 prai—

2140 3848 2293 3922 mio,
2322 3866 2435 3911 seu
2459 3849 2525 3909 in
2552 3850 2735 3923 sede3
2766 3853 2831 3912 et
2858 3849 3007 3911 hinc
3034 3849 3358 3931 consurgit
3384 3849 3555 3911 dicta
3583 3864 3705 3927 pro·

2130 3942 2369 4019 portio,
2394 3960 2557 4022 quoe,
2588 3942 2733 4005 licet
2756 3961 2887 4005 non
2916 3943 3146 4023 aequali
3178 3942 3451 4017 ratione,
3486 3960 3605 4003 suo
3628 3948 3705 4001 ta-

2140 4052 2291 4097 men
2318 4035 2507 4098 modo
2532 4054 2611 4097 ex
2640 4034 2867 4099 eodem
2892 4036 3073 4099 titulo
3102 4035 3465 4116 postulatur
3491 4036 3559 4096 in
3586 4052 3705 4115 poe·

2138 4128 2239 4190 nis
2254 4150 2273 4206 3
2300 4147 2471 4204 nam,
2494 4130 2639 4193 licet
2662 4130 2771 4210 qui
2800 4130 2993 4193 habet
3020 4130 3145 4191 tale
3174 4129 3587 4205 demeritum,
3608 4146 3707 4207 per

2142 4238 2209 4285 se
2260 4228 2581 4285 mereatur
2622 4229 2863 4285 tantam
2910 4240 3192 4302 poenam,
3242 4219 3703 4303 quodammodo

2142 4315 2329 4381 etiam
2360 4323 2639 4379 meretur
2667 4336 2797 4380 non
2824 4316 3169 4398 adaequari,
3198 4318 3263 4378 in
3286 4332 3511 4395 poena,
3542 4314 3705 4375 alteri

2140 4410 2249 4490 qui
2296 4410 2583 4490 graviora
2628 4410 2821 4473 habet
2858 4410 3186 4473 demerita.
3231 4410 3313 4472 Et
3346 4408 3523 4485 ideo,
3554 4409 3605 4469 si
3646 4408 3703 4467 in

2140 4504 2259 4565 hoc
2288 4502 2657 4565 diminuitur
2681 4520 2897 4584 poena,
2922 4502 3111 4566 debet
3138 4504 3204 4565 in
3238 4502 3367 4564 alio
3394 4520 3546 4563 eum
3572 4516 3705 4580 pro-

2140 4597 2427 4678 portione
2450 4596 2740 4659 diminui.
2770 4596 2949 4669 Quod
2976 4614 3091 4658 suo
3120 4596 3311 4659 modo
3338 4595 3585 4658 habere
3608 4612 3703 4675 po-

2138 4694 2263 4753 test
2298 4690 2507 4753 locum
2534 4690 2601 4751 in
2626 4690 2909 4753 humano
2936 4690 3219 4771 principe
3246 4706 3365 4751 seu
3403 4688 3701 4771 guberna·

2138 4788 2309 4857 tore;
2338 4782 2679 4863 aliquando
2718 4782 2910 4858 enim,
2942 4782 2997 4843 si
3032 4782 3370 4844 multitudo
3412 4798 3701 4863 persona·

2136 4894 2281 4939 rum
2306 4882 2565 4959 propter
2606 4876 2867 4955 aliquod
2910 4874 3211 4938 delictum
3244 4875 3573 4956 punienda
3609 4876 3697 4948 sit,

2136 4989 2267 5033 non
2292 4970 2545 5051 expedit
2566 4972 2631 5033 in
2664 4971 2959 5033 omnibns
2986 4972 3299 5052 integram
3324 4978 3393 5033 et
3424 4970 3701 5049 adaqua-

2136 5070 2265 5127 tam
2294 5082 2551 5145 poenam
2576 5065 2829 5144 exequi,
2856 5064 2971 5127 sed
3006 5064 3245 5143 aliquid
3270 5066 3595 5127 remittere
3632 5082 3699 5126 ex

2138 5158 2577 5239 gubernatoris
2602 5158 2892 5232 arbitr-im
2932 5165 3083 5221 tunc
3118 5177 3273 5240 ergo
3308 5158 3504 5221 debet
3542 5174 3623 5220 ex
3648 5158 3699 5217 vi

2133 5253 2391 5333 justitiae
2418 5252 2639 5335 legalis
2662 5254 3087 5333 aequalitatem
3108 5254 3533 5334 proportionis
3550 5253 3695 5313 inter

2136 5364 2251 5409 eos
2280 5363 2555 5410 servare.
2588 5346 2767 5419 Quod
2796 5346 2850 5408 si
2891 5346 3154 5409 fortasse
3195 5348 3455 5427 gravius
3494 5346 3693 5427 puniat

2136 5456 2289 5503 eum
2332 5442 2441 5521 qui
2480 5441 2689 5503 minus
2722 5440 3025 5521 peccavit,
3072 5448 3135 5503 et
3181 5440 3385 5503 levius
3422 5440 3532 5521 qui
3570 5440 3690 5521 plus

2134 5533 2422 5615 deliquit,
2442 5552 2573 5597 non
2590 5533 2879 5615 peccabit
2894 5532 3151 5614 quidem
3170 5540 3391 5597 contra
3402 5534 3687 5615 justitiam
