3850 6225
752 387 887 442 CAP.
924 389 1027 441 vu.
1063 388 1148 440 AN
1181 389 1609 443 PRAEDEFINIAT
1642 387 1803 442 DEUS
1834 387 2038 440 OMNES
2069 389 2270 442 Ac‘rns
2301 388 2608 451 nonALEs,
2641 385 2777 440 ETc.

159 490 353 560 extra,
393 493 505 550 aut
529 487 829 550 libertatis
858 488 1261 564 ablationem,
1284 495 1354 551 ut
1382 490 1531 552 satis
1560 489 1719 552 libro

156 581 357 660 primo
388 581 727 654 declaravi,
746 581 893 660 quia
914 581 1021 643 illa
1048 582 1337 644 voluntas
1357 583 1721 663 praefinitiva

157 693 279 735 non
308 681 415 736 est
444 675 580 754 ipsa
614 675 857 737 effectio
890 676 970 737 ad
996 682 1194 750 extra,
1226 677 1339 738 sed
1369 661 1465 738 e'st
1515 677 1721 738 solum

156 769 421 830 intentio
448 769 615 843 finiS,
646 769 745 830 vel
770 769 991 832 electio
1020 771 1235 844 medii,
1268 770 1347 831 ad
1398 789 1589 850 quam
1643 789 1721 832 ex

156 862 529 924 necessitate
579 864 784 924 solum
831 863 1115 943 sequitur
1166 864 1497 944 applicatio
1550 863 1721 926 suffi-

158 955 375 1016 cientis
412 957 625 1028 medii,
665 975 780 1036 per
816 957 987 1036 quod
1034 957 1321 1018 voluntas
1350 957 1455 1018 illa
1494 956 1723 1018 infalli-

155 1048 359 1108 biliter
386 1049 747 1128 impleatur;
776 1050 911 1122 sed,
942 1049 1145 1130 posita
1172 1050 1277 1110 illa
1302 1049 1719 1130 praescientia,

156 1141 343 1200 habet
372 1143 541 1204 Deus
570 1141 850 1204 medium
892 1142 1213 1203 infallibile
1233 1189 1248 1216 ‚
1282 1161 1399 1223 per
1427 1142 1597 1221 quod
1622 1161 1724 1202 as-

156 1241 459 1312 sequatur
496 1241 705 1296 actum
732 1235 1114 1314 praefinitum
1150 1235 1555 1298 infallibiliter
1587 1236 1719 1296 sine

154 1327 803 1406 praedeteminatione
852 1328 1189 1390 voluntatis
1242 1336 1505 1402 creatae3
1566 1347 1717 1408 ergo

156 1439 229 1480 ex
274 1420 387 1480 illa
431 1421 839 1500 praefinitione
878 1440 1009 1482 non
1050 1422 1410 1484 necessario
1442 1421 1721 1500 sequitur

156 1515 283 1573 haec
336 1513 937 1592 praedeterminatio,
986 1521 1049 1576 et
1081 1521 1545 1594 consequenter
1592 1533 1723 1576 non

160 1609 438 1685 sequitur
478 1608 995 1688 impedimentum
1036 1608 1364 1682 libertatiS,
1407 1608 1555 1687 quia
1592 1609 1721 1670 haec

158 1719 275 1760 non
314 1706 525 1779 potest
565 1701 877 1780 impediri,
929 1701 1049 1762 nisi
1080 1719 1195 1782 per
1248 1703 1523 1780 aliquam
1576 1719 1721 1762 cau-

158 1812 281 1854 sam
302 1794 787 1855 antecedentem
808 1800 871 1856 et
882 1794 1567 1874 praedeterminantem3
1588 1795 1720 1854 haec

163 1891 361 1948 autem
390 1887 719 1967 proefinitio
764 1906 892 1948 non
940 1893 1035 1949 est
1069 1906 1262 1950 causa
1292 1887 1717 1968 praedetermi-

160 2000 325 2054 nanS,
360 1987 431 2041 ut
454 1981 606 2056 dixi,
650 1981 765 2042 sed
790 1999 1053 2043 movens
1079 1982 1554 2044 accommodato
1582 1999 1715 2041 mo-

164 2075 255 2147 do,
286 2080 350 2134 et
392 2093 515 2154 per
538 2074 749 2136 media
777 2093 1057 2155 congrua
1085 2075 1378 2150 libertati,
1404 2077 1583 2155 juxta
1622 2073 1716 2134 di-

162 2168 359 2226 tioam
393 2167 875 2246 praescientiam,
908 2187 1115 2248 neque
1164 2175 1261 2230 est
1306 2169 1562 2230 omnino
1602 2185 1717 2227 an·-

164 2261 449 2322 tecedens
472 2307 489 2333 ,
542 2261 691 2340 quia
734 2262 867 2340 jam
922 2262 1219 2342 supponit
1266 2261 1715 2341 praecognitum

164 2373 337 2414 usum
372 2353 700 2426 libertam,
753 2355 979 2416 saltem
1033 2353 1151 2415 sub
1200 2353 1595 2426 conditione;
1656 2357 1719 2412 et

166 2467 293 2508 cum
324 2447 607 2526 quodam
638 2452 927 2527 respectu
956 2448 1039 2508 ad
1062 2449 1240 2509 illum
1266 2447 1469 2527 posita
1498 2451 1613 2519 est,
1649 2447 1719 2506 ut

164 2559 276 2600 non
305 2559 423 2618 per
445 2540 799 2601 absolutam
826 2540 1171 2620 potentiam
1198 2547 1259 2602 et
1288 2540 1719 2601 efficacitatem

166 2635 471 2714 praeviam,
510 2634 623 2696 sed
674 2653 787 2713 per
837 2635 1047 2697 media
1102 2635 1191 2696 illi
1247 2633 1719 2696 accommodata

170 2728 491 2788 mandetur
520 2728 897 2790 executioni.

176 2880 381 2954 Quatis
405 2880 811 2962 preest-mitione
830 2881 1081 2954 seclusa,
1106 2881 1315 2945 divina
1332 2883 1717 2964 providentia

240 2979 497 3056 perfecta
544 2975 925 3056 omnibusque
962 2976 1230 3038 numeris
1270 2976 1545 3040 absoluta
1586 2993 1718 3038 ma-

242 3074 353 3132 net.

244 3200 297 3259 4.
340 3198 514 3269 Quod
532 3215 685 3258 vero
708 3202 945 3278 spectat
968 3198 1050 3259 ad
1076 3198 1555 3261 fundamentum
1576 3216 1715 3278 pos-

176 3292 393 3351 terioris
432 3292 784 3365 sententiae,
826 3290 1163 3353 dicendum
1208 3297 1305 3353 est
1353 3291 1717 3370 praefinitio-

178 3402 305 3444 nem
326 3402 451 3445 non
481 3403 619 3445 esse
650 3386 1093 3459 necessariam,
1124 3392 1197 3446 ut
1221 3386 1387 3446 Deus
1439 3402 1569 3445 non
1620 3403 1715 3446 so-

180 3477 293 3536 lum
318 3496 459 3538 vere
488 3496 563 3538 ac
596 3478 867 3557 proprie,
894 3478 1007 3539 sed
1034 3480 1222 3540 etiam
1250 3496 1456 3557 neque
1480 3483 1551 3539 ut
1576 3496 1717 3557 per-

178 3570 317 3629 fecte
364 3570 593 3631 habeat
648 3572 1105 3650 providentiam
1158 3572 1377 3633 talium
1438 3576 1710 3633 actuum.

182 3664 335 3733 Quod
360 3664 451 3725 his
482 3664 692 3726 verbis
736 3664 947 3727 docuit
996 3666 1317 3744 Origene8‚
1356 3665 1527 3725 hom.
1562 3667 1600 3725 3
1651 3666 1714 3725 in

181 3744 577 3830 Genes'cum
601 3756 771 3819 enim
799 3758 1055 3820 dixisset
1080 3760 1283 3819 Deum
1302 3776 1523 3820 curare
1552 3776 1717 3818 mor-

180 3850 329 3923 talia‚
356 3850 635 3931 nihilque
664 3851 901 3930 absque
937 3854 1072 3931 ejus
1120 3852 1513 3932 providentia
1554 3852 1710 3930 geri,

182 3960 359 4021 neque
399 3944 463 4004 in
507 3945 693 4017 coelo,
738 3963 946 4024 neque
988 3946 1052 4006 in
1079 3952 1270 4021 terra,
1304 3944 1547 4006 subdit:
1584 3946 1715 4007 Me-

182 4042 367 4107 mento,
396 4038 539 4117 quia
588 4036 750 4099 nihil
778 4038 911 4103 sino
960 4038 1091 4118 ejus
1132 4036 1520 4120 providentia
1545 4037 1715 4120 aperi

185 4129 425 4203 dicimus,
460 4148 583 4191 non
610 4132 743 4194 sine
782 4131 1087 4195 voluntate
1102 4156 1130 4203 ;
1159 4131 1357 4193 multa
1384 4132 1541 4193 mim
1584 4130 1716 4193 sino

183 4222 451 4287 voluntate
476 4226 612 4301 ejus
638 4230 966 4307 yet-vntum
980 4226 1138 4287 nihil
1156 4225 1287 4288 sine
1302 4224 1709 4305 providentia.

188 4314 543 4380 Providentia
570 4319 727 4379 enim
765 4324 857 4382 est
892 4336 1013 4399 qua
1035 4323 1354 4400 procurat,
1400 4318 1717 4398 dispensat

184 4414 231 4468 et
250 4410 501 4488 providet
528 4430 663 4491 quoe
690 4418 1026 4492 verumne-,-
1063 4410 1347 4477 voluntas
1390 4429 1551 4483 voro,
1596 4428 1715 4490 qua

186 4503 295 4563 vult
327 4504 555 4585 aliquid
570 4506 663 4567 vel
690 4522 811 4565 non
849 4506 1005 4568 cult.
1054 4505 1155 4567 Sic
1200 4523 1351 4583 ergo
1385 4523 1503 4565 nos
1541 4522 1714 4564 asse-

184 4595 351 4655 rimus
370 4598 747 4659 voluntatem
770 4598 1282 4677 praevenientem,
1296 4598 1379 4659 ad
1396 4598 1705 4659 rationem

188 4690 549 4765 providentiis
568 4692 931 4771 simpliciter
952 4693 1373 4753 necessariam
1394 4710 1517 4751 non
1541 4709 1702 4763 esse,

190 4783 328 4859 qnod
352 4786 530 4845 etiam
557 4786 827 4845 sumitur
862 4804 939 4847 ex
964 4784 1037 4846 D.
1084 4786 1349 4855 Thema,
1402 4789 1619 4863 quoest.
1668 4786 1708 4846 6

188 4874 250 4933 de
274 4878 473 4951 Verit„
515 4884 634 4939 art.
676 4882 737 4952 3,
772 4885 835 4939 et
870 4879 978 4940 lib.
1013 4880 1051 4940 3
1090 4884 1303 4939 contra
1333 4878 1539 4949 Gent.,
1564 4896 1701 4956 cap.

188 4968 279 5039 90;
332 4976 388 5031 et
438 4971 710 5047 Ferrar.,
756 4971 908 5032 ibid.
954 4974 1027 5033 Et
1067 4974 1187 5033 hoc
1232 4972 1371 5033 loco
1418 4976 1707 5033 accurate

191 5061 581 5137 explicandum
610 5071 727 5138 est,
758 5070 829 5126 ut
854 5066 939 5126 ita
964 5064 1189 5145 majori
1216 5063 1580 5144 fortiorique
1608 5083 1708 5125 ra-

188 5151 327 5215 tione
354 5164 603 5229 constet,
636 5158 795 5219 falso
837 5158 1165 5220 Catholicis
1214 5164 1275 5218 et
1320 5158 1707 5237 sapientibus

190 5244 331 5319 viris,
364 5268 439 5310 ne
479 5250 683 5313 dicam
726 5252 861 5313 fere
900 5252 1231 5331 Theologis
1259 5251 1551 5311 omnibus
1584 5251 1707 5311 im-

190 5340 330 5413 poni,
358 5344 518 5420 quod
543 5345 889 5424 perfectam
930 5345 1043 5406 Dei
1092 5344 1544 5424 providentiam
1598 5363 1708 5405 ne-

191 5437 333 5509 gent,
354 5452 423 5495 eo
450 5438 615 5516 quod
636 5438 965 5519 physicam
992 5436 1705 5519 proedeterminationem

190 5524 395 5591 tollant.

1882 491 1942 552 5.
1994 488 2154 564 Quid
2216 490 2303 554 sit
2350 491 2598 574 proprie
2642 487 3001 571 proefinitio.
3044 518 3127 538 -
3173 493 3372 572 Repe-

1802 584 2060 646 tendum
2087 584 2278 664 igitur
2305 585 2476 664 prius
2506 589 2602 646 est
2627 581 2778 662 quid
2809 583 3064 644 nomine
3099 585 3370 663 praefini-

1800 678 1988 739 tionis
2019 677 2462 758 intelligamus.
2491 675 2906 757 Intelligimus
2929 677 3118 756 igitur
3149 678 3369 742 decre-

1801 777 1936 832 tum
1972 770 2198 832 divinae
2239 771 2576 833 voluntatis
2623 769 2980 830 absolutum
3028 775 3093 832 et
3123 771 3362 844 efficax,

1800 882 1927 944 quo
1957 864 2152 924 voluit
2182 864 2370 924 talem
2392 870 2600 926 actum
2639 883 2676 924 a
2701 881 2804 923 me
2833 861 2990 935 fieri,
3025 869 3364 942 antequam

1802 959 2120 1038 praesciret
2147 957 2436 1018 absoluta
2481 956 2868 1037 praescientia
2905 973 3010 1016 me
3037 954 3215 1016 illum
3237 955 3365 1018 fac-

1802 1058 2040 1123 turum,
2073 1057 2136 1112 et
2173 1057 2508 1130 antequam
2539 1049 2822 1122 voluerit,
2864 1049 2966 1110 vel
3013 1048 3368 1128 permiserit

1804 1161 1944 1208 mse
1972 1153 2034 1208 et
2063 1144 2361 1225 applicari
2389 1161 2635 1216 causaS,
2667 1161 2806 1222 quae
2850 1141 3026 1202 illum
3073 1142 3367 1204 effectum

1802 1239 2043 1302 suntin
2086 1244 2368 1318 tempore
2397 1237 2812 1316 productum.
2845 1235 3046 1308 Unde,
3079 1235 3366 1315 quamvis

1800 1331 2211 1412 praedefinitio
2241 1331 2437 1410 possit
2459 1331 2776 1392 interdum
2805 1347 2944 1390 esse
2986 1329 3066 1390 de
3096 1327 3224 1390 fine
3251 1347 3366 1408 per

1803 1426 2063 1488 modum
2090 1425 2474 1498 intentionis,
2505 1430 2572 1485 ut
2605 1441 2748 1484 cum
2791 1422 2960 1484 Deus
2995 1422 3128 1483 vult
3159 1423 3364 1484 electo

1804 1519 2070 1596 gloriam
2092 1538 2108 1591 ;
2143 1517 2458 1578 interdum
2481 1517 2560 1578 dc
2590 1516 2800 1579 medio
2827 1533 2938 1594 per
2963 1515 3222 1575 modum
3237 1515 3360 1574 ele-

1804 1611 2048 1684 ctioniS,
2073 1614 2143 1672 ut
2163 1629 2307 1672 cum
2335 1609 2469 1672 vult
2495 1609 2930 1689 praedestinato
2959 1609 3251 1670 meritum
3281 1609 3364 1670 ad

1804 1705 2109 1784 gloriam3
2159 1703 2410 1784 proprie
2453 1707 2664 1764 tamen
2695 1701 3020 1782 praefinitio
3065 1708 3364 1764 connotat

1799 1797 2236 1859 habitudinem
2254 1796 2398 1858 finis
2426 1802 2490 1859 et
2515 1795 2774 1856 modum
2801 1795 3182 1856 intentionis.
3207 1796 3364 1856 Nam

1798 1892 1863 1953 id
1906 1891 2078 1972 quod
2131 1897 2226 1952 est
2263 1889 2542 1952 medium
2581 1893 2872 1968 respectu
2895 1889 3128 1962 ,uniuS,
3161 1893 3366 1967 potest

1796 2003 1934 2046 esse
1987 1983 2130 2045 finis
2169 1986 2462 2064 respectu
2513 1982 2799 2044 aliorum.
2849 1981 3030 2044 Unde
3069 1980 3363 2060 praefiniri

1795 2078 2022 2140 dicitur
2060 2083 2350 2158 respectu
2373 2094 2706 2138 causarum
2731 2075 2832 2136 vel
2855 2075 3206 2136 mediorum
3252 2094 3367 2155 per

1796 2190 1936 2250 quae
1951 2172 2382 2232 mandandum
2403 2177 2496 2232 est
2526 2168 2898 2231 executioni.
2927 2170 3126 2248 Atque
3151 2169 3233 2228 ita
3259 2169 3364 2229 illa

1794 2285 1917 2328 vox
1941 2265 2290 2347 proefiuitiO,
2309 2281 2436 2324 non
2467 2263 2670 2326 solum
2691 2261 2838 2324 dicit
2866 2261 3360 2324 antecessionem

1798 2358 2184 2430 aeternitatis,
2215 2363 2288 2418 ut
2311 2375 2500 2436 supra
2533 2357 2681 2430 dixi,
2721 2355 2833 2416 sed
2866 2353 3362 2416 antecessionem

1796 2451 2058 2514 rationis
2089 2450 2170 2510 ad
2191 2449 2644 2530 praescientiam
2674 2449 2932 2510 effectus
2959 2445 3266 2527 praefiniti,
3295 2451 3363 2506 ut

1800 2544 2084 2606 absolute
2113 2543 2328 2615 futuri,
2375 2543 2441 2604 in
2471 2543 2682 2622 aliqua
2725 2541 3074 2602 differentia
3123 2545 3361 2618 tempo-

1800 2639 1925 2713 ris;
1963 2645 2026 2699 et
2045 2644 2506 2715 consequenter
2545 2637 2730 2698 etiam
2769 2635 2979 2697 dicere
3007 2638 3214 2712 potest
3248 2651 3362 2692 an-

1796 2733 2211 2796 tecessionem
2241 2732 2499 2794 rationis
2523 2732 2605 2793 ad
2633 2729 3092 2793 ordinationem
3122 2727 3360 2788 medio-

1795 2846 1936 2890 rum
1967 2873 1982 2899 ,
2041 2845 2155 2888 seu
2208 2844 2542 2888 causarum
2581 2843 2696 2905 per
2741 2815 3046 2903 quas‘ille
3103 2821 3360 2882 effectus

1795 2921 2194 2982 mandandus
2249 2925 2344 2980 est
2395 2918 2793 2989 executioni3
2838 2931 3198 2996 quanquam
3241 2913 3362 2972 hoc

1796 3015 2109 3094 posterius
2165 3031 2294 3074 non
2360 3013 2440 3074 sit
2496 3011 2578 3072 ab
2631 3011 2923 3071 omnibus
2991 3009 3076 3068 ita
3141 3023 3362 3085 recep-

1797 3116 1932 3171 tum
1957 3154 1972 3182 ,
2029 3108 2187 3169 sicut
2231 3106 2383 3168 illud
2433 3105 2608 3185 prius
2659 3105 2738 3167 de
2795 3101 3226 3168 antecessione
3279 3099 3362 3162 ad

1799 3204 2144 3265 scientiam.
2214 3202 2342 3265 Sed
2392 3219 2520 3262 non
2581 3200 2772 3263 refert
2832 3198 2914 3259 ad
2979 3201 3358 3276 praesentem

1799 3316 2078 3369 causam,
2105 3296 2380 3374 satisque
2412 3298 2506 3357 est
2537 3311 2674 3355 esse
2702 3292 3110 3373 probabiliuS,
3139 3306 3361 3369 posse-

1798 3409 1921 3471 que
1962 3389 2276 3451 deservire
2319 3388 2400 3449 ad
2447 3387 2670 3448 melius
2713 3404 2848 3447 rem
2893 3368 3358 3453 declarandam,

1794 3492 1867 3546 ut
1906 3503 1984 3546 ex
2021 3484 2429 3562 sequentibus
2491 3480 2822 3543 constabit.
2873 3478 3070 3558 Igitur
3107 3477 3186 3538 de
3240 3476 3362 3535 hoc

1799 3596 2034 3660 genere
2059 3576 2490 3656 praefinitionis
2534 3576 2877 3653 loquuntur
2929 3578 3218 3633 auctores
3273 3568 3363 3630 di-

1798 3672 1901 3744 cti,
1935 3689 2080 3731 cum
2109 3674 2344 3749 negant
2367 3668 2540 3729 illam
2565 3668 2804 3747 requiri
2821 3666 2886 3727 in
2916 3665 3176 3745 singulis
3211 3662 3361 3724 acti-

1794 3766 1913 3827 bus
1945 3765 2027 3827 ad
2067 3764 2409 3843 perfectam
2435 3761 2891 3841 providentiam
2931 3760 3083 3830 Dei;
3135 3773 3280 3817 nam
3307 3753 3358 3815 si

1797 3860 2000 3921 solum
2041 3864 2206 3919 esset
2231 3874 2440 3917 sermo
2469 3854 2548 3919 de
2582 3854 3014 3916 antecessione
3046 3847 3360 3911 aeternita-

1793 3953 1893 4027 tis,
1929 3951 2091 4012 bene
2148 3955 2380 4011 norunt
2425 3955 2600 4009 actus
2649 3965 2868 4009 omnes
2904 3947 3129 4019 bonos,
3161 3940 3359 4021 quiin

1795 4050 2078 4124 tempore
2102 4042 2283 4116 fiunt,
2325 4042 2572 4122 placere
2605 4040 2737 4102 Deo
2769 4044 2830 4101 et
2859 4056 2996 4101 esse
3029 4036 3250 4097 volitos
3278 4033 3359 4094 ab

1796 4138 1933 4217 ipso
1959 4136 2041 4197 ab
2063 4142 2319 4207 aeterno,
2350 4134 2667 4195 voluntate
2693 4130 3092 4211 beneplaciti,
3116 4146 3275 4207 qum,
3307 4126 3354 4187 si

1796 4250 1925 4293 non
1981 4229 2292 4291 antecedit
2325 4227 2776 4307 praescientiam
2816 4242 3034 4287 eorum
3065 4268 3084 4297 ‚
3136 4221 3357 4281 saltem

1798 4323 2220 4402 subsequitur.
2257 4322 2390 4394 Quo
2421 4321 2554 4383 fere
2603 4338 2792 4381 sensu
2841 4319 3089 4380 videtur
3127 4315 3356 4375 dixisse

1796 4416 2216 4494 Hieronymus
2232 4432 2552 4493 exponens
2567 4413 2756 4474 verba
2768 4413 2872 4473 illa
2888 4414 3064 4473 Rom.
3087 4410 3126 4470 8
3145 4427 3158 4468 ;
3199 4409 3358 4482 Quos

1790 4508 2102 4593 proescicit
2120 4513 2178 4573 et
2196 4507 2662 4589 praedestinavit
2680 4533 2702 4568 :
2733 4506 2978 4569 Proedcs
2985 4505 3182 4567 tiuare
3203 4502 3358 4565 idem

1792 4611 1884 4667 ost
1939 4602 2096 4683 quod
2139 4603 2448 4681 proeccire.
2501 4604 2704 4681 Atque
2745 4602 2865 4662 hoc
2907 4598 3107 4678 {modo
3163 4596 3358 4657 utitur

1786 4715 1940 4757 voce
1971 4694 2531 4773 praedestinationis
2551 4695 2739 4755 etiam
2761 4692 3116 4767 Anselmus,
3144 4690 3248 4749 lib.
3276 4688 3356 4750 de

1789 4788 2120 4862 Concord.‚
2154 4806 2292 4867 cap.
2325 4790 2390 4859 Ξ,
2423 4794 2492 4849 ut
2527 4788 2760 4867 legenti
2795 4785 2977 4847 facile
3023 4782 3352 4847 constabit.

1790 4884 1862 4944 Et
1894 4880 2336 4943 eodemmodo
2381 4896 2548 4959 stepe
2595 4881 2861 4941 sumitur
2911 4877 3238 4959 praefinitio
3291 4876 3356 4935 in

1789 4976 2136 5054 Scriptura,
2175 4978 2246 5034 ut
2275 4991 2416 5033 cum
2446 4973 2670 5035 dicitur
2698 4975 2863 5035 Deus
2906 4969 3354 5051 praedefiniisse

1788 5075 2076 5149 tempora
2107 5073 2171 5129 et
2193 5074 2444 5141 aetates3
2480 5086 2608 5129 non
2647 5068 2813 5129 enim
2844 5082 3104 5128 neccsse
3151 5070 3246 5125 est
3286 5068 3355 5123 ut

1789 5180 2040 5242 semper
2081 5161 2464 5241 intelligatur
2497 5168 2642 5223 ante
2672 5159 3128 5240 praescientiam
3157 5154 3354 5236 praefi-

1790 5256 2002 5329 niisse,
2037 5254 2152 5316 sed
2197 5274 2274 5316 ex
2321 5254 2732 5333 praescientia.
2767 5254 2880 5315 Hic
2931 5269 3082 5313 vero
3145 5266 3350 5310 sermo

1790 5354 1885 5410 est
1914 5348 1994 5409 de
2040 5348 2360 5410 voluntate
2396 5346 2788 5427 praefiniente
2835 5342 3258 5426 propriissime
3291 5347 3350 5401 et

1786 5443 2093 5522 rigorose,
2127 5432 2440 5521 prout'est
2464 5459 2500 5500 a
2529 5441 2712 5502 nobis
2737 5440 3066 5519 explicata.

1874 5535 2038 5611 Quid
2060 5536 2148 5600 sit
2181 5534 2566 5620 providentia
2593 5530 3350 5598 demonstratam—Dein-
