3850 6225
641 395 851 451 OPUSC.
887 398 972 451 111.
1009 396 1232 449 BREVIS
1265 394 1608 451 RESOLUTIO
1641 392 2128 447 CONTnovERslAE
2159 392 2239 445 DE
2274 392 2527 447 Auxtmo
2560 390 2752 446 EFFIC.

73 496 248 559 turae
263 496 508 559 viribus
531 498 868 578 proestitus,
891 516 1016 559 non
1045 498 1126 559 sit
1151 498 1382 579 dignus
1400 496 1658 576 praemio

71 598 200 651 aut
223 591 428 669 gloria
458 592 628 671 apud
659 593 877 665 Deum,
929 597 1142 653 tamen
1188 593 1558 672 subjunctus
1599 595 1660 652 et

72 685 468 765 conjunctus
507 685 720 765 gratim
771 686 905 759 Dei,
966 686 1235 747 multum
1277 686 1440 746 valet
1490 684 1660 764 apud

73 779 326 857 ipsum,
357 783 421 840 et
446 779 672 859 dignus
695 785 789 841 est
816 779 1002 842 laude
1019 786 1081 841 et
1106 780 1324 860 gloria.
1355 778 1502 851 Quae
1524 796 1659 839 om-

71 872 198 933 nia
219 873 308 934 ita
333 877 481 934 sunt
501 874 580 934 de
602 873 726 935 fide
746 879 938 948 certa,
983 879 1053 935 ut
1082 874 1468 953 superfluum
1515 890 1658 933 cen-

71 984 268 1027 seam
295 966 580 1027 hocloco
607 967 1007 1045 probationes
1036 966 1403 1046 adjungere.

170 1061 272 1120 56.
323 1058 418 1121 Ad
469 1060 630 1133 haec,
667 1060 911 1122 ratione
963 1059 1271 1140 praedictae
1313 1060 1652 1123 vocationis

75 1151 387 1226 efficacis,
417 1155 481 1212 et
527 1152 806 1214 omnium
835 1153 1207 1215 auxiliorum
1237 1154 1654 1216 concomitan-

71 1246 245 1305 tium
275 1262 418 1325 quse
439 1262 656 1307 secum
689 1247 891 1322 affert,
917 1248 1086 1307 Deus
1107 1245 1332 1309 dicitur
1349 1246 1501 1307 dare
1525 1264 1655 1308 non

73 1339 294 1399 solum
319 1343 692 1417 potestatem
714 1340 1039 1419 operandi,
1082 1340 1196 1401 sed
1217 1340 1405 1401 etiam
1434 1340 1655 1401 volun-

75 1438 282 1493 tatem
313 1436 330 1471 ¹
353 1450 370 1504 ;
395 1432 520 1492 imo
541 1432 660 1493 sub
685 1432 792 1493 illa
813 1434 1054 1495 ratione
1074 1433 1299 1495 dicitur
1325 1433 1458 1511 ipse
1481 1433 1652 1493 solus

77 1526 336 1605 operari
357 1526 421 1585 in
445 1525 626 1587 nohis
655 1533 724 1588 ut
747 1526 1034 1601 velimuS,
1067 1533 1137 1588 ut
1161 1528 1544 1605 Augustinus
1564 1526 1654 1587 di-

75 1626 252 1681 serte
267 1608 538 1699 eiplicat
565 1620 776 1681 multis
803 1621 868 1681 in
893 1620 1066 1694 lociS,
1095 1621 1242 1700 quia
1269 1622 1562 1681 nimirum
1587 1622 1652 1681 in

75 1732 162 1773 eo
193 1731 430 1791 genere
467 1730 674 1773 causae
703 1714 980 1786 moraliS,
1015 1714 1472 1794 praevenientis,
1507 1732 1653 1773 sua-

73 1807 292 1867 dentis
321 1813 380 1867 ot
399 1806 772 1880 inducentis,
807 1808 978 1869 solus
1001 1811 1170 1869 Deus
1206 1814 1300 1869 est
1331 1808 1437 1886 qui
1468 1807 1652 1869 docet

73 1898 387 1972 interiuS,
440 1906 504 1961 et
542 1900 730 1960 trahit
773 1901 1126 1974 hominem;
1163 1918 1529 1979 quanquam
1585 1901 1650 1961 in

73 1992 446 2071 praestando
471 2010 782 2053 consensu
801 2012 1051 2072 semper
1079 1994 1318 2054 homini
1337 1994 1651 2072 relinqua·

73 2094 182 2147 tur
207 2088 528 2165 integrum
547 2087 654 2166 jus
667 2087 970 2149 libertatis
997 2104 1150 2159 suae,
1171 2087 1412 2148 ratione
1443 2088 1646 2167 cujuS,

73 2182 226 2242 licet
253 2182 428 2241 Deus
457 2181 628 2241 solus
649 2186 947 2260 operetur
967 2188 1036 2241 ut
1069 2181 1362 2253 velimuS‚
1395 2199 1524 2241 non
1555 2186 1650 2242 ta-

68 2292 227 2335 men
259 2275 432 2335 Deus
461 2274 632 2335 solus
651 2280 947 2353 operatur
971 2274 1176 2354 ipsum
1195 2274 1380 2347 velle,
1411 2274 1522 2335 sed
1545 2292 1654 2335 no-

73 2368 328 2427 biseum
361 2368 522 2428 iIlud
550 2373 868 2446 operatur,
897 2373 960 2429 et
985 2371 1081 2428 est
1101 2368 1484 2447 principem,
1521 2386 1648 2428 non

73 2467 300 2522 tamen
329 2461 536 2522 totalis
559 2479 750 2521 causa
779 2462 948 2540 ejus3
972 2461 1214 2521 ratione
1245 2466 1456 2521 tamen
1486 2460 1652 2521 illius

75 2555 542 2635 principalioris
605 2556 875 2615 influxus
919 2554 1143 2616 dicitur
1193 2554 1442 2635 operari
1492 2555 1647 2616 velle

77 2656 142 2710 et
170 2648 504 2727 perficere,
538 2655 600 2708 et
620 2648 738 2709 alia
763 2648 1148 2727 hujusmodi.

156 2745 262 2803 57.
309 2742 396 2803 In
419 2760 534 2821 quo
562 2739 854 2805 consistat
888 2742 1262 2824 profundum
1289 2742 1652 2822 mysterium

77 2838 310 2900 divinoe
345 2835 672 2899 electionis.
705 2867 788 2881 —
809 2838 1048 2896 Rursus
1075 2836 1255 2914 juxta
1300 2836 1464 2895 hanc
1511 2852 1654 2895 sen-

75 2931 368 3005 tentiam,
397 2931 628 3008 optime
669 2929 1036 3009 intelligitur
1078 2930 1144 2990 in
1185 2946 1312 3007 quo
1357 2929 1654 2990 consistat

77 3024 281 3083 altum
333 3028 396 3083 et
429 3022 809 3101 profundum
851 3024 1218 3102 mysterium
1249 3022 1474 3083 divinae
1525 3022 1654 3083 ele-

83 3117 314 3177 ctionis
333 3117 382 3190 ²,
436 3117 608 3195 quod
661 3118 1048 3196 Augustinus
1071 3116 1094 3154 ³
1132 3116 1332 3177 citatis
1378 3116 1530 3176 locis
1578 3115 1656 3176 ad

80 3211 250 3270 hane
296 3210 694 3273 vocationem
745 3228 1090 3290 congruam
1137 3211 1408 3282 revocat,
1467 3226 1658 3287 quam

79 3309 424 3382 propterea
451 3303 620 3377 dicit,
643 3303 791 3368 altoe
818 3311 876 3368 et
891 3303 1217 3384 profundae
1253 3300 1656 3365 ordinationis

79 3417 232 3470 esse,
263 3397 390 3460 sive
414 3399 484 3460 in
502 3399 769 3478 sinqnlis
789 3397 1143 3470 hominibus,
1162 3398 1376 3460 sivein
1389 3395 1654 3476 populis,

81 3499 264 3572 atque
282 3489 350 3550 in
378 3491 512 3572 ipso
538 3507 748 3572 qenere
775 3492 1034 3554 humano
1060 3507 1173 3572 per
1202 3496 1534 3569 temporum
1561 3507 1662 3570 op·

75 3584 494 3665 portenaticum
527 3587 822 3665 operetur.
869 3583 1024 3644 Cum
1055 3583 1226 3644 enim
1253 3587 1468 3660 posset
1494 3583 1660 3642 Deus

85 3679 168 3740 ita
213 3695 346 3738 suae
401 3676 618 3754 gratiae
663 3675 1124 3755 providentiam
1158 3674 1552 3746 distribuere,
1593 3678 1662 3733 ut

85 3773 254 3831 hauc
305 3787 650 3850 congruam
708 3770 1104 3831 vocationem
1149 3767 1331 3829 daret
1377 3768 1662 3848 pluribus

87 3863 470 3937 hominibu5‚
493 3863 668 3924 dedit
691 3863 862 3925 illam
881 3863 1311 3943 paucioribuS,
1362 3868 1425 3923 et
1469 3861 1664 3922 inter-

91 3959 244 4020 dum
288 3957 396 4018 dat
441 3957 554 4018 uni
593 3958 1019 4030 vocationem,
1062 3972 1204 4034 quoe
1245 3954 1329 4015 illi
1381 3972 1660 4034 congrua

88 4053 302 4114 futura
349 4067 480 4112 non
520 4055 636 4124 est,
687 4056 882 4130 negat
909 4055 1122 4111 autem
1171 4049 1258 4109 ini
1308 4047 1406 4108 cui
1450 4048 1659 4108 futura

91 4148 262 4208 esset
289 4143 784 4216 accommodata,
830 4143 881 4204 si
934 4143 992 4203 ei
1032 4141 1180 4202 data
1207 4141 1456 4213 fuisset3
1503 4141 1661 4202 sicut

91 4239 373 4300 Christus
427 4235 508 4298 de
552 4237 718 4315 Tyro
745 4242 808 4298 et
845 4235 1076 4298 Sidone
1111 4235 1295 4296 dixit:
1339 4235 1400 4295 Si
1440 4235 1506 4294 in
1541 4235 1661 4294 illis

91 4337 276 4408 factoe
301 4333 501 4393 essent
527 4328 806 4402 virtutes,
844 4347 978 4410 quoe
1005 4329 1073 4391 in
1104 4334 1160 4391 te
1195 4327 1518 4404 (Corozain
1549 4328 1662 4388 sci-

93 4427 259 4498 lieet,
279 4431 344 4487 et
363 4424 720 4502 Bethsaida)
746 4429 928 4504 μισέω
946 4429 1116 4500 sunt,
1144 4425 1353 4504 ntique
1379 4423 1448 4485 in
1471 4422 1665 4486 cilicio

95 4527 150 4584 et
175 4523 378 4584 cinere
403 4518 822 4600 paenitentiam
840 4515 1102 4598 eyiseent
1123 4517 1362 4594 (Matth.
1391 4519 1514 4596 11).
1547 4518 1668 4577 Ne-

99 4620 315 4694 gatum
373 4629 524 4692 ergo
555 4616 650 4672 est
692 4610 894 4690 Tyriis
936 4616 999 4671 et
1045 4609 1316 4672 Sidoniis
1365 4610 1668 4670 auxilium

97 4707 270 4786 quod
295 4705 366 4766 in
395 4704 488 4766 eis
517 4704 738 4766 fuisset
760 4703 1001 4776 efficax,
1048 4702 1390 4781 datumque
1441 4707 1538 4764 est
1564 4703 1670 4764 Ju-

98 4802 276 4874 desis,
311 4801 380 4859 in
406 4798 634 4878 quibus
660 4815 792 4858 non
819 4796 936 4858 fuit
965 4797 1204 4858 efficax.
1228 4797 1304 4857 Et
1327 4795 1520 4870 Deus,
1555 4813 1672 4876 per

99 4895 324 4956 Ezech.
355 4891 518 4971 (cap.
543 4893 638 4970 3):
670 4891 818 4956 Non
846 4891 1231 4972 adpopulum
1262 4889 1508 4969 (inquit)
1528 4905 1672 4969 pro·

97 4989 276 5065 fundi
303 4985 602 5049 sermonis
629 4989 700 5048 tu
717 4985 983 5048 mitteris
995 5009 1022 5058 ,·
1055 4989 1118 5046 et
1149 4983 1347 5044 infra:
1391 4982 1476 5047 Si
1495 4983 1579 5046 ad
1597 4982 1673 5044 il-

101 5083 188 5144 ios
213 5081 578 5153 mittereris,
605 5079 888 5144 audirent
917 5085 994 5142 te.
1039 5079 1375 5151 Praeterea,
1411 5095 1488 5138 ex
1514 5075 1673 5137 duo-

103 5175 220 5235 bus
237 5191 422 5253 oeque
443 5172 650 5253 dignis
671 5171 776 5234 vel
807 5170 1103 5252 indignis,
1137 5170 1314 5234 alteri
1343 5170 1528 5232 datur
1554 5188 1670 5230 vo-

187 5363 205 5398 ¹
245 5361 318 5419 ln
350 5357 644 5418 omnibus
671 5355 952 5435 proxime
980 5355 1202 5418 citatis.

185 5455 214 5492 ²
255 5453 348 5514 De
375 5452 520 5524 hoc,
547 5450 656 5511 lib.
691 5451 752 5524 3,
779 5467 836 5510 c.
869 5451 966 5511 16.

187 5548 212 5587 ²
253 5547 388 5610 Lib.
417 5547 496 5608 83
522 5545 780 5620 Quaest.‚
813 5561 873 5627 q.
902 5547 1002 5625 68.

3182 376 3301 447 389

1742 495 1900 556 catio
1922 512 2222 574 congrua,
2250 494 2427 555 alteri
2452 512 2581 553 non
2609 493 2812 555 datur.
2854 494 2984 555 Hoc
3007 512 3157 573 ergo
3206 498 3301 555 est

1741 588 2110 667 mysterium
2151 588 2229 649 de
2276 605 2400 666 quo
2448 587 2677 649 Paulus
2698 586 2823 647 ait:
2866 586 3121 659 Ohomo,
3162 586 3299 667 quie

1741 699 1802 745 ee
1830 687 1920 757 tn,
1943 682 2049 763 qni
2075 682 2431 763 respondeas
2454 680 2620 743 Deo?
2647 680 2907 758 Propter
2935 678 3105 758 quod
3130 679 3299 739 idem

1740 774 1914 835 dicit:
1956 773 2005 835 O
2032 773 2287 837 altitudo
2315 772 2705 837 divitiarum!
2740 774 2813 833 Et
2835 772 3017 832 illud:
3044 772 3191 837 Non
3209 778 3301 835 est

1735 866 2009 939 volentis,
2060 884 2243 947 neque
2270 868 2595 942 currentis,
2642 868 2748 930 sed
2786 864 2900 928 Dei
2944 864 3284 928 miserentis

1737 960 1939 1037 (Rom.
1985 963 2024 1022 9
2058 966 2117 1021 et
2147 963 2267 1038 11).
2325 961 2504 1033 Nam,
2540 960 2683 1021 licet
2710 963 2849 1039 post
2900 957 3294 1019 vocationem

1733 1059 2077 1131 acceptam,
2105 1052 2373 1114 hominis
2390 1054 2465 1114 sit
2484 1071 2628 1113 cum
2654 1052 2863 1113 divina
2893 1052 3094 1133 gratia
3120 1051 3303 1132 adju-

1733 1151 1942 1221 vante,
1962 1164 2101 1225 quae
2126 1146 2211 1207 illi
2226 1165 2477 1227 semper
2494 1150 2717 1228 praesto
2744 1152 2837 1207 est
2866 1152 3007 1225 post
3031 1148 3300 1207 vocatio-

1733 1258 1904 1314 nem,
1947 1240 2105 1301 velle
2142 1245 2205 1301 et
2237 1258 2523 1313 currere;
2550 1240 2725 1312 item,
2774 1240 2919 1301 licet
2955 1239 3287 1301 efficientia

1735 1333 1949 1415 gratiae
2006 1334 2199 1415 ipsius
2244 1334 2607 1408 vocationis,
2667 1340 2972 1411 quantum
3012 1334 3094 1395 ad
3142 1333 3294 1395 effe-

1737 1433 1905 1489 ctum
1945 1444 2057 1506 per
2101 1428 2300 1507 ipsam
2347 1428 2679 1501 intentum,
2728 1427 2793 1489 id
2830 1434 2944 1501 est,
2987 1435 3294 1507 quantum

1733 1521 1816 1581 ad
1843 1539 2224 1583 consensum
2252 1523 2545 1599 hominis,
2590 1540 2721 1584 non
2749 1522 2828 1582 sit
2855 1523 2987 1583 sine
3015 1522 3293 1595 homine,

1734 1622 1948 1677 tamen
1977 1616 2114 1695 ipsa
2142 1616 2491 1678 distributio
2539 1618 2898 1691 vocationiS‚
2938 1618 3108 1695 quod
3152 1618 3297 1679 huic

1735 1710 1920 1771 detur
1966 1712 2435 1773 accommodata
2464 1712 2671 1791 potius
2719 1730 2908 1791 quam
2939 1714 3046 1785 illi,
3101 1713 3295 1775 solius

1735 1812 1829 1867 est
1853 1805 2189 1867 voluntatis
2220 1806 2465 1879 divinas,
2516 1806 2665 1883 quia
2712 1811 2856 1867 ante
2902 1808 3297 1868 vocationem

1732 1898 1973 1959 nullum
2000 1905 2203 1979 potest
2226 1900 2600 1961 antecedere
2630 1901 2920 1961 meritum
2956 1921 3032 1961 ex
3047 1920 3172 1980 quo
3202 1907 3302 1961 ta-

1729 1996 1804 2055 lis
1833 1994 2180 2055 distributio
2210 1993 2350 2065 fiat;
2398 1995 2685 2073 provenit
2710 2013 2860 2073 ergo
2891 2014 2965 2055 ex
3017 1996 3151 2055 sola
3179 1998 3293 2057 Dei

1731 2089 2083 2161 dilectione,
2109 2088 2243 2167 „qui
2279 2088 2471 2168 gratis
2514 2088 2681 2149 hunc
2737 2088 2925 2168 elegit
2968 2090 3049 2151 ad
3080 2088 3295 2161 fidem,

1732 2182 1830 2243 vel
1880 2182 1963 2243 ad
1995 2182 2317 2260 justitiam,
2366 2182 2465 2241 vel
2511 2182 2592 2242 ad
2633 2182 2833 2261 ipsam
2876 2181 3160 2261 gloriam.
3216 2183 3292 2243 Et

1726 2277 1904 2356 juxta
1932 2278 2100 2335 hunc
2124 2274 2381 2335 modum
2410 2276 2640 2353 optime
2661 2274 2981 2353 perficitur
3008 2280 3175 2336 totus
3200 2294 3301 2335 or-

1733 2369 1814 2431 do
1843 2368 2405 2449 praedestinationis
2432 2375 2493 2429 et
2520 2368 2873 2430 mediorum
2904 2369 3061 2448 ejus,
3092 2384 3281 2447 quem

1733 2464 1986 2536 Paulus,
2040 2462 2120 2523 ad
2173 2464 2436 2523 Roman.
2488 2463 2551 2537 8,
2610 2460 2977 2541 descripsit,
3038 2460 3253 2522 dicens
3280 2482 3294 2521 :

1737 2558 1894 2633 Quos
1915 2557 2237 2637 praescivit
2278 2563 2335 2619 et
2367 2557 2858 2637 praedestinavit,
2894 2559 3042 2629 etc„
3098 2558 3203 2619 hos
3247 2560 3307 2618 et

1728 2653 1982 2715 vocavit.
2040 2652 2349 2711 Praeterea
2380 2649 2708 2729 expeditur
2736 2649 2915 2711 facile
2948 2668 3024 2711 ex
3064 2650 3160 2710 his
3200 2650 3303 2711 illa

1736 2745 1999 2822 quaestio
2033 2747 2085 2803 ¹:
2122 2745 2219 2804 An
2258 2742 2395 2803 fieri
2435 2742 2629 2821 possit
2667 2749 2737 2804 ut
2779 2761 2924 2803 cum
2953 2744 3303 2825 aequalibus

1735 2838 1979 2900 auxiliis
2020 2856 2187 2897 uuus
2216 2841 2635 2908 convertatur,
2666 2842 2727 2897 et
2747 2854 2877 2896 non
2906 2837 3085 2897 aliuS.
3120 2838 3312 2897 Item·

1736 2952 1856 3014 quc
1908 2950 2031 3011 quo
2062 2950 2251 2993 sensu
2288 2950 2509 2991 verum
2552 2931 2630 2991 sit
2669 2949 2815 2991 eum
2840 2932 2946 3009 qui
2992 2931 3305 2992 consentit

1738 3046 1990 3106 semper
2005 3026 2285 3104 recipere
2310 3025 2515 3104 majus
2537 3025 2749 3104 gratiae
2766 3025 3089 3095 auxilium,
3111 3042 3300 3104 quam

1739 3122 1844 3201 qui
1875 3121 2123 3181 resistit.
2158 3122 2314 3180 Nam
2345 3119 2397 3178 si
2422 3117 2501 3179 sit
2528 3137 2736 3179 sermo
2767 3118 2845 3180 de
2876 3119 3118 3180 auxiliis
3148 3137 3306 3198 pree-

1737 3213 2046 3274 venientis
2075 3213 2310 3292 gratiae,
2340 3231 2455 3274 seu
2485 3231 2625 3290 quae
2650 3211 2879 3273 dantur
2907 3218 2975 3273 ut
3004 3212 3305 3290 principia

1740 3326 2089 3368 consensus
2122 3307 2298 3368 liberi
2342 3305 2855 3385 supernaturaliS,
2890 3307 3023 3366 haec
3048 3309 3309 3384 possunt

1740 3420 1880 3463 esse
1922 3401 2216 3480 aequalia,
2260 3401 2360 3462 vel
2392 3400 2634 3479 majora
2658 3400 2721 3459 in
2760 3417 2993 3478 genere
3020 3399 3305 3477 physice,

1742 3513 1857 3556 seu
1889 3494 1957 3554 in
1999 3495 2154 3556 reali
2184 3493 2409 3554 virtute
2443 3492 2759 3564 movendi,
2802 3491 2867 3551 in
2912 3509 2988 3552 eo
3038 3491 3144 3570 qui
3179 3509 3309 3550 non

1743 3587 2073 3660 consentit,
2131 3604 2321 3664 quam
2358 3587 2479 3646 sint
2520 3585 2588 3645 in
2620 3603 2695 3646 eo
2744 3584 2851 3664 qui
2902 3585 3305 3656 convertitur,

1743 3680 1890 3760 quia
1932 3681 2200 3740 liberum
2226 3679 2553 3739 arbitrium
2584 3684 2790 3758 potest
2834 3677 2935 3738 his
2963 3677 3309 3756 majoribus

1741 3773 1987 3834 auxiliis
2012 3773 2326 3834 resistere.
2361 3773 2434 3833 Et
2466 3772 2585 3832 hoc
2616 3789 2805 3832 sensu
2824 3771 3013 3831 locuti
3036 3775 3181 3830 sunt
3202 3769 3308 3846 qui

1743 3867 2035 3927 dixerunt
2087 3865 2225 3926 fieri
2266 3883 2451 3943 posse
2500 3870 2569 3925 ut
2612 3881 2756 3923 cum
2792 3863 3016 3942 aequali
3076 3862 3308 3923 auxilio

1744 3978 1907 4019 unus
1939 3963 2359 4030 convertatur,
2400 3964 2462 4018 et
2502 3975 2631 4018 non
2670 3956 2851 4016 alius.
2893 3955 3309 4018 Nihilominus

1741 4059 1955 4113 tamen
1984 4052 2035 4112 is
2058 4052 2161 4131 qui
2208 4056 2349 4110 actu
2379 4051 2779 4123 convertitur,
2816 4049 3060 4109 excedit
3090 4048 3154 4107 in
3204 4065 3311 4107 ac-

1740 4145 1892 4206 tuali
1923 4162 2234 4206 concursu
2260 4149 2323 4204 et
2360 4143 2599 4203 influxu
2636 4142 2871 4222 gratiae.
2900 4143 2975 4202 Et
3002 4148 3307 4220 praeterea

1743 4239 1951 4318 ipsum
1988 4237 2289 4298 auxilium
2318 4235 2705 4316 praeveniens
2739 4235 2929 4296 habet
2970 4235 3034 4294 in
3070 4233 3175 4295 illo
3204 4253 3311 4294 ra-

1744 4331 1983 4392 tionem
1998 4330 2255 4410 majoris
2270 4328 2483 4409 gratioe
2509 4335 2571 4390 et
2592 4327 2903 4401 beneficii,
2927 4327 3073 4406 quia
3092 4345 3315 4406 oppor-

1746 4428 1898 4486 tuno
1927 4429 1991 4484 et
2014 4441 2293 4501 congruo
2328 4428 2609 4502 tempore
2646 4419 2832 4483 datur
2850 4439 2927 4483 ex
2950 4419 3179 4499 majori
3206 4419 3315 4478 Dei

1748 4516 2212 4578 benevolentia.

1887 4755 2137 4838 Satisfit
2158 4757 2573 4835 fundamentis
2595 4752 2851 4818 alterins
2870 4752 3192 4834 opinionis.

1836 4984 1936 5044 58.
1984 4986 2186 5063 Atque
2226 5001 2304 5044 ex
2330 4984 2428 5044 his
2454 4999 2831 5061 responsum
2874 4986 2969 5042 est
3008 4980 3197 5040 variis
3228 4998 3325 5038 ar-

1753 5077 2069 5159 gumentis
2100 5077 2331 5156 quibus
2371 5075 2681 5138 contraria
2724 5074 3032 5135 sententia
3067 5071 3321 5132 fundari

1752 5171 1930 5246 solet,
1970 5187 2111 5249 quoe
2148 5169 2348 5231 fusius
2388 5186 2743 5248 proponere
2773 5167 3045 5228 brevitas
3090 5182 3324 5245 propo-

1755 5265 1870 5326 sita
1891 5282 2019 5324 non
2035 5263 2355 5343 permittit.
2380 5264 2597 5340 Neque
2628 5260 2912 5322 existimo
2944 5275 3083 5320 esse
3101 5275 3321 5318 neces-

1755 5357 2013 5432 sarium,
2037 5357 2182 5435 quia
2202 5355 2411 5417 omnia
2432 5353 2820 5416 reducuntur
2846 5351 2929 5413 ad
2948 5351 3067 5412 tria
3088 5351 3317 5428 capita.

1843 5545 1859 5580 ¹
1903 5538 1995 5602 De
2023 5540 2143 5602 hoc
2168 5541 2294 5602 late
2324 5540 2435 5601 lib.
2470 5540 2531 5614 3,
2560 5556 2613 5600 c.
2648 5538 2747 5598 19.
