3850 6225
737 354 907 405 SECT.
935 314 998 405 ll.
1043 354 1126 405 AN
1159 352 1532 405 Nsscnssms
1565 353 1648 403 Ex
1681 351 2126 403 SUPPOSlTIONE-
2157 353 2278 405 VEL
2310 352 2551 414 numm,
2588 352 2723 405 Ere.
2824 386 2833 393 -

111 452 234 513 hoe
285 458 384 515 est
443 454 644 533 quod·
667 455 875 533 aiebat
931 454 1201 515 Hilarius
1233 500 1248 527 ‚
1307 460 1473 515 caut.
1523 456 1563 514 6
1619 453 1686 513 in

113 547 376 607 Matth.:
437 549 540 623 De⁴
572 553 780 611 nostro
834 552 926 611 est
966 549 1141 610 beatae
1194 547 1312 609 illa
1373 547 1687 611 aeternitas

105 642 511 721 promerenda
549 686 562 712 ,
612 642 1144 721 praestandumque
1187 645 1280 702 est
1332 640 1570 731 aliquid
1616 656 1691 701 em

101 733 410 813 proprie,-
452 739 513 795 et
557 733 1002 811 HieronymuS,
1037 733 1079 793 l.
1113 735 1150 793 2
1175 735 1390 793 contra
1423 730 1690 793 Jovinia-

109 846 295 895 num,
320 826 400 885 ad
419 826 640 887 finem:
664 825 892 891 Nostri
913 826 1140 889 laboris
1170 832 1262 890 eat
1292 842 1402 905 pro
1436 825 1692 887 diversi-

113 924 242 983 tate
273 921 574 983 tir-tutum
587 920 826 982 diversa
848 919 1016 981 nobis
1031 918 1298 1000 praemia
1314 934 1688 999 proeparare.

113 1014 206 1073 Ac
237 1014 514 1092 denique
539 1011 879 1073 Concilium
913 1011 1366 1072 Arausicanum
1390 1010 1465 1081 Π,
1497 1028 1550 1069 c.
1578 1011 1686 1069 18:

113 1107 382 1169 Debetur
411 1123 634 1169 merces
657 1106 848 1181 bonis,
887 1106 946 1167 si
963 1106 1121 1184 fiant
1140 1130 1167 1177 ;
1195 1104 1300 1167 sed
1317 1104 1528 1183 qratia
1553 1102 1688 1177 Dei,

115 1218 256 1279 Μ
287 1216 408 1259 non
435 1198 697 1274 debetur,
721 1197 1008 1279 proecedit
1031 1203 1102 1259 ut
1117 1199 1294 1277 fiant.
1322 1195 1521 1268 Quam
1543 1214 1692 1255 sen-

117 1292 386 1352 tentiam
422 1309 588 1370 saepe
613 1290 807 1353 habet
842 1291 1244 1371 AugustinuS,
1278 1294 1348 1350 ut
1373 1288 1584 1349 videre
1619 1288 1693 1347 li-

118 1393 224 1445 cet
273 1386 338 1445 in
387 1384 742 1459 Euchirid.,
793 1384 998 1463 capite
1043 1384 1158 1444 106
1203 1388 1266 1443 et
1315 1384 1452 1455 107,
1506 1387 1568 1443 et
1610 1380 1689 1441 de

119 1481 298 1539 Corr.
341 1485 405 1541 et
434 1478 655 1558 gratia,
683 1477 886 1558 capite
915 1480 1012 1551 13,
1041 1481 1101 1540 et
1129 1476 1264 1537 aliis
1293 1476 1462 1537 locis.

339 1730 580 1815 Duplex
605 1730 672 1793 in
701 1732 823 1794 Deo
835 1730 1110 1812 justitiae
1135 1730 1474 1817 eonsilium.

145 1932 154 1940 ”
187 1949 288 2007 57.
311 1947 569 2025 Oportet
591 1946 935 2007 tamenhoc
951 1944 1156 2023 ipsum
1173 1942 1502 2005 consilium
1519 1940 1698 2019 justi-

117 2039 222 2099 tiae
251 2039 642 2119 distinguere
663 2056 680 2111 ;
705 2038 874 2098 aliud
905 2044 998 2097 est
1023 2037 1190 2097 enim
1216 2035 1544 2097 consilium
1565 2033 1698 2094 vin-

122 2132 414 2193 dicativae
451 2131 733 2210 justitiae,
783 2129 956 2190 aliud
1003 2129 1408 2201 benefactum
1457 2130 1556 2205 (ut
1609 2126 1698 2187 sic

119 2224 382 2302 dicam),
417 2243 530 2285 seu
563 2223 885 2285 reddentis
929 2224 1188 2303 praemia
1211 2223 1392 2302 juxta
1432 2220 1698 2300 promis-

123 2318 374 2379 sionem
449 2324 512 2379 et
569 2318 1049 2379 conventionem
1105 2316 1368 2389 factam;
1432 2320 1694 2391 utraque

123 2412 296 2472 enim
319 2411 564 2489 justitia
589 2410 668 2471 ad
697 2414 1198 2471 consummatam
1224 2413 1288 2470 et
1305 2408 1557 2489 plenam
1583 2407 1696 2467 Dei

123 2506 474 2565 bonitatem
505 2504 860 2565 necessaria
890 2506 1004 2575 est,
1040 2509 1110 2564 ut
1141 2502 1464 2581 eleganter
1511 2499 1698 2561 tradit

124 2598 574 2671 Tertullianus,
599 2596 704 2657 lib.
735 2600 764 2657 1
801 2602 966 2657 cont.
993 2595 1319 2667 Marcion„
1349 2612 1488 2673 cap.
1513 2596 1612 2665 27,
1637 2598 1700 2653 et

125 2691 232 2749 lib.
269 2694 332 2763 3,
355 2709 414 2751 c.
439 2692 499 2751 3.
532 2692 624 2751 Ea
649 2707 824 2765 vero,
865 2707 1006 2767 quae
1042 2688 1334 2753 diximus,
1375 2686 1696 2766 potissime

127 2785 569 2864 intelliguntur
609 2784 836 2847 dehac
877 2783 1203 2864 posteriori
1233 2782 1502 2861 justitia;
1551 2798 1698 2839 nam

125 2878 206 2937 ad
225 2878 407 2937 illam
427 2878 630 2937 solum
651 2882 889 2955 spectat
910 2877 1029 2937 boc
1047 2875 1326 2936 debitum
1353 2872 1695 2953 proprium,

124 2970 202 3031 de
232 2990 362 3049 quo
393 2988 612 3033 sumus
637 2970 864 3041 locuti3
895 2976 957 3031 et
983 2969 1124 3029 ideo
1153 2968 1256 3029 illa
1279 2972 1374 3029 est
1394 2984 1532 3047 quae
1559 2984 1702 3045 sup-

124 3064 304 3143 ponit
347 3065 618 3144 gratiam
652 3068 714 3126 et
743 3062 1076 3143 gratuitam
1105 3061 1604 3142 promissionem,
1635 3058 1700 3118 in

125 3158 358 3236 quibus
405 3164 470 3220 et
507 3158 683 3218 valor
713 3175 976 3237 operum
1017 3159 1078 3216 et
1119 3154 1370 3236 justitiae
1417 3154 1700 3214 debitum

123 3251 382 3310 fundari
425 3251 642 3329 possit.
671 3249 942 3311 Alterius
969 3267 1118 3310 vero
1140 3248 1396 3328 justitiae
1428 3245 1701 3306 vindica-

122 3345 264 3404 tivae
318 3345 652 3404 consilium
701 3346 763 3404 et
807 3361 966 3421 opus
1009 3359 1122 3420 per
1171 3359 1238 3400 se
1282 3359 1400 3400 nec
1435 3339 1700 3419 gratiam

123 3438 454 3516 supponit,
494 3455 613 3498 nec
642 3435 1146 3514 promissionem,
1177 3434 1318 3513 quia
1351 3434 1416 3494 in
1445 3433 1547 3512 illa
1569 3433 1699 3511 jus-

123 3531 258 3590 titia
307 3549 442 3590 non
492 3536 789 3609 operatur
831 3531 999 3590 Deus
1044 3532 1115 3588 ut
1157 3526 1422 3600 debitor,
1475 3525 1586 3586 sed
1633 3531 1702 3586 ut

125 3629 426 3696 exactor3
455 3623 592 3702 ipse
624 3627 836 3682 autem
863 3621 1052 3681 homo
1081 3620 1288 3700 potius
1311 3625 1406 3680 est
1429 3619 1696 3691 debitor,

128 3719 233 3796 qui
273 3723 344 3778 ut
371 3714 732 3794 hujusmodi
760 3713 1040 3774 debitum
1075 3712 1423 3785 contrahat,
1454 3730 1582 3771 non
1611 3709 1701 3770 in-

125 3813 302 3892 diget
341 3811 567 3890 gratia,
597 3827 745 3870 nam
782 3808 862 3868 de
898 3827 1012 3869 suo
1050 3807 1241 3868 babet
1265 3825 1447 3887 posse
1480 3823 1701 3885 pecca-

127 3923 190 3964 re
217 3924 233 3980 ·,
281 3923 403 3983 per
441 3909 764 3983 peceatum
793 3907 1003 3962 autem
1033 3899 1342 3960 contrahit
1363 3898 1486 3960 tale
1527 3896 1702 3958 debi-

127 4003 286 4072 tum,
323 3996 428 4056 cui
467 3993 865 4056 comminatio
905 3995 1112 4074 potius
1153 4009 1343 4071 quam
1372 3990 1700 4072 promissio

127 4089 511 4170 respondet3
564 4089 642 4150 de
695 4105 961 4168 quarum
1015 4085 1368 4148 differentia
1416 4084 1702 4164 superius

127 4183 374 4244 dictum
405 4187 518 4244 est.

203 4279 313 4338 58.
369 4277 727 4352 Quali-mam
768 4277 854 4340 sit
865 4274 1126 4355 justitia
1154 4291 1274 4355 qua
1300 4273 1464 4336 Deus
1503 4272 1702 4336 reddit

122 4369 613 4452 praemia—Hic
655 4371 866 4430 autem
914 4369 1122 4429 statim
1164 4385 1230 4428 se
1271 4365 1575 4426 offerebat
1600 4385 1701 4426 ex-

125 4462 519 4540 plicandum,
551 4461 904 4540 qualisnam
943 4461 1022 4520 sit
1075 4460 1180 4520 illa
1242 4461 1412 4539 prior
1462 4458 1694 4537 justitia

127 4556 262 4626 Dei,
290 4555 788 4628 distributivam,
815 4573 894 4614 an
918 4554 1380 4626 commutativa,
1399 4553 1497 4614 vel
1528 4551 1700 4611 nulla

129 4649 404 4710 istarum
425 4647 823 4721 formaliter,
869 4665 936 4708 se
969 4646 1093 4707 alia
1133 4645 1532 4718 eminentior,
1562 4662 1702 4724 quae

129 4743 242 4802 bas
291 4741 557 4802 virtutes
605 4740 944 4802 contineat.
988 4739 1116 4802 Sed
1162 4740 1280 4800 hoc
1340 4739 1530 4800 etiam
1577 4738 1700 4799 late

131 4835 396 4896 tractavi
425 4836 610 4896 citato
639 4834 804 4908 loco,
839 4839 903 4895 et
929 4833 1010 4894 ad
1053 4831 1532 4912 explicationem
1551 4836 1702 4896 .tes-

129 4929 376 4990 timonii
425 4947 464 4988 a
515 4928 698 4989 nobis
755 4925 1055 5006 propositi
1101 4924 1369 5002 amplius
1417 4943 1706 4986 necessa-

133 5022 296 5081 rium
329 5040 456 5082 non
507 5027 622 5082 est.
661 5022 738 5082 Et
771 5021 912 5081 ideo
941 5019 1080 5080 dico
1107 5019 1382 5080 breviter
1402 5036 1540 5080 esse
1568 5019 1705 5098 qui·

131 5113 280 5174 dem
327 5115 494 5175 hanc
520 5114 827 5193 justitiam
853 5112 990 5186 Dei,
1025 5112 1454 5174 eminentioris
1479 5113 1582 5173 vel
1613 5113 1705 5172 al-

133 5208 306 5268 tioris
365 5207 622 5269 rationis
679 5212 742 5268 et
795 5206 1062 5280 ordiniS,
1096 5223 1288 5284 quam
1323 5204 1444 5265 sint
1483 5223 1703 5267 omncs

135 5298 546 5379 illaejustitiae,
569 5305 756 5379 prout
783 5299 848 5359 in
875 5298 1236 5360 hominibus
1264 5298 1696 5372 inveniuntur;

135 5393 222 5452 sic
271 5395 440 5454 enim
485 5411 708 5456 omnes
751 5391 1176 5472 perfectiones
1221 5390 1472 5464 divinas,
1515 5393 1704 5453 etiam

135 5487 257 5546 illae
291 5505 432 5566 quen
474 5485 826 5548 formaliter
871 5487 1004 5550 Deo
1044 5485 1468 5546 attribuuntur
1491 5530 1507 5559 ,
1560 5491 1706 5546 sunt

463 5610 548 5655 11.

3212 348 3333 409 433

1767 452 2002 515 altioris
2030 454 2287 526 ordinis,
2314 472 2505 533 quam
2532 454 2653 513 sint
2683 470 2901 515 omnes
2932 452 3163 515 similes
3189 472 3333 533 per-

1766 546 2069 608 sectiones
2096 553 2545 609 creaturarum.

1852 642 1951 701 59.
2010 640 2175 703 Unde
2194 645 2489 703 smnatwr-
2514 639 2859 703 essentialis
2884 638 3045 701 ratio
3060 637 3333 717 justitiae

1771 734 2201 797 distributiva
2232 766 2315 781 —
2340 731 2750 793 Nihilominus
2780 738 3013 805 tamen,
3047 750 3121 791 eo
3142 730 3331 791 modo

1774 843 1898 905 quo
1927 825 2341 904 perfectiones
2390 826 2750 905 simpliciter
2776 830 2921 885 sunt
2948 825 3013 883 in
3054 825 3183 884 Deo
3208 822 3335 884 for—

1773 918 2018 980 maliter
2043 966 2058 993 ,
2120 938 2347 981 censeo
2394 919 2700 997 justitiam
2740 918 2909 977 illam
2935 961 2955 993 ,
2994 935 3121 996 qua
3166 917 3335 976 Deus

1773 1012 1979 1073 reddit
2031 1014 2159 1073 haec
2188 1012 2399 1073 debita
2428 1011 2703 1091 propria,
2746 1011 2825 1071 de
2860 1010 3086 1089 quibus
3122 1010 3185 1069 in
3215 1009 3335 1069 hac

1773 1106 1989 1166 ultima
2008 1106 2351 1168 assertione
2384 1105 2571 1166 locuti
2592 1124 2830 1177 sumus,
2863 1121 3001 1164 esse
3039 1104 3337 1182 propriis-

1773 1202 1929 1260 sime
1969 1219 2044 1261 ac
2100 1200 2441 1261 formaliter
2476 1199 2780 1278 justitiam
2830 1196 3281 1259 distributivam
3315 1214 3331 1267 ;

1773 1294 1920 1372 quia
1962 1299 2024 1354 et
2044 1292 2172 1372 J'US,
2214 1292 2385 1371 quod
2415 1292 2503 1351 illi
2538 1290 2878 1370 respondet
2907 1310 2985 1355 ex
3012 1295 3185 1370 parte
3226 1290 3337 1349 ho-

1773 1388 1981 1460 miniS,
2020 1386 2101 1447 ad
2138 1387 2303 1447 hanc
2330 1385 2633 1465 justitiam
2661 1384 2909 1463 proprie
2949 1383 3241 1463 pertinet,
3274 1388 3338 1444 et

1776 1482 1840 1541 in
1870 1481 2235 1559 operatione
2269 1480 2457 1559 hujus
2480 1479 2745 1559 justitia?
2776 1485 3058 1539 servatur
3084 1476 3337 1557 aequali-

1774 1581 1892 1647 taS,
1927 1592 2119 1653 quam
2150 1574 2595 1651 geometricam
2625 1579 2874 1645 vocant,
2902 1571 3333 1633 distribuendo

1775 1668 2031 1747 praemia
2063 1667 2223 1728 inter
2248 1666 2479 1727 multos
2502 1666 2679 1745 juxta
2710 1665 3177 1744 proportionem
3204 1680 3339 1724 me-

1774 1760 2063 1835 ritorum,
2096 1758 2267 1836 quod
2300 1764 2395 1819 est
2443 1776 2674 1818 munus
2722 1757 3121 1818 distributivae
3162 1755 3341 1836 justi-

1776 1852 1898 1927 tiae,
1927 1852 2106 1931 juxta
2135 1856 2415 1913 mentem
2466 1850 2835 1923 AristoteIIS,
2866 1852 2905 1911 5
2932 1850 3157 1924 Ethic.,
3194 1867 3333 1927 cap.

1779 1948 1838 2019 3,
1873 1952 1937 2006 et
1974 1948 2044 2006 D.
2078 1946 2333 2007 Thomas
2366 1945 2426 2004 2.
2460 1947 2523 2017 2,
2567 1961 2629 2022 q.
2664 1945 2765 2005 61.
2809 1942 3102 2015 Quamvis
3122 1960 3340 2003 neces-

1779 2039 2013 2100 sarium
2053 2057 2181 2099 non
2222 2056 2515 2097 censeam
2552 2037 2617 2097 in
2658 2036 2827 2097 omni
2858 2043 3003 2096 actu
3045 2035 3343 2097 distribu-

1776 2132 1918 2193 tivae
1948 2131 2204 2210 justitiae
2254 2130 2391 2191 fieri
2422 2130 2953 2210 comparationem
2992 2130 3152 2190 inter
3179 2128 3343 2189 mul-

1779 2229 1905 2297 ωε,
1953 2226 2116 2285 inter
2162 2242 2321 2304 quos
2364 2222 2599 2301 aliquid
2632 2222 3039 2283 distribuatur
3070 2267 3085 2295 ,
3132 2238 3339 2299 neque

1775 2318 1924 2379 inde
1968 2320 2264 2399 primario
2295 2308 2667 2378 sumendam
2703 2333 2838 2377 esse
2893 2316 3201 2376 rationem
3244 2332 3345 2375 es-

1779 2412 2105 2473 sentialem
2142 2413 2277 2491 ejus
2321 2410 2583 2481 virtutiS,
2615 2409 2726 2471 sed
2762 2428 2841 2470 ex
2868 2408 3055 2470 modo
3083 2414 3145 2469 et
3187 2426 3343 2487 qua-

1776 2508 1949 2567 litate
1974 2508 2155 2586 juriS‚
2190 2506 2361 2586 quod
2391 2506 2566 2566 alteri
2588 2510 2817 2576 servat,
2859 2510 2921 2565 et
2956 2503 3146 2565 debiti
3172 2502 3342 2583 quod

1780 2601 2005 2673 reddit,
2034 2602 2161 2661 sive
2210 2600 2363 2660 illud
2392 2598 2614 2660 reddat
2658 2598 2791 2669 uni,
2826 2597 2953 2657 sive
3000 2596 3241 2669 multis;
3279 2602 3341 2659 et

1780 2695 1908 2755 sive
1952 2694 2060 2754 uni
2100 2694 2398 2766 solitario,
2434 2683 2565 2754 sive
2594 2692 2703 2751 uni
2734 2711 2811 2752 ex
2844 2690 3093 2763 multis;
3139 2690 3343 2755 omni-

1778 2789 1898 2849 bus
1936 2788 2103 2849 enim
2146 2788 2243 2847 his
2284 2784 2487 2847 modis
2532 2784 2777 2863 operari
2828 2789 3032 2863 potest
3060 2780 3247 2845 etiam
3276 2782 3341 2843 in

1781 2880 2164 2952 hominihus,
2184 2885 2252 2939 ut
2282 2877 2461 2939 facile
2492 2883 2701 2957 posset
2732 2877 3035 2956 exemplis
3064 2876 3343 2938 declara-

1781 2973 1857 3046 ri,
1889 2973 1990 3034 vel
2020 2972 2085 3032 in
2123 2990 2249 3032 una
2277 2975 2518 3032 tantum
2542 2960 3119 3031 Ecclesiasticoru'm
3148 2968 3342 3029 bene-

1781 3067 2067 3128 ficiorum
2106 3064 2437 3127 collatione
2468 3082 2481 3125 :
2535 3062 2647 3125 sed
2689 3081 2817 3125 non
2856 3080 3191 3143 possumus
3228 3061 3342 3122 im·

1779 3159 2033 3220 morari.
2067 3159 2327 3238 Signum
2345 3176 2495 3236 ergo
2527 3162 2620 3218 est
2648 3157 2867 3236 primm
2880 3156 3007 3216 iam
3034 3155 3341 3216 rationem

1781 3253 1969 3331 hujus
2004 3251 2259 3331 justitiae
2294 3268 2431 3311 non·
2450 3251 2787 3311 consistere
2838 3249 2905 3308 in
2937 3248 3041 3308 illa
3082 3267 3344 3328 propor-

1781 3344 2145 3417 tionalitate,
2170 3342 2516 3423 praesertim
2546 3360 2690 3403 cum
2718 3341 2854 3402 aliae
2881 3342 3069 3403 etiam
3083 3341 3343 3401 virtutes

1781 3437 2021 3517 possint
2054 3437 2224 3520 illam
2252 3437 2607 3498 observare.
2628 3435 2724 3496 Ab
2748 3435 3076 3497 Aristotele
3102 3440 3337 3506 autem,

1783 3537 1845 3592 et
1872 3531 2011 3591 aliis
2048 3529 2409 3592 auctoribus
2441 3529 2745 3608 explicata
2775 3533 2870 3590 est
2898 3528 3055 3590 ratio
3087 3527 3340 3608 justitiae

1782 3623 2187 3684 distributivoe
2218 3640 2332 3701 per
2360 3622 2533 3682 illam
2581 3622 3071 3702 proportionem,
3104 3621 3247 3700 quia
3281 3625 3345 3682 et

1781 3718 1844 3777 in
1889 3716 2249 3778 hominibus
2278 3714 2648 3794 regulariter
2677 3721 2995 3794 operatur,
3032 3720 3093 3774 et
3124 3715 3231 3793 jus
3255 3711 3341 3774 illi

1781 3809 2193 3889 respondenS,
2240 3827 2381 3869 cum
2430 3827 2557 3868 non
2607 3808 2685 3868 sit
2734 3809 2819 3869 ita
2857 3813 3142 3868 exactum
3186 3807 3346 3868 sicut

1776 3905 1881 3982 jus
1915 3902 2169 3982 justitiae
2220 3901 2710 3974 commutativoe,
2766 3919 2880 3978 per
2932 3919 3001 3962 se
3036 3918 3163 3960 non
3208 3917 3343 3960 am-

1783 3998 1948 4077 plius
1968 3996 2264 4075 requirit3
2298 3994 2376 4056 de
2407 4012 2531 4072 quo
2560 3995 2715 4055 alias
2734 3995 2940 4056 latius.
2973 3997 3188 4074 Itaque
3205 3994 3343 4072 jus-

1783 4091 1914 4152 titia
1946 4090 2050 4151 illa
2091 4088 2299 4150 divina
2344 4087 2733 4150 distributiva
2769 4093 2865 4148 est
2913 4087 3339 4167 propr-issima,

1783 4190 1852 4244 ut
1878 4183 2058 4243 divus
2080 4182 2376 4257 ThomaS,
2406 4187 2467 4242 et
2494 4180 2599 4240 alii
2625 4179 2928 4260 Theologi
2953 4179 3341 4258 frequentius

1784 4277 2081 4337 sentiunt.

1863 4370 1963 4431 60.
2028 4367 2466 4446 Per-sectionem
2523 4365 2962 4430 commutaticoe
3021 4363 3345 4428 eminenter

1783 4463 1955 4525 habet
1978 4459 2240 4541 justitia
2247 4458 2631 4540 proemiativa
2659 4457 2885 4522 divina.
2908 4491 2989 4506 -
3016 4456 3342 4518 Rationem

1783 4561 1995 4615 autem
2052 4554 2508 4614 commutativae
2554 4552 2807 4630 justitiae
2856 4571 2985 4612 non
3032 4551 3221 4611 habet
3255 4549 3342 4610 ita

1781 4647 2127 4708 formaliter
2153 4652 2408 4726 propter
2437 4645 2749 4706 excellens
2776 4644 3143 4720 dominium,
3174 4641 3343 4722 quod

1785 4758 2037 4818 semper
2064 4741 2235 4800 Deus
2289 4738 2517 4799 retinet
2563 4738 2626 4799 in
2672 4755 3135 4817 quamcumque
3172 4755 3339 4810 rem,

1784 4831 2368 4913 quantumvisillam
2399 4849 2477 4892 ex
2497 4831 2737 4911 justitia
2774 4830 3037 4902 debeat;
3067 4829 3345 4891 eminen-

1785 4933 1882 4988 ter
1924 4933 2139 4986 tamen
2168 4924 2445 4986 continet
2487 4930 2681 4985 totam
2704 4923 3153 5003 perfectionem
3182 4922 3343 4982 illius

1779 5018 2055 5099 justitiae,
2087 5017 2233 5096 quia
2281 5017 2635 5096 proemium,
2665 5017 2834 5096 quod
2856 5017 3089 5104 reddit,
3133 5023 3199 5076 ut
3230 5016 3345 5076 mi-

1785 5113 2026 5174 nimum
2056 5129 2311 5190 semper
2346 5117 2441 5170 est
2469 5110 2709 5190 aequale
2743 5111 2989 5184 merito,
3022 5109 3210 5170 etiam
3247 5127 3347 5170 se·-

1785 5205 2063 5266 cundum
2114 5203 2581 5283 proportionem
2634 5203 2727 5265 rei
2766 5202 2847 5263 ad
2894 5219 3049 5264 rem.
3102 5203 3175 5262 Et
3226 5203 3345 5264 hoo

1787 5299 1975 5360 etiam
2023 5297 2215 5356 habet
2249 5296 2355 5356 illa
2387 5296 2627 5375 justitia
2665 5295 3059 5369 vindicativa‚
3110 5313 3232 5373 qua
3283 5301 3347 5356 et

1786 5391 1992 5453 reddit
2020 5389 2323 5469 supplicia
2364 5407 2477 5470 pro
2514 5389 2786 5467 peccatis
2825 5387 3172 5449 secundum
3202 5405 3348 5466 pro-

1787 5484 2142 5565 portionem
2188 5481 2279 5542 rei
2315 5483 2395 5544 ad
2420 5500 2577 5556 rem,
2610 5482 2677 5542 id
2702 5489 2815 5556 est,
2846 5499 3049 5561 poenae
3091 5480 3173 5543 ad
3222 5479 3349 5542 cul·

2947 5592 3027 5654 28
