3850 6225
662 413 798 467 CAP.
835 415 965 468 xllt.
1003 411 1420 498 vom-MATER
1455 413 1710 468 nummis
1740 413 1866 466 NON
1899 413 2483 476 PRAEDETERMINAM,
2520 417 2655 468 ETC.

115 533 212 600 lex,
239 541 343 586 nec
391 521 674 584 contenta
719 523 816 579 est
854 517 922 578 in
950 515 1276 578 voluntate
1331 515 1610 594 generali

116 617 344 686 salvandi
387 629 596 676 omnes
619 657 635 684 ,
683 627 892 690 neque
919 609 1173 690 speciali
1201 609 1418 690 aliquo
1442 609 1612 670 testi-

117 713 282 776 monio
319 705 546 770 ostendi
575 708 800 784 potest.

179 809 256 868 10.
299 803 517 877 Quarta
539 797 1026 862 ratim—Dicent
1049 796 1341 872 fortasse,
1365 797 1490 858 imo
1520 815 1618 858 es-

117 922 166 964 se
198 903 376 977 legem
413 899 663 964 certam,
711 890 884 972 quod
925 891 1004 962 ei,
1047 891 1312 970 quinon
1359 891 1612 962 resistit,

116 992 315 1058 dabitur
336 990 458 1048 haec
480 986 670 1046 motio
701 985 942 1046 efficax.
968 984 1094 1045 Sed
1118 983 1438 1064 interrogo
1467 983 1618 1063 quid

115 1090 172 1150 sit
201 1089 298 1145 hoc
329 1099 441 1142 m
478 1079 757 1142 resistere
797 1079 865 1138 in
909 1095 1008 1149 eo,
1039 1077 1213 1138 verbi
1257 1077 1478 1158 gratia,
1511 1077 1616 1156 qui

116 1178 431 1244 sufficienter
469 1178 725 1234 vocatur
769 1172 851 1233 ad
887 1171 1079 1232 fidem
1109 1173 1134 1231 7
1165 1173 1288 1231 Aut
1317 1171 1484 1231 enim
1525 1173 1620 1232 est

113 1272 322 1355 positive
347 1267 515 1346 sequi
541 1265 936 1328 vocationem
966 1266 1190 1343 ipsam,
1221 1270 1285 1325 et
1315 1264 1435 1324 hoc
1464 1263 1620 1324 nihil

115 1365 246 1431 aliud
273 1368 358 1424 est
381 1378 568 1440 quam
593 1358 754 1420 velle
783 1358 1072 1432 credere;
1105 1357 1276 1419 unde
1321 1357 1444 1418 hoc
1486 1357 1618 1418 non

113 1463 272 1542 potest
307 1473 434 1516 esse
467 1454 630 1514 ratio
668 1451 982 1524 motionis,
1017 1450 1132 1512 sed
1173 1450 1380 1530 potius
1408 1456 1502 1512 est
1531 1449 1622 1510 ef-

111 1558 265 1619 fectus
293 1551 436 1627 ejus.
469 1546 588 1607 Vel
617 1553 712 1608 est
741 1563 868 1606 non
902 1544 1271 1620 delinquere
1303 1551 1519 1606 contra
1549 1543 1625 1605 fi-

114 1653 250 1719 dem,
288 1650 384 1703 aut
427 1659 555 1701 non
603 1657 745 1700 0550
802 1638 1140 1714 rebellem,
1187 1642 1306 1700 etc.
1351 1639 1426 1700 Et
1465 1639 1620 1712 hoc,

115 1738 339 1822 quamvis
367 1733 700 1814 negatione
731 1731 1096 1811 explicetur,
1123 1751 1344 1794 revera
1369 1749 1498 1792 non
1529 1737 1624 1792 est

115 1833 240 1896 aliud
267 1846 438 1909 quam
467 1827 826 1888 consentire
856 1825 1168 1888 vocationi
1197 1844 1310 1906 per
1335 1825 1624 1886 volunta-

113 1937 204 1990 tem
238 1919 531 1993 credendi,
571 1921 722 1999 quia
753 1937 868 1998 per
904 1919 1078 1978 illam
1115 1919 1511 1980 vocationem
1538 1919 1622 1980 ad

115 2023 197 2081 hoc
217 2017 518 2077 inclinatur
543 2019 608 2074 et
635 2011 954 2073 inducitur
981 2011 1172 2072 homo
1212 2017 1282 2072 ut
1306 2011 1454 2072 velit
1481 2029 1622 2072 cre-

115 2115 246 2182 dere;
295 2127 434 2188 ergo
483 2125 620 2168 11011
667 2107 848 2167 aliter
892 2111 1098 2185 potest
1147 2124 1274 2166 non
1325 2105 1616 2167 resistere

115 2224 252 2286 quam
277 2200 714 2263 consentiendo
741 2205 805 2260 et
831 2199 1100 2260 volendo
1139 2198 1429 2272 credere,
1469 2217 1615 2258 nam

115 2301 204 2361 sive
219 2298 418 2356 habeat
443 2295 798 2374 oppositam
827 2293 1204 2354 contrariam
1228 2293 1615 2377 voluntatem

113 2395 184 2454 rel
199 2390 486 2470 judicium,
516 2388 652 2448 sive
679 2386 878 2448 solam
908 2385 1295 2447 voluntatem
1319 2384 1616 2447 credendi

115 2483 406 2564 suspendat,
438 2486 499 2542 et
526 2480 730 2541 libere
768 2480 874 2540 illa
917 2485 1154 2555 careat,
1185 2478 1496 2539 vocationi
1521 2496 1616 2539 re·

115 2579 242 2640 sistit.
275 2575 373 2636 Vel
413 2593 539 2635 non
581 2574 878 2634 resistere
922 2580 1018 2634 est
1056 2591 1186 2632 non
1225 2571 1616 2633 committere

113 2681 220 2732 tunc
239 2669 386 2728 aliud
411 2673 783 2746 peccatum3
831 2673 894 2728 et
920 2668 1062 2740 hoc,
1099 2668 1166 2725 ut
1196 2665 1343 2738 dixi,
1377 2671 1470 2726 est
1501 2665 1618 2724 im-

113 2764 400 2845 pertinens3
438 2767 574 2822 tum
615 2762 786 2839 quia,
825 2759 1068 2822 etiamsi
1092 2759 1264 2819 aliud
1287 2764 1612 2838 peccatum

113 2877 204 2918 non
225 2855 572 2922 committat,
607 2872 741 2914 non
767 2852 910 2914 ideo
937 2852 1144 2914 statim
1169 2851 1616 2912 determinabi-

113 2959 184 3012 tur
219 2949 542 3020 efficaciter,
596 2952 672 3008 ut
717 2946 864 3008 velit
907 2946 1202 3018 credere3
1250 2951 1386 3006 tum
1427 2945 1616 3007 etiam

113 3045 236 3123 quia,
255 3043 381 3103 licet
403 3047 550 3103 tunc
569 3041 656 3102 sit
683 3040 748 3100 in
772 3041 894 3102 alio
916 3045 1198 3121 peccate,
1230 3045 1293 3100 et
1319 3033 1615 3100 affectuni

113 3138 210 3216 ejus
233 3134 454 3206 habeat,
479 3134 896 3195 nihilominus
920 3138 1124 3213 potest
1143 3133 1302 3194 velle
1331 3132 1609 3205 credere3

114 3233 174 3291 sic
205 3230 344 3290 enim
387 3229 566 3289 multi
615 3234 1070 3290 convertuntur
1117 3227 1198 3288 ad
1241 3226 1462 3295 fidem,
1511 3227 1615 3305 qui

115 3342 204 3383 non
233 3322 414 3383 statim
433 3322 863 3401 justificantur
891 3325 952 3382 et
990 3328 1223 3381 statum
1252 3319 1492 3399 peccati
1522 3338 1618 3380 re-

115 3418 367 3495 IInquunt;
408 3422 540 3477 tum
587 3416 862 3493 denique
903 3414 1053 3493 quia
1088 3414 1208 3475 hoc
1253 3412 1461 3491 ipsum
1485 3432 1614 3473 non

115 3528 336 3589 peccare,
376 3509 423 3569 si
468 3508 806 3569 actualiter
853 3512 916 3569 et
956 3507 1154 3569 libere
1193 3504 1285 3579 fit,
1331 3507 1616 3583 quamvis

115 3603 417 3681 speculative
437 3603 688 3681 concipi
711 3602 908 3681 possit
921 3600 1062 3662 fieri
1080 3618 1195 3680 per
1213 3600 1614 3680 negationem

115 3704 260 3767 artuS,
301 3700 500 3757 tamen
541 3695 874 3756 moraliter
905 3740 922 3769 ,
971 3699 1034 3755 et
1087 3700 1274 3773 prout
1321 3694 1402 3755 de
1451 3693 1616 3754 facto

113 3798 394 3865 exercetur,
423 3808 553 3850 non
580 3789 659 3850 fit
685 3788 820 3849 sine
847 3786 1110 3867 positiva
1134 3787 1456 3848 voluntate
1485 3806 1614 3849 non

111 3884 374 3963 peccandi,
414 3902 554 3963 quae
583 3882 933 3963 procedere
975 3881 1236 3943 deberet
1261 3899 1340 3941 ex
1374 3880 1496 3942 alia
1522 3881 1616 3941 di-

111 3979 214 4036 vina
237 3977 900 4055 praedeterminatione.

172 4076 244 4132 11.
273 4073 459 4133 Potest
482 4070 565 4132 ad
595 4070 734 4132 haec
763 4069 976 4131 omnia
1015 4068 1407 4148 responderi,
1429 4069 1608 4148 juxta

116 4164 382 4240 quamdam
429 4164 680 4225 Hem-ici
727 4162 1118 4243 opinionem,
1169 4161 1456 4234 Quodlib.
1505 4164 1546 4223 4
1590 4207 1608 4237 ‚

115 4264 278 4335 quaest.
308 4258 398 4331 19,
423 4262 482 4319 et
509 4256 805 4329 Quodlib,
845 4257 906 4328 8,
945 4260 1164 4333 quaest.
1219 4256 1277 4327 5,
1307 4255 1472 4317 hanc
1501 4272 1612 4315 ne-

115 4351 362 4426 gationem
382 4356 656 4412 nontam
690 4350 752 4409 111
783 4347 1040 4409 instanti
1057 4349 1381 4427 temporis,
1415 4366 1607 4427 quarn

113 4442 156 4499 in
187 4443 342 4521 priori
373 4448 610 4503 naturae
643 4460 784 4503 esse
824 4441 1342 4503 considerandam
1371 4460 1385 4501 :
1429 4460 1602 4515 nam,

114 4537 306 4611 quando
329 4536 486 4596 Deus
506 4536 814 4615 praevenit
849 4541 912 4595 et
936 4535 1162 4595 excitat
1187 4535 1600 4609 voluntatem,

113 4632 268 4704 potest
289 4628 657 4690 considerari
669 4628 956 4688 voluntas
972 4628 1147 4707 prius
1171 4633 1393 4688 natura
1415 4644 1606 4706 quam

115 4721 393 4781 consentiat
419 4740 435 4791 ;
487 4722 538 4781 si
572 4738 726 4800 ergo
765 4720 972 4780 statim
1002 4720 1311 4791 renititur,
1343 4718 1413 4779 fit
1443 4720 1609 4779 inca-

117 4826 206 4887 pax
244 4813 482 4873 efficacis
535 4812 754 4873 auxilii
803 4818 868 4872 et
916 4811 1454 4873 determinationis
1483 4832 1498 4883 ;
1557 4812 1607 4873 51

120 4910 274 4963 autem
305 4925 422 4965 non
465 4906 780 4978 renititur,
821 4903 932 4965 sed
969 4905 1258 4984 negative
1302 4922 1376 4989 ’se
1418 4905 1610 4967 habet

121 4996 278 5074 (quod
309 5017 378 5060 ex
403 5018 470 5060 se
513 5002 788 5079 potest),
831 4998 1052 5077 recipit
1096 4998 1458 5077 proedictam
1504 4999 1611 5060 de-

121 5091 568 5154 terminationem.
631 5092 756 5155 Sed
804 5092 941 5153 haec
997 5091 1248 5153 Henrici
1299 5093 1611 5154 sententia

118 5198 274 5262 neque
307 5186 377 5245 ab
409 5188 502 5247 his
545 5186 908 5248 auctoribus
941 5185 1240 5265 recipitur
1281 5204 1424 5247 cum
1477 5186 1614 5265 qui-

117 5274 206 5336 bus
228 5277 608 5357 disputamus„
639 5296 847 5359 neque
877 5286 972 5341 est
993 5284 1417 5341 consentanea
1442 5298 1610 5341 sanae

119 5367 356 5431 doctrinae
383 5372 458 5432 de
499 5372 1044 5452 praedestinatione
1085 5377 1148 5434 et
1175 5372 1412 5451 gratim
1462 5374 1610 5451 quia

121 5459 310 5524 initium
343 5465 520 5527 totius
545 5466 1110 5545 praedestinationis
1139 5470 1204 5527 et
1230 5466 1445 5527 salutis
1465 5484 1612 5527 nos-

123 5560 204 5615 trae
225 5565 448 5622 revocat
470 5562 532 5623 in
565 5562 906 5644 quemdam
937 5578 1124 5624 usum
1152 5560 1514 5643 negativum
1541 5562 1610 5622 li-

3146 409 3267 472 213

1692 517 1828 579 beri
1861 517 2123 590 arbitrii,
2154 533 2344 596 quem
2393 535 2468 578 ex
2513 534 2579 577 50
2626 521 2691 576 et
2730 516 2865 578 sine
2906 518 3039 576 Deo
3084 515 3229 594 adju

1694 618 1882 673 vante
1926 612 2029 673 vel
2059 616 2471 673 concurrente
2517 611 2750 672 hahere
2794 615 3039 688 potest;
3096 610 3265 672 unde

1696 710 1914 767 contra
1962 706 2135 766 illam
2191 705 2327 766 fieri
2378 709 2642 786 possunt
2696 704 2893 764 multa
2946 723 3025 766 cx
3080 721 3267 782 argu-

1699 799 1927 859 mentis
1954 798 2151 859 factiS.
2190 799 2317 860 Nec
2354 799 2557 876 magis
2601 803 2805 878 potest
2840 799 2978 858 haec
3010 797 3266 876 negatio

1697 890 1961 972 intelligi
2000 893 2119 952 1100
2158 891 2347 953 modo
2380 891 2686 970 explicata
2724 909 2915 970 quam
2964 890 3261 969 reliquis;

1698 1003 1849 1046 nam
1895 986 2101 1047 omnis
2151 986 2441 1046 voluntas
2472 983 2734 1046 excitata
2788 1003 2825 1044 a
2872 984 3080 1045 divina
3130 1001 3271 1064 gra·

1700 1077 1786 1140 tia
1807 1125 1828 1156 ,
1886 1079 2063 1159 prius
2107 1077 2341 1141 natura
2391 1097 2581 1158 quam
2630 1077 2999 1150 consentiat,
3044 1076 3273 1156 praein-

1703 1171 2005 1252 telligitur
2059 1172 2177 1233 sub
2236 1172 2355 1234 hac
2404 1171 2739 1254 negatione
2758 1193 2775 1247 3
2808 1171 2941 1232 haec
2971 1187 3121 1250 ergo
3144 1168 3273 1230 dis-

1703 1268 1929 1344 positio
1964 1285 2079 1346 pro
2110 1265 2215 1328 illo
2260 1266 2451 1348 priori
2503 1285 2685 1346 aeque
2730 1271 2826 1328 est
2868 1266 2933 1326 in
2980 1263 3272 1325 omnihus

1703 1359 2085 1421 hominihus.
2112 1360 2375 1430 Rursus,
2402 1358 2655 1440 quando
2684 1360 2750 1420 in
2784 1355 3059 1420 secundo
3090 1354 3270 1435 signo

1704 1461 1948 1516 naturae
2000 1453 2289 1516 voluntas
2317 1453 2443 1516 exit
2489 1454 2552 1515 in
2610 1461 2841 1528 actum,
2893 1451 3272 1532 quicumque

1702 1548 1809 1611 ille
1852 1549 1951 1622 sit,
2001 1547 2084 1608 ad
2136 1547 2311 1608 illum
2362 1547 2945 1628 praedeterminamr
2992 1563 3031 1606 a
3086 1545 3267 1615 Deo;

1707 1659 1882 1722 ergo,
1915 1640 2088 1720 quod
2133 1641 2335 1721 magis
2371 1640 2821 1702 determinetur
2871 1638 2987 1700 ad'
3008 1655 3273 1700 consen-

1707 1734 1990 1796 tiendum
2018 1751 2210 1813 quam
2236 1734 2659 1808 renitendum,
2684 1751 2811 1794 non
2840 1736 2935 1793 est
2962 1750 3039 1793 ex
3064 1730 3271 1810 dispo-

1705 1825 1929 1888 sitione
1970 1826 2262 1906 negativa
2310 1825 2666 1902 voluntatiS,
2710 1842 2847 1904 quae
2896 1824 3155 1902 aequalis
3204 1823 3271 1884 in

1701 1927 1971 2000 utraque
2020 1921 2341 1983 voluntate
2392 1925 2544 1982 erat.
2580 1921 2706 1981 Nec
2753 1922 2959 1999 potest
3010 1937 3271 1998 respon-

1701 2013 1861 2084 deri,
1905 2021 2371 2094 consequenter
2410 2012 2727 2093 loquendo
2758 2013 2823 2072 in
2866 2014 2987 2074 1130
3017 2017 3272 2074 senten-

1698 2107 1806 2178 tia,
1847 2107 2233 2168 voluntatem
2268 2105 2805 2187 praedeterminari
2852 2106 2934 2167 ad
2963 2103 3269 2185 quosdam

1702 2205 1878 2261 actus
1907 2219 1945 2260 a
1976 2200 2185 2262 divina
2224 2200 2572 2274 voluntate,
2613 2203 2673 2260 et
2704 2216 2834 2261 non
2878 2199 2959 2260 ad
2984 2199 3163 2272 alios,
3199 2200 3271 2259 ut

1691 2291 1825 2370 jam
1844 2293 2112 2367 ostendi,
2140 2297 2205 2354 et
2231 2293 2393 2353 infra
2420 2292 2649 2354 iterum
2678 2291 2907 2353 dicam.
2948 2293 3025 2354 Et
3043 2308 3271 2370 quam-

1698 2386 1791 2446 vis
1821 2385 1885 2445 id
1926 2386 2120 2464 gratis
2156 2385 2403 2460 demuS,
2440 2384 2647 2446 adhuc
2679 2403 2808 2446 non
2836 2390 3041 2465 potest
3086 2383 3270 2445 intel-

1696 2477 1802 2560 ligi
1838 2480 2010 2559 quod
2056 2479 2377 2559 dispositio
2408 2479 2513 2540 illa
2554 2479 2847 2560 negativa
2892 2477 3111 2540 ordine
3154 2495 3269 2538 na-

1695 2578 1852 2636 turae
1907 2572 2237 2634 antecedat
2291 2572 2565 2635 divinam
2615 2572 3199 2633 determinationem
3246 2573 3269 2641 ,“

1699 2667 1868 2747 quia,
1892 2665 2038 2727 licet
2078 2665 2142 2726 in
2181 2665 2405 2727 ecdem
2433 2665 2685 2726 instanti
2714 2665 3015 2745 temporis
3054 2662 3269 2726 distin·

1697 2777 1965 2839 guamus
1992 2758 2119 2820 duo
2158 2759 2337 2838 signa
2354 2767 2615 2826 naturae,
2646 2777 2845 2819 unum
2872 2758 3044 2837 prius
3078 2765 3268 2837 quam

1694 2853 1987 2914 voluntas
2012 2853 2188 2929 velit,
2220 2853 2391 2914 aliud
2429 2855 2496 2913 in
2537 2870 2661 2931 quo
2684 2852 2818 2931 jam
2850 2853 3267 2914 determinata

1697 2951 1793 3008 est
1835 2954 1898 3008 et
1924 2947 2078 3022 vult,
2118 2954 2331 3010 tamen
2359 2948 2525 3008 inter
2565 2947 2699 3008 haec
2740 2947 2865 3009 duo
2912 2947 3092 3026 signa
3144 2963 3271 3007 non

1696 3058 2035 3121 possumus
2072 3041 2314 3121 fingere
2343 3042 2445 3104 vel
2487 3042 2843 3121 excogitare
2878 3041 3131 3103 tertium
3188 3041 3262 3102 si·

1699 3153 1896 3213 gnum
1923 3135 2229 3210 medium,
2266 3136 2329 3196 in
2361 3153 2486 3215 quo
2512 3135 2589 3197 sit
2614 3136 2719 3197 illa
2756 3133 3043 3215 specialis
3080 3154 3270 3215 nega-

1699 3228 1786 3289 tio
1815 3228 2183 3291 voluntariae
2212 3228 2607 3301 resistentiae,
2635 3246 2761 3307 qua
2790 3228 3015 3307 posita,
3046 3228 3268 3290 dicitur

1700 3322 1870 3382 Deus
1920 3322 2203 3401 proebere
2257 3323 2422 3384 113110
2492 3322 2807 3382 efficacem
2868 3320 3263 3393 motionem:

1699 3416 1845 3495 quia
1873 3415 2189 3488 voluntaS,
2212 3420 2594 3493 praesentato
2624 3414 2891 3491 objectu,
2923 3414 3068 3475 licet
3094 3415 3267 3495 prius

1699 3516 1922 3569 natura
1967 3508 2349 3585 intelligatur
2390 3514 2534 3588 apta
2591 3509 2673 3569 ad
2709 3507 3045 3569 volendum
3084 3512 3146 3569 et
3176 3507 3267 3568 in-

1698 3602 2016 3675 differenS,
2043 3600 2249 3661 statim
2264 3601 2417 3675 vult,
2449 3607 2559 3663 aut
2576 3615 2708 3663 non
2736 3600 2865 3662 vult
2892 3601 3064 3661 illud.
3088 3601 3265 3673 Quod

1699 3694 1750 3755 si
1779 3694 1931 3763 vult,
1956 3694 2091 3772 jam
2122 3693 2315 3754 habet
2349 3700 2558 3755 actum
2584 3714 2600 3767 3
2630 3695 2682 3754 si
2711 3700 2921 3755 autem
2963 3714 3093 3755 non
3133 3693 3273 3755 vult

1697 3787 2037 3849 deliberate
2090 3806 2203 3847 seu
2268 3786 2463 3848 libere
2496 3833 2512 3861 ,
2562 3788 2882 3848 moraliter
2948 3787 3263 3867 loquendo

1698 3882 1887 3943 etiam
1905 3880 2099 3942 hahet
2112 3886 2345 3953 actum,
2361 3899 2487 3961 quo
2507 3882 2746 3962 respuit
2768 3881 2893 3945 tale
2918 3882 3259 3962 objectum;

1698 3981 1761 4037 et
1788 3976 1840 4038 si
1869 3976 2299 4055 metaphysice
2325 3976 2642 4055 fingamus
2671 3995 2797 4037 non
2826 3976 2986 4038 velle
3015 3995 3129 4056 per
3160 3994 3257 4037 so·

1693 4070 1818 4130 lam
1864 4070 2343 4147 suspensionem
2402 4074 2580 4131 actus
2622 4070 2921 4131 indirecte
2971 4070 3259 4131 volunta-'-

1691 4163 1849 4224 riam
1877 4169 1940 4224 et
1966 4162 2251 4237 liberam,
2280 4164 2415 4241 jam
2462 4182 2590 4225 non
2625 4170 2830 4243 potest
2874 4182 2987 4243 pro
3026 4162 3249 4223 eodem

1691 4256 1943 4316 instanti
1987 4256 2221 4317 habere
2262 4262 2513 4329 actum3
2568 4276 2717 4335 ergo
2742 4256 3122 4336 impossibile
3162 4262 3261 4317 est

1689 4348 1927 4426 fingere
1960 4348 2130 4408 aliud
2158 4348 2407 4428 signum
2438 4348 2740 4410 medium.
2766 4350 2942 4411 Dices
2970 4350 3091 4411 hoc
3116 4367 3255 4411 esse

1687 4460 1906 4503 verum
1925 4448 2215 4522 respectu
2242 4442 2525 4522 ejusdem
2546 4449 2744 4516 actuS,
2763 4449 2977 4504 tamen
3010 4462 3257 4522 respec-

1685 4540 1756 4597 tu
1791 4535 2182 4597 diversorum
2220 4536 2621 4616 negationem
2666 4537 2853 4597 unius
2892 4556 3077 4615 posse
3124 4556 3261 4597 esse

1693 4629 2171 4709 dispositionem
2196 4629 2279 4690 ad
2304 4630 2493 4689 alium
2518 4648 2534 4701 3
2586 4636 2658 4691 ut
2684 4630 2747 4689 in
2772 4630 3013 4709 vulgari
3048 4648 3258 4691 exem-

1691 4722 1819 4801 plO,
1853 4740 1998 4783 cum
2028 4722 2154 4783 duo
2195 4722 2541 4783 excitantur
2575 4722 2655 4783 ad
2689 4722 2901 4795 fidem,
2946 4742 3108 4783 unus
3146 4741 3260 4803 po·
3378 4793 3389 4801 ,

1692 4818 1812 4877 test
1848 4815 2111 4895 positive
2166 4816 2455 4877 resistere
2506 4815 2803 4888 nolendo,
2841 4815 2999 4877 311115
3054 4823 3258 4896 potest

1691 4910 2079 4989 suspendere
2108 4910 2515 4982 nolitionem;
2551 4916 2614 4971 et
2638 4911 2757 4973 hac
2786 4912 3027 4972 ratione
3057 4918 3264 4992 potest

1698 5003 1760 5062 in
1801 5003 2025 5063 eodem
2061 5004 2313 5065 instanti
2342 5022 2379 5064 a
2406 5004 2538 5065 Deo
2573 5006 2808 5066 moveri
2837 5013 2907 5066 ut
2936 5006 3083 5067 velit
3130 5026 3265 5067 cre-

1697 5096 1868 5156 dere.
1917 5096 2041 5158 Sed
2090 5103 2257 5157 certe
2288 5143 2303 5168 ,
2336 5097 2387 5157 si
2427 5096 2531 5157 illa
2573 5098 2899 5176 suspensio
2949 5099 3263 5159 nolitionis

1695 5188 1812 5249 fuit
1853 5188 2203 5250 voluntaria
2234 5195 2296 5250 et
2327 5190 2627 5265 humana,
2658 5192 2761 5252 vix
2792 5191 3031 5270 concipi
3060 5198 3261 5269 potest
3378 5240 3381 5245 .

1699 5282 1833 5343 sine
1889 5282 2153 5362 positiva
2200 5282 2521 5344 voluntate
2576 5302 2703 5345 non
2750 5283 3071 5363 judicandi
3127 5302 3265 5345 esse

1689 5375 1918 5437 falsum
1950 5374 2119 5455 quod
2143 5376 2511 5455 proponitur
2537 5395 2551 5447 ;
2588 5376 2697 5437 sed
2729 5378 2857 5438 sive
2896 5377 3029 5438 haec
3051 5376 3263 5437 volitio

1692 5468 1770 5529 sit
1795 5468 2099 5543 formalis,
2130 5469 2259 5529 sive
2288 5468 2568 5530 virtualis
2596 5474 2861 5541 tantum,
2893 5486 3125 5531 vanum
3168 5474 3265 5530 est

1666 5562 2075 5634 '‘existimare,
2124 5562 2245 5623 hoc
2270 5560 2407 5640 ipso
2438 5563 2610 5643 quod
2637 5563 2827 5625 homo
2870 5562 3061 5624 habet
3087 5562 3259 5623 illam
