3850 6225
482 398 602 460 252

481 499 744 579 alicujus
773 499 1098 574 momenti,
1129 497 1231 560 cui
1258 498 1323 559 in
1352 499 1554 578 primo
1586 504 1648 558 et
1672 497 1952 559 secundo
1977 497 2050 556 li-

480 593 596 653 bro
615 593 1002 653 satisfactum
1017 610 1146 652 non
1169 592 1268 653 sit.
1289 591 1672 654 Testimonia
1691 596 1906 653 autem
1936 591 2053 652 Pa-

481 692 671 756 trum‚
697 686 1044 764 praesertim
1067 685 1446 760 Graecorum,
1477 685 1704 765 quibus
1733 683 2051 746 interdum

482 779 858 858 generaliter
887 777 1242 858 significant
1268 778 1513 840 nullum
1543 785 1752 840 actum
1781 777 2051 838 liberum

481 872 880 952 praedefiniri‚
922 871 1330 952 intelligenda
1356 879 1524 949 sunt,
1567 873 1670 934 vel
1696 871 1774 933 de
1807 871 2052 951 praede-

480 965 762 1027 finitione
815 971 1180 1026 transeunte
1213 1011 1230 1040 ,
1285 985 1398 1028 seu
1458 963 2050 1046 praedeterminante

483 1059 741 1138 physice
779 1059 1166 1121 voluntatem
1197 1065 1472 1120 creatam
1493 1104 1509 1133 ,
1545 1060 1646 1120 vel
1671 1057 1758 1136 (et
1785 1058 1850 1118 in
1880 1057 2051 1118 idem

484 1152 618 1214 fere
639 1151 824 1231 redit)
851 1151 930 1212 de
957 1151 1472 1229 praedefinitione,
1499 1169 1639 1231 quae
1657 1151 1902 1212 nullum
1923 1168 2052 1211 res-

485 1251 735 1325 pectum
763 1245 995 1306 habeat
1017 1245 1100 1306 ad
1123 1244 1576 1324 praescientiam
1603 1245 1817 1306 liberae
1844 1243 2053 1306 deter-

483 1337 846 1399 minationis
885 1338 1154 1417 propriae
1191 1338 1386 1417 ipsius
1419 1337 1753 1400 voluntatis
1786 1343 2009 1399 creatoe
2032 1381 2047 1410 ,

483 1448 690 1510 neque
717 1430 1089 1502 absolutam,
1131 1449 1340 1510 neque
1369 1431 1883 1492 conditionatum.

564 1525 625 1586 6.
672 1523 820 1588 Non
841 1528 934 1586 eat
955 1525 1023 1586 de
1051 1524 1170 1600 fide
1190 1523 1383 1588 Deum
1403 1525 1782 1606 praedefinire
1808 1523 2054 1604 proprie

483 1635 682 1681 omma
711 1622 886 1680 actus
919 1618 1418 1699 supernaturales
1441 1617 1510 1678 in
1529 1616 1931 1698 particulari.
1973 1648 2056 1664 —

479 1713 778 1791 Superest
804 1710 1024 1771 ultimo
1051 1709 1393 1771 dicendum
1427 1709 1579 1791 quid
1609 1710 1688 1770 de
1714 1709 1878 1770 facto
1909 1727 2055 1769 sen-

483 1806 765 1867 tiendum
809 1805 924 1879 sit3
975 1821 1124 1864 nam
1173 1804 1428 1884 quidam
1475 1803 1779 1883 Theologi
1807 1803 1896 1864 ita
1932 1803 2054 1863 hoc

487 1903 894 1978 exaggerant,
943 1902 1016 1958 ut
1047 1897 1261 1960 dicant
1307 1915 1444 1959 esse
1491 1896 1570 1958 de
1609 1897 1734 1958 fide
1786 1902 2050 1968 certum,

479 1994 680 2055 Deum
711 1991 1160 2072 praedefiniisse
1185 2009 1404 2052 omnes
1441 1997 1618 2052 actus
1669 1995 2051 2069 supernatu-

483 2087 650 2148 rales
680 2087 744 2146 in
773 2085 1154 2166 particulari,
1197 2093 1257 2147 et
1291 2104 1432 2146 cum
1464 2085 1754 2146 omnibus
1787 2085 2056 2144 circum-

483 2181 746 2242 stantiis.
799 2179 922 2242 Sed
967 2179 1212 2240 nullum
1257 2179 1529 2240 afferunt
1571 2177 2053 2238 fundamentum

481 2274 648 2336 illius
675 2291 954 2335 censurae
983 2291 1096 2334 seu
1130 2272 1540 2345 certitudinis,
1571 2289 1719 2332 nam
1743 2271 1810 2331 in
1839 2270 2055 2332 Conci-

482 2368 582 2429 liis
613 2368 766 2428 nihil
793 2367 871 2428 de
913 2367 1034 2426 hac
1066 2385 1134 2427 re
1167 2372 1258 2427 est
1286 2364 1632 2426 definitum.
1668 2366 1738 2426 In
1769 2364 2055 2426 Patribus

483 2479 586 2522 res
616 2466 711 2522 est
737 2461 962 2533 dubia;
993 2477 1144 2521 nam
1167 2459 1348 2520 multi
1376 2465 1519 2518 sunt
1539 2459 1644 2537 qui
1669 2459 1890 2518 saltem
1916 2476 2056 2518 ver-

483 2555 709 2616 borum
739 2554 946 2634 specie
996 2555 1116 2614 hoc
1161 2569 1397 2630 negare
1425 2553 1796 2625 videantur3
1843 2553 2055 2612 nullus

486 2655 732 2722 autem,
779 2653 888 2710 aut
941 2649 1070 2709 fere
1119 2647 1330 2709 nullus
1376 2653 1472 2708 est
1506 2647 1722 2726 quide
1764 2646 2056 2708 omnibus

485 2743 726 2804 actibus
785 2741 1367 2820 supernaturalibus
1421 2740 1486 2801 id
1545 2741 1832 2800 affirmet.
1896 2741 2059 2802 Dicit

485 2835 740 2915 quidem
765 2837 888 2896 Leo
921 2837 1024 2909 IX,
1074 2837 1251 2914 epist.
1287 2835 1370 2896 ad
1421 2836 1672 2896 Petrum
1724 2833 2057 2896 Antioche-

484 2947 660 3002 num,
694 2930 887 2992 Deum
905 2931 1348 3012 praefestinare
1373 2929 1545 3003 bona,
1577 2945 1696 2988 non
1726 2927 1919 3000 mala,
1942 2927 2057 2987 sed

483 3041 602 3084 nec
642 3021 789 3082 dicit
817 3021 1264 3101 praedestinare
1297 3021 1508 3082 omnia
1537 3021 1728 3086 bona.
1755 3038 1874 3080 nec
1904 3019 2053 3081 dicit

483 3116 1095 3197 praedestinationem
1121 3116 1294 3176 illam
1321 3114 1696 3176 antecedere
1722 3114 2054 3193 praescien-

483 3210 659 3284 tiam,
689 3228 814 3289 quo
865 3215 1106 3270 tantum
1147 3209 1334 3269 modo
1377 3227 1548 3270 nunc
1596 3207 1674 3270 de
1719 3208 1822 3268 illa
1849 3208 2056 3286 loqui-

483 3322 648 3377 mur,
682 3309 744 3365 et
775 3302 1340 3383 praedefinitionem
1390 3302 1802 3381 appellamuS,
1851 3307 1918 3362 ut
1954 3318 2055 3361 ex·

483 3397 829 3477 posuimus,
863 3396 965 3459 Sic
991 3398 1064 3457 D.
1092 3396 1447 3472 AnselmuS,
1473 3396 1580 3455 lib.
1612 3396 1690 3456 de
1720 3395 2050 3467 Concord.,

485 3509 624 3569 cap.
671 3492 731 3564 2,
782 3488 1403 3570 praedestinationem
1448 3489 1628 3549 liberi
1677 3492 1854 3549 actus
1906 3488 2055 3549 dicit

483 3602 614 3644 non
634 3600 990 3663 repugnare
1015 3582 1284 3644 libertati
1301 3584 1356 3662 ej
1365 3601 1467 3655 us;
1493 3586 1704 3644 tamen
1725 3580 2055 3643 manifeste

487 3675 814 3755 subjungit
865 3676 1475 3755 praedestinationem
1529 3674 1961 3753 praescientiae,
1994 3680 2057 3733 et

487 3786 602 3847 per
628 3770 792 3829 hanc
823 3769 993 3828 illam
1022 3787 1168 3830 cum
1197 3770 1481 3830 libertate
1513 3768 1836 3829 conciliat:
1863 3768 2058 3829 Dubi-

487 3862 616 3926 tari
649 3863 896 3941 (inquit)
921 3880 1040 3923 non
1069 3862 1250 3935 debet,
1277 3864 1420 3943 quia
1439 3862 1571 3942 ejas
1597 3859 2056 3942 proedestinatio

487 3962 544 4019 ec
571 3958 960 4037 proesoientia
1007 3974 1125 4017 non
1174 3957 1543 4032 discordant,
1583 3958 1690 4018 sed
1711 3954 1871 4017 sicut
1892 3972 2056 4035 prce-

486 4052 628 4125 soit‚
665 4049 757 4113 ita
785 4066 1008 4131 quoque
1029 4050 1434 4130 praedestinat
1445 4074 1469 4121 ‚·
1502 4048 1668 4109 unde
1699 4047 1872 4109 addit
1901 4046 2059 4106 infe-

485 4144 656 4203 rius:
695 4143 985 4219 Quamvis
1015 4160 1249 4206 necesse
1273 4144 1361 4206 sit
1379 4144 1520 4223 fieri
1562 4160 1695 4223 quoe
1715 4142 2059 4223 pra-sciun-

487 4242 594 4298 tur
645 4245 704 4301 et
757 4256 889 4319 quoe
933 4237 1477 4318 proedestinanwr,
1531 4236 1804 4317 querelam
1859 4238 2059 4295 tamen

482 4330 778 4412 proesoita
804 4334 861 4392 et
885 4326 1320 4411 proedestinata
1341 4344 1458 4390 non
1483 4328 1759 4392 eveniant
1779 4344 1850 4389 ea
1865 4343 2059 4389 ncces-

486 4424 692 4498 sitate,
721 4439 854 4503 qwoe
889 4422 1180 4505 proecedit
1205 4438 1332 4483 rem
1371 4427 1430 4485 et
1469 4418 1650 4495 facit,
1679 4422 1788 4482 sed
1816 4437 1885 4481 ea
1919 4438 2056 4499 quoe

486 4532 613 4577 rem
641 4516 934 4594 sequitur,
969 4520 1039 4577 ut
1074 4515 1362 4577 diotimus.
1408 4513 1554 4577 Non
1579 4514 1735 4575 enim
1767 4530 1836 4575 ea
1865 4512 2054 4586 Dm,

488 4607 761 4689 quamvis
789 4606 1216 4687 praedestinat,
1247 4606 1419 4681 facit,
1451 4606 1818 4669 voluntatem
1848 4622 2055 4685 coysn-

487 4704 582 4773 do,
613 4704 722 4764 aut
769 4700 1073 4763 voluntati
1119 4701 1473 4777 resistendo,
1503 4700 1611 4763 sed
1651 4700 1720 4762 in
1760 4716 1876 4761 sua
1925 4713 2056 4759 eam

435 4836 448 4851 .
481 4799 780 4877 potestate
807 4792 1154 4859 dimittendo
1165 4820 1192 4868 ,·
1237 4795 1514 4875 quamvis
1557 4800 1758 4856 tamen
1804 4810 1918 4855 sua
1956 4808 2057 4852 vo-

487 4888 698 4949 lautas
721 4892 936 4949 utatur
958 4892 1274 4969 potestate,
1301 4887 1458 4949 nihil
1487 4892 1687 4950 tamn
1707 4886 1878 4961 facit,
1901 4884 2065 4965 qaod

491 4982 656 5043 Deus
707 4996 828 5040 non
877 4980 1028 5059 facit
1069 4979 1137 5041 in
1191 4980 1356 5043 bonis
1405 4997 1520 5041 swa
1569 4979 1822 5059 qratia,-
1879 4976 2053 5038 unde

487 5077 732 5133 constat
773 5072 945 5151 loqui
983 5072 1171 5132 etiam
1217 5072 1295 5132 de
1343 5070 1924 5149 supernaturalibus
1956 5087 2055 5129 ac-

485 5166 674 5227 tibus.
707 5166 796 5225 Ac
823 5164 1076 5227 tandem
1119 5164 1464 5226 concludit:
1506 5162 1686 5227 Sicut
1725 5164 2057 5245 praescien-

487 5261 600 5333 tia,
639 5277 773 5341 qna·
799 5274 916 5319 non
943 5259 1216 5341 fallitur,
1253 5274 1372 5347 nan
1386 5258 1640 5339 proescit
1669 5256 1793 5319 nisi
1819 5274 2050 5328 cmm,

486 5353 596 5416 sed
636 5352 756 5415 erit
796 5357 904 5414 aut
941 5352 1346 5415 necessarium
1385 5356 1493 5414 aut
1517 5356 1933 5430 spontaneum,
1964 5350 2059 5413 ita

483 5444 965 5525 pradestinatio,
995 5461 1130 5525 quoe
1157 5462 1278 5505 non
1305 5446 1607 5517 mutatur,
1642 5458 1762 5502 non
1792 5442 2059 5519 pra-dos·-

489 5538 674 5611 linat,
703 5536 831 5597 nisi
855 5538 1017 5601 sicut
1039 5540 1130 5601 est
1157 5537 1226 5599 in
1251 5534 1656 5617 pra-scientia.
1677 5533 1854 5607 Quod
1879 5534 2060 5612 juxta

1323 401 1532 454 OPUSC.
1569 401 1608 460 l,
1647 401 1760 452 Lm.
1797 399 1881 452 lll.
1917 400 1999 453 DE
2029 400 2303 453 Auxluls
2338 399 2567 453 nwlNAE
2600 397 2863 452 cuum.

2128 505 2411 560 nostram
2458 497 2835 558 sententiam
2884 503 3053 560 recte
3096 504 3311 578 posset
3354 501 3578 579 exponi
3604 499 3675 561 de

2128 589 2523 670 praescientia
2584 589 3042 664 conditionata;
3100 598 3313 653 tamen
3364 593 3429 652 in
3485 593 3675 674 rigore

2132 685 2415 746 convinci
2446 702 2575 746 non
2602 689 2808 763 potest
2836 684 3001 745 hanc
3025 684 3223 746 fuisse
3254 692 3525 746 mentem
3566 690 3679 747 An-

2134 778 2347 851 selmi;
2376 777 2489 840 sed
2520 783 2733 857 posset
2760 777 2985 858 aliquis
3015 779 3195 839 illum
3226 777 3568 858 intelligere
3608 781 3675 842 de

2130 873 2524 953 praescientia
2555 872 2865 944 absoluta,
2893 879 2965 933 ut
3002 873 3269 933 verbum
3295 874 3677 951 praescientia

2129 967 2195 1028 in
2223 968 2429 1046 rigore
2466 972 2788 1044 sumptum
2834 965 3086 1027 indicat.
3136 966 3424 1044 Denique
3462 967 3529 1026 D.
3572 971 3677 1027 Au-

2132 1061 2419 1141 gustinus
2456 1066 2519 1122 et
2544 1059 2647 1121 alii
2678 1061 2915 1136 Patres,
2946 1061 3013 1120 in
3042 1059 3273 1139 quibus
3302 1061 3556 1138 reperiri
3580 1081 3677 1140 po-

2132 1159 2255 1215 test
2282 1154 2539 1233 aliquod
2569 1154 2759 1232 hujus
2788 1151 3303 1233 praedefinitionis
3326 1153 3679 1216 fundamen-

2130 1251 2289 1321 tum,
2314 1265 2523 1326 neque
2551 1247 2703 1308 satis
2730 1253 2947 1326 aperte
2974 1247 3233 1308 modum
3262 1247 3405 1326 ejus
3424 1247 3678 1309 declara-

2132 1345 2301 1414 runt,
2333 1340 2658 1419 multoque
2706 1342 2917 1402 minus
2956 1339 3248 1402 dixerunt
3298 1340 3365 1400 in
3412 1340 3678 1400 omnihus

2134 1433 2719 1514 supernaturalibus
2778 1434 3023 1496 actibus
3052 1479 3068 1508 ,
3127 1432 3225 1494 vel
3280 1435 3679 1494 necessariam

2136 1547 2297 1601 esse,
2327 1527 2427 1588 vel
2466 1526 2545 1588 de
2590 1527 2755 1589 facto
2788 1526 3051 1606 reperiri
3080 1525 3441 1606 hujusmodi
3470 1527 3679 1606 praede-

2136 1621 2505 1682 finitionem.

2220 1717 2279 1776 7.
2323 1717 2529 1794 Atque
2560 1713 2707 1774 hinc
2756 1719 3045 1777 constare
3082 1715 3271 1776 etiam
3300 1717 3507 1794 potest
3528 1714 3679 1775 illam

2134 1807 2286 1870 fidei
2338 1808 2812 1880 certitudinem,
2865 1825 3061 1888 quam
3106 1807 3195 1868 illi
3242 1807 3539 1887 Theologi
3584 1809 3677 1868 tali

2136 1903 2460 1966 sententiae
2504 1901 2853 1964 attribuunt
2876 1949 2891 1976 ,
2940 1921 3069 1964 non
3114 1921 3301 1982 posse
3358 1920 3432 1963 ex
3480 1903 3676 1962 divinis

2136 1998 2469 2077 Scripturis
2512 1997 2696 2068 sumi,
2728 2015 2873 2058 cum
2910 1997 3107 2058 sancti
3138 1997 3377 2068 Patres,
3404 2013 3513 2075 per
3538 2013 3675 2074 quos

2133 2091 2301 2152 Deus
2324 2089 2509 2152 ‘nobis
2552 2091 2901 2170 Scripturas
2930 2091 3233 2162 declarat,
3266 2106 3410 2150 eam
3444 2089 3525 2150 ibi
3562 2107 3671 2149 non

2134 2185 2508 2246 invenerint.
2574 2185 2700 2244 Nec
2746 2184 3104 2246 testimonia
3154 2202 3295 2262 quae
3342 2183 3675 2260 frequenter

2134 2276 2343 2338 afferri
2366 2277 2590 2349 solent,
2608 2276 2780 2338 illam
2805 2276 3144 2337 ostendunt
3172 2295 3187 2336 ε
3218 2275 3505 2355 quaedam
3528 2277 3672 2335 enim

2138 2375 2285 2432 sunt
2312 2370 2669 2430 communia
2710 2369 2953 2430 actibus
2980 2369 3163 2430 bonis
3204 2376 3266 2431 et
3312 2369 3511 2440 malis,
3556 2370 3673 2447 qui-

2134 2463 2253 2524 bus
2281 2463 2654 2525 testimoniis
2695 2463 2889 2542 aliqui
2934 2481 3013 2522 ex
3056 2462 3236 2524 dictis
3260 2461 3581 2539 Theologis
3616 2461 3673 2521 li·

2136 2557 2358 2617 beuter
2402 2563 2687 2632 utuntur,
2718 2559 2863 2635 quia
2893 2574 3069 2635 oeque
3100 2557 3417 2616 affirmant
3456 2555 3673 2632 praede-

2136 2647 2484 2710 finitionem
2512 2656 2767 2710 actuum
2808 2649 3141 2720 malorum,
3174 2651 3335 2709 sicut
3364 2649 3669 2718 bonorum,

2138 2741 2309 2820 quod
2346 2741 2575 2802 falsum
2608 2749 2721 2804 est.
2746 2743 2925 2804 Unde
2954 2743 3019 2802 in
3043 2742 3165 2802 illis
3190 2741 3347 2802 locis
3380 2759 3503 2802 non
3530 2759 3669 2801 sem-

2138 2853 2253 2913 per
2294 2841 2389 2896 est
2420 2853 2627 2896 sermo
2680 2835 2760 2895 de
2788 2835 3285 2914 praedefinifione
3328 2839 3567 2894 actuum
3604 2833 3671 2892 li-

2134 2926 2456 3000 berorum,
2496 2926 2608 2989 sed
2640 2927 2977 2990 effectuum
3006 2929 3311 3004 ipsorum,
3360 2926 3521 3006 quod
3560 2927 3667 2984 val-

2136 3020 2216 3080 de
2247 3021 2564 3082 diversum
2594 3027 2710 3094 est,
2754 3027 2825 3083 ut
2862 3021 3003 3081 libr.
3035 3022 3074 3081 2
3102 3019 3455 3088 declaravi;
3484 3020 3668 3098 hujus-

2132 3114 2302 3175 modi
2332 3121 2429 3175 est
2455 3114 2610 3176 illud
2651 3116 2792 3177 lsai.
2826 3116 2901 3175 14
2948 3133 2963 3174 :
2994 3114 3289 3177 Dominus
3332 3115 3669 3176 exercituum

2134 3206 2413 3281 decrevit,
2457 3214 2517 3271 et
2545 3210 2685 3290 quis
2710 3210 2936 3288 poterit
2962 3208 3025 3268 in
3032 3208 3170 3283 firm
3180 3225 3286 3269 are
3306 3210 3335 3268 ,ἲ
3362 3212 3427 3267 et
3450 3208 3664 3267 similia.

2134 3300 2205 3361 In
2234 3300 2374 3360 aliis
2400 3318 2573 3373 vero,
2618 3301 2767 3361 licet
2794 3301 2871 3361 sit
2909 3317 3114 3361 sermo
3162 3300 3241 3359 de
3270 3299 3665 3377 proedefinitio-

2136 3412 2241 3469 ne,
2270 3412 2398 3455 non
2426 3400 2639 3455 tamen
2686 3400 2928 3455 constat
2972 3412 3055 3455 an
3084 3393 3329 3454 dicatur
3356 3392 3666 3472 praedefini-

2134 3488 2221 3548 tio
2282 3492 2539 3567 propter
2590 3488 3091 3549 antecessionem
3140 3488 3501 3549 aeternitatis
3525 3534 3540 3558 ,
3584 3486 3664 3545 vel

2136 3586 2393 3660 propter
2442 3580 2943 3643 antecessionem
2994 3581 3345 3643 secundum
3394 3581 3663 3640 rationem

2136 3674 2220 3735 ad
2246 3674 2727 3752 praescientiam,
2758 3692 2908 3735 nam
2942 3675 3111 3754 prior
3138 3694 3293 3735 usus
3336 3674 3573 3735 videtur
3594 3692 3667 3732 sa·

2134 3767 2213 3827 tis
2240 3766 2563 3845 frequens,
2588 3773 2651 3829 et
2687 3767 3197 3829 accommodatus
3222 3766 3537 3828 communi
3560 3785 3667 3827 mo-

2136 3858 2219 3921 do
2273 3859 2569 3937 loquendi
2597 3880 2613 3931 ;
2644 3859 2805 3921 sicut
2849 3861 3261 3940 praescientia,
3300 3859 3662 3939 praeparatio,

2140 3958 2201 4013 et
2258 3952 2503 4027 similia,
2556 3953 2851 4016 dicuntur
2902 3958 3159 4033 propter
3205 3952 3666 4014 antecessionem

2138 4044 2522 4119 durationis;
2555 4053 2618 4108 et
2646 4047 2793 4126 quia
2833 4048 2969 4107 haec
2998 4047 3323 4107 notissima
3370 4052 3485 4117 est,
3508 4046 3667 4105 inter-

2137 4139 2289 4199 dum
2336 4138 2439 4199 illa
2490 4138 2845 4219 praepositio
2890 4140 2956 4200 in
3004 4140 3327 4218 Scriptura
3377 4138 3661 4208 omittitur.

2140 4232 2239 4294 Sic
2271 4234 2404 4292 Act.
2456 4234 2495 4293 2
2538 4232 2797 4293 dicitur:
2846 4232 3034 4295 Hunc
3074 4232 3318 4312 definito
3370 4230 3605 4295 musitio
3624 4236 3667 4291 et

2134 4323 2527 4406 proescientia
2573 4324 2689 4388 Dei
2730 4326 3028 4389 traditum
3046 4370 3062 4397 ,
3114 4331 3234 4386 etc.
3276 4326 3369 4385 Ex
3402 4342 3521 4403 quo
3566 4340 3665 4383 non

2138 4424 2343 4497 potest
2370 4418 2572 4497 colligi
2614 4418 2785 4478 illam
2823 4416 3253 4478 definitionem
3294 4416 3665 4478 antecessisse

2138 4510 2628 4590 praescientiam,
2690 4512 2751 4571 et
2804 4516 3017 4571 tamen
3068 4510 3290 4571 eodem
3345 4510 3527 4569 modo
3573 4506 3664 4567 dici

2138 4609 2350 4681 posset
2384 4603 2765 4685 proedefinito
2799 4602 3048 4665 consilio
3088 4608 3147 4665 et
3176 4603 3563 4683 proescientia
3576 4599 3666 4661 Dei

2136 4696 2454 4758 traditum.
2486 4694 2795 4762 Tandem,
2844 4696 2896 4755 si
2944 4693 3113 4773 quod
3142 4702 3239 4757 est
3279 4694 3664 4757 testimonium

2140 4808 2217 4849 ex
2244 4806 2371 4867 quo
2399 4790 2593 4867 possit
2620 4788 2683 4849 in
2720 4788 2971 4867 speciali
2999 4788 3136 4849 haec
3166 4787 3561 4868 praedefinitio
3586 4804 3665 4847 ac-

2138 4887 2319 4942 tuum
2362 4882 2933 4960 supernaturalium
2986 4882 3228 4960 colligi,
3260 4883 3557 4961 praecipue
3592 4884 3665 4941 est

2136 4974 2291 5035 illud
2336 4974 2416 5035 ad
2460 4975 2687 5053 Ephes.
2726 4976 2809 5035 2:
2848 4974 3052 5037 Greati
3078 4976 3148 5036 iu
3178 4972 3420 5038 Christo
3450 4974 3585 5037 Im
3614 4972 3663 5031 iu

2136 5068 2411 5149 operibus
2434 5068 2627 5141 bonis,
2674 5086 2807 5148 quoe
2821 5069 3209 5149 proeparavit
3228 5068 3395 5129 Deua
3418 5074 3487 5129 at
3523 5067 3581 5127 iu
3600 5062 3665 5124 eis

2136 5160 2527 5224 ambulemus.
2554 5161 2625 5221 In
2657 5160 2760 5221 illo
2800 5166 3011 5221 autem
3040 5159 3141 5221 vel
3172 5178 3303 5220 non
3358 5166 3451 5221 est
3492 5174 3661 5219 sermo

2136 5255 2217 5315 de
2248 5254 2711 5333 praeparatione
2740 5252 3187 5333 proedefinitiva
3214 5257 3278 5313 et
3304 5252 3547 5319 efficaci,
3572 5248 3659 5309 scd

2138 5347 2215 5409 de
2268 5346 2639 5419 sufficiente,
2688 5352 2757 5407 ut
2796 5347 2989 5407 verba
3030 5348 3165 5425 ipsa
3198 5364 3327 5425 prae
3362 5364 3427 5406 se
3466 5345 3657 5409 ferunt,

2140 5445 2203 5500 et
2230 5440 2439 5499 statim
2468 5440 2671 5517 magis
2708 5438 3167 5500 declarabimus
3192 5458 3209 5509 ;
3249 5438 3369 5509 vel,
3402 5437 3451 5497 si
3479 5436 3555 5496 ita
3578 5450 3661 5493 ex-

2140 5532 2425 5611 plicetur,
2464 5538 2707 5594 tantum
2748 5532 2833 5593 ibi
2888 5532 3008 5594 erit
3036 5548 3245 5593 sermo
3288 5532 3365 5592 de
3394 5524 3661 5609 praedesti-
