3850 6225
693 399 860 455 sssc‘r.
900 402 964 455 ΙΙ.
995 398 1079 452 ΑΝ
1111 398 1482 451 NECESSITAS
1517 399 1601 453 Ex
1633 400 2075 455 surrosmoNE
2109 401 2230 453 VEL
2262 400 2503 465 ossnlro,
2540 402 2672 456 E'm.

184 504 266 564 ts.
289 502 612 584 Responsio
623 502 838 584 prima
863 503 947 563 ad
975 499 1636 581 objectionem-Com-

109 599 334 660 minatio
359 616 490 661 oum
515 596 910 678 promissione
933 600 1258 669 confertur.
1281 595 1632 655 —Duobns

107 710 236 758 ereo
261 690 454 750 modis
495 707 828 768 possumus
857 687 1239 767 respondere
1285 687 1632 749 difficultati

107 790 285 843 tactae.
342 783 542 842 Primo
593 782 888 859 negando
939 781 1280 851 minorem,
1347 780 1580 841 scilicet
1613 826 1628 853 ,

103 875 552 955 promissionem
579 873 852 935 divinam
880 874 1034 935 nihil
1065 873 1236 933 aliud
1267 890 1404 933 esse
1443 891 1632 951 quam

107 969 488 1029 assertionem
523 967 868 1045 simplicem
887 989 905 1040 3
947 985 1095 1026 nam
1141 985 1284 1025 cum
1313 966 1632 1045 Scriptura

107 1080 258 1121 sacra
293 1061 346 1121 ei
377 1060 670 1121 attribuat
723 1060 1222 1139 promissionem,
1273 1064 1334 1119 et
1372 1061 1630 1137 ,proprie

104 1154 476 1231 intelligenda
513 1153 592 1213 sit
619 1158 690 1213 ut
733 1152 1139 1225 ostendimuS,
1197 1158 1256 1213 et
1301 1170 1446 1213 cum
1483 1154 1634 1211 sim-

104 1248 226 1326 plex
257 1248 508 1307 assertio
547 1265 678 1308 non
720 1246 798 1307 sit
823 1246 1074 1325 proprie
1103 1246 1458 1324 promissi0,
1503 1264 1632 1306 non

105 1340 231 1399 salis
261 1339 496 1399 videtur
551 1338 846 1417 explicari
893 1338 1102 1398 divina
1155 1338 1484 1417 promissio
1519 1358 1632 1418 per

105 1432 274 1491 solam
303 1432 644 1510 simplicem
691 1432 1123 1491 assertionem.
1181 1433 1482 1492 Praeterea
1537 1438 1632 1493 est

104 1543 382 1602 apparens
437 1525 634 1597 ratio,
693 1524 842 1603 quia
889 1525 1152 1585 multum
1211 1525 1420 1585 differt
1469 1524 1630 1585 inter

105 1618 618 1679 comminationem
657 1623 721 1678 et
747 1618 1248 1696 promissionem,
1301 1636 1473 1690 nam,
1515 1637 1630 1697 per

103 1712 568 1787 promissionem,
603 1711 678 1786 is,
711 1711 816 1789 qui
845 1711 1170 1789 promittit,
1203 1711 1272 1771 fit
1299 1711 1542 1771 debitor
1571 1710 1627 1773 ei

103 1804 182 1861 cui
207 1804 511 1881 promittit,
547 1822 664 1883 per
691 1804 1244 1864 comminationem
1267 1812 1482 1865 autem
1511 1804 1628 1865 mi-

103 1898 274 1969 nime3
315 1904 374 1959 et
409 1898 554 1959 inde
587 1897 774 1957 etiam
803 1896 874 1957 fit
899 1904 966 1958 ut
997 1898 1076 1957 ad
1101 1898 1378 1959 valorem
1409 1904 1472 1959 et
1501 1900 1628 1959 effi*

99 1990 304 2051 cariam
351 1990 782 2069 promissionis
831 1992 1186 2051 necessaria
1229 1991 1304 2051 sit
1341 1991 1628 2051 voluntas

101 2091 150 2145 et
204 2102 536 2145 consensus
601 2084 736 2163 ejus
811 2082 910 2143 cui
987 2083 1056 2143 fit
1110 2083 1488 2162 promissio;
1545 2083 1628 2143 ad

97 2178 342 2237 valorem
394 2184 610 2239 autem
659 2176 759 2238 vel
814 2177 1144 2237 veritatem
1195 2178 1628 2238 comminatio-

99 2273 196 2341 nis,
225 2290 344 2330 non
395 2270 470 2331 sit
521 2270 882 2331 necessaria
926 2269 1272 2348 acceptatio
1327 2269 1621 2341 alterius;

95 2362 200 2423 imo
233 2382 302 2423 ex
345 2370 571 2423 natura
629 2382 742 2423 sua
795 2362 865 2424 fit
909 2362 1104 2423 invito
1121 2379 1140 2438 3
1205 2362 1414 2441 itaque
1467 2362 1626 2423 mul-

95 2462 204 2515 tum
235 2457 430 2517 differt
471 2455 876 2517 comminatio
911 2474 948 2514 a
985 2454 1396 2533 promissione
1425 2456 1624 2515 'etiam

94 2548 144 2607 in
172 2550 314 2619 Deo;
344 2556 406 2611 at
443 2568 598 2610 vero
641 2548 1041 2609 comminatio
1083 2553 1178 2608 est
1218 2548 1482 2626 simplex
1527 2566 1622 2607 as·

97 2642 252 2703 sertio
281 2644 405 2714 Dei,
445 2660 576 2721 qua
607 2642 886 2701 declarat
921 2641 1309 2720 propositum
1359 2658 1488 2701 suae
1517 2660 1623 2702 vo-

95 2734 312 2795 luntatis
351 2736 512 2797 circa
557 2734 950 2814 punitionem
995 2735 1240 2807 delicti3
1303 2741 1365 2795 et
1413 2735 1623 2813 quoad

95 2827 510 2890 immutabilem
540 2828 871 2889 veritatem
917 2828 1314 2907 promissioni
1347 2828 1623 2906 aequipa-

91 2928 253 2981 ratur.
300 2924 450 2983 Nam
501 2922 650 2983 lieet
701 2922 1038 3001 Gregorius
1093 2921 1318 2982 dixerit
1365 2940 1378 2981 :
1427 2921 1624 2985 Novit

89 3014 346 3077 Dominus
369 3022 614 3077 mutare
649 3014 1027 3083 sententiam.
1057 3015 1209 3078 situ
1231 3011 1467 3075 noveris
1491 3030 1624 3074 niw-

93 3110 200 3170 tare
233 3110 524 3186 delictum,
571 3115 790 3170 tamen
841 3108 992 3168 illud
1031 3127 1146 3188 per
1185 3108 1621 3186 metaphoram

91 3199 288 3262 dictum
318 3209 408 3264 est
451 3205 635 3282 juxta
663 3203 1012 3262 humanum
1063 3218 1328 3272 morem,
1381 3200 1528 3278 quia
1555 3199 1619 3258 in

89 3295 258 3354 Deum
287 3315 408 3356 non
431 3297 604 3358 cadit
633 3295 918 3367 mutati0‚
953 3293 1064 3354 sed
1101 3297 1335 3354 aeterna
1361 3291 1619 3372 disposi-

91 3387 158 3446 tio
184 3407 296 3466 qua
333 3391 550 3451 statuit
575 3387 800 3468 punire
827 3386 1145 3459 delictum,
1187 3385 1284 3446 vel
1325 3385 1396 3446 fit
1435 3386 1620 3446 abso-

89 3478 194 3540 luta
231 3488 288 3542 et
323 3483 558 3544 efficaci
588 3481 908 3542 voluntate
947 3497 1089 3558 quae
1126 3497 1454 3558 nunquam
1481 3497 1617 3538 mu-

87 3577 244 3643 tatur,
281 3593 394 3636 nec
420 3575 782 3655 impeditur,
816 3573 1154 3650 quominus
1178 3573 1412 3634 habeat
1433 3573 1618 3634 effec-

91 3671 218 3738 tum,
248 3669 338 3728 vel
391 3669 602 3730 solum
641 3667 904 3746 simplici
951 3672 1012 3727 et
1059 3666 1480 3728 conditionata
1506 3685 1616 3726 vo-

86 3755 312 3832 luntate,
357 3780 494 3840 quae
523 3779 654 3821 non
697 3760 887 3820 habet
917 3759 1230 3830 effectum,
1265 3759 1315 3819 si
1343 3759 1612 3820 conditio

85 3867 192 3910 non
247 3855 495 3927 existat3
547 3859 612 3914 et
653 3854 772 3914 hac
820 3853 1060 3912 ratione
1113 3851 1332 3912 dicitur
1383 3852 1613 3912 mutari

87 3959 192 4002 non
219 3945 274 4005 in
299 3965 385 4019 se,
421 3947 538 4008 sed
561 3946 775 4024 quoad
797 3946 1114 4017 effectum,
1139 3945 1188 4004 si
1221 3946 1408 4006 homo
1439 3944 1616 4005 tollat

85 4041 580 4112 perseverantiam
619 4039 684 4099 in
727 4038 972 4100 delicto,
1019 4039 1128 4097 Est
1172 4056 1322 4116 ergo
1355 4036 1616 4098 commi-

85 4131 226 4190 natio
253 4133 454 4209 quoad
497 4132 956 4194 immutabilem
1000 4131 1326 4194 veritatem
1355 4131 1614 4208 aequalis

83 4225 444 4298 promissioni
464 4246 483 4299 ;⁴
531 4243 706 4298 nam,
753 4225 806 4286 si
847 4225 928 4286 sit
964 4225 1271 4301 absoluta,
1321 4223 1614 4284 infallibi-

83 4313 200 4376 liter
221 4317 400 4380 habet
424 4319 756 4390 effectum3
785 4319 836 4378 si
867 4335 1016 4378 vero
1041 4318 1122 4378 sit
1161 4317 1603 4391 conditionata,

83 4423 188 4467 non
237 4411 564 4489 impletur,
611 4410 728 4471 nisi
781 4411 983 4489 posita
1031 4409 1406 4470 conditione.
1432 4408 1610 4481 Quod

85 4498 224 4560 idem
277 4511 368 4564 est
406 4506 472 4565 in
512 4485 946 4582 promissione,
991 4521 1138 4562 nam
1185 4503 1468 4563 absoluta
1498 4501 1610 4561 im-

83 4591 260 4668 pletur
293 4615 566 4677 semper,
597 4596 1017 4657 conditionata
1043 4614 1171 4657 non
1195 4613 1464 4675 semper,
1499 4594 1610 4655 sed

85 4684 172 4746 ubi
220 4690 412 4750 existit
469 4689 766 4752 conditio.
821 4691 984 4768 Ergo
1025 4689 1234 4768 quoad
1283 4689 1610 4749 veritatem

85 4784 408 4846 assertionis
439 4803 626 4864 pares
678 4791 862 4856 sunt;
899 4802 1052 4863 ergo
1103 4783 1430 4862 promissio
1481 4801 1610 4842 non

85 4880 162 4933 est
194 4877 446 4956 simplex
489 4877 784 4950 assertiO,
817 4877 977 4938 sicut
1020 4875 1418 4938 comminatio
1440 4920 1455 4949 ,
1495 4875 1610 4936 sed

83 4967 226 5030 addit
263 4971 494 5050 aliquid
535 4970 708 5034 aliud
739 4971 907 5049 quod
952 4987 1165 5031 veram
1195 4975 1256 5030 et
1290 4968 1606 5048 propriam

81 5061 356 5124 rationem
381 5064 812 5144 promissionis
834 5063 1164 5143 compleat.

137 5265 450 5349 Responsio
473 5287 548 5332 σω
573 5269 812 5332 ratione
837 5269 1060 5330 divino?
1095 5267 1540 5348 promissionis.

153 5441 238 5499 13.
275 5441 684 5502 Nihilominus
735 5445 830 5500 est
875 5440 1035 5500 alius
1081 5439 1306 5500 modus
1344 5457 1606 5518 respon-

84 5527 270 5606 dandi,
301 5535 402 5612 qui
432 5535 579 5594 mihi
617 5533 820 5614 magis
863 5533 1184 5614 probatur,
1221 5531 1604 5594 admittendo

371 5657 456 5704 XI.

3161 401 3282 460 417

1713 502 2193 580 promissionem
2228 502 2501 563 divinum
2531 503 2682 564 nihil
2718 503 2887 564 aliud
2916 522 3053 565 esse
3090 522 3279 584 quam

1713 593 2207 655 declarationem
2243 596 2467 657 divinar
2512 597 2845 657 voluntatis
2874 602 2937 656 et
2978 598 3277 676 propositi

1715 686 1794 747 de
1825 687 2033 765 aliquo
2064 688 2371 749 beneficio
2414 689 2595 749 alicui
2626 690 2983 768 praestando
3004 734 3019 762 ‚
3050 691 3149 751 vel
3173 692 3281 751 ab·

1717 779 1941 851 solute,
1965 780 2065 840 vel
2094 782 2395 841 existente
2426 781 2531 841 tali
2561 782 2941 854 conditione,
2964 784 3144 861 juxta
3188 784 3279 845 di-

1713 890 1931 933 versos
1956 871 2179 933 modos
2219 874 2724 952 promissionum.
2761 875 2909 946 Quae
2942 877 3275 947 sententia,

1713 971 1939 1043 praeter
1972 966 2249 1026 rationes
2294 966 2641 1027 insinuatas
2669 968 2733 1026 in
2779 967 3129 1045 objectione
3168 986 3279 1047 po-

1713 1057 1851 1129 sita,
1898 1072 2037 1137 quae
2070 1059 2219 1119 satis
2258 1059 2613 1137 probabiles
2642 1065 2809 1131 sunt,
2839 1064 3045 1138 potest
3069 1061 3280 1121 multis

1712 1150 1914 1211 modis
1938 1151 2245 1212 declarari
2270 1158 2335 1212 et
2360 1150 2748 1229 persuaderi.
2778 1152 3005 1225 Prim0,
3032 1171 3111 1213 ex
3148 1172 3281 1213 mo-

1712 1244 1792 1303 do
1829 1244 2127 1323 loquendi
2176 1246 2547 1324 Scripturae,
2578 1264 2729 1305 nam
2783 1246 2929 1306 licet
2978 1246 3043 1305 in
3088 1247 3279 1307 variis

1711 1338 1864 1398 locis
1903 1338 2291 1399 mentionem
2324 1338 2512 1399 faciat
2539 1338 2893 1399 divinarum
2916 1339 3276 1417 promissio-

1713 1449 1864 1490 num
1893 1431 2013 1489 sub
2060 1432 2175 1491 hac
2218 1432 2674 1509 appellatione,
2706 1438 2917 1492 tamen
2970 1432 3075 1491 ubi
3120 1432 3277 1493 refe·

1711 1530 1935 1583 runtnr
1966 1523 2115 1601 ipsae
2165 1526 2611 1602 promissiones
2640 1532 2825 1603 prout
2857 1544 2895 1583 a
2929 1527 3059 1586 Deo
3088 1526 3271 1600 fiunt,

1709 1634 1836 1675 non
1869 1622 2015 1676 sunt
2042 1616 2231 1677 verba
2260 1618 2647 1694 promissiva,
2674 1618 2785 1677 sed
2818 1619 3171 1691 assertoria,
3206 1626 3275 1680 ut

1709 1708 2009 1781 GenesiS,
2066 1708 2437 1771 duodecimo
2484 1716 2545 1770 et
2595 1711 2897 1789 vigesimo
2940 1711 3267 1771 secundo:

1708 1803 2148 1865 Benedicentm·
2186 1806 2254 1863 in
2298 1803 2517 1867 semine
2548 1809 2647 1866 tuo
2688 1822 2887 1867 omnes
2926 1811 3131 1889 qantos
3160 1810 3275 1868 ter·

1707 1916 1841 1970 roe,·
1895 1904 1958 1959 et
2000 1900 2275 1959 seeundo
2310 1902 2550 1977 Regum
2584 1900 2849 1977 septimo
2891 1918 2905 1959 ε
2949 1898 3273 1963 Suscitabo

1707 2008 1902 2053 semen
1924 1995 2099 2054 tuum
2118 1997 2260 2071 post
2288 1997 2344 2054 to
2356 2016 2383 2063 ,e
2412 1992 2729 2052 etPsalm.
2760 1994 2867 2053 131
2908 2011 2923 2051 :
2954 1993 3043 2054 Do
3060 1996 3275 2069 fructu

1706 2086 1939 2147 ‘sortiris
1969 2087 2063 2148 lui
2078 2104 2302 2166 ponam
2344 2104 2527 2165 super
2554 2088 2745 2149 sedem
2775 2089 2962 2149 luam.

1789 2180 1886 2238 14.
1932 2178 2137 2241 Alteri
2164 2179 2475 2257 objectioni
2494 2180 2571 2259 fit
2597 2179 2985 2242 sacis—Sed
3016 2198 3272 2259 respon·

1707 2270 1838 2331 deri
1867 2276 2095 2349 potest,
2127 2272 2413 2348 quamvis
2447 2290 2603 2350 pura
2630 2272 2891 2332 assertio
2922 2290 2997 2332 ex
3032 2290 3101 2333 se
3142 2292 3269 2333 non

1709 2364 1939 2425 habeat
1982 2365 2105 2423 vim
2148 2370 2211 2423 et
2246 2364 2551 2425 rationem
2579 2365 3034 2443 promissionis,
3080 2366 3274 2427 inter-

1705 2457 1859 2518 dum
1906 2463 2121 2518 tamen
2176 2474 2389 2516 veram
2444 2457 2923 2535 promissionem
2974 2459 3267 2536 explicari

1704 2569 1820 2629 per
1843 2550 1979 2609 sola
2006 2550 2199 2609 verba
2239 2550 2599 2623 assertoris,
2631 2568 2771 2628 quae
2818 2550 2963 2610 licet
3009 2552 3075 2611 in
3106 2559 3271 2613 exte-

1703 2642 1850 2704 riori
1895 2643 2101 2721 specie
2148 2661 2278 2703 non
2318 2641 2649 2703 videantur
2689 2643 2830 2721 plus
2870 2642 3221 2721 significare
3247 2689 3268 2719 ‚

1701 2743 1914 2797 tamen
1974 2754 2053 2797 ex
2106 2735 2451 2796 intentione
2506 2735 2883 2814 proferentis
2912 2781 2933 2811 ‚
2984 2745 3048 2798 et
3088 2737 3271 2816 juxta

1704 2830 2053 2909 subjectam
2082 2829 2409 2889 materiam
2448 2848 2523 2889 ac
2554 2830 3076 2904 circumstantiaS,
3124 2850 3269 2893 eon-

1704 2923 1904 2983 tInent
1946 2928 2007 2983 et
2050 2912 2372 2982 deblarant
2422 2922 2803 2982 sufficienter
2858 2940 3076 2983 veram
3122 2942 3268 3003 pro-

1703 3016 2069 3075 missionem
2093 3015 2157 3073 in
2189 3020 2329 3075 actu
2355 3015 2649 3088 exercite,
2682 3020 2751 3074 ut
2774 3015 2965 3094 aliqui
2994 3016 3266 3094 loquun-

1703 3114 1824 3170 tur.
1867 3108 2047 3181 Qnod
2096 3107 2351 3187 quidem
2400 3113 2641 3178 constat
2681 3127 2759 3169 ex
2801 3109 3115 3170 communi
3148 3129 3266 3171 usu

1703 3203 1983 3262 omnium
2010 3202 2359 3274 hominum,
2388 3207 2449 3262 et
2474 3201 2667 3280 ipsius
2696 3202 2885 3262 etiam
2902 3202 3257 3280 Scripturae.

1699 3297 1856 3354 Nam
1910 3301 2151 3355 certum
2192 3299 2317 3367 est,
2359 3294 2619 3355 Genesis
2664 3295 2967 3373 vigesimo
3016 3300 3260 3370 oetam,

1697 3388 1894 3449 Jacob
1920 3387 2143 3448 fecisse
2173 3405 2387 3448 veram
2426 3386 2905 3466 promissionem
2933 3392 2995 3447 et
3021 3393 3259 3458 votum,

1699 3481 1986 3560 quamvis
2024 3498 2176 3540 usus
2222 3479 2411 3540 fuerit
2462 3479 2667 3540 verbis
2705 3485 2948 3540 tantum
2992 3486 3263 3540 asserto-

1697 3575 1806 3634 riis
1851 3591 1866 3632 z
1901 3572 1985 3636 Si
2032 3571 2330 3635 Dominus
2374 3571 2569 3648 suerit
2612 3589 2841 3634 mecum
2888 3572 2957 3632 in
3008 3573 3112 3634 via
3148 3590 3264 3653 per

1699 3685 1878 3746 quam
1906 3665 2142 3729 ambulo
2158 3711 2175 3738 ,
2222 3683 2297 3727 ea>
2342 3667 2613 3727 omnibus
2654 3683 2787 3745 quoe
2836 3665 3063 3728 dedeo-it
3108 3665 3263 3727 mihi

1697 3761 1949 3838 offeram
1979 3756 2072 3829 ei,·
2122 3763 2183 3817 et
2216 3757 2495 3818 similiter
2544 3759 2723 3818 Anna
2778 3762 2993 3818 votum
3028 3755 3193 3828 fecit,
3226 3759 3252 3816 1

1693 3853 1937 3930 Regum
1978 3853 2037 3923 1,
2083 3867 2227 3910 cum
2270 3849 2423 3910 dixit
2454 3868 2469 3909 ε
2507 3848 2589 3912 Si
2618 3850 2847 3912 dederis
2874 3851 3029 3912 milti
3051 3867 3260 3912 sexum

1693 3946 1953 4019 virilem,
1986 3945 2129 4007 daho
2156 3961 2289 4006 ewm
2306 3943 2559 4006 Domino
2586 3944 2859 4006 omnibus
2884 3945 3089 4006 diebus
3115 3946 3261 4008 vitoe

1694 4040 1847 4117 ejus.
1903 4036 2173 4098 Maxime
2224 4043 2435 4096 autem
2490 4035 2735 4096 videtur
2807 4035 3067 4096 assertio
3116 4054 3255 4098 esse

1694 4131 2086 4209 promissiva,
2117 4128 2369 4208 quando
2412 4127 2571 4188 duas
2595 4127 2985 4189 conditiones
3017 4128 3117 4188 vel
3143 4129 3256 4188 ali-

1694 4243 1884 4304 quam
1927 4242 2145 4284 earum
2194 4221 2475 4282 includit.
2526 4222 2663 4284 Una
2712 4226 2841 4293 est,
2884 4220 3137 4298 quando
3186 4221 3257 4282 fit

1693 4317 1810 4378 sub
1867 4316 2220 4377 conditione
2274 4320 2337 4374 et
2368 4331 2483 4392 per
2518 4311 2779 4372 modum
2822 4313 3019 4391 pacti,
3075 4320 3142 4374 ut
3192 4315 3252 4374 in

1692 4410 1995 4495 exemplis
2024 4408 2303 4488 proxime
2331 4405 2649 4476 adductis;
2685 4411 2746 4466 et
2776 4404 3033 4484 perinde
3080 4412 3175 4467 est
3202 4407 3255 4468 si

1689 4503 1801 4564 fiat
1825 4504 1927 4564 vel
1956 4501 2307 4582 proferatur
2336 4517 2479 4560 cum
2512 4516 2701 4558 causa
2742 4515 3060 4576 expressa,
3092 4499 3257 4560 seili-

1691 4602 1790 4658 cet
1837 4597 1918 4657 ob
1976 4595 2325 4666 actionem,
2378 4609 2489 4653 seu
2530 4609 2665 4652 rem
2693 4590 3095 4670 praeteritam,
3142 4595 3247 4652 ut:

1691 4690 1845 4762 Quia
1873 4688 2067 4750 fecisti
2110 4689 2230 4748 hoc
2258 4684 2653 4763 obsequium,
2684 4685 2803 4746 hoc
2832 4683 3078 4744 faciam.
3114 4685 3249 4746 Alia

1690 4783 1963 4844 conditio
1996 4787 2113 4854 est,
2158 4780 2211 4840 si
2252 4779 2365 4841 fiat
2398 4796 2543 4840 cum
2563 4779 2949 4856 juramento,
2977 4783 3045 4837 ut
3074 4795 3251 4856 egre-

1691 4877 1791 4956 gie
1819 4875 2057 4936 notavit
2088 4874 2269 4935 divus
2296 4873 2568 4933 Thomas
2607 4869 2883 4930 secunda
2916 4871 3209 4930 secundm
3230 4916 3247 4943 ,

1689 4968 2033 5048 quaestione
2074 4965 2457 5046 octogesima
2498 4982 2698 5036 nona,
2750 4963 3010 5024 articulo
3058 4964 3251 5042 septi-

1689 5080 1817 5137 m0,
1862 5061 1947 5122 ad
1988 5061 2259 5140 primum
2311 5077 2325 5119 ε
2374 5056 2533 5131 Quia
2552 5057 2973 5134 juramentum
3000 5057 3157 5134 (ait)
3182 5058 3249 5120 ob

1652 5156 2087 5218 -rovsrentiam
2134 5152 2327 5216 divini
2390 5149 2717 5214 testimonii
2774 5149 2997 5231 obliyat
3058 5150 3251 5211 homi-

1689 5267 1844 5323 nem,
1877 5253 1948 5310 ut
1972 5247 2163 5328 faciat
2185 5263 2307 5310 esso
2334 5262 2541 5307 cmm
2570 5243 2639 5304 id
2662 5242 2822 5322 quod
2844 5242 3121 5321 juravit,
3162 5260 3249 5305 se-

1686 5344 1940 5404 cundum
1984 5360 2157 5405 suam
2190 5336 2671 5421 possibilitatem.
2708 5336 2815 5394 Hae
2846 5337 3059 5394 autem
3097 5352 3248 5395 con-

1687 5435 1955 5496 ditiones
2007 5436 2384 5495 concurrunt
2422 5431 2486 5490 in
2530 5427 2839 5508 praedictis
2887 5426 3248 5488 assertioni-

1685 5530 1804 5590 bus
1844 5530 1991 5604 Dei;
2029 5545 2177 5590 nam
2205 5525 2463 5588 Genesis
2494 5522 2797 5603 vigesimo
2841 5520 3141 5596 secundo,
3188 5526 3251 5584 et
