3850 6225
481 391 602 451 574

481 643 765 710 Aliorum
813 641 1109 708 sententia
1160 645 1229 708 do
1271 645 1500 709 virtuto
1546 645 1820 710 elicitiva
1878 653 2055 714 actus

970 737 1264 820 puniendi
1294 739 1362 802 iu
1397 739 1543 803 Deo.

561 963 660 1024 12.
707 961 824 1024 Alii
851 979 1000 1023 vero
1027 959 1202 1023 fuere
1249 963 1550 1026 Doctores
1601 963 1712 1042 qui
1759 963 2061 1028 dixerunt,

479 1053 647 1116 hunc
673 1059 884 1116 actum
933 1054 1237 1134 puniendi
1275 1073 1414 1116 esse
1460 1055 1526 1114 in
1576 1055 1706 1116 Deo
1741 1073 1780 1118 a
1806 1055 2050 1135 justitia

479 1147 889 1210 distributiva.
933 1148 1026 1208 Ita
1077 1165 1372 1226 expresse
1427 1149 1768 1228 Capreolus
1787 1192 1806 1222 ,
1867 1149 1935 1208 in
1974 1151 2001 1208 1
2024 1193 2047 1226 ,

479 1239 622 1302 dist.
661 1243 765 1315 ⁴5,
793 1257 854 1318 q.
895 1243 954 1312 1,
988 1242 1104 1299 art.
1135 1242 1194 1312 1,
1225 1240 1292 1301 ιιι
1317 1239 1560 1302 defens.
1596 1241 1674 1301 14
1703 1241 2053 1302 conclusio-

479 1333 600 1408 nis,
627 1333 732 1394 ubi
751 1351 892 1393 eam
919 1331 1296 1394 sententiam
1321 1331 1650 1394 confirmat
1677 1333 2049 1396 auctoritate

477 1427 551 1488 D.
576 1426 856 1498 Thomas,
887 1425 954 1486 in
981 1427 1044 1497 4,
1081 1424 1226 1487 dist.
1257 1427 1368 1500 46,
1401 1443 1466 1504 q.
1511 1428 1576 1499 2,
1611 1432 1728 1487 art.
1761 1427 1822 1501 2,
1873 1441 1939 1504 q.
1982 1427 2043 1500 1,

481 1520 563 1581 ad
593 1523 652 1593 1,
677 1519 782 1580 uhi
821 1519 908 1580 ait
931 1519 1370 1596 &qualitatem
1413 1537 1606 1598 quam
1633 1519 1804 1582 Deus
1835 1525 2048 1581 servat

479 1613 544 1676 in
571 1613 908 1693 puniendis
929 1614 1224 1692 peccatis,
1254 1613 1848 1692 proportionalitatis
1876 1631 2040 1686 esse,

477 1723 608 1768 non
635 1706 1006 1786 aequalitatis
1029 1724 1045 1778 ς
1071 1711 1134 1768 et
1161 1705 1608 1768 attendendam
1633 1723 1772 1768 esse
1797 1723 1926 1766 non
1952 1721 2047 1766 se·

478 1799 760 1862 cundum
797 1800 1332 1880 comparationem
1377 1815 1582 1878 poenoe
1631 1799 1714 1862 ad
1757 1799 2009 1879 eulpam
2026 1844 2045 1873 ,

477 1891 592 1954 sed
635 1892 986 1954 secundum
1023 1893 1559 1971 comparationem
1595 1891 1869 1954 duorum
1907 1911 2050 1973 pec-

477 1985 758 2046 cantium
787 1985 870 2046 ad
911 1985 1070 2046 duas
1094 2003 1344 2067 peenas,
1375 1985 1630 2060 scilicet,
1663 1990 1734 2046 ut
1768 1986 1874 2064 qui
1905 1985 2049 2066 plus

477 2079 781 2157 peccavit,
806 2079 948 2158 plus
990 2079 1292 2158 puniatur
1310 2123 1326 2152 ,
1371 2084 1436 2140 et
1477 2078 1825 2141 secundum
1875 2077 2049 2158 quod

477 2171 800 2232 exceditur
827 2173 892 2232 in
919 2177 1204 2252 peccato,
1248 2171 1339 2232 sic
1367 2170 1706 2232 excedatur
1731 2171 1796 2232 in
1825 2187 2043 2248 puina,

477 2263 646 2342 quod
675 2269 770 2326 est
801 2282 1032 2326 munus
1061 2270 1125 2326 et
1151 2263 1432 2326 medium
1461 2263 1718 2343 justitiae
1756 2261 2047 2325 distribu-

475 2357 641 2418 fivae.
689 2357 866 2420 Unde
903 2357 1072 2419 idem
1109 2356 1472 2437 Capreolus,
1519 2356 1586 2416 in
1628 2355 2041 2432 2,dist.2·1,

477 2465 540 2528 q.
575 2453 632 2526 1,
659 2455 778 2512 art.
803 2452 864 2524 3,
887 2451 970 2512 ad
1003 2455 1064 2521 1,
1095 2451 1162 2512 ιιι
1191 2450 1424 2511 ultimis
1453 2450 1665 2512 verbis
1691 2449 2043 2526 solutionis,

1427 395 1640 451 OPUSC.
1677 397 1760 450 VI.
1798 395 2169 452 msru‘ra'no
2202 399 2283 452 DE
2314 397 2593 452 msTmA
2628 397 2746 449 DEI.

2136 517 2265 561 non
2292 499 2601 570 obstarem
2650 513 2801 558 nam
2850 492 3209 556 testimonia
3248 490 3589 570 Scripturas
3612 490 3705 552 in-

2136 591 2489 654 differentia
2528 597 2694 663 sunt,
2724 595 2797 650 ut
2820 589 2901 650 de
2928 588 3277 667 quantitate
3304 583 3701 663 equalitatis,

2136 687 2237 748 vel
2264 686 2343 747 de
2388 687 2735 765 quantitate
2792 678 3393 764 proportionalitatis
3448 676 3705 756 intelligi

2134 780 2397 860 possint.
2430 781 2503 842 Et
2540 781 2617 840 D.
2662 779 2958 846 Thomu,
2998 775 3137 834 loco
3162 773 3379 844 citato,
3412 787 3707 848 expresse

2134 873 2445 936 concludit
2476 872 2687 934 omnia
2718 869 2945 932 similia
2984 866 3344 928 testimonia
3388 863 3708 942 explimm-

2133 967 2214 1028 da
2244 985 2383 1030 esse
2416 967 2494 1028 de
2538 963 2893 1045 aequalitate
2940 957 3565 1040 proportionalitatis.
3590 955 3709 1017 De-

2132 1060 2304 1134 inde,
2338 1066 2472 1122 esto
2500 1075 2717 1120 verum
2764 1057 2843 1118 sit
2874 1056 3073 1116 Deum
3088 1053 3409 1132 respicere
3448 1067 3709 1130 propor-

2130 1154 2371 1216 tionem
2400 1151 2599 1232 culpae
2628 1150 2713 1212 ad
2764 1165 3016 1230 poenam
3054 1148 3121 1208 in
3150 1163 3539 1225 unaquaque
3570 1161 3707 1222 per-

2130 1265 2309 1318 sona,
2346 1245 2587 1308 etiamsi
2616 1261 2783 1308 unus
2836 1241 3041 1303 solum
3086 1245 3385 1320 peccator
3424 1243 3595 1299 esset
3644 1237 3701 1296 in

2127 1339 2389 1413 mundo,
2420 1343 2635 1400 tamen
2664 1353 2875 1415 neque
2912 1335 3033 1394 hoc
3080 1335 3177 1394 est
3218 1331 3487 1392 omnino
3536 1337 3703 1390 extra

2127 1451 2361 1494 munus
2379 1430 2635 1512 justitiae
2682 1427 3113 1499 distributivae,
3144 1431 3215 1486 ut
3251 1441 3449 1503 supra
3476 1423 3703 1503 proba-

2126 1527 2211 1599 vi,
2246 1543 2459 1605 neque
2486 1523 2679 1588 etiam
2708 1522 2857 1584 inde
2884 1519 3305 1594 concluditur,
3336 1517 3409 1578 in
3436 1517 3703 1596 punitio-

2126 1637 2207 1680 ne
2232 1619 2597 1690 multorum,
2624 1617 2821 1678 Deum
2850 1633 2979 1676 non
3002 1613 3319 1692 respicere
3350 1607 3701 1689 proportio-

2130 1731 2277 1775 nem
2298 1713 2463 1774 inter
2490 1710 2649 1785 illos,
2680 1715 2751 1771 ut
2774 1710 2964 1790 paulo
2990 1705 3253 1768 inferius
3282 1705 3482 1766 etiam
3508 1703 3705 1764 decla·

2128 1805 2305 1868 rabo.
2344 1806 2475 1866 Hac
2506 1805 2659 1884 ergo
2682 1805 2927 1867 ratione
2954 1819 3085 1862 non
3108 1800 3263 1862 nafis
3298 1799 3707 1878 impugnatur

2128 1899 2235 1962 illa
2262 1899 2594 1960 sententia.

2210 1995 2311 2056 u.
2356 1989 2671 2072 Rajioitur
2692 1989 2861 2054 dicta
2886 1987 3209 2054 suto-tia.
3238 2017 3323 2034 —
3352 1984 3601 2052 Primo.
3632 2013 3709 2030 ·-

2128 2087 2543 2150 Nihilominus
2572 2083 2725 2146 mihi
2746 2101 2875 2144 non
2903 2081 3227 2162 probatur,
3252 2086 3525 2160 propter
3551 2075 3703 2136 duo:

2128 2181 2353 2262 primo,
2384 2181 2533 2260 quia
2562 2178 2814 2240 infirmo
2838 2177 3059 2237 nititur
3084 2174 3549 2242 fundamento;
3580 2175 3709 2230 tmn

2127 2274 2273 2352 quia
2298 2291 2429 2338 non
2464 2281 2631 2336 recte
2668 2269 2923 2348 colligit,
2952 2269 3003 2330 si
3044 2274 3221 2330 actus
3248 2283 3385 2328 non
3412 2269 3517 2326 est
3540 2280 3703 2324 com-

2124 2369 2441 2432 mutativoe
2460 2367 2743 2447 justitiis,
2772 2383 2915 2426 esse
2942 2362 3381 2436 distributive,
3412 2359 3569 2438 quia
3594 2373 3701 2435 po-

2124 2467 2247 2522 test
2274 2479 2413 2524 esse
2442 2461 2729 2534 alterius;
2760 2467 2896 2521 tum
2934 2458 3125 2519 etiam
3168 2455 3319 2535 quia
3366 2469 3505 2514 non
3536 2456 3699 2512 recte

477 2541 564 2604 ita
591 2544 962 2606 concludit.
1019 2545 1270 2612 Videtur
1297 2543 1446 2606 milti
1471 2543 1544 2604 de
1569 2545 1862 2624 peccatis,
1889 2543 2051 2624 quod
2124 2554 2349 2634 probat
2398 2555 2566 2618 hunc
2618 2557 2827 2616 actum
2874 2567 3003 2614 non
3046 2567 3189 2612 esse
3238 2545 3701 2610 commutatis-e

475 2637 544 2700 iu
567 2653 769 2700 eorum
787 2639 1104 2722 punitione
1127 2653 1324 2718 mayn
1349 2637 1596 2718 proprio
1622 2639 1893 2698 ametur
1903 2635 2045 2713 jus-

475 2731 622 2796 titia
661 2729 1303 2812 distributumque·
1343 2731 1790 2794 matutina
1841 2727 2045 2800 Quam

475 2827 851 2888 sententiam
881 2826 1166 2906 probavit
1189 2825 1546 2905 Cajetanus,
1580 2829 1609 2886 1
1635 2830 1826 2904 part„
1849 2841 1912 2904 q.
1936 2825 2041 2900 21,

475 2923 594 2982 art.
629 2921 688 2993 1,
719 2924 782 2980 et
822 2920 884 2981 2.
919 2920 982 2993 2,
1016 2935 1078 2998 q.
1116 2919 1218 2990 61,
1251 2923 1368 2980 art.
1415 2919 1490 2990 Δις
1543 2923 1608 2980 et
1651 2917 1822 2979 idem
1853 2917 2045 2978 sentit

471 3011 842 3086 aichardus,
868 3012 934 3072 in
963 3013 1026 3085 t,
1059 2999 1202 3074 dist.
1225 3013 1329 3084 46,
1365 3017 1482 3072 art.
1509 3014 1568 3084 1,
1593 3029 1656 3092 q.
1683 3009 1872 3082 l.0ui
1897 3028 2043 3072 auc-

471 3110 640 3167 tores
667 3105 876 3167 solum
899 3105 966 3167 in
991 3105 1114 3167 boc
1149 3102 1516 3179 fundantur,
1547 3103 1720 3184 quod
1748 3103 1886 3165 haec
1908 3105 2043 3165 vin·

470 3200 720 3273 dicatio,
757 3205 831 3262 ut
863 3204 962 3261 est
997 3216 1036 3259 a
1065 3200 1226 3273 Deo,
1269 3202 1369 3260 est
1411 3196 1574 3261 actio
1620 3196 1884 3277 alicujus
1903 3198 2044 3277 jus-

469 3294 644 3369 titiae,
673 3300 742 3355 ut
783 3311 864 3355 ex
903 3292 1094 3355 modo
1135 3290 1438 3375 loquendi
1463 3291 1824 3373 Scripturoe,
1871 3298 1937 3353 et
1964 3310 2041 3355 ex

468 3386 605 3469 ipsa
629 3387 728 3449 rei
765 3392 992 3449 natura
1031 3392 1338 3467 tanquam
1377 3384 1782 3447 manifestum
1811 3402 2041 3467 suppo-

467 3488 628 3543 nunt
650 3498 667 3554 ;
697 3486 762 3541 et
787 3498 920 3543 non
953 3486 1050 3541 est
1073 3486 1254 3542 actus
1273 3478 1526 3559 justitiae
1553 3479 2031 3553 commutativae,

467 3572 612 3651 quia
641 3576 812 3635 Deus
839 3592 970 3635 non
1000 3572 1179 3653 ponit
1205 3572 1454 3651 culpam
1485 3570 1567 3631 ad
1586 3571 2033 3651 aequalitatem,

467 3666 578 3729 sed
607 3668 760 3729 citra
789 3668 1206 3749 condignum,
1233 3666 1390 3729 etin
1415 3665 1538 3727 hac
1559 3664 1882 3745 punitione
1909 3684 2035 3727 ser-

463 3766 570 3825 vat
594 3764 1066 3843 proportionem
1095 3764 1258 3825 iuter
1289 3778 1615 3843 personas,
1659 3768 1730 3824 ut
1763 3762 1838 3823 D.
1869 3761 2038 3824 Tho-

464 3871 602 3915 mas
640 3856 812 3917 dixit.
842 3854 1238 3937 Relinquitur
1265 3872 1417 3935 ergo
1443 3857 1511 3915 ut
1535 3854 1616 3917 sit
1639 3859 1820 3916 actus
1851 3854 2037 3933 justi—

464 3949 564 4011 tiae
617 3948 1046 4011 distributivae.
1100 3947 1311 4023 Adde,
1365 3946 1532 4010 inter
1581 3948 2033 4028 Jurisperitos,

465 4040 862 4105 Franciscum
909 4040 1309 4115 eonnau..1.
1373 4042 1411 4103 5
1465 4041 1813 4103 Commeat.
1865 4040 2035 4103 Juris

463 4135 652 4209 civil„
677 4153 818 4215 cap.
853 4139 914 4207 1,
945 4154 1012 4197 ιι.
1050 4136 1114 4208 2,
1141 4140 1399 4240 propter
1429 4133 1696 4195 similem
1721 4134 2033 4221 rationem

463 4229 790 4309 opinatum
821 4246 961 4289 esse
1001 4229 1068 4289 in
1095 4227 1374 4309 principe
1417 4226 1698 4289 humano
1747 4226 2033 4289 inflictio-

462 4340 610 4384 nem
647 4340 1004 4403 poenarum‚
1039 4320 1201 4382 sicut
1237 4320 1638 4400 proemiorum
1673 4320 2031 4383 retributio-

463 4433 634 4489 nem,
665 4415 1076 4495 adjustitiam
1099 4414 1558 4475 distributivam
1585 4414 1923 4493 pertinere.

545 4510 646 4570 13.
697 4508 992 4584 Quoto
1037 4506 1437 4589 &amemur
1463 4506 1536 4569 ab
1573 4506 1876 4589 aliquibus
1903 4508 2031 4571 koeo

459 4606 776 4669 sententia.
803 4634 888 4651 —
903 4601 1285 4665 Dissolvitur
1323 4602 1723 4687 immania.
1745 4634 1830 4649 -
1851 4602 2029 4663 Hanc

463 4698 839 4759 sententiam
897 4694 1092 4777 aliqui
1155 4698 1532 4777 impugnant
1599 4715 1678 4760 ex
1721 4714 1800 4757 eo
1857 4697 2029 4775 quod

461 4791 650 4865 Deus,
679 4808 824 4853 cum
839 4788 1116 4867 aliquem
1143 4790 1344 4869 punit,
1369 4807 1486 4869 per
1503 4808 1572 4851 se
1599 4789 1804 4851 solum
1829 4796 2031 4853 atten-

465 4882 558 4945 dit
575 4900 768 4963 opera
787 4884 925 4963 ejus
943 4886 1007 4944 et
1023 4898 1156 4943 non
1173 4883 1708 4961 comparationem
1733 4882 1815 4945 ad
1833 4883 2021 4957 alios;

463 4982 596 5038 tum
627 4978 778 5058 quia
803 4978 892 5038 ita
919 4977 986 5037 in
1013 4976 1334 5056 Scriptura
1367 4976 1665 5055 loquitur,
1690 4979 1882 5057 Apoc.
1919 4978 2025 5037 18:

467 5069 775 5145 &cutm
805 5069 1170 5154 plorifioavit
1191 5086 1256 5133 se
1284 5069 1352 5131 iu
1379 5069 1635 5144 deliciis,
1658 5075 1897 5135 tantum
1923 5072 2033 5135 da·

463 5170 520 5228 te
557 5167 614 5227 ei
643 5168 1112 5237 tamaianam
1143 5167 1206 5225 et
1233 5165 1498 5225 Roman.
1533 5166 1610 5225 2:
1641 5163 1872 5227 Reddet
1891 5164 2035 5227 uati-

467 5256 676 5341 cuipoe
697 5258 1024 5323 emadan
1059 5274 1244 5339 opera
1257 5274 1434 5349 ‚enm
1464 5263 1600 5319 tum
1649 5258 1844 5319 etiam
1881 5258 2032 5339 quia

463 5351 544 5412 ad
585 5352 976 5430 punitionem
1013 5349 1219 5413 delicti
1267 5350 1532 5431 alicujus
1555 5368 1869 5431 personae,
1898 5350 2033 5413 val-

463 5446 544 5507 de
569 5446 1028 5508 accidentarius
1053 5453 1152 5507 est
1183 5450 1510 5525 respectus
1541 5444 1624 5507 ad
1649 5445 1828 5506 alios.
1879 5446 2029 5507 Haec

461 5546 678 5603 tamen
703 5558 832 5600 non
883 5556 990 5601 me
1043 5538 1386 5619 plurimum
1429 5544 1706 5613 movent,
1755 5538 1808 5599 si
1857 5536 2031 5599 aliud

2116 2647 2403 2726 justitian
2448 2648 2620 2728 quia,
2659 2648 2805 2708 licet
2848 2647 3015 2706 Deus
3052 2644 3116 2704 in
3156 2641 3457 2702 taxandis
3500 2639 3697 2718 poenis

2124 2749 2548 2821 peccatorum,
2574 2741 2849 2804 minores
2877 2735 3245 2817 imposuerit
3270 2751 3473 2814 quam
3494 2733 3695 2810 singn-

2124 2833 2187 2896 la
2232 2835 2295 2896 in
2336 2835 2543 2914 rigore
2590 2833 2819 2895 mereri
2860 2831 3121 2910 possint,
3156 2835 3221 2890 et
3262 2829 3411 2890 ideo
3456 2827 3695 2888 dicatur

2122 2927 2348 3006 punire
2380 2929 2535 2990 citra
2560 2927 2967 3006 condignum,
3008 2924 3091 2986 de
3126 2922 3328 3003 poenis
3355 2927 3693 2982 tamenne

2124 3022 2349 3082 taxatis
2374 3021 2531 3082 nibil
2560 3025 2781 3100 postea
2809 3017 3087 3091 remittit,
3118 3023 3189 3078 ut
3212 3015 3403 3076 divus
3426 3013 3691 3074 Thomas

2124 3114 2317 3178 etiam
2342 3124 2532 3197 supra
2556 3114 2771 3186 doeet;
2794 3120 2859 3175 et
2876 3113 2999 3174 hoc
3018 3111 3173 3173 satis
3194 3115 3365 3171 esset
3390 3105 3479 3169 ad
3492 3124 3689 3185 aequa·

2120 3210 2361 3272 litatem
2408 3206 2867 3271 commutativae
2904 3204 3163 3285 justitiis
3200 3200 3609 3273 servandam,
3640 3199 3685 3257 si

2121 3299 2375 3365 aliunde
2428 3300 2845 3363 intercederet
2886 3299 3167 3361 debitum
3212 3296 3313 3359 vel
3368 3294 3681 3375 obligatio.

2118 3398 2274 3469 Imo‚
2306 3395 2453 3457 licet
2489 3395 2571 3456 de
2610 3394 2716 3455 illa
2758 3410 2945 3473 poena
2996 3396 3205 3453 taxata
3244 3390 3421 3451 Dens
3458 3386 3683 3466 aliquid

2116 3488 2485 3559 remitteret.
2530 3494 2601 3549 ut
2640 3504 2975 3567 supremus
3010 3484 3341 3556 Dominus,
3382 3480 3681 3543 nihilomi-

2117 3600 2239 3643 nus
2264 3582 2331 3643 in
2369 3580 2707 3643 inflictione
2733 3580 2995 3643 alterius
3020 3583 3217 3658 partis
3242 3592 3455 3657 poenoe
3482 3580 3683 3653 posset

2116 3674 2497 3737 intervenire
2518 3674 2757 3754 justitia
2784 3672 3249 3745 commutativa,
3276 3670 3331 3731 si
3359 3667 3539 3730 aliud
3562 3686 3677 3729 nou

2116 3768 2423 3841 obstarem
2458 3768 2620 3829 sicut
2646 3766 2809 3828 inter
2836 3766 3150 3839 homines,
3176 3766 3285 3844 qui
3319 3761 3509 3825 solvit
3544 3778 3679 3843 par·

2114 3866 2245 3925 tem
2268 3860 2483 3935 debiti,
2514 3867 2577 3923 et
2605 3879 2735 3922 non
2762 3866 2983 3935 totum,
3008 3860 3109 3921 vel
3130 3860 3281 3939 quia
3301 3876 3437 3919 non
3460 3861 3677 3937 potest,

2115 3956 2217 4017 vel
2234 3955 2383 4034 quia
2404 3954 2599 4017 habet
2617 3954 2807 4016 aliam
2826 3952 3171 4033 legitimam
3192 3952 3679 4025 excusationem,

2114 4055 2325 4111 actum
2340 4048 2597 4128 justitio
2621 4046 3079 4111 commutativoe
3106 4049 3378 4107 exercet.
3404 4044 3681 4123 Denique

2112 4142 2399 4221 quamvis
2429 4142 2601 4203 Deus
2628 4141 2693 4202 in
2726 4140 2845 4201 hac
2880 4139 3207 4219 punitione
3246 4138 3465 4217 aliquo
3502 4135 3680 4197 modo

2111 4234 2403 4315 respiciat
2424 4232 2895 4314 proportionem
2910 4248 3327 4313 personarum
3346 4228 3547 4311 (quod
3570 4246 3683 4309 ego

2110 4346 2238 4389 non
2268 4327 2565 4407 negabo),
2589 4326 2709 4389 hoc
2728 4344 2855 4387 non
2878 4326 3029 4387 satis
3048 4329 3235 4387 estut
3262 4324 3413 4385 inde
3440 4323 3681 4385 conclu·

2110 4420 2296 4481 datur
2322 4418 2575 4501 propria
2600 4428 2665 4481 et
2692 4418 2979 4498 specialis
2990 4417 3237 4497 ,institia
3252 4415 3675 4487 distributim

2108 4530 2262 4576 nam
2306 4512 2445 4575 alie
2484 4512 2673 4575 etiam
2706 4511 2983 4592 justitiae‚
3032 4512 3162 4573 imo
3204 4516 3269 4571 et
3308 4510 3453 4571 alie.
3494 4509 3676 4571 etiam

2108 4608 2369 4669 virtutes
2386 4604 2701 4667 interdum
2726 4609 2981 4667 servant
3000 4604 3165 4668 banc
3184 4602 3673 4685 proportionem,

2107 4704 2179 4763 ut
2206 4718 2399 4781 supra
2428 4698 2693 4761 ostendi.

2191 4794 2288 4855 15.
2319 4791 2605 4859 Saouenda
2628 4792 2791 4857 ratio
2820 4798 3037 4855 contra
3056 4808 3191 4855 aaut
3208 4793 3597 4855 renuntiem.
3612 4824 3673 4839 -

2108 4885 2399 4949 Secunda
2425 4886 2583 4947 ratio
2610 4892 2675 4947 et
2700 4884 3044 4966 praecipua,
3066 4882 3151 4945 ob
3174 4902 3371 4964 quam
3398 4884 3677 4965 displicet

2111 4980 2248 5043 hice
2286 4979 2619 5055 sententia,
2670 4984 2789 5052 est,
2832 4978 2983 5065 quia
3018 4976 3133 5037 ubi
3172 4996 3305 5039 non
3346 4978 3677 5041 intervenit

2112 5072 2393 5135 debitum
2432 5072 2687 5152 justitiae
2715 5070 3145 5139 distributivae.
3174 5088 3295 5132 nec
3328 5072 3583 5151 propria
3618 5077 3673 5133 et

2112 5166 2399 5247 specialis
2436 5164 2679 5245 ,iustitia
2728 5164 3121 5227 distributiva
3156 5181 3273 5227 seu
3322 5170 3505 5226 actus
3544 5163 3672 5243 ejus

2110 5256 2488 5321 intervenire
2506 5263 2731 5341 potest.
2748 5258 2820 5319 In
2838 5258 3273 5339 poenisantem
3294 5257 3665 5339 infligendis,

2110 5368 2237 5413 non
2266 5352 2603 5415 intervenit
2644 5350 2913 5431 speciale
2956 5350 3239 5413 debitum
3272 5350 3535 5433 justitia
3562 5351 3669 5411 dis

2108 5444 2449 5517 tributim-,3
2498 5462 2675 5525 ergo.
2722 5444 2923 5524 Major
2972 5447 3215 5507 consuat
3258 5462 3343 5505 ex
3388 5444 3665 5505 omnihus

2110 5538 2481 5621 supradictis
2520 5538 2600 5599 de
2652 5538 2891 5599 ratione
2928 5537 3183 5617 justitie
3225 5537 3293 5597 in
3330 5538 3659 5611 communi,
