3850 6225
444 398 564 458 366

443 506 548 578 sit:
585 509 647 565 et
665 504 715 565 si
744 506 862 566 hoc
889 506 1090 583 ipsum
1115 506 1359 569 dicatur
1381 510 1674 589 cognosci
1701 509 1766 569 in
1793 509 2003 588 aliqua

441 598 632 677 priori
653 616 842 659 causa
863 644 878 671 ,
913 618 1128 661 rursus
1157 600 1323 661 idem
1355 600 1434 663 de
1463 602 1568 663 illa
1593 602 2007 679 interrogabi-

444 710 605 765 mus,
659 698 723 753 et
766 693 975 752 nullus
1017 693 1132 755 erit
1165 696 1492 774 quaestioni
1535 696 1699 769 finis,
1741 696 1857 757 nisi
1900 696 2005 757 vel

443 786 738 846 sistamus
771 786 834 845 in
877 804 1066 847 causa
1109 789 1464 849 necessario
1495 795 1720 867 agente
1751 834 1766 863 ,
1812 789 1911 849 vel
1938 789 2005 851 in

443 878 668 940 effectu
705 879 811 959 qui
841 896 966 940 non
997 880 1190 958 possit
1221 882 1509 961 cognosci
1543 882 1610 941 in
1643 900 1832 943 causa
1865 900 2001 943 sua.

443 972 506 1034 Si
549 980 760 1034 autem
811 992 1152 1035 concursus
1195 974 1442 1035 illorum
1493 976 1814 1050 omnium„
1863 992 2003 1053 quae

445 1063 864 1125 determinant
889 1065 1276 1126 voluntatem
1301 1111 1316 1139 ,
1362 1066 1606 1127 dicatur
1632 1068 2003 1128 necessitate

445 1156 716 1235 quadam
748 1158 1014 1219 naturali
1041 1160 1314 1232 evenire,
1355 1160 1514 1239 perit
1542 1160 1821 1233 libertae,
1854 1160 2003 1239 quia

445 1268 665 1321 causa,
717 1268 855 1330 quai
895 1251 1268 1313 necessitate
1307 1259 1548 1313 naturae
1592 1253 2005 1315 determinata

444 1348 538 1405 est
565 1342 644 1403 ad
673 1361 867 1403 unum
901 1389 917 1417 ,
962 1362 1090 1405 non
1120 1346 1247 1425 agit
1275 1346 1493 1419 libere,
1527 1364 1676 1406 nam
1721 1347 1850 1407 hoec
1877 1347 2003 1407 duo

445 1442 590 1497 sunt
613 1436 1133 1510 contradictoria3
1181 1437 1294 1499 sed
1337 1440 1478 1500 talis
1512 1456 1701 1500 causa
1731 1440 2007 1501 necessi-

445 1534 570 1591 tate
611 1536 851 1591 naturai
881 1529 1294 1591 determinata
1333 1538 1427 1593 est
1463 1532 1544 1592 ad
1583 1550 1817 1607 unum,
1857 1532 2005 1612 quia

445 1624 814 1684 necessitate
855 1628 1096 1684 naturai
1143 1623 1434 1686 dicuntur
1468 1624 1554 1685 illi
1603 1626 1860 1705 adjungi
1903 1624 2009 1686 vel

445 1715 805 1793 superaddi,
837 1734 976 1795 quoe
1006 1716 1176 1777 illam
1205 1717 1626 1779 determinant
1652 1719 1735 1780 ad
1763 1736 2001 1793 unum;

445 1826 620 1887 ergo.

526 1904 586 1963 5.
632 1901 746 1962 Vel
777 1901 957 1963 aliter
987 1908 1193 1987 potest
1217 1905 1336 1965 hoc
1369 1904 1660 1965 dilemma
1697 1906 1959 1985 proponi
1986 1923 2001 1965 z

445 2012 594 2057 nam
615 1996 714 2057 vel
747 2014 1087 2057 concursus
1115 1998 1398 2058 omnium
1425 1998 1674 2058 illarum
1709 1997 2007 2059 conditio·

445 2106 596 2151 num
625 2134 640 2161 ,
678 2106 818 2168 quae
847 2088 1140 2150 dicuntur
1177 2090 1596 2151 determinare
1627 2090 2003 2166 libertatem,

445 2184 732 2261 provenit
758 2182 838 2241 ab
875 2182 1244 2255 extrinsece,
1289 2184 1422 2262 ipsa
1453 2183 1771 2243 voluntate
1802 2182 2007 2243 solum

445 2274 690 2353 passive
718 2292 784 2334 se
819 2272 1092 2335 habente
1119 2294 1135 2346 ς
1175 2276 1273 2335 vel
1307 2275 1512 2336 medio
1543 2276 1780 2336 influxu
1809 2275 2005 2337 libero

445 2368 772 2447 ipsiusmet
809 2368 1162 2429 voluntatis.
1207 2370 1272 2429 Si
1305 2368 1576 2447 primum
1607 2368 1869 2440 dicatur,
1911 2386 2007 2428 se·

443 2461 654 2540 quitur
693 2460 976 2539 impediri
1017 2478 1268 2540 semper
1295 2480 1408 2521 seu
1434 2461 1564 2522 tolli
1609 2480 1790 2521 usum
1822 2462 2007 2522 liber-

441 2555 608 2628 tatis,
637 2572 780 2614 cum
801 2554 1086 2615 voluntas
1122 2555 1202 2615 ab
1225 2555 1348 2617 alio
1377 2554 1460 2616 ad
1483 2574 1682 2616 unum
1711 2555 2007 2616 determi-

443 2656 628 2709 netur
653 2694 668 2720 ,
707 2648 881 2727 prius
909 2666 1098 2727 quam
1141 2648 1273 2727 ipsa
1302 2648 1584 2710 libertate
1613 2668 1728 2709 sua
1757 2652 2005 2723 utatur,

442 2761 580 2821 quae
609 2742 800 2803 illatio
829 2758 998 2821 saepe
1029 2748 1120 2802 est
1161 2742 1228 2801 in
1257 2742 1681 2822 superioribus
1710 2742 1997 2821 probata,

439 2836 598 2897 libro
639 2836 840 2915 primo
873 2844 936 2897 et
963 2836 1168 2896 tertio.
1214 2838 1338 2897 Nec
1369 2837 1559 2897 retert
1585 2838 1634 2898 si
1665 2837 1806 2915 quis
1837 2836 2003 2897 dicat

441 2948 626 3010 posse
660 2932 824 2990 hanc
859 2929 1444 2991 determinationem
1488 2930 1822 2991 voluntatis
1863 2948 2001 2991 esse

440 3023 767 3098 moralem,
815 3029 874 3083 et
903 3032 1031 3082 non
1063 3023 1408 3101 physicam,
1443 3022 1708 3101 ideoque
1739 3041 1867 3083 non
1893 3023 2006 3083 im-

440 3117 656 3198 pedire
689 3119 1063 3178 libertatem.
1121 3119 1249 3178 Hoc
1291 3119 1592 3198 (inquam)
1622 3136 1750 3178 non
1775 3119 2005 3192 obstat,

441 3212 588 3290 quia
613 3212 716 3272 illa
739 3210 1174 3272 determinatio
1201 3212 1478 3285 moralis,
1507 3211 1710 3290 qualis
1739 3231 1876 3272 esse
1898 3229 2008 3291 po-

439 3309 582 3388 test,
635 3322 762 3365 non
813 3311 908 3364 est
951 3305 1332 3376 necessaria,
1383 3323 1501 3366 nec
1553 3323 1826 3382 semper,
1875 3305 2005 3364 imo

439 3417 584 3459 raro
613 3397 919 3468 occurrit;
949 3397 1082 3457 haec
1111 3402 1318 3457 autem
1345 3398 1552 3458 futura
1581 3396 2007 3458 conditionata

440 3509 570 3552 non
599 3491 800 3552 solum
831 3497 1295 3568 cognoscuntur
1327 3489 1390 3551 in
1423 3491 1520 3552 his
1547 3491 1872 3552 effectibus
1899 3491 2007 3569 qui

439 3584 816 3664 proveniunt
843 3601 878 3643 a
913 3583 1230 3644 voluntate
1279 3584 1366 3645 sic
1409 3584 1822 3649 determinata
1843 3629 1859 3656 ,
1891 3583 2007 3644 sed

442 3677 631 3738 etiam
677 3678 744 3737 in
781 3677 881 3737 his
921 3695 1060 3754 quae
1113 3682 1258 3738 sunt
1301 3695 1338 3738 a
1377 3677 1696 3740 voluntate
1745 3678 2004 3740 omnino

443 3769 862 3843 indifi'erente,
901 3771 1028 3832 imo
1057 3777 1118 3831 et
1141 3770 1454 3832 interdum
1477 3772 1542 3832 in
1571 3771 1668 3832 his
1694 3789 1832 3852 quoe
1860 3777 2005 3831 sunt

443 3883 480 3924 a
511 3863 830 3924 voluntate
871 3863 934 3924 in
972 3863 1323 3943 oppositam
1355 3871 1596 3943 partem
1627 3864 1828 3945 magis
1857 3881 2005 3941 pro-

443 3973 642 4034 pensa
663 4001 678 4027 ,
709 3962 778 4015 ut
805 3955 884 4016 de
919 3964 1177 4035 peccato
1206 3955 1352 4017 Adae
1373 4001 1389 4028 ,
1433 3962 1494 4017 et
1521 3956 1598 4016 de
1625 3957 1760 4018 aliis
1791 3955 2007 4018 simili-

443 4049 562 4110 bus
587 4049 992 4126 dicebamus3
1029 4056 1166 4110 tum
1193 4050 1382 4110 etiam
1409 4051 1556 4127 quia
1585 4050 1690 4110 illa
1717 4051 2009 4113 determi-

442 4143 612 4204 natio
633 4187 649 4214 ,
693 4141 838 4202 licet
866 4141 1145 4202 fortassis
1177 4141 1318 4202 talis
1357 4143 1436 4203 sit
1463 4149 1535 4203 ut
1569 4148 1746 4204 actus
1779 4145 1858 4206 sit
1889 4163 2007 4205 suo

443 4235 632 4298 modo
662 4235 1020 4306 infallibilis,
1053 4251 1180 4296 non
1209 4241 1422 4295 tamen
1453 4241 1546 4297 est
1579 4241 1778 4310 tanta,
1819 4243 1888 4297 ut
1913 4254 2009 4298 re-

445 4333 686 4410 pugnet
711 4329 964 4388 omnino
984 4375 1000 4400 ,
1043 4331 1106 4388 et
1143 4328 1418 4406 implicet
1455 4329 2011 4391 contradictionem

449 4422 626 4484 aliter
655 4423 908 4482 evenire
947 4438 1139 4500 quam
1174 4420 1525 4499 judicatum
1553 4428 1685 4495 est;
1721 4423 1890 4502 quod
1915 4430 2011 4484 ta-

449 4533 597 4576 men
623 4514 690 4574 in
715 4514 975 4575 veritate
1021 4514 1247 4575 divinae
1282 4514 1554 4575 scientim
1595 4515 1854 4595 reperiri
1892 4535 2009 4576 ne-

447 4625 622 4670 cesse
665 4609 781 4680 est,
827 4612 894 4668 ut
940 4612 1034 4668 est
1079 4606 1266 4666 etiam
1309 4607 1374 4668 in
1419 4607 1846 4686 superioribus
1879 4615 2007 4670 tac-

445 4709 601 4763 tum.

524 4797 584 4856 6.
611 4792 972 4858 Ovem-'itur
994 4793 1543 4875 respondam—Si
1579 4811 1727 4855 vero
1763 4795 2009 4856 dicatur

445 4888 510 4947 in
531 4887 650 4948 illis
674 4885 1131 4947 conditionibus
1151 4886 1379 4946 includi
1405 4886 1678 4965 aliquem
1699 4889 2005 4948 influxum

447 4981 716 5042 liberum
756 4979 1079 5060 ipsiusmet
1111 4980 1472 5052 voluntatiS,
1517 4979 1700 5043 facile
1734 4982 2011 5061 rejicitur

447 5073 590 5134 talis
617 5072 965 5152 responsio,
1008 5072 1156 5150 qnia
1187 5073 1458 5134 influxus
1487 5073 1646 5135 liber
1672 5073 2009 5136 voluntatis

446 5167 730 5247 proxime
751 5183 880 5228 non
909 5172 1005 5227 est
1029 5166 1148 5227 nisi
1171 5166 1236 5226 in
1265 5165 1536 5244 aliquem
1557 5175 1767 5229 actum
1789 5187 2009 5230 secun·

447 5261 600 5321 dum
629 5259 710 5320 ab
738 5260 872 5339 ipsa
900 5259 1220 5320 voluntate
1257 5259 1555 5332 elicitum,
1597 5266 1662 5320 et
1691 5260 2009 5323 mediante

445 5352 552 5413 illo
581 5352 646 5412 in
677 5353 948 5430 aliquem
979 5353 1172 5413 alium
1204 5351 1490 5413 effectum
1517 5371 1534 5422 ;
1569 5371 1718 5432 ergo
1749 5352 1888 5414 talis
1915 5353 2013 5414 in-

447 5446 655 5506 fluxus
677 5445 836 5506 liber
860 5461 988 5505 non
1023 5451 1118 5506 est
1145 5462 1341 5506 unum
1367 5463 1444 5506 ex
1477 5445 1920 5525 praerequisitis
1945 5446 2012 5508 in

451 5553 640 5599 causa
675 5538 870 5601 libera
897 5536 994 5598 ad
1031 5545 1240 5599 actum
1275 5537 1544 5600 liberum
1577 5537 2008 5612 efficiendum,

954 404 1164 459 OPUSC.
1199 406 1260 471 n,
1301 406 1418 461 Lm.
1451 406 1512 461 ΙΙ.
1551 406 1630 461 DE
1663 406 1949 463 scu-:Nm
1982 410 2441 466 convrrlomu
2474 412 2698 465 ruma.
2734 407 3142 464 cosmetur.

2090 512 2201 573 scd
2246 518 2341 574 est
2382 514 2520 591 ipsa
2568 510 2815 572 effectio
2858 516 3033 570 actus
3078 508 3279 568 liberi.
3326 506 3495 570 Unde
3532 526 3641 568 co-

2086 622 2389 685 gnoscere
2410 612 2620 665 actum
2642 604 2910 664 liberum
2936 602 3219 663 futurum
3246 600 3311 661 in
3334 599 3441 661 tali
3462 601 3639 661 effec-

2084 696 2253 758 tione
2294 696 2529 769 futura,
2574 714 2702 757 non
2752 702 2847 757 est
2894 712 3277 773 cognoscere
3316 694 3383 753 in
3430 710 3635 764 causa,

2090 789 2203 851 sed
2240 790 2303 850 in
2344 808 2435 851 se.
2482 789 2609 850 Nisi
2650 789 2914 849 fortasse
2956 805 3163 849 sermo
3210 787 3290 846 sit
3324 785 3401 846 de
3436 785 3641 865 aliquo

2088 884 2414 961 posteriori
2450 889 2615 955 actu,
2658 883 2763 963 qui
2804 884 2867 943 in
2910 882 3031 942 alio
3076 881 3267 959 priori
3310 896 3644 958 cognosca-

2086 982 2217 1049 tur,
2262 976 2430 1055 quod
2462 976 2550 1037 nil
2590 975 2784 1037 refert
2829 975 2908 1035 ad
2942 974 3355 1054 quaestionem
3398 972 3475 1032 de
3514 988 3643 1049 qua

2090 1075 2459 1143 tractamus,
2492 1070 2639 1149 quia
2685 1086 2813 1129 non
2860 1068 3219 1127 dubitamus
3270 1066 3455 1144 quin,
3496 1083 3643 1143 sup-

2086 1163 2287 1241 posito
2340 1182 2467 1223 uno
2527 1168 2668 1222 actu
2728 1161 2925 1221 libero
2946 1206 2962 1235 ,
3014 1160 3207 1238 possit
3244 1160 3309 1218 in
3363 1174 3435 1217 eo
3488 1157 3643 1216 alius

2088 1256 2403 1333 cognosci,
2436 1255 2556 1316 sub
2584 1256 2702 1315 hac
2730 1252 3133 1314 conditionali
3160 1250 3354 1329 (verbi
3386 1248 3635 1327 gratia):

2086 1346 2151 1409 Si
2182 1348 2323 1425 quis
2352 1354 2520 1409 amet
2556 1353 2619 1409 et
2642 1364 2770 1408 non
2794 1346 3046 1417 habeat,
3076 1341 3493 1413 desiderabit;
3524 1342 3641 1401 hoc

2087 1446 2299 1500 autem
2330 1440 2521 1500 modo
2546 1456 2675 1499 non
2710 1440 3107 1517 cognoscitur
3144 1436 3535 1514 contingens,
3576 1440 3643 1494 ut

2088 1534 2198 1606 sic,
2239 1532 2351 1593 sed
2378 1533 2803 1593 necessarium
2842 1550 2919 1592 ex
2950 1530 3400 1610 suppositione,
3440 1534 3504 1588 et
3528 1527 3645 1587 snb

2088 1643 2163 1685 ea
2193 1624 2433 1685 ratione
2471 1642 2595 1704 qua
2628 1624 3054 1686 necessarium
3084 1628 3217 1694 θεῖς
3266 1626 3330 1681 et
3366 1626 3511 1681 tunc
3548 1636 3645 1679 re·

2086 1718 2387 1798 linquitur
2414 1717 2677 1796 quaestio
2714 1718 2939 1778 eadem
2966 1716 3045 1777 de
3074 1716 3179 1775 illa
3218 1712 3643 1793 suppositione

2084 1812 2307 1885 libera,
2346 1810 2666 1889 quomodo
2714 1814 3133 1889 cognoscatur
3194 1824 3333 1868 esse
3382 1806 3585 1867 futura
3624 1850 3642 1878 ,

2088 1904 2141 1964 si
2196 1921 2386 1964 causa
2451 1904 2591 1982 ejus
2658 1904 2725 1963 in
2790 1904 2895 1963 tali
2952 1901 3365 1981 dispositione
3424 1897 3647 1959 consti-

2087 2002 2319 2058 tuatur.
2366 2000 2569 2076 Atque
2602 1997 2753 2057 item
2794 1998 2901 2057 illa
2936 1994 3264 2074 responsio
3304 2011 3432 2054 non
3464 1991 3649 2051 habet

2088 2093 2295 2152 locum
2322 2090 2389 2151 in
2410 2090 2613 2169 primo
2640 2096 2783 2151 actu
2804 2108 2915 2151 seu
2938 2089 3141 2169 primo
3168 2087 3413 2147 influxu
3430 2084 3643 2155 libero,

2088 2183 2431 2264 quomode,
2458 2183 2714 2258 scilicet,
2744 2184 2863 2243 sub
2882 2201 2953 2243 ea
2978 2181 3337 2243 conditione
3360 2177 3647 2257 cognosci

2088 2277 2303 2357 possit,
2338 2294 2479 2337 cum
2508 2284 2717 2337 tamen
2740 2282 2868 2337 tota
2888 2274 3218 2336 difficultas
3238 2271 3425 2345 sitde
3448 2271 3643 2348 primo

2086 2376 2231 2432 actu
2278 2376 2339 2431 et
2384 2370 2585 2449 prima
2640 2370 2965 2430 effectione
3022 2368 3271 2439 libera;
3324 2380 3479 2424 nam
3520 2364 3646 2423 haec

2088 2464 2343 2524 scientia
2374 2463 2456 2523 ad
2482 2463 2597 2523 ista
2630 2462 2842 2535 omnia
2874 2460 3259 2533 extenditur,
3306 2464 3377 2518 nt
3404 2474 3485 2517 ex
3510 2474 3647 2535 pro-

2086 2556 2445 2617 bationibus
2474 2556 2762 2634 superius
2791 2554 3075 2615 adductis
3098 2556 3370 2614 constat.

2172 2649 2593 2712 Fra-cluditur
2630 2648 2831 2711 evasio
2872 2648 3166 2729 quoedam.
3212 2678 3297 2691 -
3349 2644 3649 2705 Praeterea

2082 2743 2437 2805 declaratur
2462 2742 2525 2801 in
2554 2743 2719 2801 hunc
2740 2741 3000 2801 modum
3022 2759 3039 2813 3
3070 2757 3221 2799 nam
3244 2739 3301 2797 si
3320 2738 3445 2798 hoc
3464 2734 3644 2796 modo

2083 2839 2181 2897 hae
2230 2835 2687 2897 conditionales
2728 2838 3232 2913 cognoscuntur,
3280 2848 3501 2891 revera
3546 2846 3645 2888 co-

2085 2934 2473 3010 gnoscuntur
2504 2929 2572 2988 in
2602 2928 2663 2989 vi
2691 2928 2985 2989 illationis
3019 2972 3035 2999 ,
3080 2927 3229 3005 quia
3256 2924 3647 3004 cognoscitur

2088 3038 2486 3101 consequens
2516 3022 2579 3081 in
2608 3020 3045 3093 antecedente,
3080 3020 3230 3098 quia
3258 3016 3649 3097 cognoscitur

2088 3137 2165 3180 ex
2200 3119 2259 3178 vi
2303 3118 2441 3197 ejus
2480 3115 2885 3176 infallibiliter
2920 3115 3203 3175 futurum
3232 3133 3249 3186 ς
3296 3131 3455 3192 ergo
3488 3117 3549 3170 et
3578 3127 3649 3169 ex

2086 3211 2497 3283 necessitate;
2530 3227 2681 3270 nam
2712 3209 3137 3279 infallibilitas,
3172 3225 3317 3287 quae
3354 3206 3557 3266 oritur
3578 3221 3650 3263 ex

2088 3305 2149 3366 vi
2178 3285 2607 3365 antecedeniis
2626 3319 2743 3384 per
2766 3321 2835 3363 se
2864 3301 3116 3380 sumpti,
3146 3301 3321 3362 nulla
3342 3299 3469 3359 alia
3494 3297 3649 3357 facta

2088 3397 2513 3478 suppositione
2544 3415 2622 3457 ex
2661 3403 2837 3475 parte
2876 3395 3357 3474 consequentis,
3396 3391 3649 3471 requirit

2086 3492 2525 3554 necessitatem
2568 3490 2635 3550 in
2670 3507 2858 3551 causa
2896 3496 3081 3569 prout
3122 3487 3443 3551 antecedit
3468 3501 3647 3546 usum

2086 3585 2387 3647 libertatis
2410 3604 2425 3657 3
2468 3584 2611 3646 talis
2636 3589 2852 3644 autem
2890 3583 3233 3643 necessitas
3256 3586 3355 3642 est
3376 3579 3644 3642 necessi-

2086 3685 2183 3739 tas
2212 3677 2593 3757 simpliciter,
2640 3683 2705 3738 et
2740 3676 3008 3738 libertati
3046 3678 3381 3754 repugnat.
3422 3671 3652 3734 Confir-

2084 3776 2295 3833 matur
2324 3771 2512 3832 etiam
2544 3787 2581 3830 a
2610 3769 2963 3849 posteriori,
2991 3769 3162 3848 quia,
3188 3768 3241 3827 si
3268 3785 3347 3827 ex
3376 3781 3651 3843 compre-

2088 3863 2387 3925 hensione
2430 3881 2641 3924 causae
2678 3869 2891 3942 posset
2928 3861 3221 3941 cognosci
3250 3859 3537 3920 futuritio
3568 3864 3651 3916 ta-

2087 3957 2163 4018 lis
2212 3957 2494 4029 effectus,
2542 3955 2808 4035 angelus
2849 3959 3063 4033 posset
3108 3952 3475 4032 hujusmodi
3516 3967 3651 4010 con-

2088 4049 2451 4112 ditionalem
2502 4049 2998 4128 propositionem
3052 4063 3463 4127 cognoscere,
3514 4043 3649 4122 quia

2088 4141 2565 4222 comprehendit
2601 4142 2946 4202 humanam
2978 4141 3366 4201 voluntatem
3387 4183 3403 4212 ‚
3450 4135 3651 4217 quoad

2088 4240 2469 4316 potestatem
2498 4235 2657 4314 ejus,
2692 4239 2755 4294 et
2781 4235 2993 4314 quoad
3020 4251 3241 4294 omnes
3269 4231 3651 4293 conditiones

2090 4328 2424 4408 requisitas
2464 4327 2545 4390 ad
2584 4329 2973 4408 operandum
3008 4335 3153 4389 ante
3190 4345 3378 4386 usum
3407 4325 3653 4385 liberta-

2086 4424 2167 4483 tis
2192 4441 2209 4496 ;
2254 4441 2405 4500 ergo
2436 4422 2627 4483 etiam
2658 4426 2997 4500 cognoscet
3022 4419 3173 4499 quid
3200 4419 3410 4490 faciet,
3442 4419 3541 4477 his
3566 4413 3653 4476 vel

2086 4515 2208 4578 illis
2232 4515 2693 4578 conditionibus
2711 4515 2946 4594 positis.
2974 4512 3385 4591 Respondent
3400 4509 3651 4590 quidam

2088 4628 2217 4672 non
2246 4627 2385 4671 esse
2410 4625 2627 4688 parem
2658 4610 2985 4680 rationem,
3016 4607 3187 4685 quia,
3222 4605 3369 4666 licet
3396 4604 3653 4684 angelus

2090 4703 2606 4782 comprehendat,
2638 4721 2767 4763 non
2808 4707 3019 4762 tamen
3054 4699 3653 4779 supercomprehen·

2094 4795 2187 4857 dit
2218 4795 2377 4857 sicut
2406 4797 2608 4868 Deus;
2648 4795 2760 4856 sed
2786 4800 3025 4868 contra,
3058 4793 3205 4872 quia
3244 4798 3355 4852 aut
3386 4792 3521 4851 hoec
3542 4807 3654 4850 vox

2086 4889 2381 4968 importat
2438 4907 2766 4952 excessum
2810 4887 3209 4967 perfectionis
3248 4886 3314 4945 in
3362 4879 3653 4962 cognitio·

2092 5002 2171 5044 ne
2208 4984 2411 5043 solam
2440 5001 2517 5044 ex
2546 4991 2723 5062 parte
2760 4981 3211 5057 cognoscentis,
3242 4985 3353 5040 aut
3398 4996 3479 5038 ex
3518 4994 3653 5056 par-

2088 5081 2151 5136 te
2189 5076 2277 5137 rei
2332 5077 2616 5155 cognitae.
2656 5075 2931 5136 Primum
2972 5075 3175 5134 solum
3204 5070 3361 5131 nihil
3404 5069 3597 5130 refert
3632 5113 3647 5136 ,

2092 5169 2238 5248 quia
2292 5169 2343 5228 si
2390 5168 2661 5248 cog-nitio
2708 5182 2885 5244 oeque
2932 5164 3291 5225 manifestat
3336 5167 3544 5222 totum
3594 5160 3649 5219 id

2091 5263 2261 5340 quod
2290 5263 2475 5322 estin
2505 5261 2773 5341 objecto,
2807 5267 2869 5320 et
2898 5265 3201 5339 quantum
3232 5275 3313 5318 ex
3340 5263 3523 5334 parte
3552 5255 3649 5314 oh-

2086 5355 2233 5432 jecti
2268 5353 2689 5434 cognoscibile
2724 5359 2840 5425 est,
2870 5353 3059 5413 etiam
3088 5349 3449 5411 manifestat
3478 5347 3648 5426 quid-

2094 5447 2245 5525 quid
2275 5463 2351 5508 ex
2380 5447 2441 5506 vi
2482 5447 2621 5507 talis
2652 5445 2881 5525 objecti
2916 5443 3207 5524 cognosci
3242 5449 3490 5522 potest,
3532 5441 3645 5501 imo

2093 5542 2215 5604 hoc
2250 5542 2520 5619 pertinet
2568 5540 2649 5602 ad
2688 5540 2993 5602 rationem
3028 5537 3639 5618 compoehensionis3
