3850 6225
484 404 606 465 444

477 508 738 589 justitia,
783 526 924 589 quae
953 528 1092 571 esse
1122 513 1328 590 potest
1359 510 1426 572 in
1451 512 1690 573 meritis
1719 510 2047 573 hominum

485 621 636 683 erga
675 606 901 678 Deum,
933 604 1044 665 sed
1092 605 1216 666 late
1262 604 1340 667 de
1369 605 1591 666 merito
1628 604 1708 667 de
1739 608 2042 686 congruo,

483 696 656 805 quod
683 702 778 757 est
811 702 1028 759 contra
1049 698 1176 758 vim
1207 698 1454 759 illorum
1481 698 1860 759 verborum:
1899 700 2049 763 Non

485 790 640 853 euim
679 789 952 871 injustus
983 792 1184 863 Deum
1213 793 1380 853 Deus
1419 790 1588 851 enim
1619 808 1748 851 non
1797 791 1914 852 erit
1954 792 2083 851 in-

477 884 710 965 justus,
737 885 1136 947 etiamsinon
1173 884 1278 945 det
1307 902 1382 945 ea
1415 902 1554 963 quae
1581 902 1710 945 non
1735 884 2043 964 promisit,

485 978 886 1057 quantumvis
920 976 1252 1039 videantur
1299 977 1534 1039 habere
1577 996 1654 1038 ex
1705 983 1880 1057 parte
1934 978 2048 1037 ho-

484 1072 672 1133 minis
713 1072 1166 1150 congruitatem
1211 1072 1520 1151 aliquam3
1565 1072 1682 1133 nisi
1721 1074 1808 1133 ita
1859 1090 2047 1153 expo-

483 1183 744 1227 namus:
777 1165 924 1229 Non
955 1172 1046 1229 eet
1072 1166 1370 1245 injustus,
1401 1166 1466 1226 id
1505 1172 1622 1239 est,
1655 1184 1784 1227 non
1825 1172 1920 1227 est
1960 1167 2045 1227 ita

484 1258 678 1319 durus
713 1264 776 1319 et
807 1276 1085 1331 severuS,
1109 1264 1181 1319 ut
1207 1263 1348 1338 post
1377 1258 1524 1320 talia
1555 1277 1630 1320 ac
1657 1264 1831 1320 tanta
1853 1278 2047 1339 opera

484 1352 910 1431 denegaturus
946 1352 1124 1412 vobis
1153 1352 1232 1412 sit
1261 1353 1740 1431 perseverantiae
1767 1352 2041 1425 donum;

482 1446 594 1525 qui
623 1463 844 1505 sensus
873 1464 1000 1507 non
1044 1446 1248 1507 solum
1295 1452 1389 1507 est
1433 1452 1650 1507 contra
1689 1447 1864 1508 verbi
1907 1465 2049 1526 pro-

481 1539 834 1619 prietatem,
865 1539 980 1599 sed
1011 1538 1200 1600 etiam
1237 1540 1304 1599 in
1329 1540 1536 1621 rigore
1575 1546 1792 1601 contra
1821 1540 2049 1601 verita-

481 1637 654 1705 tem3
691 1632 978 1693 videmus
1012 1632 1180 1693 enim
1225 1634 1424 1693 Deum
1463 1633 1676 1695 multis
1717 1652 1844 1695 non
1893 1634 2047 1695 dare

480 1725 962 1807 perseverantiae
993 1726 1250 1801 donum,
1295 1725 1485 1787 etiam
1519 1732 1662 1805 post
1697 1728 2050 1806 praeclaris-

483 1820 640 1883 sima
671 1838 886 1899 opera,
921 1824 984 1880 et
1021 1826 1234 1881 tamen
1267 1838 1396 1881 non
1423 1827 1754 1901 propterea
1783 1821 1902 1883 dici
1935 1840 2047 1901 po-

485 1920 609 1975 test
635 1916 802 1975 Deus
831 1914 1121 1993 injustus,
1153 1932 1282 1974 non
1313 1911 1514 1974 solum
1557 1915 1620 1974 in
1665 1916 2047 1995 proprietate

485 2008 812 2080 sermoniS,
845 2008 1014 2087 quod
1036 2008 1449 2069 certissimum
1467 2012 1593 2080 est;
1616 2026 1834 2069 verum
1858 2008 2046 2069 etiam

481 2120 690 2180 neque
719 2104 786 2163 in
813 2118 1208 2181 quacumque
1253 2100 1706 2181 significatione
1747 2102 2041 2181 analoga,

483 2214 597 2257 seu
643 2195 1042 2267 translatitia;
1097 2194 1210 2255 sed
1243 2193 1323 2255 ad
1377 2212 1692 2255 summum
1737 2196 1963 2257 dicitur
2008 2214 2045 2256 a

484 2290 771 2353 Patribus
821 2288 1169 2368 profundus
1229 2294 1290 2349 et
1355 2289 1634 2349 occultus
1683 2289 1750 2349 in
1795 2288 2047 2368 judiciis

483 2384 634 2445 suis.
669 2384 758 2444 Eo
788 2382 886 2443 vel
914 2383 1185 2444 maxime
1235 2382 1404 2459 quod
1441 2382 1540 2444 hic
1585 2400 1807 2443 sensus
1859 2400 2047 2461 repu-

481 2482 634 2555 gnat
661 2476 1070 2556 suppositioni
1107 2482 1172 2536 et
1210 2474 1538 2537 intentioni
1571 2476 1766 2537 Pauli.
1801 2477 1955 2537 Nam
1994 2476 2043 2535 si

481 2576 697 2650 posset
722 2570 1202 2650 perseverantiae
1225 2569 1460 2629 donum
1481 2568 1720 2648 sperari
1737 2586 1851 2649 per
1877 2570 2043 2629 bona

479 2665 706 2726 merita
740 2664 1027 2744 alicujus,
1059 2664 1327 2724 maxime
1375 2663 1626 2743 quando
1659 2664 1722 2725 in
1775 2682 1850 2724 eo
1894 2682 2044 2743 sup-

477 2763 822 2836 poneretur
869 2774 1102 2835 magna
1145 2756 1284 2817 vitae
1323 2757 1562 2835 puritas
1613 2763 1674 2817 et
1723 2756 2039 2818 charitatis

477 2851 718 2923 fervor;
761 2853 827 2911 at
864 2868 1014 2911 vero
1051 2850 1278 2911 Paulus
1317 2850 1714 2929 supponebat
1748 2850 1908 2927 illos,
1958 2850 2039 2910 ad

480 2962 639 3024 quos
667 2944 1002 3016 scribebat,
1031 2961 1170 3005 esse
1195 2943 1458 3023 tepidos,
1494 2948 1682 3022 atque
1706 2944 1790 3004 ita
1816 2943 2041 3004 remis-

480 3054 608 3109 sos,
643 3042 711 3097 ut
761 3036 842 3097 ad
886 3037 1096 3097 minus
1135 3042 1345 3109 essent
1381 3036 1448 3097 in
1481 3054 1714 3115 mag-no
1757 3036 2037 3116 periculo

479 3131 766 3203 cadendi,
798 3137 868 3191 ut
901 3137 1223 3192 ostensum
1269 3137 1384 3204 est,
1427 3135 1488 3192 et
1523 3136 1812 3192 auctores
1851 3131 2039 3192 etiam

477 3225 776 3304 oppositae
821 3225 1142 3286 sententia,
1167 3224 1476 3296 fatentur;
1507 3241 1632 3304 quo
1681 3243 1831 3304 ergo
1860 3223 2037 3286 titulo

475 3323 720 3395 poterat
747 3318 826 3379 de
855 3335 1071 3378 eorum
1101 3318 1563 3396 perseverantia
1589 3335 1666 3378 ex
1695 3317 1879 3378 bonis
1902 3318 2039 3378 illo·

407 3491 414 3500 .
473 3427 618 3472 rum
661 3411 954 3490 operibus
985 3412 1072 3472 ita
1108 3410 1462 3472 confidere?
1505 3413 1763 3487 Rursus,
1809 3411 2037 3472 Paulus

475 3504 841 3566 intendebat
871 3523 982 3566 eos
1019 3504 1288 3565 excitare
1332 3504 1414 3564 ad
1445 3504 1772 3565 meliorem
1817 3504 2034 3578 vitam,

476 3597 698 3659 saltem
741 3597 1060 3676 proposito
1097 3597 1320 3657 timore
1367 3602 1430 3658 et
1479 3597 1756 3676 periculo
1801 3597 1868 3658 in
1910 3615 2037 3677 quo

472 3691 920 3764 versabantur3
953 3690 1270 3770 quomodo
1307 3709 1458 3771 ergo
1500 3692 1706 3752 statim
1745 3690 2039 3752 redderet

473 3783 614 3846 illos
629 3785 713 3845 ita
737 3803 996 3846 securos
1013 3784 1092 3845 de
1115 3803 1228 3844 sua
1249 3786 1736 3864 perseverantia,
1759 3791 1828 3845 ut
1849 3785 2040 3864 injus·

473 3885 608 3940 tum
629 3878 972 3958 appellaret
994 3879 1186 3938 Deum
1207 3877 1256 3938 si
1285 3895 1429 3938 eam
1448 3895 1576 3938 non
1605 3877 1784 3939 daret
1805 3882 1830 3939 ‘r
1855 3878 2037 3938 Nullo

474 3990 626 4050 ergo
673 3971 864 4034 modo
921 3971 1062 4033 talis
1115 3970 1419 4050 expositio
1473 3971 1764 4032 sustineri
1805 3976 2029 4050 potest.

553 4067 653 4126 22.
699 4065 882 4129 Nova
909 4063 1036 4128 alia
1069 4065 1396 4147 responsio.
1433 4097 1508 4108 —
1533 4063 1728 4125 Aliter
1754 4082 1906 4124 vero
1934 4083 2035 4126 re·

473 4157 772 4238 sponderi
809 4163 1036 4238 potest,
1069 4175 1212 4218 cum
1243 4157 1469 4218 Paulus
1487 4157 1574 4218 ait
1601 4175 1616 4218 :
1669 4156 2035 4238 confidimus

473 4253 543 4316 de
580 4253 744 4316 vobis
779 4251 1052 4316 meliora.
1083 4257 1140 4316 et
1171 4251 1471 4322 viciniora
1513 4251 1741 4324 saluti,
1797 4269 1926 4312 non
1970 4251 2034 4311 id

473 4345 682 4406 dicere
711 4353 966 4425 propter
985 4345 1258 4406 futuram
1283 4332 1816 4424 fisevemntiam
1845 4361 2037 4424 quam

473 4437 554 4499 de
597 4438 688 4498 eis
725 4439 1040 4517 sperabat,
1075 4439 1178 4500 sed
1219 4439 1423 4499 solum
1473 4445 1726 4517 propter
1761 4457 2038 4518 praesen-

473 4538 602 4592 tem
629 4533 844 4601 vitam,
879 4551 992 4593 seu
1020 4551 1212 4612 opera
1247 4549 1386 4612 quoe
1423 4533 1590 4594 bona
1621 4539 1684 4594 et
1713 4533 2033 4596 fructuosa

473 4643 616 4686 esse
645 4625 962 4700 credebat,
997 4632 1058 4688 et
1085 4643 1214 4686 non
1243 4627 1475 4705 spinas,
1513 4633 1622 4688 aut
1641 4627 1924 4701 tribulos,
1958 4629 2037 4688 si-

473 4723 580 4780 cut
631 4719 1048 4798 praecedentia
1113 4720 1304 4781 verba
1354 4737 1579 4781 sonare
1635 4721 2028 4783 videbantur.

474 4811 672 4884 Quem
717 4829 970 4894 sensum
999 4813 1504 4892 Theophylactus
1533 4813 1786 4888 indicat,
1819 4819 1884 4876 et
1932 4833 2035 4876 ex·

471 4903 694 4985 pendit
726 4922 854 4965 non
889 4905 1120 4967 dixisse
1177 4906 1438 4967 Paulum
1483 4925 1498 4968 τ
1565 4909 2029 4988 Εωμσιαητω,

472 4998 654 5077 qnasi
698 4997 977 5059 futurum
1013 4999 1371 5079 respiciens,
1425 5001 1572 5062 sed:
1621 5001 2028 5110 confidimus,

471 5091 538 5152 id
575 5097 693 5166 est,
724 5093 1010 5174 persuasi
1065 5111 1136 5156 ao
1165 5093 1316 5156 certi
1341 5112 1550 5157 eumue
1586 5097 1742 5174 quod
1775 5113 1896 5157 noa
1943 5095 2035 5158 sio

475 5184 723 5259 habetis,
756 5185 865 5248 sed
877 5183 1115 5260 melius,
1135 5191 1253 5246 etc.
1271 5169 1398 5246 Sed
1425 5193 1844 5293 praeterquam
1863 5187 2033 5266 quod

469 5277 736 5338 verbum
787 5277 998 5349 etiam,
1030 5277 1409 5352 confidimns,
1439 5279 1504 5338 in
1535 5280 1738 5359 rigore
1785 5287 1849 5342 et
1881 5297 2031 5360 pro-

471 5371 736 5451 prietate
789 5375 1108 5448 sumptum
1137 5415 1153 5442 ,
1203 5371 1456 5449 respicit
1495 5370 1776 5433 futurum
1807 5417 1822 5446 ,
1873 5371 2033 5432 ratio

472 5465 870 5544 subsequens
906 5483 918 5524 :
972 5465 1118 5529 Noa
1149 5464 1310 5527 euim
1345 5463 1620 5544 injustus
1647 5467 1833 5538 Deus,
1879 5471 2029 5539 etc.‚

469 5577 596 5622 non
639 5565 812 5622 recte
861 5558 943 5620 ad
973 5557 1152 5620 illum
1207 5575 1465 5620 sensum
1497 5559 2028 5622 accommodatur.

1083 409 1292 464 OPUSG.
1329 410 1389 463 V.
1423 410 1728 465 RELECTIO
1761 412 1842 465 DE
1873 410 2349 465 nnvlvlscssmu
2382 412 2759 468 ussmronun.
2796 415 3032 470 msrur.
3066 418 3106 470 l.

2136 510 2295 573 Nam
2322 512 2425 575 illa
2450 514 2755 593 particula
2778 516 2960 592 enim,
2988 518 3250 580 denotat
3276 534 3397 598 per
3423 517 3521 577 illa
3550 538 3673 580 ver-

2134 604 2217 665 ba
2256 607 2435 668 reddi
2480 626 2737 669 causam
2770 610 2932 689 ejus,
2969 612 3139 691 quod
3184 611 3475 691 proxime
3532 630 3671 690 prae-

2126 706 2405 762 cesserat
2430 720 2445 775 ;
2487 700 2843 763 confidebat
2866 720 3017 783 ergo
3054 705 3283 765 Paulus
3307 704 3393 765 de
3420 704 3541 765 illis
3564 724 3677 766 me-

2126 792 2285 854 liora
2326 800 2389 855 et
2430 794 2729 856 viciniora
2772 796 2978 868 saluti,
3014 797 3161 875 quia
3204 798 3448 858 sciebat
3497 797 3675 859 Deum

2128 904 2267 947 esse
2286 888 2565 966 justum:
2602 906 2753 965 ergo
2782 907 2913 950 non
2944 890 3059 951 hoc
3091 889 3241 951 dicit
3291 889 3504 951 solum
3552 893 3677 969 quia

2128 980 2523 1043 existimabat
2546 982 2683 1042 illos
2708 1000 2847 1043 esse
2866 983 3157 1045 meliores
3184 991 3247 1045 et
3278 984 3515 1063 justos,
3544 985 3677 1046 alias

2128 1075 2575 1155 congruentius
2630 1075 2867 1137 diceret
2906 1094 2920 1135 :
2986 1076 3351 1157 Confidimus
3412 1079 3483 1139 de
3533 1080 3677 1140 cobis

2124 1168 2397 1241 meliora,
2428 1168 2573 1250 qnia
2606 1186 2727 1230 non
2760 1170 2907 1231 estis
2934 1168 3178 1250 injusti,
3212 1188 3321 1233 nee
3349 1170 3527 1232 obliti
3548 1174 3676 1233 estis

2126 1266 2283 1325 recte
2302 1262 2564 1343 operari,
2602 1268 2662 1325 et
2696 1264 2999 1325 ostendere
3025 1264 3399 1325 devotionem
3431 1262 3501 1323 in
3530 1280 3681 1325 sanc·

2130 1360 2245 1427 tos,
2274 1360 2391 1417 etc.
2430 1356 3017 1436 Videorosponderi
3044 1374 3230 1437 posse
3261 1356 3535 1419 Paulum
3574 1376 3681 1417 non

2130 1448 2465 1510 confidisse
2499 1449 2577 1510 de
2607 1450 2727 1510 illis
2764 1450 3025 1510 meliora
3060 1468 3275 1530 opera,
3300 1449 3419 1511 sed
3443 1449 3682 1511 meliora

2128 1542 2422 1620 proemia3
2464 1560 2636 1614 nam,
2678 1542 2825 1621 quia
2855 1543 3135 1621 proxime
3165 1542 3415 1604 dixerat
3468 1548 3683 1604 terram

2129 1634 2585 1713 germinantem
2616 1637 2829 1714 spinas
2852 1642 2917 1697 et
2942 1636 3203 1697 tribulos
3232 1652 3377 1696 esse
3404 1635 3685 1696 maledic-

2126 1728 2279 1789 tioni
2320 1734 2381 1789 et
2410 1729 2823 1789 combustioni
2855 1730 3230 1808 proximam,
3270 1729 3421 1790 ideo
3452 1728 3675 1789 subdit:

2128 1822 2262 1883 Non
2295 1822 2481 1897 huno,
2518 1822 2629 1883 sed
2658 1822 2983 1883 meliorem
3012 1822 3203 1883 finem
3248 1828 3313 1883 et
3344 1823 3585 1883 exitum
3612 1824 3675 1883 de

2124 1913 2303 1975 vobis
2332 1914 2727 1975 confidimus.
2758 1915 2883 1976 Sed
2910 1916 3041 1994 jam
3082 1916 3183 1976 hic
3221 1933 3454 1976 sensus
3494 1918 3677 1976 revol-

2126 2006 2291 2068 vitur
2332 2007 2393 2067 in
2424 2008 2723 2087 priorem,
2758 2008 2907 2086 quia
2946 2026 3075 2069 non
3119 2014 3373 2088 poterat
3400 2010 3523 2069 hoc
3550 2028 3681 2069 con-

2124 2098 2321 2161 fidere
2370 2102 2487 2161 nisi
2530 2100 2907 2162 confidendo
2954 2102 3035 2163 de
3074 2104 3553 2181 perseverantia
3592 2122 3685 2164 eo-

2124 2212 2301 2267 rum3
2344 2202 2407 2255 et
2432 2195 2591 2256 ratio
2616 2194 2951 2274 subjuncta
2982 2214 3109 2257 non
3138 2202 3393 2276 poterat
3412 2214 3550 2257 esse
3576 2198 3683 2257 suf-

2124 2288 2365 2361 ficiens,
2404 2288 2521 2348 nisi
2572 2287 2653 2349 ad
2692 2289 3001 2368 justitiam
3027 2289 3139 2349 Dei
3174 2290 3527 2369 pertineret
3546 2290 3679 2351 dare

2125 2381 2655 2461 perseverantiam
2684 2382 2775 2443 sic
2802 2382 3225 2463 operantibuS,
3266 2383 3446 2461 quod
3487 2390 3679 2445 tamen

2126 2476 2249 2535 dici
2273 2493 2399 2535 non
2420 2480 2626 2553 potest
2653 2496 2668 2547 ;
2702 2494 2821 2537 nec
2856 2481 3059 2555 potest
3083 2494 3233 2555 ergo
3264 2478 3421 2537 satis
3452 2496 3677 2539 accom-

2122 2567 2375 2629 modate
2414 2569 2586 2629 Pauli
2636 2572 2844 2630 textus
2882 2576 3049 2631 totus
3082 2569 3419 2643 declarari,
3450 2570 3501 2631 si
3547 2590 3675 2650 sup-

2122 2680 2431 2741 ponamus
2446 2682 2577 2738 eoS,
2610 2662 2693 2724 ad
2712 2680 2871 2742 quos
2892 2663 3224 2736 scribebat,
3237 2664 3447 2745 justos
3464 2670 3527 2725 et
3548 2684 3670 2745 per-

2122 2762 2483 2817 severantes
2516 2758 2579 2817 in
2610 2758 2851 2836 justitia
2882 2774 3135 2865 semper
3158 2757 3379 2831 fuisse,
3412 2759 3553 2819 licet
3574 2778 3669 2819 re-

2120 2849 2371 2909 missius
2422 2850 2724 2926 viverent,
2759 2856 2821 2911 et
2848 2850 2989 2912 ideo
3040 2850 3105 2911 in
3142 2850 3352 2930 aliquo
3406 2852 3667 2930 periculo

2118 2950 2541 3004 versarentur.

2200 3038 2301 3098 23.
2348 3034 2631 3118 objectio.
2660 3060 2737 3081 ——-
2766 3038 2941 3099 Dicet
2966 3056 3115 3099 vero
3143 3038 3372 3118 aliquis
3400 3040 3559 3101 hanc
3589 3041 3673 3100 ul·

2120 3133 2337 3194 timam
2355 3133 2771 3213 obJectionem
2804 3153 2841 3194 a
2876 3134 3054 3194 nobis
3080 3133 3311 3196 factam
3341 3153 3524 3214 aeque
3546 3155 3674 3214 pos-

2122 3245 2189 3287 se
2220 3227 2283 3286 in
2310 3245 2427 3288 nos
2464 3228 2848 3306 retorqueri3
2892 3245 3066 3302 nam,
3100 3227 3345 3290 etiamsi
3367 3229 3551 3290 nobis
3576 3230 3674 3290 de-

2120 3328 2223 3382 tur
2248 3320 2509 3382 Paulum
2538 3321 2709 3399 loqui
2746 3322 2827 3382 ad
2864 3339 2997 3397 eoS,
3026 3323 3132 3401 qui
3177 3341 3215 3382 a
3250 3323 3495 3401 justitia
3526 3324 3671 3402 lapsi

2117 3413 2387 3487 fuerant,
2430 3431 2561 3474 non
2598 3413 2845 3476 videtur
2866 3419 3035 3476 recte
3064 3415 3349 3476 connecti
3378 3417 3540 3476 ratio
3574 3417 3671 3477 illa

2120 3525 2198 3568 ex
2227 3507 2466 3587 justitia
2506 3506 2713 3568 divina
2744 3506 3074 3588 desumpta
3112 3527 3255 3569 cum
3304 3508 3671 3569 confidentia

2122 3599 2338 3662 Pauli:
2392 3617 2539 3659 nam
2571 3599 2623 3660 si
2652 3601 2921 3674 Hebraei,
2967 3599 3047 3660 ad
3087 3619 3247 3708 quos
3270 3601 3507 3661 Paulus
3540 3601 3671 3661 scri-

2118 3694 2332 3765 bebat,
2370 3693 2529 3773 lapsi
2558 3699 2737 3754 erant
2770 3713 2807 3755 a
2829 3695 3068 3774 justitia
3108 3679 3495 3773 baptismali,
3528 3697 3671 3774 opti·

2118 3806 2223 3848 me
2270 3793 2515 3866 poterat
2558 3789 2726 3848 Deus
2756 3787 2889 3849 sine
2916 3789 3044 3849 ulla
3082 3789 3385 3870 injustitia
3430 3807 3541 3851 eos
3585 3810 3669 3850 re-

2120 3882 2454 3962 linquere·
2438 3901 2500 3942 m
2532 3883 3031 3944 combustionem
3078 3889 3139 3944 et
3173 3885 3667 3946 maledictionem

2120 3980 2455 4036 aetemam:
2504 3974 2656 4056 quid
2708 3981 2801 4038 est
2852 3995 3003 4056 ergo
3052 3975 3222 4054 quod
3267 3977 3504 4038 Paulus
3544 3979 3662 4038 ait:

2120 4068 2489 4150 Confidimae
2534 4073 2734 4132 autem
2768 4071 2838 4132 de
2873 4071 3039 4133 vobis
3064 4070 3337 4144 meliora,
3376 4072 3525 4152 quia
3564 4089 3665 4131 nou

2116 4168 2205 4223 est
2236 4162 2509 4242 injustus
2536 4161 2743 4224 Deus?
2770 4163 2915 4224 Haec
2958 4163 3225 4243 objectio
3262 4164 3540 4224 maxime
3587 4163 3666 4222 vi-

2116 4253 2301 4316 detur
2328 4254 2539 4316 favere
2578 4255 2793 4334 primae
2829 4258 3155 4318 sententiae
3202 4256 3497 4336 superius
3522 4263 3663 4318 trac-

2114 4351 2282 4417 tatae,
2314 4365 2461 4410 nam
2500 4347 2747 4409 videtur
2772 4349 3151 4411 concludere
3180 4351 3447 4412 Paulum
3476 4351 3663 4429 potius

2116 4441 2197 4503 de
2220 4441 2625 4503 Hebraeorum
2641 4442 3010 4521 poenitentia
3032 4449 3095 4504 et
3118 4445 3519 4522 reparatione
3543 4449 3663 4523 post

2116 4535 2361 4616 lapsum
2394 4534 2745 4607 confidere3
2776 4536 2922 4614 quia
2955 4537 3119 4596 enim
3152 4533 3395 4597 dixerat
3422 4543 3659 4608 terram,

2116 4647 2375 4708 pravam
2404 4629 2667 4688 herbam
2695 4630 3175 4709 germinantem,
3206 4631 3545 4709 reprobam
3580 4649 3664 4690 es-

2116 4739 2208 4796 se,
2248 4723 2427 4801 quasi
2456 4721 2641 4794 tacite
2672 4722 3033 4803 subjungit:
3072 4723 3211 4788 Non
3227 4725 3334 4787 Ιιοο
3349 4725 3504 4796 dico,
3534 4729 3663 4805 qaia

2114 4831 2219 4877 vos
2256 4813 2397 4895 jam
2438 4813 2675 4896 reprobi
2711 4813 2875 4889 sitis,
2920 4817 3151 4894 confido
3208 4818 3369 4880 enim
3404 4819 3477 4881 de
3520 4817 3662 4880 vobis

2112 4909 2383 4983 meliora,
2432 4907 2499 4968 id
2542 4913 2659 4983 est,
2690 4907 3103 4970 mutationem
3128 4911 3317 4970 animi
3356 4911 3422 4972 in
3466 4911 3661 4972 melio·

2113 5017 2249 5062 rem
2318 5004 2549 5061 statum
2576 5017 2591 5072 ;
2648 5006 2708 5064 et
2763 5001 3065 5065 viciniora
3128 5001 3323 5066 saluti
3361 5049 3379 5076 ,
3446 5004 3659 5064 scilicet

2114 5098 2383 5168 aeterum,
2422 5093 2601 5172 quia,
2645 5093 2792 5155 licet
2826 5093 2905 5154 de
2954 5097 3449 5173 perseverantia,
3484 5103 3658 5174 atque

2116 5185 2275 5247 adeo
2306 5187 2383 5247 de
2412 5186 2545 5266 ipsa
2576 5193 2811 5248 aeterna
2842 5187 3041 5249 salute
3066 5207 3192 5250 non
3220 5188 3418 5250 simus
3446 5190 3653 5261 securi,

2114 5286 2327 5340 tamen
2364 5280 2445 5342 de
2484 5281 2882 5360 reparatione
2921 5281 3201 5364 justitiae,
3238 5300 3380 5362 quoe
3418 5283 3503 5344 illi
3528 5283 3657 5343 vici-

2112 5373 2254 5434 nior
2282 5379 2397 5446 est,
2430 5374 2696 5436 multum
2720 5374 3093 5436 confidimus
3124 5395 3141 5448 ς
3173 5377 3319 5455 quia
3346 5377 3529 5448 DeuS,
3560 5375 3653 5454 qui

2106 5466 2317 5546 justus
2350 5473 2466 5539 est,
2490 5472 2698 5529 vestra
2727 5468 2893 5528 bona
2920 5487 3113 5548 opera
3137 5467 3451 5548 respiciet,
3470 5475 3534 5530 ut
3555 5487 3652 5528 vos

2116 5561 2369 5637 excitet,
2412 5567 2475 5624 et
2517 5561 2600 5623 ad
2656 5562 3091 5643 poenitentiam
3144 5563 3373 5625 trahat.
3402 5563 3475 5625 Et
3520 5569 3650 5624 tunc
