3850 6225
524 368 603 429 78

480 474 647 536 nolle
678 492 715 535 a
758 474 1039 535 castitate
1072 472 1340 551 deficere
1360 498 1379 549 3
1426 476 1556 548 ubi,
1595 478 1879 554 quamvis
1914 495 2042 538 non

482 574 629 647 agat
664 567 743 629 de
780 567 1105 629 vocatione
1134 568 1215 629 ad
1258 568 1517 643 bonum,
1564 570 1677 631 sed
1718 570 1795 631 de
1846 577 2046 632 tenta-

483 662 651 723 tione
708 660 790 721 ad
854 660 1113 733 malum,
1174 668 1387 723 tamen
1438 662 1660 723 eadem
1700 669 1795 723 est
1836 664 2038 735 rati03

485 753 631 832 quia
660 772 805 814 cum
846 754 1189 815 tentatione
1234 756 1567 833 conjuncta
1618 762 1711 817 est
1753 758 1952 836 gratia
1979 764 2042 821 et

1302 374 1511 429 owse.
1551 379 1587 437 Ι,
1624 376 1739 429 Lm.
1782 378 1863 429 Ill.
1900 378 1984 431 ΒΕ
2015 380 2288 433 Aulens
2323 382 2552 437 [³1leAE
2583 380 2849 434 GRATIAE.

2126 498 2251 558 quo
2305 480 2508 543 sudaei
2561 480 2900 541 noluerunt:
2957 480 3394 558 poenitentiam
3455 498 3663 557 agere,

2125 573 2397 653 egissent
2423 576 2596 635 illam
2633 574 2801 653 Tyrii
2843 578 2904 633 et
2930 573 3188 645 Sidonii,
3229 573 3282 633 si
3325 574 3420 634 eis
3455 574 3672 636 tribue-

2126 673 2338 741 retur;
2373 686 2526 747 ergo
2573 686 2714 729 cum
2755 666 2982 745 aequali
3009 666 3240 727 auxilio
3267 667 3670 745 preveniente

2125 764 2246 819 stat
2275 776 2474 819 unum
2518 761 2822 821 convertit
2859 764 2921 818 et
2965 776 3094 819 non
3135 758 3358 817 alium.
3413 760 3672 837 Respon-

484 848 725 909 voeatio
780 847 863 908 ad
918 847 1291 909 vincendam
1332 848 1523 909 illam.
1573 848 1747 910 Idem
1776 851 2042 911 sumitur
2121 852 2272 913 dent
2293 853 2482 932 aliqui
2513 854 2630 913 hoc
2661 870 2798 913 esse
2825 868 3044 912 verum
3065 851 3143 912 de
3163 851 3401 911 auxilio
3433 858 3668 914 externo

489 959 565 999 ex
594 939 823 1001 codem
848 941 1223 1019 Augustino,
1260 942 1367 1003 lib.
1427 946 1453 1003 1
1505 942 1587 1003 ad
1626 944 2034 1022 Simplicium,

486 1039 701 1112 quaest.
769 1036 807 1094 2
826 1079 843 1107 ‚
890 1035 949 1093 in
1009 1034 1127 1095 illis
1178 1036 1383 1096 verbis
1438 1055 1451 1095 :

482 1145 603 1189 uno
646 1129 811 1189 modo
857 1130 1053 1191 vocati
1102 1135 1270 1204 sunt,
1314 1136 1533 1203 tamn,
1576 1132 1722 1211 quia
1759 1149 1879 1193 non
1922 1148 2048 1193 om-

482 1238 588 1284 nes
626 1238 745 1283 uno
782 1223 951 1283 modo
988 1224 1193 1302 affecti
1240 1230 1405 1297 sunt,
1432 1226 1533 1287 illi
1564 1226 1683 1288 soli
1712 1232 2048 1305 sequuntur

483 1318 849 1379 vocationem
870 1361 883 1386 ,
922 1318 1027 1397 qui
1061 1318 1116 1377 ei
1158 1317 1459 1397 capienda
1492 1320 1881 1399 reperiuntur
1916 1320 2048 1381 ido-

482 1411 623 1483 nei‚·
654 1412 808 1472 etin
838 1410 953 1471 illis
984 1432 999 1469 :
1032 1411 1267 1473 Eadem
1309 1430 1409 1475 res
1451 1430 1610 1495 ,περι
1646 1414 1840 1476 eodem
1878 1416 2046 1476 modo

486 1502 649 1567 dicta
682 1522 870 1565 unum
926 1512 1145 1579 movet,
1194 1504 1382 1567 alium
1424 1522 1543 1566 nou
1584 1512 1794 1569 movet.
1855 1506 2048 1568 Favet

486 1596 677 1659 etiam
712 1597 819 1658 lib.
844 1599 924 1659 83
954 1597 1397 1672 Quaestionum,
1428 1606 1649 1679 quaest.
1692 1602 1794 1668 68,
1832 1600 1938 1661 ubi
1971 1620 2046 1661 ex

484 1691 697 1751 multis
718 1691 974 1763 vocatia,
1004 1692 1091 1751 ait
1118 1692 1425 1769 quosdam
1462 1693 1698 1763 venire,
1730 1693 1887 1755 alios
1918 1712 2046 1755 non

483 1782 733 1855 venire;
762 1790 825 1845 et
852 1784 990 1845 illos
1018 1802 1145 1845 non
1170 1784 1401 1845 debere
1432 1786 1546 1847 sibi
1572 1786 1845 1848 tribuere
1875 1787 2046 1866 quod

482 1876 793 1952 venerint,
824 1878 967 1955 quia
991 1878 1193 1937 vocati
1218 1884 1563 1949 venei-nnn
1596 1880 1710 1939 hos
1735 1897 1889 1941 vero
1918 1898 2046 1940 non

482 1988 668 2049 posse
697 1970 873 2031 alteri
896 1970 1169 2031 tribuere
1206 1971 1377 2051 quod
1404 1990 1531 2032 non
1556 1973 1867 2045 venerint,
1898 1973 2046 2051 quia

484 2068 554 2123 ut
567 2064 851 2124 venirent
866 2082 977 2141 per
994 2065 1381 2125 vocationem
1397 2064 1752 2126 habuerunt
1770 2067 1835 2126 in
1850 2066 2046 2127 libera

484 2157 835 2229 voluntate3
858 2156 965 2217 ubi
997 2156 1413 2219 differentiam
1441 2165 1693 2220 revocat
1718 2160 1799 2219 ad
1824 2178 2048 2239 coope-

483 2249 793 2311 rationem
810 2250 1167 2323 voluntatis‚
1196 2268 1335 2329 qnoe
1360 2251 1551 2313 habet
1568 2252 1799 2325 locum,
1826 2254 2050 2315 etiam-

486 2343 537 2403 si
568 2344 809 2403 vocatio
846 2362 921 2404 ex
951 2362 1019 2405 se
1042 2344 1299 2423 oequalis
1328 2344 1428 2405 sit.
1461 2344 1637 2407 Idem
1670 2347 1940 2409 sumitur
1967 2366 2046 2409 ex

486 2435 807 2514 Gregorio,
832 2436 1003 2497 hom.
1035 2438 1113 2497 36
1136 2436 1197 2496 in
1224 2438 1485 2516 Evang„
1508 2438 1615 2499 ubi
1638 2444 1911 2501 tractans
1935 2460 2050 2520 pa-

484 2528 765 2591 rabolam
796 2528 875 2591 de
902 2529 1137 2591 vocatis
1160 2529 1241 2591 ad
1274 2548 1521 2591 coenam
1551 2550 1565 2593 ε
1594 2532 1729 2595 Alii
1760 2540 2053 2597 vocantur

488 2622 645 2699 (ait),
668 2626 726 2684 et
744 2622 943 2684 venire
966 2628 1350 2687 contemnunt
1366 2648 1389 2695 ;
1410 2624 1523 2687 alii
1542 2631 1853 2699 vocantur,
1881 2634 1942 2690 et
1957 2646 2051 2689 ve-

484 2716 701 2777 niunt:
720 2715 835 2777 alii
856 2715 1196 2783 non‚vocari
1214 2715 1517 2792 dicuntur,
1544 2720 1653 2781 sed
1677 2720 1951 2797 compelli
1975 2724 2049 2782 ut

482 2808 735 2870 intrent.
765 2808 839 2868 Et
867 2806 1195 2887 significat,
1235 2810 1351 2869 hos
1376 2816 1725 2887 postremos
1766 2812 2046 2889 recipere

484 2900 943 2961 abundantiora
992 2901 1243 2974 auxilia,
1284 2902 1561 2981 reliquos
1604 2922 1753 2965 vero
1798 2904 2050 2984 aequali-

486 3000 604 3053 ter.
633 2993 807 3054 Idem
830 2993 1016 3055 sentit
1045 2994 1325 3073 Prosper,
1352 2995 1393 3055 l.
1424 2998 1464 3057 2
1490 2996 1567 3057 de
1598 2998 1809 3059 Vocat.
1844 3004 2042 3077 gent„

488 3104 541 3148 c.
573 3088 635 3158 9,
667 3085 821 3147 alias
843 3086 923 3147 26
956 3092 1019 3148 et
1048 3091 1362 3166 sequent„
1394 3089 1501 3150 ubi
1538 3091 2048 3168 cooperationem

486 3179 663 3240 liberi
698 3179 931 3242 arbitrii
972 3181 1053 3240 ita
1092 3182 1305 3260 gratioe
1344 3183 1669 3264 conjungit
1696 3190 1757 3244 et
1787 3185 2050 3263 subjun-

488 3272 599 3352 git,
648 3278 714 3334 ut
752 3293 896 3334 cum
934 3273 1159 3336 eadem
1203 3276 1401 3354 gratia
1446 3277 1601 3338 alios
1628 3279 1875 3357 magnis
1912 3279 2046 3340 dari

489 3373 863 3444 augmentis,
916 3367 1069 3428 alios
1112 3368 1289 3430 tarde
1322 3374 1815 3448 cunctanterque
1860 3372 2048 3451 profi·

492 3477 635 3522 cere
660 3459 848 3522 dicat.

580 3659 693 3722 Εω
714 3659 839 3722 loeo
872 3659 1103 3724 Mutua.
1142 3664 1207 3722 lt
1244 3663 1639 3744 confirmatur
1662 3661 1940 3725 assertio.

568 3835 630 3892 6.
660 3829 928 3892 Utuntur
956 3831 1133 3892 multi
1164 3850 1241 3892 ex
1268 3832 1449 3894 dictis
1488 3834 1777 3896 Patribus
1813 3841 1875 3895 et
1904 3852 2050 3894 auc-

488 3923 727 3986 toribus
752 3968 769 3996 ,
822 3923 904 3984 ad
954 3926 1118 3986 hanc
1156 3926 1481 3988 veritatem
1526 3927 2046 4004 confirmandam,

490 4017 595 4078 illo
650 4017 993 4080 clarissimo
1053 4019 1275 4082 Christi
1342 4021 1583 4080 Domini
1642 4021 1996 4082 testimonio
2031 4065 2048 4096 ,

488 4113 661 4172 Matt.
712 4114 781 4172 ss
826 4129 843 4172 ε
901 4112 1001 4178 Voe
1024 4111 1169 4183 tibi,
1208 4113 1513 4189 Cor-ozam,
1552 4133 1645 4176 voe
1682 4115 1819 4189 tibi,
1860 4114 2054 4176 Beth-

486 4205 665 4268 saida
679 4249 697 4278 ‚
750 4205 897 4284 quia
943 4207 1003 4269 si
1052 4205 1121 4267 in
1166 4205 1331 4286 ,Tyro
1374 4215 1433 4270 et
1480 4205 1705 4272 Sidone
1742 4211 1925 4282 [πίω
1960 4225 2054 4270 σε·

486 4303 624 4362 sent
660 4297 917 4362 virtutes
954 4317 1089 4380 μω
1124 4305 1309 4376 sacca
1346 4305 1489 4363 sunt
1522 4299 1589 4362 in
1615 4306 1691 4373 to,
1730 4300 1940 4380 utique
1983 4302 2054 4362 in

488 4390 687 4454 cilicio
732 4397 791 4454 et
818 4391 1011 4454 cinere
1036 4394 1453 4474 ponitentiam
1488 4393 1769 4473 coissent.
1816 4393 2051 4464 Quibus

486 4483 620 4546 fere
670 4484 893 4544 similia
940 4491 1087 4546 sunt
1141 4485 1331 4546 verba
1376 4486 1481 4546 illa
1512 4485 1681 4564 apud
1712 4485 2044 4561 Ezechiel„

490 4595 545 4636 c.
576 4580 613 4638 3
647 4595 660 4635 :
712 4577 865 4642 Vade
886 4579 969 4640 ad
988 4579 1225 4640 doraum
1256 4579 1481 4652 Israel,
1514 4585 1572 4642 et
1594 4579 1856 4659 loqueris
1872 4580 2052 4642 verba

489 4689 621 4734 mea
660 4672 743 4733 ad
774 4687 911 4744 eor,-
960 4689 1081 4732 non
1124 4671 1281 4734 onim
1324 4674 1405 4736 ad
1433 4673 1727 4754 populum
1762 4675 2054 4754 profundi

487 4765 781 4828 sermonis
818 4783 922 4830 me
939 4765 1161 4847 iynotoe
1182 4765 1407 4847 linquoe
1430 4772 1501 4830 tu
1525 4768 1791 4830 mitteris
1808 4793 1831 4840 ;
1860 4774 1921 4829 et
1949 4768 2050 4827 in-

486 4858 583 4917 fra
610 4857 739 4920 :Et
760 4857 819 4919 εἰ
845 4860 927 4922 ad
948 4857 1088 4921 illos
1114 4860 1449 4923 mittereris
1464 4905 1479 4932 ,
1508 4860 1630 4940 ipsi
1656 4861 1940 4924 audirent
1965 4869 2048 4936 te,

488 4951 696 5012 domus
722 4959 920 5014 autem
940 4953 1145 5016 lsrael
1168 4953 1381 5015 nolunt
1404 4954 1617 5016 audire
1654 4957 1731 5026 te,
1776 4955 1922 5034 quia
1943 4971 2051 5016 no-

488 5043 623 5106 lunt
650 5044 857 5106 audire
892 5063 1003 5106 mo.
1050 5047 1117 5105 In
1160 5044 1389 5123 quibus
1418 5044 1571 5104 locis
1618 5062 1905 5123 suppono
1943 5065 2050 5107 ve-

490 5154 625 5197 ram
653 5143 715 5198 et
741 5137 1125 5198 infallibilem
1148 5137 1595 5198 revelationem
1622 5138 1948 5212 contineri,
1983 5146 2050 5200 ut

488 5247 781 5309 expresse
806 5231 989 5293 docet
1012 5231 1419 5310 AugustinuS,
1453 5231 1557 5291 lib.
1604 5230 1683 5292 de
1712 5232 1870 5292 Don.
1908 5251 2052 5312 per-

492 5341 720 5399 sever.,
766 5343 821 5386 c.
870 5327 947 5396 9;
985 5330 1046 5384 et
1089 5323 1155 5384 in
1196 5323 1303 5384 lib.
1338 5327 1379 5386 2
1432 5323 1512 5386 de
1560 5325 1797 5386 Scient.
1856 5324 2046 5388 futur.

492 5418 793 5497 coming„
840 5436 919 5478 ex
956 5417 1240 5496 professo
1280 5419 1347 5480 id
1384 5418 1817 5492 ostendemus;
1870 5438 2046 5501 ergo,

492 5529 567 5572 ex
596 5510 815 5572 Christi
844 5510 1091 5572 Domini
1134 5511 1513 5586 testimonio,
1558 5511 1781 5574 eodem
1816 5514 2048 5574 auxilio

2119 962 2235 1023 per
2277 946 2782 1025 praedicationem
2809 952 2874 1007 et
2907 944 3234 1017 miracula,
3273 944 3356 1005 de
3393 962 3520 1023 quo
3557 946 3670 1007 solo

1516 1036 1805 1111 Qrmmvis
1856 1038 2041 1101 multi
2119 1038 2364 1100 locutus
2384 1046 2478 1101 est
2503 1039 2806 1112 Christus;
2833 1058 2960 1100 non
2981 1056 3130 1099 vero
3159 1038 3240 1099 de
3268 1039 3548 1099 interiori
3571 1058 3676 1117 per

2125 1131 2644 1193 illuminationem
2705 1138 2769 1193 et
2819 1132 3290 1211 inspirationem
3349 1131 3668 1193 internam.

2126 1226 2234 1285 Cui
2295 1226 2666 1305 expositioni
2723 1226 2972 1287 videtur
3031 1225 3244 1285 favere
3307 1224 3672 1302 GregoriuS,

2125 1319 2296 1380 hom.
2329 1319 2646 1399 trigesima
2673 1319 2738 1379 in
2779 1305 3044 1398 Evansg„
3079 1324 3140 1379 et
3169 1318 3579 1397 AugustinuS,
3609 1316 3676 1377 de

2129 1412 2419 1474 Praedest.
2471 1413 2706 1484 Sanct„
2761 1430 2816 1473 c.
2867 1414 2930 1487 9,
2979 1412 3131 1473 dum
3187 1412 3388 1481 aiunt,
3441 1411 3676 1487 qnando

2128 1504 2520 1585 praedicatori
2557 1505 2904 1567 forinsecus
2947 1504 3310 1583 praedicanti
3355 1522 3525 1564 unus
3565 1522 3678 1563 cre-

2127 1598 2238 1669 dit,
2274 1598 2434 1660 alius
2462 1616 2590 1659 non
2619 1598 2838 1671 credit,
2871 1597 2934 1658 id
2961 1598 3294 1678 provenire
3337 1615 3418 1658 ex
3447 1596 3680 1657 interio-

2127 1691 2180 1753 ri
2229 1692 2428 1753 Patris
2477 1690 2784 1763 doctrina,
2839 1709 2966 1769 qua
3013 1710 3210 1751 unum
3265 1690 3476 1761 docet,
3507 1690 3680 1751 alium

2127 1804 2254 1847 non
2278 1786 2480 1847 docet.
2515 1786 2754 1847 Sensus
2775 1804 2926 1847 vero
2959 1788 3182 1846 horum
3207 1786 3468 1846 Patrum
3495 1784 3678 1845 solum

2129 1886 2224 1940 est
2251 1879 2500 1951 docere,
2547 1885 2772 1959 praeter
2799 1886 3125 1941 externam
3155 1878 3676 1957 praedicationem,

2127 1971 2362 2051 requiri
2399 1971 2732 2043 internam,
2769 1989 2960 2051 quam
3001 1972 3192 2033 habet
3239 1988 3592 2049 congruam
3629 1979 3680 2031 et

2129 2066 2452 2127 efficacem
2503 2064 2556 2125 is
2607 2064 2712 2142 qui
2759 2066 3162 2137 convertitur,
3223 2069 3288 2125 et
3333 2082 3466 2125 non
3515 2064 3676 2132 aliuS,

2127 2158 2412 2238 quamvis
2437 2157 2684 2219 interna
2713 2159 3039 2219 vocatione
3087 2175 3216 2217 non
3245 2163 3490 2217 careat.
3521 2156 3680 2221 Unde

2125 2258 2338 2313 autem
2385 2252 2613 2312 habeat
2654 2252 2896 2313 vocatio
2937 2251 3108 2331 quod
3145 2251 3372 2311 efficax
3403 2251 3508 2323 sit,
3554 2250 3680 2311 dicti

2131 2347 2346 2407 Patres
2371 2362 2501 2405 nou
2547 2344 2889 2407 declarant.
2937 2347 3066 2406 Nec
3103 2350 3310 2423 potest
3351 2345 3678 2404 consistere

2129 2440 2196 2500 in
2261 2437 2516 2518 speciali
2573 2437 2784 2517 aliqua
2837 2438 3268 2516 inspiratione,
3327 2437 3432 2498 vel
3495 2436 3681 2497 inten-

2132 2533 2332 2605 sione,
2379 2538 2489 2592 aut
2539 2532 2662 2591 alio
2701 2531 2884 2593 simili
2935 2532 3126 2591 modo
3177 2532 3347 2609 ejus;
3389 2535 3486 2591 est
3531 2530 3680 2590 enim

2133 2625 2252 2685 hoc
2289 2624 2478 2703 plane
2519 2625 2796 2686 alienum
2825 2624 2908 2684 ab
2945 2624 3290 2685 intentione
3327 2623 3552 2684 Christi
3581 2624 3682 2682 Do-

2129 2719 2318 2791 mini;
2353 2738 2522 2791 nam,
2557 2720 2606 2779 si
2631 2719 2799 2797 Tyrii
2831 2725 2893 2779 et
2911 2718 3146 2780 Sidonii
3167 2717 3464 2777 credituri
3489 2724 3677 2778 erant.

2130 2813 2180 2873 si
2215 2813 2386 2891 apud
2415 2830 2524 2873 eos
2571 2812 2848 2874 Christus
2887 2811 3292 2891 praedicasset
3325 2817 3390 2871 et
3440 2811 3684 2869 virtutes

2127 2906 2399 2979 fecisset,
2439 2906 2588 2985 quia
2617 2906 2750 2984 ipse
2780 2905 3044 2965 interius
3067 2905 3278 2982 majus
3304 2904 3548 2971 lumen,
3573 2902 3678 2962 for-

2127 2998 2442 3078 tioresque
2493 2998 2954 3077 inspirationeS,
3009 3002 3118 3057 aut
3157 2997 3424 3059 fortasse
3481 2996 3680 3074 physi-

2129 3110 2268 3154 cam
2308 3092 3024 3172 proedeterminationem
3059 3092 3150 3154 eis
3197 3090 3464 3152 daturus
3503 3094 3674 3158 esset,

2129 3204 2254 3265 quo
2282 3187 2458 3247 titulo
2489 3187 2792 3266 potuisset
2819 3205 2894 3248 eo
2931 3185 3184 3246 nomine
3225 3183 3682 3264 reprehendere

2130 3279 2402 3355 sudi-eos,
2429 3279 2600 3360 quod
2623 3297 2766 3340 cum
2795 3279 2916 3340 illis
2941 3279 3136 3358 signis
3161 3286 3224 3338 et
3251 3277 3682 3356 praedicatione

2125 3389 2256 3432 non
2273 3372 2622 3444 crederent,
2637 3391 2786 3434 cum
2809 3373 3036 3449 quibus
3053 3371 3156 3432 alii
3175 3375 3358 3432 erant
3377 3369 3685 3432 credituri?

2129 3465 2532 3544 Respondet-e
2557 3466 2724 3527 enim
2755 3465 2978 3526 merito
3001 3471 3260 3544 possent
3291 3481 3360 3524 se
3381 3481 3508 3523 non
3531 3481 3686 3524 rece-

2129 3559 2296 3635 pisse
2329 3557 2482 3618 illud
2525 3559 2765 3631 lumen,
2801 3563 2865 3620 et
2899 3557 3040 3618 illas
3077 3556 3520 3636 inspirationes
3554 3573 3684 3615 cum

2131 3651 2360 3731 quibus
2387 3651 2492 3712 alii
2523 3651 2820 3712 credituri
2863 3655 3042 3712 erant
3083 3657 3147 3712 et
3169 3650 3308 3710 sine
3333 3649 3559 3729 quibus
3576 3649 3682 3727 ipsi

2131 3747 2389 3808 credere
2445 3763 2576 3806 non
2627 3751 2916 3825 poterant
2935 3791 2954 3814 ,
3007 3751 3070 3806 et
3119 3745 3264 3806 ideo
3323 3743 3684 3823 reprehendi

2131 3857 2260 3900 non
2289 3857 2474 3918 posse
2505 3839 2676 3918 quod
2699 3857 2830 3900 non
2861 3838 3212 3902 crederent.

2215 3931 2576 3996 Occurritur
2600 3931 2995 4014 responsioni.
3019 3964 3100 3978 -
3127 3931 3308 4004 Quod
3337 3931 3390 3992 si
3417 3933 3516 3992 hic
3533 3930 3684 3992 dica-

2134 4034 2238 4088 tur
2262 4027 2398 4087 illos
2421 4025 2614 4088 fuisse
2638 4027 3126 4105 reprehensione
3151 4024 3402 4104 diguoS,
3429 4043 3506 4087 eo
3523 4024 3682 4104 qnod

2135 4119 2220 4180 illi
2249 4121 2470 4199 majori
2499 4119 2744 4192 lumini,
2777 4125 2840 4180 et
2863 4118 3257 4198 inspirationi
3281 4119 3543 4178 internae
3579 4119 3684 4177 im-

2136 4212 2564 4291 pedimentum
2593 4213 2934 4291 ponebant.
2965 4211 3137 4289 quod
3171 4211 3341 4289 Tyrii
3377 4217 3442 4272 et
3467 4209 3683 4272 Sidonii

2135 4322 2266 4366 non
2322 4306 2696 4383 posuissent,
2757 4305 2910 4366 nihil
2959 4310 3296 4366 enervatur
3345 4303 3682 4384 argumenti

2137 4397 2250 4469 vis,
2283 4414 2432 4456 nam
2459 4397 2624 4458 hunc
2651 4398 2712 4458 in
2741 4398 3000 4458 modurn
3027 4397 3516 4458 concludemus:
3543 4415 3686 4473 ergo

2135 4489 2302 4568 Tyrii
2343 4495 2404 4550 et
2441 4491 2700 4564 Sidonii,
2747 4491 2796 4552 si
2833 4491 3220 4569 recepissent
3263 4491 3490 4552 eadem
3525 4490 3684 4550 auxi-

2137 4583 2219 4644 lia
2252 4589 2506 4645 externa
2537 4590 2599 4645 et
2623 4585 2910 4661 interna,
2941 4603 3068 4644 non
3106 4584 3378 4646 fuissent
3402 4583 3678 4652 restituti,

2131 4694 2340 4754 neque
2383 4677 2902 4756 impedimentum
2959 4677 3322 4750 adhibituri,
3367 4677 3682 4756 quominus

2131 4770 2436 4848 majorem
2467 4770 2986 4832 illuminationem
3011 4773 3074 4830 et
3102 4769 3569 4848 inspirationem
3589 4787 3680 4828 re-

2133 4863 2431 4940 ciperent,
2463 4869 2534 4924 ut
2558 4862 2814 4924 tandem
2843 4863 3208 4936 crederent3
3233 4863 3350 4924 sed
3373 4881 3498 4922 non
3515 4862 3678 4923 resis-

2130 4961 2286 5028 tere,
2321 4961 2430 5016 aut
2461 4975 2586 5016 nou
2609 4975 2846 5036 ponere
2873 4955 3421 5034 impedimentum,
3452 4974 3568 5016 non
3589 4961 3678 5014 est

2131 5065 2307 5109 mera
2361 5051 2616 5128 negatio
2673 5055 2780 5110 aut
2833 5048 3116 5128 privati0‚
3173 5049 3288 5110 sed
3344 5047 3676 5127 cooperatio

2135 5141 2344 5220 aliqua
2384 5161 2528 5204 cum
2575 5142 2800 5204 minori
2833 5143 3062 5202 auxilio
3087 5187 3104 5214 ,
3157 5161 3285 5220 quo
3335 5143 3518 5202 homo
3561 5141 3678 5200 dis-

2137 5235 2392 5313 ponitur
2425 5235 2508 5296 ad
2553 5235 2980 5315 recipiendum
3021 5236 3248 5313 majus,
3287 5242 3354 5295 ut
3397 5235 3462 5294 in
3508 5251 3676 5311 supc-

2135 5329 2406 5390 rioribus
2435 5336 2761 5390 ostensum
2801 5335 2914 5390 est.
2951 5330 3115 5408 Ergo
3151 5346 3298 5388 cum
3331 5327 3544 5406 aequali
3571 5345 3676 5384 au-

2131 5421 2280 5484 xilio
2305 5428 2510 5501 potest
2537 5441 2701 5482 unus
2731 5441 2858 5482 non
2887 5421 3156 5501 operari,
3181 5425 3242 5481 et
3267 5421 3426 5482 alter
3447 5417 3672 5500 operari

2129 5522 2340 5578 actum
2371 5516 2546 5576 illum
2575 5516 2656 5576 ad
2683 5533 2871 5594 quem
2923 5515 3204 5595 proxime
3245 5515 3449 5586 datur,
3481 5519 3539 5574 et
3569 5529 3672 5590 per
