3850 6225
495 370 617 436 4ἱᾶ

492 470 664 551 quod
685 470 860 533 nullo
879 471 1050 533 bono
1075 472 1382 553 indigeat;
1408 480 1542 535 tum
1569 474 1760 536 etiam
1787 474 1961 553 quod
1988 476 2065 550 is,

491 566 602 647 qui
638 565 1018 627 beneficium
1053 567 1136 628 ab
1161 566 1285 629 alio
1332 568 1608 647 suscipit,
1638 568 1738 629 vel
1769 568 2068 650 supponi-

491 668 594 723 tur
635 660 726 721 illi
767 660 1024 721 inferior
1045 706 1061 733 ,
1102 661 1204 724 vel
1249 662 1385 742 ipso
1425 660 1731 724 beneficio
1773 668 2065 743 suscepto

494 754 788 827 efficitur3
813 761 947 815 tum
966 754 1238 835 denique
1259 756 1425 835 quia,
1448 755 1752 835 quidquid
1775 756 2067 817 homines

491 850 592 911 vel
617 849 828 930 angeli
857 850 918 909 in
943 849 1056 911 Dei
1093 850 1398 911 honorem
1421 850 1520 911 vel
1549 850 1786 911 cultum
1809 849 2063 923 faciant,

493 943 842 1005 innumeris
883 942 1074 1003 titulis
1105 942 1192 1005 illi
1230 948 1326 1005 est
1367 943 1669 1005 debitum.
1703 943 1820 1006 Ubi
1855 948 2067 1004 autem

493 1037 868 1101 beneficium
911 1056 1038 1098 non
1079 1038 1432 1111 intervenit,
1463 1056 1582 1101 nec
1622 1037 1902 1099 debitum
1927 1056 2067 1115 gra-

493 1132 772 1194 titudinis
799 1131 1008 1192 locum
1032 1130 1270 1193 habere
1289 1134 1516 1209 potest.
1549 1130 1727 1193 Unde
1755 1130 1876 1191 hoc
1901 1129 2073 1191 debi-

492 1232 623 1287 tum
671 1225 1016 1287 formaliter
1045 1227 1140 1285 est
1175 1224 1486 1286 inferioris
1529 1224 1613 1285 ad
1639 1224 2065 1303 superiorem;

493 1338 663 1391 nam,
699 1320 843 1380 licet
877 1318 1074 1397 possit
1111 1336 1250 1379 esse
1291 1318 1454 1379 inter
1495 1317 1725 1398 alioqui
1767 1316 2067 1397 aequales,

495 1418 728 1486 tamen,
761 1418 1074 1491 quatenus
1091 1412 1344 1493 respicit
1373 1411 1862 1483 benefactorem,
1885 1428 2069 1490 supe-

493 1509 724 1569 riorem
752 1506 1022 1587 respicit.
1053 1506 1334 1567 Tandem
1363 1506 1483 1567 hoc
1509 1506 1689 1568 titulo
1719 1506 2071 1567 excluditur

495 1601 686 1663 etiam
715 1618 754 1661 a
783 1602 910 1661 Deo
931 1618 1116 1661 omne
1141 1599 1420 1660 debitum
1439 1617 1480 1658 a
1505 1600 1645 1675 lege
1665 1600 2065 1678 proveniens,

493 1694 638 1775 quia
669 1694 946 1755 debitum
975 1692 1132 1771 legis
1167 1691 1426 1752 includit
1451 1691 1732 1753 debitum
1771 1692 2071 1753 obedien-

495 1789 618 1862 tiae,
671 1806 810 1868 quoe
851 1787 1002 1849 dicit
1041 1785 1474 1847 habitudinem
1527 1785 1608 1845 ad
1651 1786 2063 1864 superiorem.

495 1882 710 1960 Neque
739 1882 944 1943 obstat
972 1880 1141 1959 quod
1169 1880 1231 1940 in
1261 1879 1444 1939 nobis
1467 1878 1770 1939 naturalis
1789 1879 1949 1939 ratio
1978 1879 2069 1939 di-

495 1981 672 2037 catur
703 1974 938 2035 habere
975 1974 1102 2033 vim
1127 1972 1306 2053 legis,
1337 1978 1407 2033 ut
1433 1988 1510 2033 ex
1542 1973 1614 2032 D.
1647 1972 1888 2032 Thema
1921 1974 1979 2031 1.
2002 1972 2066 2045 2,

495 2088 556 2148 q.
589 2072 686 2140 17,
716 2074 780 2129 et
805 2070 907 2140 90,
942 2068 1226 2139 sumitur,
1257 2072 1414 2127 etex
1445 2064 1800 2137 Aristotele,
1835 2070 1860 2125 1
1898 2065 2071 2125 Ethi-

495 2180 651 2233 cor.,
681 2180 817 2240 cap.
853 2162 991 2233 ult.,
1025 2160 1294 2233 dicente,
1325 2160 1666 2239 appetitum
1693 2157 1951 2219 obedire
1976 2177 2071 2219 ra·

495 2256 671 2328 tioni,
703 2255 1006 2316 rationem
1029 2260 1240 2315 autem
1255 2254 1590 2332 imperare.
1613 2254 1741 2313 Hoc
1763 2252 2069 2331 (inquam)

493 2368 622 2411 non
633 2350 857 2421 obstat,
874 2355 968 2411 est
989 2348 1156 2408 enim
1175 2347 1406 2426 duplex
1423 2346 1696 2407 notanda
1715 2345 2071 2407 differentia

493 2442 656 2503 inter
669 2442 1050 2501 voluntatem
1071 2446 1344 2501 creatam
1365 2446 1428 2500 et
1453 2439 1754 2512 divinam,
1783 2444 1846 2498 ct
1874 2436 2071 2499 dicta·-

493 2554 642 2597 men
663 2535 919 2596 rationis
949 2540 1172 2595 creatae
1203 2538 1268 2594 et
1293 2532 1518 2593 divinae
1540 2550 1556 2605 ;
1580 2550 1728 2591 nam
1753 2532 2065 2593 dictamen

495 2626 750 2689 rationis
795 2633 1018 2688 creatas
1055 2632 1150 2687 est
1177 2626 1568 2705 participatio
1598 2624 1937 2703 superioris
1966 2643 2068 2684 ra-

495 2720 682 2781 tionis
711 2720 1022 2791 incrcatae,
1057 2724 1120 2780 et
1145 2724 1214 2779 ut
1247 2718 1356 2791 sic,
1383 2723 1446 2779 et
1484 2717 1664 2797 quasi
1691 2718 1828 2797 ejus
1863 2716 2065 2777 vicem

497 2830 746 2893 gerenS,
779 2812 970 2873 habet
999 2814 1308 2873 rationem
1337 2812 1496 2891 legis
1531 2816 1592 2871 et
1617 2810 1947 2891 praecepti:
1978 2810 2067 2889 ip-

496 2924 564 2966 sa
579 2911 792 2966 autem
813 2906 968 2966 ratio
985 2906 1260 2967 increata
1291 2923 1420 2965 non
1445 2904 1632 2965 habet
1649 2903 2059 2983 superiorem,

495 3006 556 3062 et
607 3000 748 3061 ideo
800 3007 1085 3080 respectu
1136 3000 1328 3080 ipsius
1369 3000 1473 3060 Dei
1517 3018 1646 3059 non
1687 2997 1878 3059 habet
1919 3016 2065 3077 pro-

493 3094 693 3174 priam
733 3094 1040 3156 rationem
1079 3094 1256 3175 legis.
1290 3094 1396 3154 Est
1429 3092 1616 3154 etiam
1648 3090 1818 3153 aliud
1851 3090 2065 3152 discri-

495 3205 666 3262 men,
723 3187 1148 3266 comparando
1201 3187 1368 3266 ipsas
1417 3186 1728 3265 potentias
1769 3185 1933 3246 inter
1970 3203 2061 3259 se,

493 3299 642 3341 nam
683 3280 746 3340 in
778 3281 968 3342 rebus
994 3281 1242 3352 creatis,
1291 3279 1578 3340 voluntas
1607 3285 1670 3340 et
1709 3279 2064 3338 intellectus

494 3379 644 3434 sunt
669 3373 930 3434 diversae
963 3373 1279 3453 potentini,
1307 3378 1369 3433 et
1393 3371 1746 3432 intellectus
1765 3376 1861 3432 est
1881 3389 2067 3451 supe·

493 3465 624 3526 rior
659 3466 1002 3538 voluntate,
1035 3471 1096 3526 et
1127 3464 1272 3526 ideo
1313 3469 1518 3544 potest
1559 3463 1645 3524 illi
1689 3464 1977 3544 regulam
2004 3469 2069 3526 et

493 3576 856 3620 mensuram
883 3557 1185 3638 operandi
1203 3558 1604 3630 constituere,
1637 3562 1825 3636 atque
1845 3559 1931 3619 ita
1958 3559 2069 3620 ha·

493 3651 644 3712 bere
681 3656 970 3730 respectu
995 3651 1160 3711 illius
1187 3649 1496 3712 rationem
1521 3651 1700 3730 legia,
1732 3669 1848 3712 seu
1875 3651 2066 3731 legis-

491 3745 726 3806 latoris.
757 3745 828 3806 In
855 3746 985 3804 Deo
1031 3748 1244 3805 autem
1286 3744 1574 3804 voluntas
1605 3751 1668 3806 et
1712 3744 2065 3806 intellectus

495 3838 560 3900 in
599 3856 668 3898 re
715 3855 846 3899 non
887 3837 1386 3918 distinguuntur3
1439 3855 1633 3916 quare
1679 3855 1888 3917 neque
1945 3839 2065 3898 hoc

494 3930 684 3992 modo
709 3935 914 4010 potest
933 3931 1182 4010 proprie
1208 3931 1368 4010 legis
1395 3929 1690 4010 obligatio
1717 3930 1941 3992 divinae
1962 3949 2065 3991 vo-

491 4025 718 4086 luntati
767 4023 976 4095 tribui,
1025 4025 1336 4102 quamvis,
1397 4023 1746 4085 seeundum
1803 4023 2065 4084 modum

491 4125 778 4180 nostrum
817 4116 1234 4196 concipiendi,
1265 4123 1577 4194 quatenus
1623 4117 1999 4198 sapientiam
2024 4137 2063 4178 a

491 4211 812 4272 voluntate
841 4209 1282 4290 distinguimus
1308 4211 1573 4284 ratione,
1605 4210 1744 4290 ipsa
1771 4211 1931 4272 ratio
1962 4229 2064 4272 sa-

493 4305 742 4385 pientioe
773 4305 864 4382 (ut
890 4305 962 4365 D.
1008 4305 1282 4366 Thomas
1316 4323 1508 4384 supra
1537 4304 1762 4366 citatus
1789 4303 1965 4384 dixit)
1994 4321 2063 4366 se

492 4399 724 4460 habeat
748 4397 909 4461 sicut
933 4397 1034 4460 lex
1065 4399 1347 4478 justitiae,
1371 4397 1718 4494 secundum
1737 4415 1931 4478 quam
1954 4398 2061 4459 Dei

493 4491 782 4554 voluntas
801 4492 974 4571 justa
997 4497 1060 4554 et
1079 4499 1252 4554 recta
1281 4497 1395 4555 est.

569 4589 632 4648 4.
669 4585 978 4648 Praeterea
1023 4603 1212 4647 omne
1241 4586 1524 4648 debitum
1559 4585 1730 4666 quod
1759 4589 1855 4646 est
1897 4583 2065 4646 inter

495 4679 792 4760 aequales,
841 4683 1156 4758 quatenus
1189 4680 1466 4759 aequales
1491 4685 1656 4752 sunt,
1697 4695 1828 4739 non
1854 4683 2063 4756 potest

493 4773 624 4836 Deo
645 4773 859 4845 tribui,
889 4789 1036 4834 cum
1066 4773 1378 4853 oequalem
1395 4791 1524 4834 non
1559 4772 1810 4834 habeat.
1840 4771 2059 4851 Neque

494 4867 662 4928 enim
690 4867 852 4928 inter
884 4865 1126 4928 divinas
1147 4885 1472 4947 personas,
1515 4866 1800 4948 quamvis
1843 4883 2061 4946 tequa-

493 4961 586 5022 les
627 4960 772 5031 sint.
813 4959 1172 5039 hujusmodi
1205 4960 1484 5022 debitum
1523 4960 1910 5022 intercedere
1948 4978 2063 5039 po—

491 5058 654 5128 test3
703 5052 812 5115 illa
861 5053 1028 5114 enim
1071 5053 1430 5132 aequalitas,
1473 5071 1602 5114 uon
1637 5053 1704 5114 in
1753 5053 2061 5116 relatione

492 5147 702 5227 aliqua
755 5146 933 5220 reali,
971 5145 1074 5206 vel
1114 5147 1352 5208 unitate
1401 5145 1785 5225 imperfecta,
1835 5145 1952 5208 sed
1994 5146 2059 5206 in

493 5249 730 5303 naturae
772 5239 1118 5312 identitate,
1163 5243 1352 5319 atque
1379 5238 1542 5300 adeo
1573 5239 1638 5300 in
1665 5239 1904 5300 unitate
1948 5255 2061 5300 vo-

491 5333 766 5405 luntatis,
793 5331 1058 5394 dominii
1085 5337 1152 5394 et
1187 5331 1650 5412 omnipotentio
1683 5332 1884 5412 posita
1921 5337 2051 5406 est3

493 5445 638 5489 eum
675 5428 793 5488 hac
835 5431 1048 5488 autem
1089 5427 1326 5488 unitate
1371 5444 1502 5488 nou
1544 5432 1748 5507 potest
1781 5443 1920 5488 esse
1948 5445 2057 5487 ve-

493 5537 634 5584 rum
663 5521 966 5596 debitum,
995 5537 1142 5584 eum
1167 5520 1472 5600 quidquid
1501 5525 1598 5582 cst
1629 5519 1812 5582 unius
1835 5537 2057 5602 perso-

977 374 1188 431 OPUSC.
1225 376 1308 431 IV.
1345 372 1650 431 merlo
1681 378 1764 431 DE
1795 374 2145 433 uranum
2178 380 2569 435 vommxris
2602 380 2849 435 aivum.
2886 380 3126 437 DISPUT.
3166 384 3231 437 Π.

2148 494 2249 539 nae
2294 479 2371 541 sit
2416 480 2607 541 etiam
2654 478 2954 552 aliarum,
3001 484 3065 541 et
3112 476 3421 559 quidquid
3454 478 3559 537 uni
3600 476 3703 539 de-

2147 572 2332 633 betur
2358 618 2374 646 ,
2422 572 2728 634 debeatur
2782 572 2953 645 aliis3
3004 577 3067 635 et
3118 574 3172 635 si
3233 574 3449 653 aliqua
3500 588 3705 632 earum

2149 666 2493 747 quidquam
2544 667 2775 729 debere
2824 672 3057 745 potest,
3091 684 3315 727 omnes
3361 664 3703 727 necessario

2148 761 2299 822 illud
2336 761 2589 833 debent,
2638 762 2786 839 quia
2816 778 3033 835 unam,
3068 766 3135 822 ut
3158 760 3307 833 dixi,
3340 759 3573 821 hab'ent
3608 776 3703 819 vo-

2148 854 2453 915 luntatem
2494 860 2557 915 et
2588 858 2981 933 potestatem.
3034 856 3163 915 Hoc
3206 854 3517 925 debitum,
3546 852 3704 932 quod

2150 948 2571 1027 aequalitatem
2602 947 2885 1027 requirit,
2936 948 3207 1009 maxime
3254 950 3551 1007 censetur
3576 962 3703 1005 esse

2150 1040 2430 1103 debitum
2456 1040 2713 1121 justitiae
2746 1042 3203 1113 conmutativae,
3226 1038 3503 1118 'proprie
3536 1044 3597 1098 et
3630 1039 3701 1098 ri-

2152 1151 2377 1212 gorose
2425 1140 2711 1213 sumptoe,
2754 1152 2895 1213 quoe
2938 1134 3213 1213 postulat
3254 1130 3703 1193 condistinctio-

2150 1244 2297 1287 nem
2350 1227 2691 1305 quamdam
2736 1228 2799 1287 in
2852 1227 3163 1293 dominiis,
3208 1232 3281 1287 ut
3332 1224 3596 1285 sumitur
3636 1242 3703 1284 ex

2154 1320 2508 1386 Aristotele.
2540 1322 2581 1381 5
2612 1321 2837 1393 Ethic.,
2868 1339 3004 1400 cap.
3042 1324 3101 1392 6,
3136 1320 3241 1399 qui
3272 1317 3535 1399 proinde
3569 1336 3701 1377 con·

2150 1412 2342 1475 cludit
2364 1414 2671 1493 justitiam
2702 1414 2895 1488 illam,
2940 1432 3077 1493 quae
3123 1415 3186 1474 in
3216 1411 3701 1473 commutationi·

2148 1507 2267 1567 bus
2294 1508 2595 1580 consistit,
2626 1526 2756 1568 non
2786 1526 2971 1586 posse
3004 1510 3137 1569 Deo
3176 1507 3455 1568 attribui.
3480 1508 3565 1566 De
3590 1524 3699 1583 qua

2148 1618 2217 1661 re
2242 1600 2429 1661 latius
2452 1601 2575 1661 alio
2606 1600 2743 1661 loco
2774 1600 2924 1673 dixi,
2955 1606 3018 1661 et
3044 1601 3233 1680 paulo
3264 1598 3529 1659 inferius
3560 1617 3699 1658 non-

2150 1694 2303 1753 nihil
2350 1696 2673 1773 attingam.
2724 1694 3119 1771 Relinquitur
3164 1710 3319 1771 ergo
3374 1693 3427 1752 si
3467 1692 3697 1770 aliquod

2152 1786 2431 1848 debitum
2458 1787 2925 1849 attribuendum
2950 1792 3045 1848 est
3072 1790 3227 1861 Deo,
3257 1785 3416 1846 illud
3444 1803 3581 1845 esse
3608 1786 3699 1845 de-

2150 1880 2301 1941 bere
2330 1880 2427 1940 vel
2464 1880 2793 1959 proprium
2820 1882 3161 1960 superioris
3206 1880 3289 1940 ad
3330 1879 3695 1949 inferiorem,

2149 1974 2249 2035 vel
2302 1979 2471 2034 certe
2528 1974 2675 2045 tale,
2730 1980 2799 2035 ut
2842 1975 2921 2035 de
2969 1992 3036 2034 se
3083 1973 3161 2035 sit
3208 1974 3593 2041 indifferenS,
3646 1978 3699 2031 et

2150 2066 2567 2144 aequalitatem
2610 2072 2719 2127 aut
2750 2066 3219 2128 inferioritatem
3252 2084 3381 2127 non
3414 2064 3695 2143 requirat.

2230 2162 2289 2220 5.
2340 2160 2431 2219 Ex
2470 2178 2595 2237 quo
2626 2161 2815 2221 etiam
2862 2160 3061 2221 infero
3098 2161 3323 2231 Deum,
3372 2176 3488 2237 per
3532 2175 3595 2217 se
3646 2164 3699 2217 et

2150 2257 2375 2312 natura
2414 2271 2527 2315 sua
2576 2254 2833 2330 praecise
2886 2260 3256 2332 spectatum,
3306 2252 3545 2331 absque
3586 2250 3699 2309 ulla

2153 2347 2602 2426 suppositione,
2648 2365 2773 2407 non
2803 2366 2989 2426 posse
3034 2366 3173 2409 esse
3204 2347 3551 2407 debitorem
3574 2362 3697 2423 pro-

2150 2440 2284 2516 prio
2312 2439 2539 2515 debito,
2576 2441 2757 2520 cujus
2776 2442 3000 2502 solutio
3031 2442 3113 2502 ad
3140 2438 3575 2501 rectitudinem
3602 2456 3697 2497 vo-

2148 2532 2401 2593 luntatis
2432 2534 2787 2595 necessaria
2812 2534 2890 2594 sit
2912 2552 2927 2607 ;
2964 2535 3043 2595 de
3070 2535 3191 2594 hoc
3216 2534 3390 2593 enim
3416 2548 3614 2593 sermo
3640 2532 3693 2590 in

2146 2626 2441 2706 praesenti
2484 2632 2613 2698 est;
2646 2644 2773 2687 non
2810 2633 3013 2707 potest
3056 2628 3223 2688 enim
3267 2626 3399 2687 tale
3440 2625 3695 2685 debitum

2148 2739 2225 2781 ex
2252 2720 2625 2781 necessitate
2649 2722 2931 2783 comitari
2954 2728 3243 2783 naturam
3270 2722 3567 2807 aliquam,
3590 2719 3691 2777 uisi

2145 2814 2249 2874 illa
2279 2814 2642 2893 imperfecta
2695 2814 2793 2887 sit,
2838 2819 2903 2875 et
2948 2815 3337 2894 superiorem
3382 2830 3694 2891 recognos-

2146 2912 2279 2979 cat;
2312 2924 2464 2987 ergo
2498 2907 2549 2967 si
2588 2908 2652 2967 in
2681 2908 2881 2969 Deum
2912 2908 3135 2970 cadere
3165 2912 3377 2987 potest
3400 2906 3686 2975 debitum,
3802 2912 3804 2989 f

2148 3000 2347 3060 solum
2390 3018 2528 3062 esse
2558 3007 2762 3080 potest
2792 3020 2870 3063 ex
2897 3002 3105 3080 aliqua
3132 2999 3559 3080 suppositione
3586 2998 3688 3076 ipsi
3803 3074 3804 3080 ἵ

2146 3094 2495 3156 voluntaria
2536 3113 2609 3156 ac
2654 3095 2873 3170 libera,
2928 3094 3097 3176 quod
3140 3113 3273 3156 non
3322 3099 3529 3174 potest
3568 3110 3689 3154 esse

2146 3187 2263 3249 nisi
2302 3189 2631 3269 promissio
2672 3195 2782 3250 aut
2826 3191 3030 3268 pactio
3070 3189 3306 3268 aliqua,
3364 3205 3445 3250 ex
3486 3187 3691 3266 quibus

2146 3279 2461 3344 fidelitatis
2516 3289 2623 3344 aut
2679 3281 2933 3363 justitiae
2982 3282 3265 3344 debitum
3328 3281 3477 3342 oriri
3526 3280 3685 3340 solet.

2144 3377 2299 3436 Tota
2328 3393 2479 3456 ergo
2521 3377 2785 3454 quaestio
2814 3375 2895 3436 ad
2924 3376 3043 3436 hoc
3070 3381 3317 3436 tantum
3346 3373 3575 3454 duplex
3596 3373 3691 3432 de-

2146 3471 2342 3530 bitum
2370 3477 2725 3542 revocatur,
2768 3471 2849 3532 de
2892 3470 3122 3549 quibus
3152 3471 3347 3531 variae
3394 3474 3539 3530 sunt
3576 3468 3693 3547 opi-

2144 3565 2367 3625 niones
2393 3563 2879 3643 Theologorum.
2918 3565 2997 3627 Ut
3023 3569 3239 3624 tamen
3288 3563 3541 3624 brevius
3572 3577 3689 3621 rem
3800 3579 3802 3632 i

2146 3657 2498 3738 expediam,
2556 3675 2765 3718 meam
2819 3657 3196 3718 sententiam
3242 3656 3454 3717 statim
3506 3654 3687 3734 profe·

2144 3769 2301 3824 ram,
2341 3757 2403 3812 et
2430 3751 2593 3811 inter
2614 3769 2756 3812 eam
2782 3750 3217 3830 explicandam
3246 3756 3313 3810 et
3334 3749 3687 3811 confirman-

2144 3843 2311 3917 dam,
2360 3843 2627 3904 aliorum
2670 3843 2897 3922 placita
2942 3843 3216 3904 breviter
3242 3843 3569 3923 attingam,
3596 3859 3685 3901 eo-

2144 3955 2409 4016 rumque
2448 3936 2857 3998 fundamenta
2900 3936 3259 3998 dissolvam.

2262 4181 2458 4246 Deum
2490 4179 2887 4262 promissiva
2930 4177 3221 4242 conatui
3244 4179 3581 4242 debitorem.

2224 4401 2285 4462 6.
2342 4399 2549 4460 Primo
2606 4399 2795 4478 igitur
2840 4397 3179 4460 dicendum
3234 4402 3333 4458 est
3356 4443 3375 4468 ,
3428 4413 3553 4457 non
3606 4411 3683 4453 re-

2142 4509 2427 4574 pugnare
2462 4491 2731 4552 libertati
2766 4491 2991 4552 divinat
3034 4490 3399 4563 voluntatis,
3450 4489 3597 4568 quin
3620 4503 3683 4546 ex

2142 4587 2354 4648 debito
2394 4583 2734 4656 fidelitatis,
2788 4583 2959 4662 quod
3005 4602 3083 4646 ex
3122 4583 3389 4663 simplici
3442 4589 3505 4644 et
3546 4597 3681 4659 pura

2140 4677 2551 4758 promissione
2590 4677 2889 4748 nascitur,
2932 4677 3209 4758 obligari·
3236 4677 3437 4757 possit
3466 4677 3565 4737 vel
3592 4673 3681 4734 de·

2138 4771 2459 4834 terminari
2482 4771 2565 4832 ad
2592 4770 2827 4850 aliquid
2852 4769 3231 4832 faciendum.
3266 4769 3546 4832 Sumitur
3570 4769 3683 4828 baec
3797 4829 3798 4838 ἦ

2140 4866 2401 4928 assertio
2442 4883 2523 4926 ex
2562 4865 2635 4926 D.
2689 4865 2929 4926 Thema
2968 4867 3027 4926 1.
3071 4866 3135 4936 2,
3182 4870 3409 4944 quaest.
3458 4867 3594 4936 111,
3632 4865 3685 4922 et

2144 4965 2365 5038 quaest.
2421 4960 2558 5033 1¹4,
2608 4964 2679 5019 ut
2724 4965 2945 5038 postea
2990 4957 3179 5019 latius
3218 4957 3681 5020 declarabimus.

2142 5051 2465 5114 Fundetur
2508 5057 2725 5112 autem
2764 5050 2829 5110 in
2878 5049 3127 5112 duobus
3178 5051 3519 5131 principiiS,
3560 5063 3683 5128 quae

2138 5144 2367 5224 partim
2394 5144 2779 5206 revelatione
2798 5187 2814 5217 ,
2854 5145 3079 5223 partim
3108 5143 3297 5206 etiam
3322 5137 3563 5206 ratio'ne
3588 5144 3681 5202 ha-

2138 5239 2275 5302 beri
2322 5243 2605 5318 possunt.
2674 5239 2951 5300 Primum
3002 5245 3099 5300 est
3126 5285 3147 5313 ,
3208 5240 3411 5300 Deum
3468 5233 3679 5316 aliquid

2136 5334 2503 5414 promittere
2524 5377 2541 5406 ,
2584 5331 2757 5412 quod
2784 5337 3027 5394 constat
3062 5349 3141 5394 ex
3176 5332 3517 5393 innumeris
3542 5328 3675 5390 loeis
3795 5343 3796 5414 j

2139 5425 2492 5507 Scripturas,
2540 5427 2621 5486 ad
2666 5427 2929 5488 Roman.
2967 5431 2995 5488 1
3030 5441 3048 5486 t
3096 5423 3267 5502 Quod
3298 5429 3439 5489 ante
3468 5439 3671 5504 prom-
3795 5461 3796 5486 l

2136 5525 2305 5585 serat
2326 5539 2437 5603 per
2462 5521 2803 5604 Prophetas
2824 5537 2966 5585 ηοω
2993 5522 3061 5583 iu
3090 5519 3443 5602 Scriptus-is
3462 5518 3665 5582 sanctis
