3850 6225
459 402 580 466 556

459 509 798 570 minuatur.
833 509 908 570 Et
953 507 1038 572 ita
1095 508 1408 572 concludit
1461 510 1548 572 ibi
1601 513 1674 574 D.
1717 511 2014 585 Thomas,

458 603 660 664 Deum
707 619 956 664 servare
997 601 1256 664 modum
1301 603 1704 667 distributiva·
1738 605 2016 684 justitiis,

459 695 714 775 quando
749 695 1085 776 unicuique
1133 697 1218 758 rei
1277 697 1386 758 dat
1431 699 1878 778 proprietatem
1913 697 2019 760 vel

461 787 772 850 actionem
815 787 1090 850 debitam
1129 809 1258 851 sure
1303 795 1564 864 naturae,
1595 811 1708 854 seu
1757 793 1846 854 illi
1873 813 2020 856 con-

459 883 838 945 venientem.
865 885 936 946 In
961 901 1084 964 qua
1130 885 1374 948 actione
1403 892 1647 950 constat
1673 889 1906 950 servari
1930 890 2023 951 in·

461 983 638 1054 tegre
667 983 732 1040 et
763 977 1086 1056 adaequate
1119 981 1584 1058 proportionem
1607 981 1764 1044 inter
1799 969 2025 1044 unam·

463 1087 779 1150 quamque
817 1077 1132 1144 naturam,
1172 1076 1234 1133 et
1275 1073 1720 1154 proprietatem
1759 1075 1920 1156 ejus,
1958 1083 2023 1140 et

463 1167 484 1238 (
509 1171 578 1224 nt
621 1163 706 1226 ita
733 1163 938 1225 dicam
969 1166 988 1242 )
1015 1165 1352 1244 unicuique
1391 1167 1630 1246 integre
1661 1169 1814 1230 solvi
1851 1170 2023 1250 quod

465 1256 520 1318 ei
547 1255 826 1318 debitum
853 1263 981 1332 est;
1021 1276 1172 1340 ergo
1197 1277 1274 1320 ex
1297 1261 1606 1322 sententia
1631 1262 1706 1330 D,
1737 1263 2017 1339 Thomas,

455 1350 696 1432 justitia
747 1351 1136 1414 distributiva
1171 1353 1360 1414 etiam
1389 1355 1554 1416 hanc
1603 1357 2025 1434 aequalitatem

463 1443 737 1521 respicit,
757 1443 921 1506 etad
947 1463 1088 1506 eam
1115 1447 1367 1526 respicit
1393 1447 1560 1508 illam
1595 1467 1850 1512 servare
1879 1469 2022 1512 cum

468 1554 592 1598 una
643 1555 914 1616 persona
953 1539 1052 1598 vel
1102 1545 1348 1615 natura,
1401 1541 1642 1603 etiamsi
1689 1541 1793 1604 illa
1841 1543 2028 1604 unica

466 1633 634 1692 esset
661 1631 724 1690 in
767 1631 1024 1692 mundo.
1061 1633 1218 1694 Cum
1249 1651 1398 1694 vero
1427 1633 1608 1696 divus
1633 1636 1908 1698 Thomas
1934 1637 2029 1698 di-

463 1722 556 1784 xit
603 1723 768 1786 hanc
821 1725 1128 1804 justitiam
1174 1725 1440 1816 reddere
1479 1727 1758 1790 debitum
1801 1749 2029 1792 secun·

467 1816 619 1878 dum
675 1815 1044 1898 dignitatem
1099 1837 1386 1899 personae
1409 1867 1425 1894 ,
1493 1821 1768 1885 indicare
1833 1825 2029 1888 voluit

467 1909 490 1988 (
515 1911 686 1989 quod
715 1929 830 1974 nos
858 1911 1194 1990 diximus),
1229 1915 1360 1994 J'us,
1393 1911 1562 1994 quod
1599 1917 1848 1996 respicit
1895 1917 2027 1980 haic

459 2004 722 2082 justitia,
757 2023 886 2066 non
927 2023 1066 2066 esse
1107 2008 1431 2088 proprium
1471 2008 1576 2088 jus
1605 2010 1886 2080 dominii,
1919 2015 2029 2074 aut

467 2097 554 2158 illi
596 2097 1000 2176 aequivalens,
1053 2099 1165 2160 sed
1218 2097 1538 2179 quoddam
1597 2102 1768 2164 aliud
1817 2105 2027 2166 minus

465 2193 810 2273 proprium,
839 2192 1168 2255 fundatum
1191 2195 1252 2254 in
1283 2195 1394 2258 tali
1423 2197 1778 2260 conditione
1811 2199 1910 2260 vel
1940 2199 2029 2261 di·

467 2287 703 2368 gnitate
749 2287 866 2360 rei,
915 2287 1012 2348 cui
1055 2286 1289 2366 aliquid
1333 2289 1868 2368 proportionatum
1915 2291 2031 2353 bo-

467 2397 620 2441 num
665 2379 948 2442 debitum
985 2385 1102 2442 est.
1148 2381 1224 2442 Et
1265 2381 1528 2443 fortasse
1573 2389 1830 2464 propter
1866 2386 2031 2447 hanc

467 2491 726 2534 causam
763 2472 1118 2552 specialiter
1155 2473 1382 2536 dicitur
1413 2475 1652 2554 justitia
1689 2483 2033 2540 commuta-

469 2565 594 2627 tiva
638 2567 1020 2628 constituere
1079 2569 1500 2647 aequalitatem
1563 2569 1656 2631 rei
1713 2569 1794 2632 ad
1843 2587 1979 2632 rem
2010 2615 2027 2646 ,

469 2662 638 2743 quia,
671 2661 988 2732 nimirum,
1019 2679 1164 2723 cum
1209 2663 1500 2742 respiciat
1539 2663 1862 2744 proprium
1895 2665 2027 2744 jus,

471 2759 532 2816 et
580 2753 929 2816 dominium
971 2755 1086 2828 rei,
1121 2755 1204 2816 ad
1259 2773 1399 2816 eam
1437 2763 1678 2836 spectat
1726 2757 2035 2819 illammet

469 2864 606 2909 rem
641 2847 742 2907 vel
779 2847 1203 2928 equalitatem
1225 2848 1516 2924 reddere,
1547 2867 1687 2928 quae
1717 2850 1892 2912 alteri
1936 2869 2037 2912 su-

469 2940 640 3002 blata
669 2946 802 3014 est;
852 2941 918 3002 in
960 2959 1079 3020 qua
1123 2941 1478 3021 inqualitate
1547 2943 1834 3004 facienda
1907 2961 2033 3006 non

469 3033 724 3114 respicit
771 3033 1192 3096 conditionem
1237 3053 1560 3115 personae,
1599 3037 1712 3098 sed
1755 3037 2033 3098 valorem

473 3128 564 3190 rei
593 3146 610 3201 ;
641 3144 1006 3208 quanquam
1047 3148 1176 3189 non
1207 3130 1492 3191 excludat
1528 3130 1680 3209 quin
1721 3130 1898 3191 valor
1942 3131 2033 3193 rei

471 3222 576 3283 vel
635 3222 896 3284 actionis
949 3238 1028 3283 ex
1095 3222 1450 3283 conditione
1491 3240 1780 3303 personat
1839 3222 2037 3302 possit

467 3316 666 3377 minui
704 3316 806 3377 vel
833 3314 1074 3393 augeri.
1115 3315 1360 3377 ,lustitia
1391 3322 1606 3378 autem
1641 3316 2035 3379 distributiva

467 3410 670 3491 magis
711 3410 968 3489 respicit
993 3410 1416 3473 conditionem
1449 3428 1756 3491 personas,
1793 3414 1864 3471 ut
1903 3428 2031 3481 res,

469 3520 609 3583 quse
638 3502 962 3567 reddenda
1009 3510 1136 3579 est,
1169 3522 1314 3566 cum
1351 3504 1456 3565 illa
1511 3510 1718 3565 servet
1757 3502 2033 3565 debitam

469 3598 962 3679 proportionem.
995 3598 1072 3658 Et
1107 3616 1262 3659 sane
1299 3596 1683 3667 Aristoteles,
1730 3598 1769 3659 5
1805 3596 2031 3669 Ethic„

471 3708 610 3769 cap.
633 3692 696 3761 4,
731 3690 894 3751 hanc
923 3690 1316 3769 potissimum
1347 3690 1764 3751 differentiam
1789 3688 2037 3751 videtur

471 3782 800 3845 intendere
837 3784 1002 3846 inter
1038 3786 1154 3845 has
1197 3783 1492 3864 justitias,
1527 3790 1588 3846 et
1619 3783 1762 3845 ideo
1795 3782 1949 3844 dixit
1972 3784 2035 3843 in

471 3878 916 3941 commutativa
937 3878 1177 3959 justitia
1223 3897 1350 3940 non
1389 3878 1630 3941 attendi
1673 3897 1755 3939 an
1800 3878 2030 3949 bonus,

471 3972 572 4033 vel
619 3972 826 4034 malus
863 3972 1072 4045 fuerit,
1105 3972 1218 4035 sed
1238 3990 1378 4053 quae
1412 3972 1599 4035 fuerit
1625 3971 1892 4053 qualitas
1921 3990 2039 4033 no-

473 4064 788 4145 cumenti3
817 4067 884 4127 in
915 4066 1310 4129 distributiva
1360 4084 1510 4128 vero
1557 4065 1792 4128 attendi
1839 4064 2039 4145 digni·

471 4164 666 4223 tatem
703 4177 1010 4241 personae,
1053 4166 1123 4221 ut
1161 4178 1454 4241 expresso
1493 4158 1647 4221 dixit
1691 4158 1756 4220 in
1801 4176 1939 4237 cap.
1976 4158 2036 4229 3,

475 4252 790 4332 explicans
851 4253 1042 4315 otiam
1099 4254 1262 4315 hanc
1311 4252 1678 4333 dignitatem
1717 4270 1846 4313 non
1901 4266 2039 4313 esse

473 4363 668 4407 unam
721 4350 784 4407 et
828 4346 1116 4408 eamdem
1155 4346 1218 4407 in
1269 4346 1582 4419 omnibus,
1615 4342 1784 4405 verbi
1817 4344 2037 4423 gratia,

473 4438 766 4500 virtutem
795 4486 812 4513 ,
855 4443 963 4500 aut
1007 4438 1420 4511 nobilitatem,
1451 4438 1552 4499 vel
1595 4436 1748 4515 quid
1791 4436 1989 4498 simile
2020 4482 2037 4509 ,

475 4532 588 4595 sed
615 4552 752 4595 esse
781 4531 1204 4595 conditionem
1229 4532 1448 4593 talium
1477 4531 1792 4592 bonorum
1835 4528 2041 4591 distri·

473 4624 716 4689 butioni
767 4626 1326 4698 accommodatam,
1359 4624 1528 4705 quod
1563 4642 1680 4705 per
1719 4640 1860 4683 sese
1887 4621 2039 4683 satis

477 4718 719 4781 clarum
752 4722 868 4779 est.

559 4814 658 4873 18.
707 4810 907 4887 Quare
925 4810 1186 4891 ,iustitia
1209 4810 1600 4877 distributiva
1616 4812 1860 4875 ἅσαέιη·
1879 4828 2043 4891 prce·

477 4905 650 4989 cipue
679 4904 972 4985 respicere
1002 4922 1114 4985 por
1151 4924 1216 4969 se
1257 4904 1698 4987 proportionem
1727 4904 2047 4985 pecuum-i-

478 5016 634 5061 cam.
665 5030 747 5043 —
771 4995 926 5068 Quia
965 5014 1148 5069 vero,
1195 4998 1516 5060 moraliter
1555 5016 1631 5059 ac
1673 4996 2045 5079 regulariter

479 5089 822 5169 loquendo,
859 5090 980 5151 hoc
1007 5090 1142 5169 ipso
1173 5092 1344 5171 quod
1380 5091 1768 5153 distributiva
1801 5088 2045 5170 justitia

479 5182 732 5263 respicit
745 5182 1118 5263 dignitatem
1132 5178 1438 5264 perso‘nae,
1459 5184 1884 5245 necessarium
1900 5199 2045 5243 con·

482 5285 820 5357 sequenter
849 5285 944 5339 est
982 5284 1070 5351 ut,
1111 5279 1176 5339 in
1221 5278 1656 5341 distributione
1702 5276 2039 5347 bonorum,

481 5372 1014 5453 comparationem
1047 5374 1210 5435 inter
1236 5372 1518 5435 diversos
1545 5372 1753 5448 faciat,
1783 5376 1846 5431 et
1883 5370 2047 5433 inter

481 5484 592 5529 eos
645 5464 1068 5545 aequalitatem
1105 5467 1548 5546 geometricam
1607 5470 1844 5537 servet,
1901 5462 2045 5524 ideo

483 5558 850 5625 Aristoteles
897 5578 1013 5641 per
1063 5560 1230 5621 hanc
1273 5558 1606 5633 actionem,
1663 5574 1804 5637 quae
1843 5555 2047 5637 magis

1401 407 1615 465 OPUSC.
1651 409 1734 462 Vl.
1769 407 2141 465 mswrnto
2170 413 2255 465 DE
2280 411 2557 466 Jusrms
2590 411 2712 465 om.

2096 510 2398 592 frequens
2442 512 2771 592 magisque
2822 518 2975 572 nota
3012 517 3129 584 est,
3172 511 3369 591 hujus
3420 508 3673 572 virtutis

2100 605 2373 667 officium
2402 605 2763 668 declaravit.
2818 603 3027 666 Oritur
3061 610 3276 666 autem
3314 603 3423 664 illa
3450 621 3673 666 neces-

2100 699 2271 772 sitas,
2310 703 2449 760 tum
2475 717 2552 760 ex
2592 715 2671 760 eo
2724 697 2895 778 quod
2936 697 3071 758 haec
3113 697 3357 777 justitia
3396 697 3673 756 maxime

2104 794 2289 854 estin
2334 809 2607 872 persona
2644 791 2915 872 publica,
2960 807 3075 852 seu
3104 789 3187 852 ad
3226 807 3425 868 quam
3454 789 3671 868 aliquo

2102 885 2291 948 modo
2334 886 2643 964 pertineat
2691 884 3001 946 bonorum
3048 885 3483 946 communium
3546 883 3675 942 dis-

2102 977 2409 1058 pensatio,
2428 995 2567 1058 quas
2590 977 2903 1040 ordinarie
2930 977 3001 1038 fit
3028 979 3217 1038 etiam
3244 976 3415 1038 inter
3434 975 3671 1054 plur-ee,

2100 1071 2249 1152 quia
2288 1073 2573 1134 membra
2602 1089 2715 1132 scu
2762 1077 2975 1150 partes
3016 1069 3405 1150 Reipublicae
3462 1069 3675 1147 plures

2107 1167 2295 1242 sunt3
2354 1165 2479 1225 imo
2524 1163 2839 1226 ordinarie
2866 1167 2957 1225 tot
2980 1170 3146 1236 sunt,
3188 1169 3257 1224 nt
3310 1179 3449 1224 non
3480 1163 3673 1242 possit

2104 1259 2597 1339 uniuscujusque
2628 1259 2901 1320 conditio
2936 1263 2999 1318 et
3026 1257 3299 1338 dignitas
3332 1258 3583 1336 integre
3612 1263 3673 1317 et

2108 1353 2187 1416 ad
2206 1353 2630 1432 aequalitatem
2660 1353 2918 1432 expleri,
2972 1350 3309 1413 dividendo
3354 1350 3533 1411 inter
3566 1367 3671 1410 eas

2107 1445 2283 1508 finita
2312 1453 2375 1508 et
2406 1445 2669 1508 limitata
2707 1446 2875 1507 bona
2917 1444 3295 1524 Reipublicae
3344 1444 3670 1515 humanae,

2108 1540 2189 1602 de
2232 1557 2359 1619 qua
2402 1538 2763 1601 Aristoteles
2798 1539 3041 1600 locutus
3069 1537 3203 1598 fuit.
3234 1537 3373 1598 Hac
3400 1553 3557 1616 ergo
3584 1553 3673 1596 ra·

2108 1633 2279 1694 tione
2306 1631 2645 1694 declaravit
2680 1633 2847 1692 hanc
2866 1631 3171 1711 justitiam
3220 1646 3341 1709 per
3390 1627 3675 1690 ordinem

2108 1726 2191 1788 ad
2216 1725 2661 1805 geometricam
2702 1725 3146 1804 aequalitatem.
3180 1721 3257 1786 Et
3298 1722 3451 1784 addi
3492 1721 3677 1782 etiam

2109 1824 2315 1900 potest
2341 1819 2505 1880 hanc
2544 1817 2835 1880 virtutem
2873 1818 3075 1897 magis
3116 1835 3233 1897 per
3260 1833 3331 1878 se
3362 1816 3677 1894 respicere

2110 1913 2275 1974 hanc
2298 1911 2741 1992 aequalitatem,
2756 1915 2821 1972 et
2842 1912 3314 1991 proportionem
3332 1909 3509 1970 inter
3529 1907 3685 1967 mul·

2106 2014 2227 2081 tos,
2254 2023 2448 2085 quam
2494 2005 2649 2066 alias
2686 2005 2971 2078 virtutes,
3014 2010 3077 2067 et
3102 2003 3459 2084 praesertim
3492 2019 3679 2080 quam

2108 2099 2639 2162 commutativam.
2694 2097 2849 2170 Quia
2886 2098 3129 2177 justitia
3154 2094 3561 2158 distributiva
3592 2095 3685 2155 est

2110 2194 2291 2272 quusi
2322 2192 2571 2274 publica
2600 2191 3223 2272 justitia,respiciens
3254 2187 3524 2268 quidem
3550 2205 3679 2266 par-

2110 2293 2207 2349 tes
2248 2286 2733 2358 communitatis,
2792 2287 2861 2349 in
2934 2283 3153 2346 ordine
3194 2289 3417 2344 tamen
3474 2279 3563 2340 ad
3596 2285 3681 2339 to-

2110 2383 2267 2442 tum.
2300 2381 2408 2441 Est
2432 2383 2647 2442 autem
2682 2397 2983 2460 magnum
3017 2376 3283 2448 bonum,
3318 2391 3681 2453 magnaque

2112 2473 2511 2554 pulchritudo
2544 2475 2733 2536 totius
2766 2473 3060 2553 corporis,
3096 2477 3167 2532 ut
3190 2468 3453 2550 sing-ula
3492 2484 3681 2527 mem-

2110 2568 2225 2628 bra
2254 2568 2416 2628 inter
2454 2585 2523 2628 se
2550 2568 3015 2647 proportionem
3058 2569 3345 2634 servent;
3422 2566 3490 2622 et
3542 2560 3677 2620 ideo

2106 2661 2347 2740 justitia
2408 2661 2789 2722 distribuens
2848 2659 3208 2722 eommunia
3282 2657 3467 2718 bona
3530 2655 3679 2716 inter

2116 2754 2397 2816 membra
2413 2755 2817 2835 Reipublicae,
2834 2754 2917 2815 ita
2932 2752 3185 2832 respicit
3196 2752 3449 2812 bonum
3470 2748 3679 2808 nnius-

2116 2850 2423 2931 cujusque
2450 2849 2739 2922 membri,
2786 2853 2855 2910 ut
2880 2865 2997 2928 per
3026 2865 3097 2908 se
3136 2835 3211 2908 ac
3248 2845 3565 2924 primario
3598 2844 3678 2903 in·

2118 2942 2333 3004 tendat
2366 2943 2831 3022 proportionem
2870 2941 3059 3012 illam,
3096 2957 3237 3018 quae
3286 2938 3463 3000 inter
3490 2954 3682 2998 mem·
3716 2937 3723 2944 ’

2116 3037 2231 3100 bra
2255 3037 2389 3119 ipsa
2411 3037 2825 3109 constituitur,
2850 3053 2927 3097 ex
2952 3053 3074 3116 qua
3096 3033 3287 3096 totius
3302 3031 3683 3110 Reipublicte

2116 3140 2313 3195 status
2354 3138 2419 3194 et
2459 3131 2778 3212 pulchrior
2806 3134 2869 3193 et
2902 3128 3183 3191 stabilior
3230 3128 3327 3200 fit,
3360 3134 3433 3189 et
3462 3127 3531 3187 in
3556 3144 3681 3186 ma·

2106 3226 2229 3308 jori
2248 3244 2405 3308 pace
2424 3228 2709 3288 servatur
2726 3244 2743 3297 ;
2761 3224 2937 3286 verbi
2954 3223 3155 3302 gratia
3177 3222 3270 3298 (ut
3304 3238 3443 3281 uno
3480 3236 3679 3280 exem-

2114 3320 2219 3400 plo
2268 3337 2369 3380 res
2404 3324 2535 3380 tota
2576 3318 2951 3395 declaretur)
2990 3316 3241 3397 quando
3290 3315 3359 3375 in
3406 3312 3673 3392 plurium

2114 3428 2527 3491 personarum
2590 3411 3071 3491 congregatione
3130 3407 3483 3485 unicuique
3544 3422 3679 3483 pro-

2116 3504 2289 3583 prius
2314 3504 2493 3565 locus
2526 3503 2871 3566 destinatus
2894 3508 3008 3578 est,
3036 3503 3215 3582 juxta
3242 3500 3563 3581 cujusque
3590 3496 3677 3557 di-

2116 3596 2445 3676 gnitatem3
2494 3600 2705 3676 atque,
2738 3597 2789 3656 si
2832 3596 2937 3657 illa
2982 3594 3337 3657 distributio
3366 3598 3673 3665 servetur,

2118 3688 2436 3768 pulchrior
2464 3696 2527 3751 et
2552 3691 2831 3768 pacatior
2858 3696 2953 3751 est
2970 3707 3339 3752 consensus,

2202 3785 2299 3845 t9.
2342 3784 2471 3845 Hac
2496 3800 2649 3863 crgo
2676 3783 2757 3845 de
2788 3801 2979 3845 causa
3005 3782 3243 3862 justitia
3286 3784 3675 3847 distributiva

2118 3894 2233 3957 per
2276 3894 2345 3939 se
2390 3876 2659 3937 intendit
2700 3875 2868 3937 illam
2916 3876 3417 3956 proportionem.
3450 3880 3519 3941 in
3558 3896 3672 3957 quo

2118 3974 2373 4049 superat
2415 3969 2945 4043 commutativam,
2982 3969 3173 4031 etiam
3226 3976 3381 4033 tunc
3430 3970 3675 4051 quando

2118 4064 2393 4125 maxime
2418 4062 2665 4125 videtur
2690 4080 2805 4142 per
2850 4080 2917 4123 se
2946 4080 3199 4125 servare
3224 4065 3394 4127 hanc
3424 4083 3677 4145 propor-

2116 4156 2353 4217 tionem
2380 4156 2546 4217 inter
2571 4156 2782 4235 plures
2808 4155 3184 4229 creditores;
3216 4158 3369 4237 quia
3402 4159 3595 4219 etiam
3618 4159 3677 4217 in

2120 4266 2199 4311 eo
2226 4254 2455 4311 eventu
2484 4249 2547 4310 id
2562 4250 2765 4309 solum
2794 4248 3079 4323 attendit,
3112 4255 3180 4311 ut
3206 4250 3553 4330 unicuique
3580 4250 3679 4310 fiat

2122 4342 2459 4403 satisfactio
2496 4342 2589 4403 rei
2622 4342 2703 4403 ad
2724 4360 2883 4415 rem,
2926 4350 3234 4423 quantum
3270 4343 3375 4405 hic
3434 4350 3499 4405 et
3524 4360 3677 4403 nnnc

2120 4434 2257 4497 fleri
2276 4440 2497 4515 potest.
2518 4434 2697 4507 Quod
2716 4452 2845 4495 uno
2858 4437 3051 4497 verbo
3073 4436 3285 4498 dicere
3306 4454 3673 4517 possumus:

2112 4528 2417 4607 justitiam
2476 4526 2733 4607 quidem
2782 4530 3291 4590 commutativam
3368 4530 3679 4591 interdum

2120 4640 2235 4703 per
2260 4638 2329 4683 se
2362 4621 2687 4683 attendere
2730 4622 2811 4682 ad
2842 4624 3309 4703 proportionem
3340 4624 3511 4685 inter
3538 4624 3681 4684 mul·

2120 4722 2241 4789 tos,
2290 4733 2417 4776 non
2448 4722 2661 4777 tamen
2704 4720 2963 4796 propter
2988 4734 3081 4790 se,
3111 4717 3223 4779 sed
3260 4718 3461 4779 etiam
3496 4718 3561 4778 in
3590 4736 3681 4777 or-

2122 4809 2269 4872 dine
2296 4808 2377 4871 ad
2406 4826 2539 4869 rem
2566 4814 2853 4887 respectu
2902 4810 3329 4891 singulorum3
3376 4811 3681 4889 justitiam

2125 4910 2337 4964 autem
2388 4900 2843 4963 distributivam
2868 4902 3193 4965 attendere
3224 4903 3397 4964 illam
3426 4921 3681 4983 propor-

2124 4996 2357 5057 tionem
2388 5012 2513 5055 non
2542 4999 2789 5055 tantum
2812 5012 2929 5074 per
2948 5013 3041 5067 se,
3068 4996 3181 5057 sed
3210 4996 3403 5058 etiam
3436 5004 3681 5076 propter

2126 5106 2195 5151 se
2221 5106 2239 5159 ς
2282 5089 2429 5167 quia
2458 5086 2563 5148 illa
2590 5092 2687 5149 est
2722 5088 2911 5151 veluti
2950 5089 3279 5168 adaquata
3306 5090 3499 5151 bonis
3530 5108 3679 5151 com-

2126 5182 2445 5254 munibus,
2476 5182 2719 5259 quoties
2746 5181 3177 5245 distribuenda
3204 5188 3376 5245 sunt.
3426 5184 3679 5263 Propter

2125 5276 2247 5337 hoc
2274 5281 2485 5337 autem
2520 5292 2649 5335 non
2678 5274 2949 5336 excludit
2976 5276 3129 5355 quin
3180 5276 3375 5339 etiam
3404 5276 3681 5337 intendat

2126 5370 2615 5449 uniuscujusque
2644 5386 2929 5447 personia
2992 5368 3365 5449 dignitatem
3436 5370 3678 5449 explere

2126 5480 2269 5525 cum
2304 5462 2657 5542 aequalitate
2676 5461 2769 5523 rei
2798 5468 2862 5523 et
2878 5463 3245 5541 personae,si
3272 5462 3415 5525 fieri
3448 5468 3675 5543 potest;

2126 5572 2279 5617 nam
2303 5572 2383 5619 ex
2410 5554 2529 5617 hoc
2556 5553 2749 5617 etiam
2770 5552 2967 5617 altera
3004 5556 3347 5635 proportio,
3392 5562 3459 5618 et
3488 5555 3681 5637 perfe-
