3850 6225
845 399 978 452 cn.
1016 397 1145 453 vlu.
1179 397 1528 452 nonnum-R:
1559 396 1977 451 ASSERUONES
2008 397 2095 450 Ex
2125 399 2437 454 nocmlm
2470 402 2715 465 Tons,
2750 403 2882 454 mc.
3345 409 3463 470 153

201 502 326 562 his
373 505 628 566 actibus
679 503 994 586 praefiniri,
1029 500 1166 562 aliis
1215 501 1510 580 proefiniri
1562 517 1806 568 omnes,

199 596 376 656 aliis
417 616 572 660 vero
598 599 811 660 media
837 597 934 657 via
969 594 1428 668 incedentibu3‚
1463 598 1526 654 et
1550 591 1816 654 dicenti-

199 690 350 750 bus
379 691 698 770 quosdam
721 688 1038 772 praefiniri,
1061 687 1370 768 quosdam
1387 705 1518 748 non
1535 687 1710 758 item,
1737 704 1816 746 ex

199 783 344 843 Dei
385 783 646 846 arbitrio
677 791 742 847 et
787 786 960 865 juxta
989 782 1198 844 varios
1225 780 1386 842 fines
1415 781 1498 840 ab
1534 780 1672 859 ipso
1721 779 1809 840 in·

199 882 478 938 tentos.
517 878 716 950 Quem
755 877 1005 940 dicendi
1033 875 1294 938 modum
1325 879 1392 936 ut
1441 872 1818 954 probabilio-

197 989 374 1031 rem
441 972 768 1052 eligimus;
813 971 1026 1032 nullus
1075 975 1292 1030 tamen
1346 971 1554 1048 potest
1607 967 1816 1045 aliqua

201 1081 515 1124 censura
565 1065 794 1136 notari,
825 1064 880 1125 si
929 1062 1210 1142 prudens
1244 1061 1550 1141 judicium
1581 1064 1644 1121 et
1673 1077 1816 1120 cum

195 1156 624 1235 Theologico
649 1157 1060 1218 fundamento
1089 1156 1170 1216 sit
1189 1154 1544 1215 ferendum.

316 1252 432 1310 12.
481 1249 952 1324 Quoestimmcloe
969 1247 1230 1325 satisfit.
1249 1280 1332 1294 —
1353 1247 1584 1310 Ultimo
1605 1250 1812 1326 potest

197 1343 478 1422 aliquis
515 1361 800 1422 quaerere
828 1342 908 1404 de
939 1342 1180 1402 actibus
1203 1339 1546 1402 moralibus
1571 1339 1812 1401 indiffe-

191 1437 550 1498 rentibus,
574 1436 702 1498 Sed
715 1437 848 1496 haec
871 1434 1232 1514 quaestio‚in
1249 1432 1542 1513 opinione
1563 1433 1632 1492 D.
1651 1433 1812 1492 Tho-

193 1549 381 1605 mae‚
429 1547 624 1609 quam
674 1549 794 1590 nos
847 1547 1066 1589 veram
1122 1527 1572 1601 existimamus,
1603 1525 1813 1586 locum

195 1641 364 1683 non
441 1622 672 1683 habet:
705 1622 852 1702 quia
899 1621 1146 1682 divinus
1189 1637 1551 1690 concursus,
1605 1618 1814 1698 provi-

197 1716 478 1790 dentia,
533 1720 644 1778 aut
675 1717 952 1779 efficacia
985 1715 1222 1777 versari
1258 1715 1448 1776 debet
1493 1713 1658 1774 circa
1695 1713 1812 1774 hos

201 1815 448 1886 actua,
483 1815 554 1871 ut
575 1810 642 1869 in
669 1810 1028 1888 particulari
1061 1813 1124 1869 et
1151 1808 1217 1869 in
1243 1806 1562 1868 individuo
1597 1805 1756 1866 fiunt
1788 1824 1804 1876 ;

201 1909 290 1964 at
315 1922 484 1965 vero
507 1902 828 1965 individuo
853 1903 1065 1964 nullus
1092 1908 1186 1963 est
1213 1907 1388 1962 actus
1411 1899 1804 1972 indifferens;

203 1997 378 2071 sed,
423 1999 540 2058 hoc
567 1997 702 2078 ipso
729 1997 900 2076 quod
927 2003 1106 2058 actus
1135 2013 1214 2056 ex
1259 2011 1374 2056 sua
1396 1992 1604 2072 specie
1630 1991 1812 2053 indif-

199 2090 458 2151 ferens
485 2090 572 2151 ita
595 2091 710 2152 fiat
727 2092 862 2152 sine
891 2089 1014 2150 alio
1041 2088 1194 2162 fine,
1214 2086 1420 2149 malus
1451 2091 1579 2159 est;
1611 2103 1806 2166 quare

205 2197 368 2244 non
399 2188 610 2263 potest
639 2185 808 2246 Deus
840 2183 1044 2263 magis
1083 2199 1220 2243 esse
1257 2185 1476 2242 auctor
1523 2179 1686 2240 illius
1739 2184 1809 2241 ut

209 2278 348 2350 sic,
383 2277 456 2338 id
487 2283 603 2353 est,
633 2279 742 2338 tali
779 2277 968 2338 modo
1009 2275 1180 2351 facti,
1221 2293 1416 2354 quam
1451 2278 1628 2334 actus
1665 2291 1810 2353 pcc·

211 2371 398 2443 cati;
433 2371 582 2448 quia
609 2389 830 2432 revera
855 2370 961 2432 ille
987 2375 1164 2432 actus
1189 2367 1662 2448 peccaminosus
1685 2372 1801 2428 est.

209 2461 426 2524 Unde
463 2480 584 2524 nec
629 2467 834 2542 potest
860 2465 1030 2525 Deus
1081 2461 1390 2543 praefinire
1417 2465 1488 2521 ut
1530 2461 1620 2522 ita
1671 2459 1802 2535 flat,

209 2555 474 2616 nec'ad
511 2555 688 2618 inum
713 2562 784 2618 ut
819 2558 909 2619 sic
943 2549 1348 2619 voluntatem
1375 2554 1670 2628 excitare,
1701 2572 1810 2616 ne-

213 2647 396 2709 dum
422 2649 1006 2728 praedeterminare.

1978 499 2185 563 Potest
2210 507 2425 564 autem
2451 503 2768 567 interdum
2789 504 2958 566 Deus
2987 524 3241 570 movere
3272 510 3352 571 ad
3372 517 3467 574 ta-

1894 591 2021 653 lem
2064 601 2274 655 actum
2301 595 2661 658 faciendum
2688 603 2947 678 propter
2962 599 3205 662 bonum
3244 601 3461 678 finem,

1897 691 1961 746 et
1986 686 2176 748 homo
2208 705 2323 748 suo
2350 689 2607 750 arbitrio
2632 689 2863 768 eligere
2894 697 3105 754 actum
3132 699 3193 754 et
3221 693 3467 756 omitte-

1895 797 1965 840 re
1990 777 2183 840 finem
2222 799 2259 840 a
2302 781 2435 842 Deo
2464 782 2799 859 intentum,
2834 788 2898 845 et
2922 787 3073 846 tunc
3102 791 3278 847 actus
3308 793 3402 848 est
3426 807 3465 848 a

1897 873 2047 946 Deo,
2078 891 2207 935 non
2236 893 2389 936 vero
2429 875 2848 938 indifferentia·
2899 877 2965 937 in
3012 878 3357 948 individuo.
3399 878 3465 941 id

1897 971 1995 1027 est
2019 967 2111 1044 (ut
2137 967 2225 1027 sic
2247 967 2495 1047 loquar)
2522 969 2799 1031 otiositas
2830 971 2988 1049 ejuS.
3020 973 3101 1032 At
3128 990 3301 1046 vero,
3324 973 3467 1052 jux-

1895 1066 1960 1120 ta
1994 1060 2370 1122 senteutiam
2400 1080 2537 1140 quae
2564 1063 2789 1124 asserit
2820 1081 3007 1143 posse
3037 1064 3171 1126 dari
3216 1065 3280 1126 in
3308 1065 3467 1128 indi-

1888 1151 2077 1212 viduo
2102 1159 2311 1214 actum
2328 1153 2809 1229 indifferentem,
2837 1175 2964 1218 non
2990 1164 3155 1218 esset
3169 1158 3464 1220 inconve-

1889 1245 2073 1306 niens
2102 1245 2461 1320 admittere,
2504 1249 2703 1310 Deum
2730 1267 2915 1328 posse
2944 1268 3083 1312 esse
3136 1257 3462 1313 auctorem

1895 1339 2057 1418 eju3‚
2091 1339 2191 1400 vel
2214 1357 2467 1401 movere
2496 1341 2579 1402 ad
2604 1342 2804 1418 illum,
2832 1343 2979 1420 quia
3006 1361 3121 1423 per
3150 1345 3326 1404 illum
3348 1363 3463 1424 po-

1893 1437 2017 1492 test
2052 1431 2187 1511 ipse
2214 1433 2491 1512 aliquem
2538 1433 2733 1496 finem
2761 1436 3112 1510 intendere,
3150 1437 3298 1497 licet
3333 1455 3462 1499 non

1893 1531 2145 1586 moveat
2188 1526 2510 1588 hominem
2565 1528 2647 1589 ad
2676 1528 2853 1590 illum
2906 1529 3102 1590 finem
3132 1530 3463 1590 intenden-

1893 1616 2068 1678 dum.
2100 1617 2255 1689 Quia
2297 1637 2441 1680 cum
2480 1619 2635 1681 alias
2682 1621 2747 1682 in
2774 1621 2881 1684 illo
2934 1627 3099 1696 actu,
3126 1640 3335 1702 neque
3372 1641 3461 1684 ·ex

1894 1711 2162 1790 objecto,
2193 1729 2404 1791 neque
2441 1730 2519 1773 ex
2560 1713 3039 1778 circumstantiis
3088 1716 3167 1777 sit
3196 1716 3456 1790 malitia,

1890 1822 2021 1864 non
2054 1810 2366 1884 repugnat
2402 1806 2763 1886 simpliciter
2801 1808 2987 1870 alicui
3030 1808 3241 1870 divino
3282 1810 3462 1870 attri-

1889 1897 2067 1973 buto,
2110 1897 2281 1977 quod
2334 1899 2503 1959 Deus
2534 1899 2710 1961 illum
2752 1901 3057 1962 intendat.
3087 1901 3459 1982 Quanquam

1889 1991 1957 2052 in
1986 1992 2152 2052 omni
2180 1991 2473 2072 opinione
2518 1993 2715 2056 multo
2752 1995 2953 2074 magis
3001 1994 3081 2056 sit
3127 2001 3459 2056 consenta-

1888 2101 2083 2146 neum
2098 2083 2320 2146 divinae
2334 2086 2655 2166 sapientiae
2671 2093 2733 2148 et
2750 2087 3035 2162 bonitati,
3046 2093 3117 2149 ut
3126 2106 3457 2168 nunquam

1889 2179 2007 2240 hos
2032 2182 2209 2239 actus
2246 2185 2563 2258 procuret,
2591 2186 2700 2243 aut
2722 2181 2873 2242 velit
2898 2181 3035 2243 fieri
3060 2182 3144 2242 ab
3170 2182 3451 2256 homine,

1887 2272 2007 2334 nisi
2032 2289 2177 2332 cum
2206 2271 2415 2352 aliqua
2438 2273 2800 2347 honestate;
2832 2279 2903 2335 ut
2924 2293 3075 2337 vero
3094 2274 3456 2338 indifferen-

1888 2372 1982 2428 tes
2002 2371 2167 2439 sunt‚
2201 2365 2403 2426 solum
2432 2367 2775 2446 permittat,
2810 2373 2875 2428 et
2892 2367 3175 2448 generali
3200 2386 3459 2431 concur-

1891 2479 1969 2521 su
2004 2459 2071 2521 in
2087 2461 2209 2520 ‘eos
2237 2458 2480 2520 influat.

1970 2555 2061 2615 De
2086 2553 2185 2614 his
2225 2571 2375 2633 ergo
2414 2553 2657 2616 actibus
2697 2561 2761 2617 et
2814 2555 2893 2620 de
2940 2560 3072 2619 toto
3116 2557 3237 2618 hoc
3276 2556 3385 2618 lib.
3418 2559 3459 2617 2

1891 2647 2025 2709 haec
2046 2645 2277 2708 dixisse
2296 2645 2583 2710 sufficiat.

1535 2965 1692 3014 tuus
1730 2965 1886 3013 unm
1925 2965 2193 3013 annuum.
