3850 6225
572 379 707 432 GAP.
736 379 866 434 ffl-
901 377 1391 433 SOLVlTUR'ALlA
1420 376 1727 442 ommno,
1754 376 1835 430 ΕΤ
1868 377 2282 434 DECLARATUR
2313 381 2398 432 AN
2430 379 2654 442 LIBERI,
2685 380 2821 432 E‘rc.

126 484 181 544 in
206 500 310 542 sua
346 479 661 546 voluntate
692 481 906 544 statuit
926 527 943 556 ‚
974 499 1105 542 non
1134 483 1206 542 ut
1234 499 1351 560 per
1377 498 1519 543 eam
1546 480 1660 542 im-

124 581 301 636 mutet
338 591 587 638 causam
630 574 974 636 secundam
1014 571 1375 634 immediate
1398 618 1416 646 ‚
1456 578 1565 636 aut
1591 573 1661 634 il-

123 670 233 730 lam
267 666 647 742 determinet,
685 667 1047 729 extrahatve
1085 684 1123 728 a
1164 684 1279 726 suo
1312 667 1564 746 proprio
1596 671 1659 728 et

120 759 477 824 connaturali
502 759 801 838 loquendi
842 759 1033 820 modo
1064 805 1079 835 ,
1120 758 1233 820 sed
1264 758 1469 820 solum
1498 758 1659 820 utin

121 872 241 917 sese
269 851 579 916 definitam
606 858 671 914 et
706 851 1061 914 absolutam
1098 851 1511 915 intentionem
1548 853 1658 912 ha-

120 950 249 1010 beat
274 945 527 1025 alicujus
558 943 706 1007 finis
723 990 741 1018 ‚
788 949 850 1006 et
874 963 953 1008 ex
974 945 1035 1006 vi
1060 944 1198 1024 ejus
1227 945 1498 1024 applicet
1521 962 1659 1007 me-

120 1041 209 1102 dia
244 1044 657 1102 consentanea
706 1043 770 1100 et
808 1037 1153 1116 aptissima,
1210 1044 1302 1110 ut,
1348 1055 1425 1100 eo
1463 1037 1653 1100 modo

122 1155 228 1216 quo
261 1132 677 1213 praedefinitus
698 1137 815 1206 est,
846 1131 1255 1195 infallibiliter
1279 1130 1425 1207 fiat3
1468 1133 1659 1195 aliam

120 1245 247 1290 vero
304 1244 440 1288 esse
493 1231 601 1289 aut
648 1224 905 1304 cogitari
970 1241 1157 1304 posse
1219 1225 1659 1304 praedefinitio-

122 1339 249 1382 nem
276 1319 494 1380 divinae
538 1318 877 1382 voluntatis
899 1361 917 1392 ,
966 1335 1107 1396 quae
1148 1335 1291 1381 cum
1325 1317 1435 1380 tali
1460 1323 1659 1381 tanta-

123 1432 225 1495 que
250 1412 516 1474 efficacia
544 1413 611 1472 in
639 1411 933 1476 effectum
958 1417 1289 1474 externum
1318 1415 1502 1474 exeat
1526 1456 1542 1486 ,
1588 1417 1658 1474 ut

119 1507 469 1569 voluntatem
498 1505 847 1569 humanam
884 1503 1143 1583 physice
1178 1504 1549 1568 determinet
1577 1503 1659 1566 ad

124 1619 280 1663 suum
304 1605 530 1662 actum.
576 1598 753 1660 Prior
776 1598 987 1658 vocari
1011 1602 1219 1676 potest
1246 1596 1657 1674 pru-,definitio

122 1699 333 1756 interna
356 1693 457 1755 vel
490 1693 881 1763 imm-anens3
930 1691 1262 1771 posterior,
1308 1689 1659 1770 praedefini-

128 1790 197 1850 tio
220 1788 457 1848 externa
488 1803 609 1846 seu
634 1785 985 1858 transiens;
1024 1789 1135 1846 aut
1156 1783 1347 1863 prior,
1380 1782 1663 1862 praedefi-

127 1883 251 1942 nitio
274 1896 381 1960 per
412 1877 679 1940 modum
720 1877 1129 1950 intentionis;
1176 1877 1506 1957 posterior,
1549 1895 1663 1956 per

126 1973 349 2036 modum
368 1971 816 2058 ‘executionis3
859 1975 969 2032 aut
1007 1969 1179 2050 prior
1206 1970 1413 2032 vocari
1455 1975 1661 2048 potest

126 2065 659 2148 praedeterminatio
700 2064 893 2126 solius
943 2063 1167 2128 divinae
1203 2062 1541 2126 voluntatis
1577 2063 1661 2127 ad

126 2161 425 2223 volendum
450 2158 653 2222 talem
681 2164 890 2221 actum
918 2180 936 2234 ;
964 2157 1275 2236 posterior
1298 2173 1473 2232 vero,
1502 2175 1661 2236 prae-

127 2253 529 2316 determinatio
560 2256 749 2314 etiam
777 2251 1115 2314 voluntatis
1141 2252 1461 2326 humanae,
1494 2253 1566 2312 ut
1588 2250 1661 2312 il·

126 2347 235 2408 lum
257 2347 469 2420 faciat;
498 2346 633 2420 vel,
662 2351 732 2406 ut
756 2343 1232 2424 simplicioribus
1260 2362 1334 2404 ac
1366 2343 1661 2405 breviori-

124 2442 224 2503 bus
254 2439 447 2501 verbis
473 2444 758 2510 utamur,
788 2437 1063 2516 priorem
1088 2434 1479 2509 vocabimus,
1508 2455 1661 2515 prae-

124 2533 433 2594 finitionem
468 2549 593 2594 seu
624 2529 1217 2610 proedefimtionem3
1247 2531 1661 2610 posteriorem

126 2646 272 2698 vero,
299 2623 1035 2705 praedeterminationem.
1066 2623 1224 2684 Nam
1246 2623 1421 2702 prior
1441 2641 1565 2686 vox
1583 2641 1663 2684 ex

128 2721 177 2781 vi
201 2739 314 2782 suae
340 2716 817 2797 significationis
847 2715 1052 2778 solum
1078 2721 1289 2780 actum
1314 2716 1541 2778 animae
1569 2717 1669 2776 in·

132 2819 345 2874 ternum
364 2811 653 2884 denotat,
682 2809 843 2870 sicut
860 2807 1251 2888 providentia
1274 2808 1375 2870 vel
1394 2807 1668 2888 praedes-

132 2904 343 2976 tinatio;
374 2903 692 2983 posterior
715 2906 927 2964 autem
955 2918 1077 2962 vox
1094 2901 1297 2980 magis
1314 2901 1535 2964 referri
1558 2919 1669 2982 po-

128 3003 233 3060 test
258 2997 331 3058 ad
358 3001 576 3060 aetum
610 3001 673 3056 et
699 2993 991 3056 effectum
1024 2994 1421 3056 exteriorem.

195 3093 247 3153 7.
288 3089 435 3163 Quia
454 3105 617 3153 vero
642 3085 909 3167 legentis
937 3085 1183 3149 animus
1209 3105 1337 3149 non
1364 3087 1663 3167 quiescet,

124 3185 221 3245 hac
244 3184 573 3264 partitione
602 3182 838 3254 audita,
868 3180 991 3241 nisi
1018 3182 1207 3244 etiam
1234 3182 1664 3243 membrorum

127 3277 509 3338 diversitatem
534 3280 606 3335 et
631 3272 1170 3335 confirmationem
1194 3274 1519 3353 percipiat,
1544 3274 1665 3337 hoc

128 3370 289 3430 etiam
312 3388 347 3430 a
372 3368 564 3430 nobis
592 3365 1017 3447 praestandum
1046 3372 1161 3427 est.
1191 3365 1413 3427 Divina
1434 3366 1667 3427 etenim

126 3461 377 3523 voluntas
404 3478 535 3523 non
572 3458 777 3524 solum
819 3456 1249 3527 efficacissima
1278 3462 1373 3521 est
1412 3456 1497 3519 ad
1524 3474 1669 3536 ope-

126 3552 361 3617 randum
391 3550 575 3633 quod
600 3550 755 3626 vult,
783 3549 900 3613 sed
930 3550 1119 3614 etiam
1146 3548 1465 3629 quomodo
1497 3551 1664 3626 vult,

128 3652 179 3707 et
214 3664 319 3725 per
352 3645 571 3707 media
610 3660 753 3723 quae
782 3644 955 3723 eligit
987 3647 1097 3704 aut
1138 3642 1269 3705 vult
1296 3688 1311 3716 ‚
1356 3642 1527 3722 quod
1553 3660 1669 3723 per

126 3756 181 3799 se
204 3744 408 3801 notum
435 3744 561 3800 est.
597 3736 891 3811 Quamvis
920 3754 1075 3816 ergo
1098 3736 1263 3800 Deus
1290 3736 1577 3801 absoluto
1607 3741 1669 3798 et

128 3831 335 3893 efficaci
354 3831 681 3913 proposito
710 3827 949 3909 aliquid
971 3828 1109 3891 fieri
1135 3828 1283 3891 velit
1308 3874 1325 3903 ,
1370 3847 1501 3890 non
1528 3829 1667 3891 ideo

128 3928 341 4007 cogitur
361 3926 809 4005 quodcumque
835 3923 1137 3999 medium,
1169 3930 1279 3987 ant
1306 3940 1671 4003 quamcum-

130 4036 233 4097 que
250 4020 371 4081 vim
391 4025 455 4081 et
474 4018 915 4083 efficacitatem
932 4016 1013 4077 ad
1041 4018 1333 4079 effectum
1355 4017 1531 4079 illum
1560 4034 1671 4096 ap-

130 4112 357 4190 plicare,
389 4112 503 4180 sed
526 4115 741 4192 potest
762 4109 925 4177 velle
946 4109 1121 4171 illum
1148 4109 1440 4174 effectum
1466 4109 1669 4174 solum

128 4222 228 4282 per
258 4205 531 4272 medium
546 4252 565 4285 ,
625 4203 797 4281 quod
836 4202 919 4265 ad
953 4201 1345 4266 infallibilem
1374 4218 1670 4268 consecu-

130 4298 339 4361 tionem
381 4298 547 4367 illius
596 4297 859 4362 effectus
902 4295 1125 4362 intenti
1177 4296 1493 4358 sufficiens
1533 4294 1612 4357 sit
1645 4312 1663 4367 ;

130 4392 261 4469 quia
282 4392 399 4453 hoc
424 4392 577 4461 satis
605 4396 703 4456 est
728 4396 799 4453 ut
825 4390 931 4451 illa
960 4390 1251 4459 voluntas
1274 4389 1533 4453 omnino
1556 4386 1671 4452 im-

130 4483 389 4563 pleatur3
433 4482 609 4565 quod
648 4483 854 4555 solum
890 4484 1247 4553 necessario
1276 4481 1559 4563 sequitur
1592 4498 1671 4548 ex

134 4576 187 4637 vi
206 4578 361 4641 illius
384 4578 746 4652 voluntatis,
776 4577 1179 4657 quantumvis
1202 4576 1487 4647 absolute
1512 4590 1671 4655 prae·

136 4666 482 4739 definientis·

202 4762 256 4823 8.
300 4762 472 4833 Quod
498 4761 883 4843 intelligetur
908 4760 1173 4836 facilius,
1214 4764 1536 4844 supposita
1570 4762 1675 4825 illa

141 4857 421 4919 sententia
446 4872 645 4936 quam
668 4874 861 4937 supra
888 4858 1209 4941 proposui,
1238 4858 1547 4931 videlicet,
1582 4858 1677 4920 di·-

138 4947 319 5008 vinam
348 4950 733 5014 voluntatem
772 4968 903 5022 non
950 4952 1197 5031 operari
1234 4950 1317 5012 ad
1353 4955 1529 5013 extra
1559 4952 1677 5013 im-

140 5040 377 5105 mediate
404 5061 519 5123 per
542 5044 815 5122 seipsam
845 5088 861 5118 ,
894 5043 1009 5109 sed
1034 5062 1150 5125 per
1170 5044 1446 5110 div-inam
1474 5045 1677 5107 omni-

140 5137 457 5209 potentiam
478 5155 497 5211 ;
529 5154 705 5213 nam,
732 5137 788 5201 si
812 5136 933 5199 huc
960 5137 1047 5208 ita
1073 5142 1187 5211 est,
1218 5138 1503 5215 quamvis
1522 5138 1677 5205 illud

145 5222 435 5291 decretum
458 5229 777 5303 internum
800 5231 912 5296 Dei
932 5232 999 5295 in
1030 5248 1101 5295 se
1130 5231 1207 5295 sit
1232 5232 1587 5299 absolutum
1614 5238 1677 5293 et

148 5319 363 5397 efficax,
396 5329 703 5402 quantum
733 5324 817 5387 ad
840 5323 1427 5394 determinationem
1450 5324 1676 5391 divinae

3225 375 3306 438 83

1740 497 1877 542 sam
1908 481 2276 557 secundam,
2301 489 2408 544 aut
2436 482 2606 544 illam
2626 483 2988 560 praemovet,
3021 481 3132 542 sed
3156 501 3306 562 qua-

1742 574 1793 634 si
1839 575 2111 654 applicat
2139 575 2414 637 divinam
2449 575 2794 654 potentiam
2827 592 2942 654 per
2975 591 3167 654 quam
3200 575 3304 636 ille

1742 666 2002 728 effectus
2033 667 2178 740 fiat;
2227 686 2402 746 ergo,
2451 669 2598 731 licet
2631 667 2821 730 variis
2863 667 3066 728 modis
3112 668 3308 747 possit

1738 759 1915 820 illum
1947 761 2238 822 effectum
2277 781 2392 840 per
2416 780 2598 824 suam
2625 761 2966 842 potentiam
3000 760 3250 822 efficere
3287 803 3303 833 ,

1738 869 1815 912 ex
1842 852 1899 914 vi
1918 851 2084 914 illius
2106 855 2342 916 decreti
2369 855 2573 916 solum
2593 855 2865 934 applicat
2885 871 3066 914 suam
3087 859 3309 932 poten-

1732 945 1886 1006 tiam
1913 951 1983 1008 ut
2016 945 2122 1008 illo
2160 947 2348 1008 modo
2386 949 2614 1008 efficiat
2668 951 2731 1008 et
2765 952 3096 1008 concurrat
3125 946 3208 1007 ad
3239 947 3310 1006 il·

1732 1037 1865 1098 lum
1896 1039 2210 1110 effectum,
2243 1041 2347 1119 qui
2371 1041 2450 1101 ad
2472 1039 2785 1102 intentum
2807 1039 3000 1102 finem
3025 1040 3307 1102 obtinen-

1738 1131 1891 1194 dum
1916 1131 2318 1195 infallibiliter
2343 1132 2648 1208 sufficiat3
2691 1133 2742 1194 si
2776 1151 2928 1194 vero
2962 1133 3152 1194 fuerit
3181 1133 3309 1194 suf-

1735 1225 1956 1286 ficiens
1996 1242 2337 1288 concursus
2384 1227 2544 1288 alius
2588 1244 2733 1287 cum
2771 1244 2961 1288 causa
3005 1225 3304 1297 secunda,

1739 1317 1978 1396 absque
2017 1318 2670 1396 praedeterminatione
2701 1319 2962 1399 physica
3005 1321 3142 1399 ejus
3169 1364 3184 1394 ‚
3231 1337 3309 1380 ex

1738 1410 1795 1472 vi
1822 1410 1986 1470 illius
2014 1409 2248 1473 decreti
2286 1430 2414 1473 non
2449 1417 2750 1492 sequetur
2785 1412 2926 1473 talis
2967 1412 3310 1492 praedeter-

1738 1503 2018 1564 minatio.
2071 1503 2203 1566 Imo
2233 1505 2594 1584 contingere
2635 1511 2842 1586 potest
2879 1512 2949 1566 ut
2977 1506 3112 1567 haec
3151 1523 3311 1585 prae-

1738 1595 2180 1658 determinatio
2215 1598 2476 1678 physica
2514 1605 2826 1678 repugnet
2866 1617 3012 1660 cum
3051 1599 3156 1659 illo
3196 1599 3310 1662 de-

1742 1691 1936 1763 cretu,
1957 1689 2112 1750 utin
2141 1689 2381 1752 actibus
2405 1690 2618 1752 liberis
2647 1689 3050 1771 praedefinitis
3070 1693 3309 1755 contin·

1742 1782 1863 1862 git3
1894 1786 1956 1842 et
1980 1786 2130 1842 tunc
2154 1799 2282 1842 non
2306 1783 2512 1844 solum
2536 1801 2666 1844 non
2690 1789 2994 1864 sequetur
3017 1801 3308 1846 necessa-

1738 1875 1833 1935 rio
1888 1891 1968 1935 ex
2019 1874 2128 1934 tali
2188 1874 2678 1954 praedefinitione
2735 1875 3308 1957 praedem-minatio

1740 1984 1945 2028 causae
1973 1967 2286 2040 secundm,
2322 1985 2542 2030 verum
2581 1969 2772 2030 etiam
2803 1969 3184 2050 repugnabit
3208 1987 3310 2032 se-

1740 2060 1881 2139 qui;
1933 2059 2082 2139 quia
2129 2060 2460 2140 impediret
2507 2061 2884 2136 libertatem,
2934 2079 3076 2141 quae
3123 2061 3310 2124 simul

1742 2171 1887 2214 cum
1904 2159 2050 2214 actu
2074 2152 2465 2232 praedefinita
2489 2159 2643 2216 erat.
2675 2154 2835 2227 Quin
2855 2156 3084 2234 potius,
3118 2155 3310 2218 etiam

1743 2247 1795 2307 si
1836 2246 1978 2326 quis
2027 2247 2322 2325 opinetur
2364 2247 2752 2310 voluntatem
2793 2247 2995 2328 ipsam
3036 2247 3148 2312 Dei
3194 2267 3314 2328 per

1743 2340 2015 2420 seipsam
2029 2357 2166 2401 esse
2181 2340 2522 2419 potentiam
2539 2341 2924 2402 executivam
2939 2359 3157 2402 eorum
3171 2358 3310 2419 quae

1738 2433 1871 2496 vult
1896 2479 1913 2507 ‚
1961 2419 2168 2494 adhuc
2193 2435 2422 2512 poterit
2449 2435 2836 2516 distinguere
2871 2439 2935 2496 et
2958 2435 3308 2516 intelligere

1740 2525 2019 2605 aliquam
2040 2525 2596 2605 praedefinitionem
2625 2529 2940 2590 internam
2967 2527 3310 2588 voluntatis

1740 2618 1877 2692 Dei,
1918 2638 2058 2698 quoe
2085 2637 2212 2680 non
2245 2619 2618 2684 determinet
2646 2620 2918 2682 exterius
2946 2638 3021 2682 ac
3047 2619 3308 2699 physice

1748 2729 2000 2772 causam
2033 2712 2371 2774 secundam
2407 2732 2424 2786 ;
2469 2713 2642 2793 quia,
2683 2714 2741 2774 si
2765 2714 2870 2775 illa
2899 2712 3187 2776 voluntas
3216 2719 3312 2776 est

1746 2823 1861 2884 per
1885 2805 2156 2885 seipsam
2179 2807 2502 2868 executiva
2527 2824 2746 2869 eorum
2767 2824 2907 2886 quae
2935 2807 3092 2884 vult,
3117 2805 3308 2868 etiam

1746 2902 1954 2978 potest
2015 2916 2146 2958 non
2209 2897 2352 2978 plus
2411 2915 2600 2978 agere
2664 2916 2850 2978 quam
2909 2899 3046 2962 vult
3083 2917 3100 2972 ς
3165 2898 3312 2961 licet

1749 3008 1900 3071 ergo
1926 2990 2210 3052 absolute
2238 2991 2626 3070 praedefiniat
2649 2994 2943 3055 effectum
2963 3011 3078 3054 seu
3101 2998 3311 3054 actum

1746 3084 2039 3145 humanae
2067 3085 2426 3158 voluntem,
2457 3090 2660 3166 potest
2687 3086 2878 3148 etiam
2909 3086 3094 3149 simul
3121 3085 3307 3161 velle,

1746 3195 1875 3238 non
1918 3178 2061 3258 plus
2103 3195 2311 3257 neque
2359 3178 2672 3240 efficacius
2716 3180 2884 3241 illam
2935 3198 3190 3242 movere
3228 3180 3312 3243 ad

1742 3272 1938 3333 talem
1965 3279 2174 3335 actum
2199 3316 2214 3345 ‚
2265 3288 2455 3350 quam
2483 3290 2742 3335 necesse
2782 3274 2860 3335 sit
2903 3277 2974 3334 ut
3017 3279 3194 3335 actus
3221 3273 3314 3334 in-

1746 3362 2084 3425 fallibiliter
2107 3364 2220 3426 fiat
2246 3382 2262 3437 3
2305 3364 2356 3425 si
2385 3382 2536 3445 ergo
2561 3365 2642 3426 ad
2666 3366 2786 3427 hoc
2814 3384 2944 3427 non
2977 3372 3072 3428 est
3093 3384 3312 3428 neces-

1750 3458 1913 3519 saria
1945 3457 2509 3538 proedeterminatio
2543 3458 2826 3538 physica,
2865 3477 2996 3520 non
3022 3477 3315 3521 necessa-

1746 3550 1841 3611 rio
1870 3557 2170 3629 sequetur
2193 3568 2272 3611 ex
2297 3551 2357 3611 vi
2380 3549 2546 3611 illius
2567 3552 3098 3631 praedefinitionis.
3133 3550 3314 3623 Quod

1748 3649 1962 3705 autem
1989 3644 2344 3705 necessaria
2375 3662 2506 3707 non
2539 3645 2638 3721 sit,
2675 3647 2869 3725 patet,
2913 3645 3061 3725 quia
3089 3644 3314 3707 sufficit

1749 3736 1873 3799 alia
1914 3738 2108 3801 motio
2145 3737 2402 3800 moralis
2439 3756 2584 3799 cum
2627 3738 2943 3800 communi
2976 3756 3312 3813 concursu,

1749 3830 2046 3909 adjuncta
2067 3829 2488 3892 conditionata
2511 3830 2793 3904 scientia,
2825 3849 2952 3911 qua
2967 3831 3139 3893 Deus
3161 3849 3316 3911 prae-

1750 3923 1901 3985 vidit
1922 3922 2060 3985 fore
2089 3928 2181 3996 ut,
2210 3923 2309 3983 his
2345 3923 2582 4002 positis,
2627 3924 2915 3985 voluntas
2942 3924 3219 3986 humana
3241 3923 3318 3984 li-

1748 4017 1904 4079 bere
1947 4016 2298 4079 consentiat
2339 4018 2406 4079 in
2443 4016 2676 4092 talem;
2720 4036 2870 4077 nam
2903 4018 3026 4079 hoc
3063 4023 3160 4080 est
3187 4034 3318 4079 me-

1752 4108 1923 4189 dium
1954 4109 2299 4183 infallibile,
2344 4114 2406 4171 et
2435 4109 2584 4171 satis
2618 4110 2840 4172 efficax
2876 4117 2946 4173 ut
2971 4110 3076 4171 illa
3105 4109 3316 4172 divina

1749 4202 2040 4266 voluntas
2067 4203 2423 4283 impleatur.

1830 4298 1893 4359 9.
1941 4298 2052 4360 Ex
2085 4296 2458 4379 perfectione
2506 4300 2682 4361 aetus
2716 4294 2940 4361 divinoe
2979 4295 3317 4361 voluntatis

1745 4391 2058 4473 ipsiusque
2084 4391 2410 4453 eminentia
2435 4390 2543 4453 Ιιοι·
2568 4391 2936 4455 declaratur.
2963 4422 3046 4437 -
3066 4389 3319 4471 Satiefit

1750 4482 2241 4564 objectione—Id
2267 4483 2474 4564 ipsum
2495 4482 2756 4546 ulterius
2777 4484 2844 4545 in
2870 4484 3042 4545 hunc
3057 4482 3318 4545 modum

1752 4578 2145 4651 declaratur;
2178 4595 2328 4639 nam
2357 4576 2501 4639 licet
2527 4581 2704 4640 actus
2731 4577 2956 4641 divinae
2982 4561 3320 4639 voluntatis

1754 4670 2249 4753 simplicissimus
2277 4672 2376 4745 sit,
2417 4672 2723 4733 tamenin
2751 4689 2826 4733 eo
2863 4677 2959 4733 est
2985 4670 3162 4733 unita
3191 4688 3321 4732 om-

1754 4768 1852 4827 nis
1882 4766 2181 4846 perfectio
2203 4810 2222 4841 ‚
2268 4784 2409 4845 quae
2443 4766 2510 4826 in
2546 4766 2733 4827 variis
2759 4766 3002 4828 actibus
3028 4765 3324 4827 humanae

1754 4861 2092 4923 voluntatis
2112 4858 2420 4938 reperitur
2435 4858 2632 4920 divisa
2653 4878 2669 4931 ;
2699 4864 2761 4920 et
2780 4860 2843 4920 in
2869 4877 2944 4919 eo
2973 4865 3067 4921 est
3082 4858 3321 4937 absque

1757 4952 2140 5018 admixtione
2169 4952 2433 5031 alicujus
2461 4950 2968 5030 imperfectionis.
3000 4952 3071 5013 In
3093 4950 3200 5013 illo
3225 4968 3322 5013 er-

1757 5065 1837 5127 go
1857 5052 2002 5109 actu
2029 5044 2364 5107 voluntatis
2389 5044 2637 5118 divinae,
2668 5050 2740 5105 ut
2763 5044 2962 5106 libere
2982 5044 3068 5105 ad
3091 5044 3321 5106 extrin-

1756 5158 1903 5201 seca
1933 5138 2177 5218 objecta
2208 5138 2601 5212 terminatur,
2637 5142 2734 5199 est
2760 5136 3012 5217 propria
3039 5136 3198 5198 ratio
3227 5136 3326 5196 in-

1755 5231 2074 5306 tentionis,
2097 5231 2416 5293 electionis
2437 5236 2498 5292 et
2523 5248 2700 5303 usus3
2729 5247 2878 5290 nam
2897 5228 2996 5289 hae
3019 5229 3318 5297 rationes,

1758 5328 1829 5387 ut
1854 5325 2013 5387 tales
2041 5331 2210 5401 sunt,
2239 5324 2684 5404 perfectionem
2709 5324 2946 5396 dicunt,
2978 5328 3040 5384 et
3061 5327 3327 5402 possunt

146 5411 457 5479 voluntatis
483 5415 569 5478 ad
606 5418 722 5481 boc
758 5417 1129 5493 volendum,
1166 5436 1299 5481 non
1322 5422 1539 5481 tamen
1566 5436 1681 5498 per
1760 5419 1895 5481 sine
1916 5418 2384 5499 imperfectione
2405 5417 2594 5478 unitae
2615 5416 2896 5496 reperiri.
2933 5416 3144 5476 Potest
3171 5430 3322 5491 ergo

148 5504 399 5584 seipsum
437 5509 779 5589 quidquam
808 5511 1029 5588 efficit,
1068 5530 1187 5574 nec
1217 5513 1505 5574 immutat
1536 5530 1681 5573 cau-

1760 5512 1927 5575 D-eus
1955 5512 2040 5573 ita
2074 5510 2466 5591 praedefinire
2499 5516 2706 5571 actum
2742 5508 3009 5571 liberum
3048 5524 3162 5588 per
3188 5524 3327 5569 mo-
