3850 6225
517 386 646 448 206

517 490 792 554 cessaria
829 489 912 552 ad
939 508 1163 553 omnes
1191 497 1254 554 et
1279 491 1564 574 singulos
1591 497 1768 552 actus
1789 537 1806 565 ,
1844 490 1963 551 nisi
1990 491 2091 552 vel

521 583 888 646 ostendatur
915 585 1250 646 auctoritas
1273 602 1400 664 qua
1421 584 1650 647 tradita
1677 584 1756 645 sit
1779 628 1795 656 ,
1831 584 1931 645 vel
1958 583 2089 644 suf-

519 677 738 739 ficiens
763 678 922 740 ratio
947 678 1246 740 afferatur
1269 723 1287 750 ‚
1331 696 1458 758 qua
1487 678 1624 758 ejus
1655 677 1959 756 probetur
1981 695 2092 738 ne-

522 771 804 832 cessitas.
839 771 965 833 Sed
991 771 1236 832 nullum
1263 777 1360 832 est
1379 771 1522 832 talis
1549 771 1937 833 auctoritatis
1954 789 2089 832 ves-

523 863 766 944 tigium,
801 870 872 925 ut
899 863 1356 926 declaravimus
1383 883 1400 938 ς
1437 863 1612 925 nulla
1635 865 1786 926 item
1815 863 2091 924 necessi-

519 958 666 1020 tatis
701 959 883 1031 ratio,
917 957 1030 1020 sed
1069 958 1284 1020 multae
1318 959 1547 1039 potius,
1588 976 1728 1038 quae
1755 957 2091 1019 ostendant

521 1069 650 1112 non
677 1069 818 1112 esse
847 1054 1302 1126 necessariam,
1335 1059 1396 1115 et
1420 1053 1692 1114 maxime
1721 1051 1826 1112 illa
1845 1097 1862 1122 ,
1899 1068 2092 1130 quam

523 1162 712 1222 supra
740 1144 864 1206 late
909 1145 1335 1219 tractavimus,
1377 1145 1568 1226 quod,
1601 1145 1702 1206 cui
1741 1163 1870 1206 non
1907 1146 2091 1206 dare-

523 1243 624 1298 tur
651 1240 785 1300 baec
823 1239 1040 1312 motio,
1083 1257 1211 1300 non
1239 1239 1498 1301 daretur
1523 1255 1730 1316 neque
1755 1237 2091 1300 offerretur

523 1331 822 1392 auxilium
853 1331 936 1394 ad
963 1331 1232 1394 salutem
1259 1333 1596 1394 sufficiens.
1629 1332 1730 1394 Sic
1757 1349 1908 1412 ergo
1941 1333 2090 1394 satis

521 1425 786 1503 probata
811 1432 906 1486 est
933 1425 1106 1504 prior
1125 1443 1273 1504 pars
1293 1425 1636 1506 proposita,
1665 1425 1922 1497 scilicet,
1955 1425 2090 1484 nul-

519 1517 654 1578 lum
683 1535 826 1579 esse
867 1519 932 1578 in
959 1518 1142 1578 nobis
1165 1517 1292 1579 tale
1323 1535 1526 1598 genus
1549 1516 1918 1578 inhaerentis
1946 1534 2092 1594 gra-

521 1611 648 1682 tiis,
692 1627 832 1690 quae
861 1629 898 1672 a
933 1611 1224 1672 vitalibus
1251 1611 1496 1672 actibus
1523 1617 1588 1672 et
1617 1609 1935 1670 habitibus
1962 1609 2091 1670 dis·-

521 1704 712 1766 tincta
743 1705 844 1766 sit.

520 1903 844 1968 Auxilium
867 1903 1178 1968 inboerm
1215 1905 1539 1980 voluntati,
1571 1921 1812 1984 eamque
1840 1903 2093 1985 physica

597 1997 1157 2079 praedatu-minans,
1209 1999 1266 2061 ei
1301 1997 1717 2062 necessitatem
1759 1999 2003 2077 inferre.

600 2175 661 2244 Q.
709 2173 904 2235 Venio
931 2172 1014 2234 ad
1047 2173 1313 2234 alteram
1341 2179 1612 2254 partem,
1645 2190 1786 2251 quae
1833 2173 2093 2253 propin-

521 2266 708 2346 quius
751 2265 834 2328 ad
883 2283 1022 2327 rem
1050 2271 1432 2344 praesentem
1461 2271 1737 2346 spectat,
1765 2266 2087 2339 nimirum,

523 2365 658 2420 esto
689 2358 1122 2420 admitteretur
1147 2358 1268 2420 hoc
1296 2375 1498 2438 genus
1525 2358 1742 2438 gratim
1775 2377 1890 2420 seu
1921 2357 2093 2418 auxi-

523 2453 588 2514 lii
629 2453 692 2514 in
723 2452 1013 2514 omnibus
1041 2453 1142 2514 vel
1193 2452 1258 2514 in
1310 2452 1624 2530 aliquibus
1670 2453 1933 2522 actibuS,
1964 2471 2093 2513 non

525 2553 738 2608 tamen
773 2563 956 2625 posse
977 2545 1220 2607 admitti
1251 2551 1320 2606 ut
1349 2565 1428 2608 ex
1451 2563 1520 2606 se
1545 2551 1610 2606 et
1623 2561 1698 2606 ex
1721 2549 1947 2606 natura
1978 2563 2093 2606 sua

525 2639 784 2719 physice
812 2638 1370 2719 praedeteminans
1397 2638 1784 2700 voluntatem
1817 2645 1965 2700 ante
1984 2657 2091 2700 ae-

526 2739 660 2796 tum
705 2732 1054 2794 seeundum
1074 2777 1090 2804 ,
1123 2739 1186 2794 et
1237 2738 1698 2810 consequenter
1739 2750 1868 2794 non
1905 2751 2089 2812 posse

529 2827 650 2888 hac
695 2825 936 2888 ratione
981 2826 1324 2888 efficaciam
1363 2825 1574 2902 gratiae
1613 2825 1678 2886 in
1709 2827 1829 2888 hoc
1859 2827 2091 2888 auxilio

527 2921 838 2983 constitui.
893 2919 1282 2998 Praecipuum
1337 2927 1554 2981 antem
1601 2919 2091 2982 fundamentum

527 3013 610 3076 ad
637 3015 756 3077 hoc
785 3013 1199 3093 probandum,
1229 3014 1608 3075 sumendum
1623 3019 1718 3075 est
1747 3031 1826 3076 ex
1849 3014 1957 3076 illa
1982 3014 2095 3076 de·-

527 3107 842 3182 ductione,
877 3106 1048 3188 quod
1073 3107 1214 3169 talis
1252 3107 1820 3188 proedeteminatio
1851 3107 2097 3169 tolleret

527 3220 714 3264 usum
753 3200 1056 3263 libertatis
1090 3201 1301 3281 quoad
1329 3202 1694 3262 exercitium
1721 3201 1786 3262 in
1819 3220 1894 3262 eo
1925 3208 2091 3273 actu,

529 3296 634 3375 qui
665 3312 744 3356 ex
769 3294 878 3356 tali
919 3293 1570 3374 proedeterminatione
1597 3301 1917 3367 manaret3
1954 3312 2097 3356 cum

529 3395 745 3451 tamen
793 3386 874 3449 de
903 3386 1028 3449 fide
1083 3386 1162 3449 sit
1199 3388 1388 3449 talem
1435 3393 1642 3447 actum
1677 3405 1816 3449 esse
1845 3406 1993 3448 vere
2034 3391 2097 3448 et

411 3482 421 3493 '
527 3482 780 3563 proprie
819 3480 1090 3541 liberum
1113 3496 1228 3559 per
1261 3478 1571 3541 actualem
1611 3479 2097 3542 indifferentiam

529 3574 865 3636 voluntatis
879 3572 1182 3635 elicientis
1205 3572 1407 3644 illum3
1442 3572 1542 3633 illa
1567 3578 1776 3633 autem
1805 3572 2095 3633 deductio

531 3667 752 3729 eodem
780 3660 1060 3727 modo'in
1087 3664 1187 3726 his
1225 3664 1466 3726 actibus
1519 3664 2099 3744 supernaturalibus

527 3758 816 3822 facienda
847 3765 964 3832 est,
1007 3776 1134 3837 quo
1175 3776 1316 3820 eam
1345 3776 1556 3837 supra,
1589 3759 1748 3819 libro
1775 3758 2002 3837 primo,
2033 3758 2096 3818 in

530 3853 846 3915 communi
873 3851 1135 3913 fecimus
1179 3851 1258 3914 de
1289 3851 1530 3913 actibus
1565 3850 1774 3912 liberis
1817 3851 2099 3911 volunta-

529 3946 648 4019 tis;
685 3963 832 4007 nam
869 3946 1028 4006 ratio
1057 3945 1142 4006 ibi
1183 3944 1345 4007 facta
1377 3944 1690 4025 generalis
1737 3949 1856 4016 est,
1901 3960 2095 4023 quam

531 4040 649 4101 hoc
681 4038 820 4101 loco
847 4044 1134 4118 repetere
1163 4055 1704 4117 supervacaneum
1730 4038 1916 4112 duco,
1948 4056 2093 4099 eum

529 4150 608 4194 ex
639 4132 828 4195 citato
877 4132 1020 4193 loco
1070 4131 1252 4193 facile
1295 4132 1422 4211 peti
1467 4132 1682 4211 possit.
1727 4131 1943 4193 Solum
1990 4132 2095 4193 ad-

529 4226 677 4287 dam
701 4226 1026 4297 nonnulla,
1059 4242 1200 4304 quse
1217 4226 1298 4287 ad
1327 4226 1502 4286 illum
1520 4224 1869 4287 discursum
1893 4226 2095 4305 magis

527 4317 884 4397 urgendum
905 4318 1236 4398 juvabunt.
1263 4319 1472 4381 Unum
1499 4324 1616 4386 est.
1650 4318 1820 4379 illam
1848 4318 2097 4396 praede-

528 4412 1034 4475 terminationem
1063 4411 1145 4473 ad
1171 4429 1370 4473 unum
1401 4412 1476 4489 (si
1507 4414 1622 4491 est)
1641 4430 1778 4473 esse
1807 4413 1874 4472 in
1903 4430 2095 4473 causa

529 4504 833 4584 proxima,
863 4511 1175 4584 quatenus
1215 4505 1548 4567 constituta
1597 4503 1662 4565 in
1704 4510 1850 4565 actu
1891 4506 2093 4584 primo

531 4597 614 4660 ad
641 4597 1075 4670 efficiendum;
1109 4596 1262 4657 nihil
1293 4604 1502 4659 autem
1533 4604 1628 4659 est
1665 4597 1834 4659 aliud
1875 4616 2095 4660 neces-

533 4692 682 4751 sitas
705 4690 770 4751 in
795 4690 1067 4769 agendo,
1095 4688 1214 4750 nisi
1238 4689 1674 4752 determinatio
1703 4690 1780 4751 ad
1809 4691 2095 4752 nnumin

531 4802 747 4857 causa,
789 4789 1100 4861 quatenus
1133 4789 1228 4845 est
1267 4784 1328 4845 in
1373 4789 1514 4845 actu
1555 4784 1756 4864 primo
1797 4786 2093 4847 constitu·

529 4880 634 4948 ta;
683 4894 834 4956 ergo
887 4894 1004 4956 per
1040 4876 1208 4937 illam
1243 4875 1832 4939 determinationem
1865 4878 2097 4940 consti-

531 4968 726 5030 tuitur
757 4968 946 5030 homo
973 4968 1042 5029 in
1067 4970 1308 5031 ratione
1349 4970 1594 5048 agentis
1623 4972 1983 5044 necessarii,
2034 4978 2099 5037 et

531 5078 662 5123 non
691 5060 894 5123 liberi.
931 5062 1132 5141 Major
1158 5068 1328 5123 certa
1357 5070 1452 5125 est
1489 5082 1568 5124 ex
1605 5066 1914 5126 contraria
1954 5084 2095 5126 sen-

529 5154 758 5227 tentia;
784 5156 961 5234 ponit
993 5156 1162 5217 enim
1187 5156 1350 5217 hanc
1377 5157 2097 5236 praedeterminationem

531 5248 672 5310 fieri
690 5249 758 5311 in
789 5247 1116 5311 voluntate
1147 5268 1264 5330 per
1291 5250 1526 5329 aliquid
1551 5252 1612 5312 in
1643 5269 1710 5313 re
1737 5252 2097 5315 distinctum

531 5342 614 5403 ab
645 5348 788 5404 actu
817 5342 1120 5417 secundo,
1151 5346 1214 5405 et
1236 5343 1408 5423 prius
1433 5344 1562 5418 illo,
1593 5346 1762 5423 quod
1791 5352 1886 5407 est
1907 5364 2098 5409 causa

533 5436 694 5515 ejus,
715 5442 780 5499 et
803 5436 1122 5497 constituit
1139 5438 1522 5499 voluntatem
1541 5438 1612 5499 in
1635 5440 1947 5517 completo
1972 5446 2098 5503 sta·

531 5536 600 5593 tu
657 5530 738 5593 ad
777 5530 1116 5611 agendum.
1160 5532 1444 5611 Denique
1477 5530 1598 5595 hoc
1641 5534 1941 5595 auxilium
1970 5552 2099 5597 non

1345 389 1558 446 OPUSC.
1597 392 1634 454 Ι,
1671 391 1788 445 Lm.
1829 392 1912 444 111.
1948 391 2035 444 DE
2068 391 2341 446 Auxmts
2374 387 2604 445 alvum
2634 388 2901 444 GnAnAE.

2170 492 2422 570 ponitur
2449 509 2563 570 per
2594 487 2855 550 modum
2884 503 3247 559 concursus,
3278 487 3394 547 sed
3442 503 3553 565 per
3592 507 3695 549 mo-

2171 585 2323 646 dum
2340 583 2651 665 principii,
2684 588 2748 644 et
2765 600 2893 643 non
2918 581 2989 642 fit
3018 582 3099 641 ab
3128 581 3407 653 homine,
3438 580 3547 642 sed
3572 583 3694 644 reci·

2170 679 2339 758 pitur
2366 680 2430 739 iu
2452 677 2730 748 homine;
2758 683 2855 738 est
2880 693 3033 753 ergo
3048 682 3223 737 actus
3237 675 3501 752 primus,
3520 679 3577 736 et
3592 695 3695 738 non

2170 771 2485 834 secundus
2504 791 2520 844 ;
2554 789 2705 851 ergo
2722 772 2935 843 homo,
2950 777 3019 832 ut
3042 770 3283 830 habens
3304 787 3487 830 suam
3514 769 3696 830 volun-

2168 872 2363 930 tatem
2378 867 2668 928 affectam
2694 864 2815 926 hoc
2843 863 3098 936 auxilio,
3132 869 3227 923 est
3240 863 3524 943 proxima
3538 883 3691 925 causa

2172 963 2415 1041 integ-re
2444 961 2509 1021 in
2530 965 2673 1020 actu
2695 959 2897 1038 primo
2926 957 3259 1018 constituta
3281 1002 3296 1022 .
3322 961 3392 1018 et
3430 961 3497 1016 ut
3522 957 3599 1018 sic
3622 967 3695 1020 est

2172 1056 2429 1136 physice
2450 1055 2869 1116 determinata
2886 1050 2969 1111 ad
3006 1067 3228 1120 unum,
3263 1067 3406 1127 quoe
3440 1055 3568 1110 erat
3590 1071 3695 1111 ma-

2165 1149 2269 1229 jor
2286 1147 2626 1229 propositio
2654 1150 2999 1224 assumpta.
3024 1143 3229 1204 Minor
3254 1147 3471 1202 autem
3492 1143 3698 1206 videtur
3793 1215 3796 1218 ,

2172 1259 2288 1322 per
2310 1259 2381 1303 se
2409 1247 2559 1302 nota
2588 1259 2665 1302 ex
2684 1237 2993 1302 terminis.
3024 1237 3145 1296 Cur
3172 1235 3433 1296 enimin
3470 1236 3604 1315 igne
3624 1246 3696 1299 est

2172 1335 2510 1396 necessitas
2560 1334 2629 1392 in
2681 1331 2954 1411 agendo,
2998 1327 3117 1390 nisi
3158 1328 3329 1407 quia,
3368 1333 3442 1388 ut
3472 1327 3535 1387 in
3584 1337 3696 1390 actu

2172 1429 2375 1507 primo
2401 1426 2795 1498 constitutus,
2828 1429 2923 1485 est
2958 1421 3041 1482 ad
3071 1423 3191 1482 hoc
3227 1437 3431 1481 unum
3450 1421 3697 1482 determi-
3794 1429 3796 1432 ⁴

2170 1525 2357 1580 natus
2381 1519 2665 1598 physice,
2694 1523 2765 1578 ut
2792 1517 2859 1577 in
2880 1515 3073 1576 talem
3102 1514 3421 1575 actionem
3436 1513 3695 1592 prodeam

2170 1619 2237 1674 et
2270 1612 2439 1673 idem
2482 1617 2577 1672 est
2622 1611 2703 1672 de
2741 1610 3019 1689 reliquis,
3066 1607 3247 1670 Unde
3295 1606 3697 1670 determinatio

2168 1706 2427 1786 physica
2456 1705 2539 1767 ad
2564 1721 2763 1765 unum
2792 1703 2925 1765 solo
2960 1702 3217 1764 nomine
3268 1719 3305 1762 a
3366 1701 3697 1762 necessitate

2170 1801 2415 1872 differt;
2444 1803 2847 1880 quapropter,
2866 1797 2917 1858 si
2948 1795 3119 1857 illam
3150 1793 3419 1856 definire
3448 1794 3693 1868 velitum,

2172 1892 2237 1954 id
2272 1892 2483 1955 facere
2526 1909 2653 1953 non
2692 1892 3057 1972 poterimus,
3102 1889 3222 1950 nisi
3252 1907 3371 1968 per
3398 1890 3697 1950 necessita-

2172 1993 2301 2048 tem
2332 1985 2411 2046 ad
2452 1987 2593 2058 hoc,
2625 1987 2726 2046 vel
2752 1984 3183 2063 impotentiam
3220 1981 3305 2043 ad
3352 1982 3691 2061 oppositum.

2253 2082 2314 2141 7.
2357 2079 2593 2143 Eva-rio
2616 2079 3086 2143 excluditur.—
3108 2077 3284 2136 Dicet
3322 2074 3584 2136 fortasse
3613 2077 3698 2134 ali-

2174 2173 2313 2253 quis
2350 2171 2417 2234 id
2464 2189 2603 2234 esse
2631 2189 2852 2233 verum
2876 2173 2943 2232 in
2984 2176 3127 2232 actu
3154 2168 3385 2248 primo,
3422 2169 3619 2247 quiex
3646 2187 3695 2230 se

2174 2273 2237 2330 et
2260 2265 2429 2328 omni
2448 2285 2523 2328 ex
2552 2271 2731 2345 parte
2762 2271 2859 2326 est
2894 2263 3355 2324 determinatus
3378 2260 3463 2323 ad
3490 2279 3693 2328 uuum:

2174 2361 2239 2422 in
2268 2361 2566 2439 praesenti
2593 2365 2827 2430 autem,
2862 2358 3011 2418 licet
3038 2355 3344 2417 auxilium
3386 2355 3535 2416 illud
3562 2373 3625 2415 ex
3646 2373 3697 2416 se
3794 2395 3796 2406 2

2174 2455 2253 2516 sit
2296 2452 2780 2516 determinatum
2816 2449 2901 2512 ad
2930 2467 3149 2522 unum,
3182 2455 3403 2510 tamen
3428 2449 3575 2508 illud
3600 2465 3697 2508 non

2172 2565 2309 2609 esse
2336 2553 2533 2608 totum
2548 2545 2925 2626 principium
2943 2549 3141 2616 actus,
3166 2543 3277 2603 sed
3292 2541 3527 2603 includi
3546 2543 3697 2602 etiam

2168 2643 2557 2704 voluntatem
2596 2657 2737 2719 quas
2774 2657 2853 2699 ex
2902 2655 2969 2698 se
3006 2655 3135 2698 non
3174 2640 3269 2697 est
3320 2635 3696 2696 determinata

2172 2735 2253 2796 ad
2290 2751 2487 2795 unum
2516 2779 2531 2807 ‚
2586 2739 2757 2794 etex
2785 2731 2905 2792 hac
2952 2735 3131 2810 parte
3186 2733 3401 2789 actum
3444 2747 3563 2789 non
3590 2745 3695 2788 esse

2173 2827 2533 2908 simpliciter
2586 2825 3035 2886 necessarium.
3086 2823 3213 2886 Sed
3250 2825 3377 2884 hoc
3432 2822 3699 2883 diceretur

2172 2921 2425 3001 quidem
2452 2926 2655 2992 recte,
2704 2920 2757 2980 si
2808 2917 2959 2980 illud
3012 2917 3313 2978 auxilium
3358 2917 3615 2996 positum
3648 2917 3696 2975 in

2170 3015 2491 3076 voluntate
2550 3011 2925 3074 subderetur
2966 3011 3107 3072 usui
3154 3010 3357 3070 libero
3400 3010 3565 3088 ejus;
3600 3027 3697 3069 nou

2176 3114 2387 3171 autem
2418 3107 2506 3169 sic
2534 3107 2807 3189 ponitur,
2838 3105 2949 3168 sed
2980 3103 3188 3185 potius
3216 3103 3498 3165 subdens
3524 3102 3697 3163 volun-

2175 3208 2367 3265 tatem
2398 3204 2539 3263 usui
2570 3200 2927 3263 necessario
2962 3216 3079 3259 suo
3108 3216 3127 3271 ;
3166 3204 3226 3258 et
3264 3197 3415 3258 ideo
3464 3196 3694 3265 libertas

2176 3296 2276 3357 vel
2305 3294 2744 3367 indifferentia,
2772 3309 2965 3373 quam
2990 3293 3278 3353 voluntas
3306 3308 3389 3352 ex
3430 3309 3497 3351 se
3522 3290 3695 3358 habet,

2176 3388 2331 3450 nihil
2368 3388 2653 3450 conferre
2694 3393 2901 3467 potest
2940 3385 3021 3447 ad
3048 3403 3229 3445 usum
3280 3384 3546 3445 liberum
3588 3383 3696 3444 talis
3792 3394 3794 3397 ⁴

2176 3481 2477 3554 actionis;
2526 3482 2675 3561 quia
2704 3479 2785 3541 ad
2814 3480 2987 3541 illam
3016 3479 3191 3540 nullo
3228 3478 3425 3538 modo
3470 3476 3697 3555 applica·

2178 3582 2306 3651 tur,
2332 3575 2445 3637 sed
2490 3574 2827 3655 impeditur
2854 3590 3131 3653 prorsus.
3169 3572 3351 3635 Unde
3384 3570 3696 3649 simpliciter

2178 3686 2395 3729 verum
2430 3672 2527 3729 est
2558 3673 2751 3728 totam
2778 3684 3035 3727 causam
3076 3664 3429 3744 proximam
3453 3664 3601 3723 illius
3622 3679 3697 3720 ac-

2178 3768 2303 3834 tus,
2347 3768 2535 3841 prout
2574 3760 2637 3820 in
2664 3766 2807 3821 actu
2852 3760 3057 3839 primo
3092 3764 3189 3819 est
3213 3756 3564 3827 constituta,
3592 3770 3699 3815 esse

2178 3855 2659 3917 determinatam
2686 3852 2767 3913 ad
2788 3871 3009 3922 unum,
3036 3850 3505 3922 antecedenter,
3532 3855 3587 3909 et
3600 3866 3699 3909 om·

2178 3948 2329 4008 nino
2378 3946 2875 4028 independenter
2914 3964 2951 4006 a
2984 3944 3269 4005 libertate
3308 3945 3473 4024 ejus,
3502 3942 3628 4022 quia
3648 3940 3697 3999 il-

2172 4041 2283 4102 lud
2308 4040 2932 4115 ultimumauxilium,
2960 4039 3136 4119 quod
3156 4056 3295 4100 esse
3326 4038 3549 4099 dicitur
3564 4051 3696 4096 com·

2174 4133 2563 4215 plementum
2590 4140 2768 4195 actus
2796 4133 3003 4211 primi,
3036 4150 3163 4193 non
3188 4132 3399 4193 solum
3424 4132 3610 4211 ipsum
3626 4131 3695 4187 est

2174 4227 2659 4289 determinatum
2688 4226 2769 4289 ad
2808 4244 3025 4301 unum,
3070 4226 3183 4287 sed
3208 4226 3403 4287 etiam
3446 4221 3697 4285 determi-
3790 4294 3792 4301 Ι

2176 4326 2286 4382 nat
2324 4326 2523 4382 totam
2554 4337 2838 4394 causam,
2878 4320 3217 4399 omniaque
3256 4320 3399 4398 ejus
3436 4315 3693 4396 principia

2178 4414 2257 4475 ad
2300 4411 2595 4475 eumdem
2636 4413 2929 4475 effectum
2970 4412 3393 4473 efficiendum.
3442 4410 3695 4481 Quocirca

2175 4508 2237 4569 in
2270 4509 2389 4569 hoc
2422 4526 2613 4569 sensu
2638 4506 3049 4587 impertinens
3066 4511 3163 4567 est
3190 4507 3383 4567 allata
3398 4501 3695 4571 distinctim

2174 4600 2333 4663 nihil
2380 4601 2549 4662 enim
2580 4600 2793 4675 refert,
2844 4600 3015 4679 quod
3052 4599 3489 4661 determinatio
3514 4612 3696 4677 prove-

2178 4695 2311 4755 niat
2352 4694 2433 4754 ab
2460 4694 2795 4756 intrinseca
2824 4699 3068 4766 natura,
3086 4693 3185 4753 vel
3214 4712 3249 4753 a
3278 4692 3479 4755 forma
3506 4690 3694 4753 extrin-

2178 4806 2362 4852 secus
2390 4789 2609 4862 indita,
2642 4787 2985 4850 dummodo
3004 4788 3148 4849 talis
3174 4786 3594 4849 determinatio
3618 4800 3694 4841 ve·

2177 4902 2247 4945 re
2283 4882 2431 4943 insit
2474 4882 2973 4961 independenter
3002 4881 3085 4942 ab
3120 4881 3457 4943 intrinseca
3491 4879 3693 4941 liberta-

2176 4982 2261 5050 te,
2300 4982 2363 5037 et
2388 4974 2667 5037 dominio
2696 4977 2761 5035 in
2786 4974 3119 5035 actionem.
3154 4974 3327 5036 Sicut
3354 4974 3535 5033 etiam
3554 4966 3693 5029 intel-

2176 5068 2377 5129 lectus
2408 5073 2503 5130 est
2524 5062 2885 5129 indifferens
2914 5086 2990 5129 ex
3014 5084 3083 5127 se
3126 5066 3205 5127 ad
3238 5066 3603 5127 cred-ndum
3620 5058 3691 5118 vel

2178 5159 2673 5223 dissentiendum
2702 5161 2891 5222 rebus
2919 5160 3089 5232 fidei,
3140 5166 3203 5221 et
3242 5178 3357 5239 per
3396 5157 3691 5219 motionem
3788 5148 3790 5199 ἒ

2178 5255 2513 5318 voluntatis
2530 5255 2787 5316 omnino
2816 5254 3268 5317 determinatur
3292 5252 3375 5314 ad
3392 5249 3693 5313 assentien-
3788 5246 3790 5251 ’

2180 5349 2367 5421 dum;
2402 5355 2465 5410 et
2492 5353 2643 5409 tunc
2674 5366 2969 5409 assensus
3010 5365 3139 5408 non
3162 5352 3257 5407 est
3284 5346 3441 5407 liber
3464 5342 3693 5405 intellec·

2182 5442 2293 5517 tui,
2325 5442 2611 5521 quamvis
2640 5442 2723 5502 ab
2752 5442 3101 5503 extrinseco
3130 5444 3475 5509 moveatur,
3496 5435 3593 5497 sed
3618 5434 3689 5492 est

2178 5536 2337 5598 liber
2372 5536 2675 5599 voluntati
2730 5536 3027 5598 moventi.
3072 5535 3173 5597 Sic
3220 5552 3373 5615 ergo
3408 5531 3585 5593 motio
3610 5542 3689 5585 vo-
