3850 6225
649 405 784 460 cAP.
817 407 874 460 V.
913 407 1082 460 amm
1115 409 1360 460 HABERE
1393 409 1556 460 HANG
1589 407 1915 461 SClENTlAM
1953 407 2499 471 CONDITIONALIUM,
2538 407 2671 460 mc,

97 526 322 586 semper
339 513 431 569 est
450 507 638 581 hona,
663 509 804 571 ideo
827 515 1117 572 asserunt
1140 511 1621 572 conditionalem

95 619 306 673 veram,
346 620 478 662 esse
520 603 970 675 necessariam3
1002 604 1192 664 illatio
1228 610 1440 665 autem
1485 623 1622 683 quse

96 697 153 754 fit
189 695 246 752 in
284 694 376 754 his
416 694 829 756 locutionibus
866 715 996 757 non
1025 704 1119 759 est
1155 697 1346 770 bona,
1380 704 1442 759 et
1477 699 1620 760 ideo

95 787 256 848 etiam
295 788 442 866 ipsae
481 789 826 851 locutiones
860 809 990 850 non
1041 796 1186 851 sunt
1227 793 1616 864 necessariae,

95 889 150 942 ut
185 901 291 960 per
329 901 395 944 se
424 889 642 946 notum
687 891 813 962 estj,
845 903 998 966 ergo
1035 903 1242 964 neque
1275 904 1439 947 verse
1481 905 1620 948 esse

94 983 348 1056 possunt.

159 1073 210 1132 6.
253 1069 524 1136 Secunda
561 1073 880 1135 sententia.
911 1105 991 1118 —
1022 1074 1348 1135 Secundus
1393 1074 1618 1135 modus

91 1163 330 1235 dicendi,
361 1172 454 1226 est
481 1165 596 1224 has
623 1166 1080 1244 propositiones
1103 1185 1219 1227 nee
1247 1185 1426 1228 veras
1453 1185 1614 1240 esse,

91 1275 188 1316 nec
221 1257 402 1318 falsas
439 1257 874 1334 determinate,
913 1265 1224 1339 quatenus
1251 1259 1313 1321 in
1347 1279 1424 1321 eo
1454 1266 1620 1321 statu

91 1355 244 1421 sunt3
275 1350 596 1428 solumque
625 1369 809 1430 posse
841 1353 1055 1414 reduci
1090 1353 1174 1413 ad
1209 1354 1487 1433 aliquam
1515 1371 1620 1413 ve-

91 1443 327 1519 ritatem,
367 1445 416 1504 si
439 1443 595 1505 fiant
617 1445 796 1525 quasi
825 1446 1106 1508 modales
1130 1447 1612 1526 propositiones-2,

92 1536 325 1598 dicendo
346 1556 362 1596 ε
387 1537 448 1600 Si
477 1539 600 1599 hoc
633 1539 734 1611 sit,
757 1539 910 1598 illud
931 1545 1004 1599 ut
1032 1541 1094 1600 in
1117 1539 1455 1618 plurimum
1479 1558 1618 1602 eve-

91 1629 218 1700 niet,
247 1630 340 1692 vel
367 1631 749 1709 frequenter,
781 1633 882 1692 vel
906 1633 1331 1711 probabiliter,
1373 1634 1474 1694 vel
1515 1653 1619 1695 ra-

91 1743 167 1784 ro.
195 1726 360 1786 Ratio
389 1731 508 1797 est,
539 1727 686 1804 quia
735 1726 1019 1801 effectus,
1069 1727 1172 1806 qui
1217 1728 1296 1789 de
1325 1746 1514 1789 causa
1543 1729 1618 1788 li-

89 1818 217 1878 bera
238 1837 344 1897 per
365 1819 524 1880 tales
541 1819 888 1880 locutiones
909 1821 1342 1894 enunciantur,
1362 1839 1490 1882 non
1507 1823 1616 1882 ha-

89 1911 214 1972 bent
238 1912 820 1974 determinationem
858 1913 1091 1985 ullam3
1131 1931 1280 1993 ergo
1309 1933 1426 1975 nec
1454 1915 1618 1975 veri-

89 2007 254 2064 tatem
301 2003 536 2066 habere
576 2010 858 2085 possunt.
919 2005 1096 2066 Patet
1142 2007 1611 2086 consequentia,

88 2098 210 2172 quia
235 2099 456 2158 veritas
499 2098 828 2160 locutionis
857 2098 1090 2179 pendet
1129 2119 1208 2160 ex
1241 2099 1615 2161 determina·

85 2190 230 2250 tione
271 2191 516 2270 objecti,
567 2191 832 2252 sumitur
859 2193 1028 2253 enim
1081 2211 1157 2254 ex
1186 2193 1616 2254 conformitate

87 2283 152 2342 ad
190 2283 352 2344 illud.
403 2283 801 2346 Antecedens
851 2290 1064 2346 autem
1114 2291 1308 2364 patet,
1342 2286 1485 2364 quia
1515 2286 1616 2346 hie

85 2377 308 2436 effectus
336 2395 464 2436 non
507 2381 602 2438 est
629 2376 1080 2439 determinatus
1105 2380 1172 2438 in
1215 2397 1426 2451 causa,
1472 2396 1616 2439 cum

86 2468 198 2546 ipsa
239 2469 314 2530 sit
355 2469 760 2542 indifferens;
813 2489 1018 2550 neque
1069 2491 1148 2532 ex
1185 2473 1319 2551 ipso
1363 2473 1613 2545 effectu,

88 2563 208 2640 quia
233 2563 472 2623 nullum
499 2564 691 2626 habet
735 2581 906 2636 esse,
955 2583 1164 2644 neque
1199 2565 1262 2624 in
1303 2572 1610 2643 tempore,

87 2673 264 2732 neque
291 2657 352 2716 in
381 2657 757 2728 aeternitate,
800 2657 862 2716 in
902 2676 1026 2737 quo
1072 2659 1204 2718 solo
1245 2676 1382 2719 esse
1410 2663 1614 2737 potest

83 2747 300 2810 fundari
337 2749 778 2810 determinatio
811 2749 1208 2812 futuritionis'.
1247 2753 1322 2812 Et
1361 2753 1490 2812 hoec
1520 2758 1616 2814 est

83 2860 285 2920 magna
323 2842 680 2904 differentia
707 2843 867 2903 inter
906 2845 1043 2905 haee
1073 2845 1494 2907 conditionata
1522 2846 1616 2907 fu-

86 2939 222 3004 tura,
261 2939 318 2994 et
339 2934 527 2996 -inter
561 2935 868 2996 absoluta.
901 2935 1080 2998 Unde
1109 2939 1173 2998 in
1214 2939 1312 2998 his
1341 2937 1612 2998 maxime

82 3027 300 3086 videtur
331 3029 567 3090 habere
611 3030 817 3090 locum
851 3030 1020 3108 quod
1051 3032 1411 3092 Aristoteles
1437 3030 1610 3102 dixit,

89 3124 107 3179 1
139 3122 426 3197 Periher.,
459 3140 602 3201 cap.
631 3124 770 3196 ult„
795 3124 1004 3185 futura
1034 3125 1458 3205 contingentia
1485 3143 1614 3185 non

81 3214 288 3275 habere
322 3216 803 3277 determinatam
843 3218 1188 3279 veritatem.
1223 3220 1432 3280 Altera
1463 3236 1614 3278 vero

81 3324 204 3384 pars
233 3309 410 3387 hujus
458 3310 782 3373 sententiae
820 3330 1024 3390 perse
1078 3312 1243 3371 clara
1291 3318 1407 3384 est,
1465 3312 1616 3390 quia

79 3400 194 3461 haec
217 3402 422 3463 futura
473 3409 732 3481 possunt
757 3404 988 3466 habere
1019 3424 1242 3465 causas
1286 3406 1488 3485 magis
1516 3405 1616 3466 vel

79 3493 262 3553 minus
277 3513 630 3575 propensas
647 3496 728 3557 ad
747 3498 1061 3569 effectum,
1085 3498 1262 3577 juxta
1288 3516 1617 3559 occurren-

79 3590 160 3645 tes
199 3588 692 3650 circumstantias
737 3592 836 3651 vel
883 3590 1308 3665 conditiones;
1355 3609 1504 3671 ergo
1541 3610 1619 3652 ex

80 3674 180 3737 illis
198 3686 392 3755 potest
415 3682 580 3741 sumi
607 3682 813 3760 aliqua
836 3682 1292 3754 determinatio,
1318 3702 1446 3743 non
1475 3684 1618 3745 sim-

76 3769 313 3847 pliciter,
343 3774 463 3835 sed
489 3774 778 3847 modaliS,
807 3780 868 3835 et
896 3776 1240 3837 secundum
1266 3776 1439 3856 quid.

562 3972 776 4035 Tertia
811 3972 1129 4037 sententia.

149 4146 198 4203 7.
241 4147 452 4208 Tertia
484 4146 794 4207 sententia
835 4151 953 4218 est,
1004 4146 1118 4205 has
1157 4145 1616 4225 propositiones

75 4255 258 4316 neque
287 4258 430 4301 esse
459 4238 874 4317 impossibiles
903 4285 918 4311 ‚
968 4256 1174 4317 neque
1205 4238 1394 4299 etiam
1435 4238 1616 4318 quasi

73 4350 389 4411 suspensas
412 4332 624 4411 quoad
648 4333 979 4393 veritatem
1001 4332 1101 4392 vel
1126 4331 1482 4403 falsitatem,
1503 4332 1617 4392 sed

75 4424 144 4483 ad
167 4427 526 4487 alterutram
569 4444 708 4487 esse
737 4425 1206 4500 determinatae,
1255 4442 1617 4503 quanquam

71 4534 104 4577 a
133 4520 301 4581 nobis
339 4520 613 4581 discerni
642 4537 769 4579 non
800 4520 996 4597 possit
1025 4518 1276 4597 quando
1323 4518 1619 4579 determi-

73 4618 204 4673 nata
225 4616 304 4675 sit
325 4615 558 4676 locutio
583 4614 664 4675 ad
689 4615 1044 4687 veritatem,
1079 4612 1330 4691 quando
1359 4630 1508 4673 vero
1539 4612 1619 4672 ad

71 4702 410 4769 falsitatem.

141 4800 194 4858 8.
237 4802 385 4861 Haec
417 4805 514 4861 est
564 4800 698 4861 sine
748 4800 936 4860 dubio
980 4817 1128 4859 vera
1171 4786 1504 4872 sententia,
1539 4798 1621 4859 ad

73 4906 246 4967 qnam
293 4892 765 4971 explicandam,
811 4893 1069 4954 adverto
1125 4892 1428 4970 imprimis
1483 4892 1620 4951 illas

73 4986 516 5061 propositiones
540 4986 838 5047 affirmari
866 5004 1050 5064 posse
1103 4990 1165 5045 et
1208 4984 1460 5067 debere,
1493 5003 1620 5045 non

73 5074 126 5133 in
171 5078 226 5137 vi
275 5077 571 5139 illationis
627 5098 706 5141 ex
741 5080 968 5139 virtute
1019 5078 1474 5151 antecedentiS‚
1509 5078 1622 5139 sed

73 5186 176 5245 per
201 5172 462 5231 modum
499 5172 798 5251 simplicis
843 5171 1274 5232 affirmationis
1311 5172 1500 5231 unius
1539 5170 1619 5232 de

75 5260 186 5321 alio
211 5262 328 5324 sub
354 5264 463 5325 tali
499 5264 854 5325 conditione
879 5271 1202 5342 concepto.
1234 5266 1450 5343 Itaque
1478 5282 1620 5323 cum

75 5352 328 5417 dicimus
360 5376 374 5417 z
418 5358 478 5419 Si
508 5358 726 5419 Petrus
755 5358 940 5418 hodie
981 5356 1240 5425 viveret,
1266 5358 1334 5417 in
1364 5359 1481 5417 hac
1517 5375 1624 5417 oc-

75 5448 316 5509 casione
353 5450 474 5511 hoc
503 5450 760 5521 faceret,
794 5470 922 5511 non
955 5450 1342 5511 affirmamus
1371 5451 1622 5511 Petrum

77 5556 206 5601 esse
245 5541 390 5605 talis
427 5542 666 5606 virtutis
693 5548 802 5607 aut
827 5542 1220 5619 conditioniS,
1247 5546 1318 5605 ut
1339 5560 1625 5605 necessa-

3148 396 3262 462 357

1702 511 1795 571 rio
1823 513 1943 572 hoe
1970 517 2134 572 esset
2158 511 2459 583 facturae,
2494 512 2591 572 vel
2624 515 2693 572 ut
2719 529 2796 572 ex
2825 509 2961 588 ejus
2992 509 3263 569 existen-

1701 605 1786 666 tia
1817 606 1955 666 talis
2012 605 2269 688 effectus
2314 605 2669 666 necessaria
2716 604 2990 663 illatione
3034 602 3263 662 infera-

1702 704 1840 771 tur;
1871 699 1983 760 sed
2013 698 2214 759 solum
2242 701 2625 760 affirmamus
2653 698 2841 758 talem
2866 697 3157 756 effectum
3182 695 3260 755 de

1702 792 1864 852 facto
1891 792 2085 854 fuisse
2132 793 2645 872 conjungendum
2676 809 2817 852 cum
2844 790 2945 849 illa
2972 805 3184 859 causa,
3210 787 3261 847 si

1703 885 2025 945 extitisset.
2058 886 2189 944 Hoc
2217 887 2365 944 satis
2394 885 2638 948 videtur
2660 883 2935 962 probari,
2956 881 3154 960 primo
3185 899 3261 940 ex

1703 977 2018 1038 communi
2048 996 2261 1050 sensu,
2286 983 2348 1038 et
2377 979 2720 1038 intentione
2750 975 3027 1036 omnium
3058 975 3144 1033 sic
3172 972 3263 1032 lo·-

1703 1071 2031 1150 quentium
2048 1087 2069 1147 3
2106 1090 2312 1150 neque
2345 1073 2513 1132 enim
2541 1072 2757 1132 volunt
2786 1069 3100 1129 affirmare
3154 1067 3261 1126 ali-

1702 1164 1852 1244 quid
1882 1183 1997 1244 per
2028 1183 2095 1226 se
2136 1164 2385 1240 falsum,
2430 1164 2544 1226 sed
2578 1163 2811 1242 aliquid
2842 1161 3009 1240 quod
3038 1159 3262 1238 proba·
3368 1183 3373 1190 ·

1699 1259 1824 1319 bile
1864 1259 1943 1318 sit
1990 1265 2097 1319 ant
2124 1258 2494 1331 verisimile;
2527 1259 2698 1338 quod
2742 1275 2869 1316 non
2920 1259 3107 1324 esset,
3140 1252 3259 1312 nisi

1701 1353 1764 1411 in
1812 1353 1916 1413 illo
1971 1371 2162 1414 sensu
2211 1352 2612 1432 proterretur.
2662 1349 2839 1413 Unde
2888 1348 3074 1408 etiam
3144 1345 3257 1405 viri

1700 1447 1866 1508 docti
1905 1465 2035 1507 non
2065 1448 2273 1508 statim
2302 1447 2589 1527 rejiciunt
2616 1448 2729 1507 has
2760 1446 3127 1512 locutiones,
3157 1440 3258 1500 vel

1700 1540 1924 1600 abillis
1952 1540 2345 1610 dissentiunt,
2383 1544 2453 1600 ut
2477 1541 2677 1612 falsis;
2715 1539 2949 1624 sedvel
2982 1535 3257 1612 ambigui

1699 1638 1866 1705 sunt,
1906 1633 2009 1693 vel
2050 1633 2355 1712 judicium
2396 1633 2817 1713 suspendunt,
2861 1631 3007 1708 quia
3048 1629 3259 1688 vident

1697 1744 1832 1787 rem
1863 1744 2001 1786 esse
2032 1726 2354 1798 incertam,
2377 1727 2477 1787 vel
2505 1726 2593 1786 illi
2622 1727 2781 1806 parti
2808 1723 3255 1794 assentiuntur,

1699 1837 1890 1898 quam
1923 1819 2208 1898 pluribus
2264 1819 2643 1898 conjecturis
2686 1818 2799 1879 niti
2854 1816 3250 1882 existimant;

1699 1914 1949 1993 signum
1975 1931 2125 1990 ergo
2156 1917 2250 1973 est
2278 1912 2341 1973 in
2368 1913 2467 1973 his
2491 1911 2912 1974 locutionibus
2938 1927 3067 1968 non
3096 1905 3258 1966 affir-

1698 2006 1856 2066 mari
1889 2005 2233 2066 illationem
2272 2024 2351 2066 ex
2388 2007 2447 2066 vi
2486 2005 2910 2067 antecedentis
2932 2049 2946 2072 ‚
3002 1999 3115 2062 sed
3157 2017 3260 2060 so-

1696 2099 1825 2159 lam
1873 2099 2381 2178 conjunctionem
2438 2099 2623 2159 unius
2672 2117 2817 2160 cum
2871 2097 2992 2157 alio
3040 2095 3104 2154 in
3148 2091 3255 2154 tali

1699 2197 1951 2252 eventu.

1779 2287 1839 2345 9.
1885 2285 2196 2359 Secundo,
2231 2303 2307 2346 ex
2326 2305 2393 2347 re
2422 2288 2561 2366 ipsa
2592 2287 2675 2347 ita
2704 2286 3078 2356 declaratur,
3110 2283 3256 2362 quia

1697 2377 1798 2438 hie
1826 2397 2051 2438 sensus
2081 2385 2144 2438 et
2173 2379 2397 2440 modus
2426 2379 2815 2460 significandi
2849 2385 2909 2440 et
2944 2379 3257 2438 affirman-

1697 2469 1758 2530 di
1789 2489 1982 2530 unum
2012 2471 2089 2531 de
2124 2471 2247 2532 alio
2296 2491 2373 2534 ex
2421 2473 2750 2553 hypothesi
2780 2491 2906 2532 non
2948 2474 3259 2548 repugnat

1695 2565 1887 2625 rebus
1942 2565 2328 2644 significatiS,
2376 2573 2439 2627 et
2470 2567 2702 2645 alioqui
2759 2573 2852 2626 est
2891 2566 3079 2626 rebus
3110 2562 3258 2640 ipsis

1696 2662 2180 2720 consentaneus.
2236 2661 2436 2740 Major
2486 2666 2677 2739 patet.
2750 2661 2905 2720 Nam
2957 2655 3259 2737 quidquid

1696 2756 1906 2812 mente
1930 2751 2290 2831 concipitur,
2325 2759 2532 2831 potest
2554 2755 2739 2815 etiam
2771 2751 3115 2822 enuntiari3
3146 2749 3260 2810 sed

1697 2851 1896 2905 totum
1936 2846 2054 2905 hoc
2083 2852 2292 2906 mente
2332 2847 2708 2925 concipitur:
2744 2845 2949 2905 Posito
2980 2845 3158 2904 Petro
3194 2842 3257 2902 in

1695 2938 1800 2998 tali
1841 2943 2005 2997 statu
2039 2944 2099 2998 et
2137 2939 2488 3009 occasione,
2520 2958 2644 2999 non
2681 2937 2934 3016 quidem
2966 2953 3259 2995 necessa-

1696 3031 1787 3090 rio
1810 3031 2115 3109 peccabit,
2137 3032 2365 3109 poterit
2393 3039 2603 3091 tamen
2631 3049 2919 3110 peecare,
2942 3035 3002 3090 et
3033 3047 3261 3106 pensa-

1695 3126 1775 3185 tis
1795 3124 2088 3185 omnibus
2118 3126 2514 3205 conjecturis,
2541 3125 2931 3185 verisimilius
2965 3130 3059 3183 est
3082 3122 3259 3182 illum

1697 3224 2140 3297 peccaturum3
2180 3236 2329 3298 ergo
2372 3223 2575 3298 potest
2604 3218 2683 3279 de
2733 3219 2936 3288 Petro,
2972 3216 3088 3277 sub
3116 3234 3259 3275 eon-

1695 3312 1933 3373 ditione
1992 3312 2135 3372 talis
2174 3318 2369 3373 status
2424 3318 2485 3373 et
2530 3311 2894 3381 occasioniS,
2950 3308 3260 3371 enuntiari

1699 3405 2061 3484 simpliciter
2110 3406 2284 3465 illum
2317 3411 2743 3484 peccaturum.
2785 3406 2929 3465 Dico
2974 3403 3261 3480 simplici-

1696 3502 1814 3571 ter,
1852 3499 1999 3577 quia
2038 3518 2165 3560 non
2206 3505 2301 3560 est
2344 3518 2603 3561 necesse
2658 3498 2849 3561 talem
2887 3495 3259 3559 enuntiatio-

1699 3610 1843 3652 nem
1891 3610 2031 3653 esse
2080 3592 2417 3665 modalem‚
2462 3593 2637 3653 verbi
2681 3592 2899 3671 gratia,
2936 3590 3259 3670 probabile

1699 3684 1799 3745 vel
1859 3685 2229 3763 contingens
2272 3685 2435 3745 utin
2487 3685 2822 3763 plurimum
2868 3702 3027 3756 esse,
3083 3683 3261 3742 illum

1698 3782 2127 3855 peccaturum,
2148 3776 2259 3838 sed
2280 3776 2663 3855 simpliciter,
2691 3796 2801 3837 seu
2829 3777 2906 3837 de
2935 3777 3163 3848 inesse,
3194 3780 3263 3835 ut

1697 3869 1933 3929 dieunt.
1993 3869 2171 3941 Quod
2204 3889 2328 3930 non
2374 3871 2577 3929 solum
2612 3871 2674 3929 in
2706 3870 2903 3931 vocali
2962 3868 3264 3929 enuncia-

1694 3962 1863 4023 tione
1894 3962 2141 4023 videtur
2168 3982 2282 4041 per
2309 3980 2375 4023 se
2405 3966 2647 4034 notum,
2683 3962 2795 4023 sed
2822 3962 3008 4021 etiam
3038 3961 3101 4021 in
3141 3962 3262 4020 hu-

1696 4072 1900 4115 manae
1930 4055 2156 4115 mentis
2174 4055 2433 4134 judicio,
2470 4056 2618 4132 quia
2647 4052 2899 4134 quando
2946 4054 3133 4113 homo
3168 4054 3265 4111 in-

1696 4149 1890 4210 terius
1947 4149 2194 4210 conficit
2238 4148 2602 4228 hujusmodi
2650 4148 3171 4222 enunciationem,
3201 4151 3263 4206 et

1698 4242 1777 4303 de
1803 4242 1908 4302 illa
1930 4242 2192 4320 judicat,
2224 4243 2380 4302 sicut
2408 4260 2537 4302 non
2549 4242 2790 4320 judicat
2812 4259 2949 4301 esse
2978 4240 3263 4318 impossi-

1697 4335 1886 4395 bilem
1917 4341 2027 4395 aut
2050 4336 2370 4396 evidenter
2394 4334 2641 4409 falsam,
2670 4336 2753 4395 ita
2783 4352 2911 4394 non
2942 4334 3145 4393 solum
3166 4334 3266 4411 ju-

1698 4427 1862 4487 dicat
1891 4446 2030 4488 esse
2072 4428 2459 4505 probabilem
2506 4434 2615 4488 aut
2644 4426 3066 4497 verisimilem,
3116 4444 3187 4485 ac
3214 4426 3265 4485 si

1697 4520 1818 4579 hoc
1848 4520 2053 4598 ipsum
2082 4520 2159 4579 sit
2194 4521 2385 4581 veluti
2416 4539 2561 4599 pars
2592 4520 2815 4597 objecti
2846 4520 3007 4578 illius
3021 4518 3263 4597 judicii,

1701 4614 1856 4673 alias
1890 4613 2197 4691 judicium
2230 4621 2395 4675 esset
2438 4614 2695 4675 evidens
2729 4620 2791 4674 et
2822 4620 3084 4685 certum,
3127 4630 3269 4672 cum

1699 4716 1911 4769 tamen
1944 4710 2133 4769 homo
2160 4728 2285 4770 non
2344 4710 2719 4770 assentiatur
2757 4708 3101 4777 evidenter,
3158 4706 3271 4767 sed

1701 4820 1844 4862 cum
1872 4802 2244 4874 formidine;
2294 4803 2503 4882 igitur,
2550 4803 2711 4863 sicut
2746 4802 2809 4862 in
2841 4803 3267 4882 propositione

1701 4894 1779 4955 de
1810 4896 2117 4973 proeterito
2142 4902 2251 4956 aut
2270 4896 2349 4956 de
2370 4902 2699 4974 praesente,
2726 4896 2805 4956 de
2831 4897 3011 4975 cujus
3039 4896 3267 4955 verita-

1701 4993 1764 5049 te
1792 5006 1922 5048 non
1972 4988 2124 5048 mibi
2156 4988 2477 5049 evidenter
2510 4994 2773 5059 constat,
2825 4989 2879 5049 si
2907 4995 3117 5048 tamen
3156 4988 3271 5047 ha-

1701 5081 1820 5142 beo
1841 5081 2229 5159 probabilem
2248 5082 2671 5160 conjecturam
2687 5082 2787 5143 vel
2805 5082 3263 5155 auctoritatem,

1701 5192 1830 5233 non
1875 5174 2077 5235 solum
2097 5174 2311 5252 judico
2353 5192 2491 5235 esse
2532 5174 2945 5253 probabilem,
2980 5173 3091 5235 sed
3120 5172 3269 5232 sim-

1703 5264 1947 5343 pliciter
1994 5266 2211 5345 judico
2258 5266 2347 5325 ita
2398 5284 2537 5326 esse
2579 5265 2677 5326 vel
2705 5265 2925 5339 fuisse,
2980 5262 3265 5342 quamvis

1705 5377 1848 5420 cum
1876 5359 2240 5432 formidine,
2270 5361 2355 5420 ita
2385 5360 2447 5419 in
2473 5362 2787 5437 praesenti,
2820 5360 3136 5439 proposito
3160 5356 3267 5415 illo

1705 5451 1953 5530 objecto
1984 5453 2102 5513 sub
2140 5453 2243 5513 illa
2280 5454 2657 5523 conditione,
2686 5459 2893 5532 potest
2918 5451 3269 5511 intellectus

1707 5562 1785 5607 ex
1839 5546 2214 5626 conjecturis
2265 5546 2549 5607 absolute
2604 5546 2889 5625 judicare
2948 5544 3069 5606 hoc
3131 5562 3267 5604 esse
