3850 6225
735 405 869 458 cAP.
905 405 966 457 ΙΙ.
1002 402 1364 458 GRATulTuu
1395 404 1476 456 ET
1507 402 2041 458 SUPERNATURALE
2073 404 2375 458 Amnum
2406 407 2491 458 An
2523 405 2661 468 BOS,
2693 408 2829 462 mc.

183 505 366 566 aiunt.
393 505 520 567 Sed
544 505 624 567 de
639 505 758 566 hoc
777 506 989 586 gratiae
1005 511 1066 566 et
1093 505 1466 566 auxiliorum
1493 523 1726 586 genere

182 597 328 658 nihil
365 599 465 659 hic
507 597 712 660 dicere
748 615 1007 660 necesse
1041 603 1156 672 est,
1201 598 1348 677 quia
1381 616 1511 660 non
1537 598 1732 660 refert

175 691 256 750 ad
283 709 542 770 scopum
577 692 900 771 praesentis
929 692 1392 765 controversiae,
1443 710 1568 769 quo
1599 692 1730 753 haec

177 786 384 846 omnia
409 786 696 848 tendunt.

254 879 330 940 At
351 898 500 940 vero
527 883 815 958 respectu
845 884 1100 940 actuum
1131 880 1725 959 supernaturalium,

173 973 472 1034 auxilium
499 973 712 1052 gratiae
756 973 1182 1035 necessarium
1209 981 1302 1036 est
1339 975 1421 1036 ad
1449 975 1729 1054 singulos

171 1071 348 1126 actus
381 1085 397 1138 ;
443 1063 614 1145 quod
652 1067 996 1127 maximum
1021 1073 1466 1146 argumentum
1493 1073 1588 1130 est
1617 1085 1728 1129 eos

168 1177 308 1220 esse
349 1159 876 1238 supernaturales.
913 1161 1024 1221 Est
1046 1167 1256 1222 autem
1295 1160 1360 1220 in
1389 1162 1510 1223 hoc
1539 1179 1730 1222 sensu

167 1253 306 1314 haec
347 1254 576 1315 veritas
607 1252 834 1314 tradita
879 1271 954 1314 ac
1010 1253 1266 1316 definita
1300 1254 1362 1315 in
1421 1253 1730 1334 praedictis

177 1347 540 1410 Pontificum
571 1352 633 1408 et
665 1346 1076 1408 Conciliorum
1104 1346 1390 1422 decretis,
1438 1355 1508 1409 ut
1545 1349 1727 1410 facile

165 1441 406 1519 legenti
449 1439 784 1512 constabit;
814 1458 984 1500 nunc
1037 1440 1244 1500 solum
1299 1442 1728 1520 expendemus

161 1534 358 1594 verba
385 1533 638 1594 concilii
661 1533 1028 1606 Tridentini,
1061 1552 1218 1594 sess,
1269 1535 1332 1608 6,
1362 1553 1498 1596 can.
1531 1539 1568 1596 3
1600 1555 1614 1596 ε
1650 1536 1730 1600 Si

163 1631 300 1709 quis
326 1625 578 1702 dixerit,
605 1630 738 1689 siae
751 1627 1154 1708 proeveniemte
1188 1627 1474 1710 Spiritus
1505 1629 1731 1694 Sancti

165 1719 566 1802 inspiratione
625 1725 801 1801 atquo
848 1722 982 1800 ejvs
1023 1722 1328 1802 adjutorio
1355 1770 1374 1797 ,
1439 1724 1730 1787 homiuem

170 1817 402 1878 credero
425 1859 442 1887 ‚
489 1831 756 1894 sperare,
797 1814 1048 1894 diliyero
1090 1821 1202 1878 aut
1221 1813 1508 1896 φωκέων-ε
1529 1833 1727 1896 posse,

169 1911 332 1970 sicut
359 1911 588 1988 oportet
611 1911 684 1969 ut
725 1908 1274 1985 eijustifioatioais
1297 1910 1508 1991 qratia
1543 1915 1733 1987 confo-

171 2009 370 2075 ναίειν,
419 2003 741 2064 anathema
775 2000 881 2064 ait.
914 2002 1030 2064 Ubi
1080 2002 1354 2081 primum
1402 2003 1730 2064 considero

182 2115 302 2156 non
327 2096 554 2156 dixisse
598 2095 942 2156 Concilium
975 2115 988 2155 :
1024 2097 1084 2158 Si
1125 2095 1266 2174 quis
1295 2095 1518 2158 dixerit
1544 2115 1728 2176 posse

181 2189 486 2249 hominem
525 2187 757 2266 saepius
785 2194 896 2248 aut
921 2189 1286 2267 frequenter
1313 2189 1592 2264 credere,
1636 2190 1732 2251 di-

173 2285 386 2362 ligere,
418 2289 564 2359 etc„
597 2283 712 2344 sed
741 2283 1124 2362 simpliciter,
1168 2286 1424 2361 credere,
1455 2292 1564 2348 aut
1589 2285 1728 2348 dili-

165 2397 324 2460 9ere,
371 2397 515 2438 eum
557 2383 767 2438 tamen
799 2379 932 2440 haec
961 2378 1220 2457 singulis
1244 2379 1484 2439 actibus
1511 2379 1726 2458 perfici

159 2471 450 2549 possint;
481 2471 666 2532 docet
721 2489 870 2551 ergo
911 2489 1116 2548 neque
1159 2489 1358 2532 unum
1400 2477 1610 2532 actum
1651 2490 1729 2532 ex

155 2565 256 2624 his
297 2583 484 2644 posse
511 2567 834 2626 hominem
867 2566 1002 2626 sine
1033 2567 1244 2646 gratiae
1273 2564 1502 2626 auxilio
1539 2565 1729 2642 perfi-

151 2676 328 2730 cere,
359 2663 419 2720 et
457 2664 920 2737 consequenter
959 2658 1040 2720 ad
1069 2660 1348 2737 singulos
1379 2677 1518 2720 esse
1557 2657 1729 2718 auxi·-

148 2750 312 2811 lium
373 2753 594 2830 gratiae
653 2753 1100 2814 necessarium.
1148 2751 1384 2814 Deinde
1443 2751 1728 2812 animad-

145 2851 334 2904 verto
382 2845 848 2924 justificationis
889 2846 1184 2924 gratiam,
1235 2864 1349 2926 per
1372 2863 1570 2906 unum
1627 2863 1728 2905 ac-

145 2945 284 2998 tum
317 2937 468 3000 fidei
512 2946 576 3000 et
605 2939 952 3000 dilectionis
983 2940 1250 3001 obtineri
1288 2957 1474 3018 posse
1503 2958 1520 3010 ;
1577 2937 1727 2999 defi·

143 3031 240 3090 nit
270 3039 494 3092 autem
518 3033 860 3094 Concilium
883 3051 1013 3094 non
1039 3051 1224 3113 posse
1245 3033 1562 3093 hominem
1587 3032 1722 3092 sine

145 3126 364 3200 gratia
395 3144 693 3187 exercere
719 3128 835 3187 hos
867 3133 1066 3199 actua,
1097 3127 1184 3187 ita
1217 3132 1287 3186 ut
1312 3125 1622 3190 sufficiant
1644 3125 1728 3185 ad

141 3218 664 3293 justificationem
691 3239 708 3291 ς
739 3238 890 3299 ergo
931 3220 1218 3299 intelligit
1243 3219 1320 3280 de
1351 3220 1611 3298 singulis
1630 3237 1703 3280 ac

148 3311 348 3383 tibus,
379 3313 492 3391 qui
533 3312 600 3373 in
621 3330 738 3373 suo
763 3313 982 3374 ordine
1009 3319 1274 3391 possunt
1306 3312 1388 3373 ad
1420 3311 1728 3392 justitiam

149 3405 438 3477 proxime
467 3406 822 3485 disponere.

227 3496 280 3558 A
296 3500 346 3561 d
355 3516 502 3580 quos
523 3504 700 3562 actus
720 3500 1106 3581 Auyastimcs
1137 3500 1365 3561 sentiat
1389 3499 1724 3563 necessario

151 3592 388 3670 requiri
410 3593 681 3674 ,qratiam
708 3592 841 3654 Dei.
863 3623 945 3637 --
970 3594 1172 3671 Atque
1211 3592 1330 3652 hoc
1365 3610 1558 3653 sensu
1601 3598 1725 3653 tra-

153 3681 450 3745 diderunt
472 3703 768 3763 expresse
797 3686 1144 3746 doctrinam
1173 3686 1336 3745 hanc
1360 3692 1576 3747 contra
1609 3688 1720 3748 Pe·

153 3774 392 3855 lagium
423 3779 868 3856 Hieronymus,
926 3779 989 3838 in
1037 3778 1202 3838 dicta
1246 3778 1530 3857 epistola,
1568 3780 1720 3840 etin

156 3869 422 3949 dialogis
452 3879 670 3932 contra
702 3870 1062 3951 Pelagium3
1097 3878 1162 3933 et
1185 3872 1716 3951 Augustinus‚1ib.

158 3964 182 4021 1
231 3963 316 4023 de
368 3964 582 4026 Gratia
623 3965 868 4037 Christi,
923 3982 976 4024 c.
1011 3966 1072 4037 3,
1105 3965 1236 4026 etl.
1273 3968 1301 4025 1
1363 3972 1531 4026 cont.
1565 3966 1722 4027 duas

162 4056 336 4133 epist.
383 4058 622 4137 pelag„
659 4077 714 4118 c.
759 4060 796 4118 2
825 4062 888 4119 et
925 4059 986 4131 3,
1023 4058 1156 4119 etl.
1190 4060 1252 4135 2,
1287 4076 1344 4119 c.
1386 4059 1428 4120 8
1466 4064 1526 4120 et
1569 4062 1630 4125 9.
1663 4066 1724 4120 et

164 4144 200 4205 l.
229 4149 292 4219 3,
323 4168 378 4211 c.
411 4150 473 4223 8,
507 4150 642 4213 etl.
677 4154 708 4211 1
746 4155 962 4211 contra
988 4151 1248 4223 Julian„
1290 4150 1352 4211 in
1389 4151 1546 4226 line,
1591 4153 1724 4232 qui-

165 4238 448 4305 hnslocis
489 4252 554 4305 et
577 4244 716 4305 aliis
757 4244 1104 4305 innumeris
1132 4246 1218 4305 ita
1259 4245 1505 4307 videtur
1533 4265 1726 4326 exag-

171 4350 378 4410 gerare
415 4338 858 4399 necessitatem
893 4337 1103 4399 auxilii
1152 4338 1341 4399 divini
1379 4340 1462 4400 ad
1507 4346 1722 4401 nostra

172 4444 372 4506 opera,
403 4436 472 4491 ut
515 4432 707 4492 etiam
749 4431 830 4491 ad
859 4430 1140 4511 singulos
1171 4438 1350 4492 actus
1397 4432 1720 4493 naturales

173 4525 472 4587 moraliter
497 4526 700 4587 bonos
725 4544 864 4587 eam
894 4526 1276 4605 amplificare
1295 4526 1596 4601 videatur,
1629 4525 1718 4588 ita

176 4622 240 4677 ut
277 4618 531 4680 liberum
577 4619 906 4700 arbitrium
939 4620 1076 4681 sine
1103 4621 1334 4683 auxilio
1385 4622 1600 4701 gratiae
1633 4622 1715 4683 ad

177 4710 398 4772 nullum
437 4731 598 4792 opus
651 4714 890 4775 bonum
929 4714 1158 4788 valeat,
1207 4714 1320 4775 sed
1361 4720 1606 4775 tantum
1633 4714 1715 4776 ad

185 4804 412 4865 malum.
449 4806 648 4878 Quam
669 4808 1043 4868 sententiam
1067 4808 1297 4881 docuit,
1331 4812 1394 4869 et
1419 4809 1714 4886 Augusti-

187 4910 258 4957 uo
283 4899 538 4961 attribuit
581 4920 660 4961 ex
693 4902 1088 4963 Scholasticis
1123 4902 1464 4981 Gregorius
1490 4902 1715 4963 Arimi-

189 4991 390 5065 nensss,
411 5011 603 5072 quem
632 4993 817 5072 pauci
843 4994 1040 5057 secuti
1067 4999 1242 5068 sunt;
1293 5011 1442 5055 nam
1471 5012 1546 5055 ea
1573 5013 1714 5056 sen-

190 5084 350 5145 tentia
385 5104 420 5147 a
442 5086 684 5148 caeteris
709 5086 841 5148 fere
867 5088 1202 5168 Theologis
1227 5088 1448 5149 merito
1475 5088 1714 5166 rejecta

197 5184 298 5249 est;
349 5186 472 5241 tum
529 5181 682 5259 quia
723 5199 850 5241 non
906 5181 1042 5242 sine
1096 5200 1286 5244 causa
1337 5180 1714 5242 addiderunt

197 5268 417 5333 Concilia
461 5274 636 5335 illam
687 5274 1082 5353 particulam,
1125 5276 1286 5339 siout
1313 5279 1564 5356 oportet,
1599 5274 1712 5335 sed

199 5370 248 5423 ut
271 5367 690 5447 significarent,
722 5366 804 5427 ad
832 5367 1230 5429 efficiendum
1273 5375 1447 5430 actus
1477 5365 1714 5427 ordinis

199 5462 470 5535 naturalis,
492 5480 626 5523 non
645 5478 785 5523 esse
805 5460 891 5521 ita
909 5461 1340 5523 necessarium
1363 5460 1578 5542 gran'ae
1601 5476 1713 5519 au-

199 5552 388 5627 xilium;
409 5560 547 5617 tum
563 5556 755 5615 etiam
771 5553 916 5633 quia
931 5572 1152 5617 revera
1166 5572 1296 5615 non
1315 5555 1628 5635 reperitur
1645 5550 1710 5611 in

3264 402 3383 464 159

1808 505 1906 566 his
1936 506 2177 566 actibus
2200 523 2273 566 ea
2302 505 2461 566 ratio
2492 507 2885 570 necessitatis
2912 527 3053 589 quoe
3076 508 3257 571 estin
3278 527 3383 569 su-

1810 598 2341 678 pernaturalibuS,
2375 599 2525 678 quia
2560 599 2647 660 illi
2676 619 2804 662 non
2837 609 2985 664 sunt
3018 601 3252 664 ordinis
3280 619 3381 662 su-

1810 692 2099 770 perioris,
2140 691 2299 753 sicut
2334 697 2481 753 sunt
2508 693 2757 772 reliqui.
2820 696 2943 758 Sed
2966 697 3087 758 hoc
3126 695 3379 756 alterius

1815 791 1910 845 est
1954 785 2232 865 negotii3
2290 787 2493 846 solum
2538 789 2708 848 enim
2750 789 2953 850 obiter
2988 794 3223 850 tactum
3258 793 3377 862 est,

1809 885 2069 959 propter
2099 880 2537 958 Augustinum,
2558 881 2664 960 qui
2682 881 2815 942 aliis
2831 882 2984 944 locis
3011 883 3161 944 satis
3189 881 3382 960 expli-

1810 974 1959 1047 cuit,
1992 990 2137 1033 cum
2166 973 2247 1032 ad
2276 972 2521 1053 singula
2561 992 2755 1054 opera
2795 976 2965 1036 bona
2992 976 3216 1037 dicitur
3241 993 3381 1053 gra-

1809 1068 1895 1128 tia
1930 1066 2311 1139 necessaria,
2338 1085 2699 1128 sermonem
2722 1085 2859 1129 esse
2890 1071 2959 1132 de
2986 1067 3259 1151 operibus
3288 1068 3381 1146 (ut

1812 1159 1945 1238 ipse
1968 1159 2075 1238 ait)
2096 1159 2376 1238 pietatis,
2408 1178 2548 1239 quoe
2576 1179 2705 1221 non
2734 1161 2939 1223 solum
2962 1163 3028 1222 in
3058 1161 3275 1224 ordine
3297 1161 3379 1222 ad

1809 1251 2003 1314 finem
2032 1257 2271 1313 naturae
2302 1252 2469 1314 bona
2508 1259 2675 1328 sunt,
2706 1253 2819 1317 sed
2844 1256 3035 1318 etiam
3061 1256 3129 1316 in
3158 1255 3377 1316 ordine

1810 1345 1892 1405 ad
1948 1345 2143 1406 finem
2196 1347 2766 1424 supernaturalem,
2824 1349 2907 1410 ad
2950 1367 3139 1428 quem
3188 1348 3379 1410 etiam

1810 1437 2305 1517 comparandum
2332 1437 2411 1500 de
2440 1457 2508 1500 se
2539 1447 2685 1502 sunt
2702 1442 2902 1516 utilia,
2928 1441 3097 1521 quod
3116 1459 3243 1502 non
3264 1442 3379 1502 ha-

1808 1532 1963 1593 bent
2002 1532 2121 1592 nisi
2168 1550 2363 1609 opera
2390 1535 2915 1612 supernaturalia,
2948 1536 3045 1597 vel
3078 1554 3379 1615 superna-

1809 1625 1993 1688 turali
2038 1625 2225 1686 modo
2259 1625 2447 1688 facta.
2504 1628 2595 1689 Ita
2621 1628 2753 1690 fere
2778 1629 3227 1709 interpretatur
3252 1629 3379 1689 Au-

1811 1721 2121 1799 gusfinus,
2152 1720 2192 1782 l.
2230 1723 2257 1782 1
2294 1721 2372 1782 de
2396 1722 2565 1785 Grat.
2592 1723 2835 1798 Christi,
2865 1743 2921 1785 c.
2950 1727 3027 1786 13
3052 1730 3114 1786 et
3138 1726 3237 1798 26,
3262 1724 3370 1785 lib.

1811 1813 1890 1874 de
1932 1813 2091 1873 Don.
2137 1830 2409 1892 persev„
2442 1833 2581 1894 cap.
2626 1819 2723 1889 13,
2754 1823 2817 1877 et
2844 1817 2954 1877 lib.
2986 1817 3064 1879 de
3104 1817 3275 1878 Grat.
3313 1819 3377 1876 et

1809 1906 1921 1967 lib.
1955 1907 2197 1982 arbitr„
2232 1925 2287 1968 c.
2326 1911 2423 1982 17,
2460 1909 2590 1970 etl.
2622 1911 2684 1983 4,
2722 1917 2887 1972 cont.
2932 1911 3193 1986 Julian„
3224 1927 3279 1972 c.
3312 1911 3371 1982 3,

1811 1998 1878 2058 in
1899 1999 2047 2060 fine.

1891 2097 1953 2155 4.
1994 2094 2319 2160 Auxilium
2341 2098 2447 2160 Ῐιοσ
2476 2113 2601 2159 osso
2620 2097 2982 2178 yratuitum.
3006 2131 3091 2144 —
3112 2097 3369 2171 Quarto,

1813 2188 2275 2250 observandum
2299 2196 2395 2251 est
2417 2208 2547 2250 non
2592 2189 2795 2251 solum
2818 2208 2959 2252 esse
2988 2190 3067 2252 de
3086 2190 3211 2253 fide
3240 2209 3377 2252 cer-

1810 2288 1967 2356 tum,
2012 2284 2295 2364 indigere
2342 2303 2461 2345 nos
2508 2284 2589 2346 ad
2628 2285 3129 2365 supernaturalia
3180 2303 3375 2365 opera

1809 2377 2039 2438 auxilio
2086 2379 2567 2457 supernaturali,
2604 2379 2718 2439 sed
2760 2379 2949 2439 etiam
2978 2379 3206 2440 auxilio
3231 2398 3375 2460 gra·-

1807 2471 1987 2544 tuito,
2018 2470 2081 2532 id
2111 2478 2226 2547 est,
2256 2471 2425 2552 quod
2444 2472 2523 2533 sit
2550 2472 2787 2534 donum
2817 2491 2854 2533 a
2878 2474 3011 2534 Deo
3039 2474 3233 2552 gratis
3260 2491 3371 2536 no-

1806 2565 1903 2625 bis
1931 2564 2257 2638 collatum3
2289 2567 2421 2626 haec
2442 2565 2608 2626 enim
2640 2565 2762 2626 duo
2792 2584 2921 2627 non
2943 2573 3089 2627 sunt
3117 2568 3377 2628 omnino

1807 2657 1977 2720 idem
1998 2677 2013 2731 3
2041 2677 2191 2719 nam
2209 2662 2281 2719 ut
2310 2659 2611 2720 auxilium
2634 2659 2713 2720 sit
2741 2659 3105 2738 gratuitum,
3123 2677 3251 2720 non
3269 2677 3373 2722 sa-

1809 2751 1888 2812 tis
1917 2758 2014 2812 est
2040 2752 2209 2831 quod
2238 2751 2316 2813 sit
2341 2752 2839 2832 supernaturale,
2888 2752 3003 2812 sed
3026 2757 3273 2831 oportet
3302 2755 3373 2812 ut

1810 2846 1999 2905 etiam
2018 2846 2211 2925 gratis
2226 2846 2430 2920 detur,
2454 2845 2700 2906 dicente
2717 2846 2909 2907 Paulo
2926 2847 3128 2924 (Rom.
3148 2847 3243 2925 4):
3280 2847 3375 2908 Es·

1806 2939 1914 3020 qui
1938 2943 2244 3021 operatur,
2269 2956 2492 3002 meroes
2520 2955 2637 2999 non
2675 2938 3018 3020 imputatur
3048 2940 3372 3002 secundam

1804 3033 2097 3113 ¹qratiam,
2116 3034 2223 3095 sed
2243 3033 2567 3095 secundam
2589 3031 2847 3096 debitum
2857 3057 2884 3104 ;
2903 3047 3045 3093 nam
3060 3029 3117 3092 si
3136 3033 3368 3113 qratia,

1793 3126 1937 3206 jam
1954 3144 2074 3187 noa
2097 3144 2169 3189 σω
2196 3126 2489 3207 operibus,
2514 3126 2739 3207 alioqui
2752 3126 2963 3206 ¹qratia
2976 3124 3117 3204 jam
3134 3143 3254 3185 non
3280 3128 3373 3187 ost

1805 3219 2035 3299 qratia.
2060 3220 2214 3279 Cum
2236 3236 2387 3299 ergo
2410 3218 2711 3280 auxilium
2731 3217 3205 3298 supernaturale
3230 3234 3375 3297 pos-

1809 3314 1888 3373 sit
1934 3312 2255 3373 interdnm
2304 3312 2439 3373 dari
2490 3330 2566 3371 ex
2594 3311 2817 3373 merito
2864 3328 2979 3371 seu
3024 3329 3102 3371 ex
3130 3310 3365 3383 debito,

1807 3425 1937 3467 non
1987 3412 2081 3466 est
2122 3405 2291 3465 idem
2337 3404 2637 3466 auxilium
2686 3404 3159 3483 supernaturale
3200 3403 3372 3483 quod

1808 3500 2187 3581 gratuitum3
2213 3498 2373 3560 sicut
2412 3510 2621 3578 neque
2662 3516 2697 3559 e
2733 3498 3045 3559 contrario
3072 3498 3370 3559 auxilium

1803 3593 2143 3674 gratuitum
2172 3592 2341 3653 idem
2361 3591 2425 3651 in
2452 3592 2661 3671 rigore
2690 3591 2976 3669 estquod
3003 3597 3371 3670 supernatu-

1802 3688 1957 3760 rale,
1984 3705 2135 3747 nam
2163 3690 2369 3765 potest
2404 3703 2543 3745 esse
2573 3684 2827 3763 aliquod
2854 3683 3155 3745 auxilium
3178 3684 3369 3763 gratis

1803 3782 2021 3843 datum
2050 3780 2127 3841 ad
2169 3779 2377 3857 aliqua
2414 3778 2723 3839 naturalia
2774 3797 2967 3857 opera
3014 3777 3363 3851 efficienda,

1804 3872 1977 3955 quod
2009 3873 2074 3933 in
2125 3890 2193 3933 se
2231 3872 2709 3951 supernaturale
2758 3888 2886 3943 non
2942 3870 3042 3944 sit,
3082 3870 3367 3949 quamvis

1802 3968 1929 4028 tale
1960 3966 2259 4028 auxilium
2282 3964 2417 4026 dari
2432 3983 2561 4026 non
2592 3965 2810 4037 soleat,
2840 3963 2960 4025 nisi
2988 3982 3132 4024 cum
3156 3964 3368 4042 aliquo

1805 4060 2023 4122 ordine
2078 4060 2159 4121 ad
2214 4060 2407 4120 finem
2436 4064 2497 4119 et
2528 4058 2873 4119 bonitatem
2922 4062 3371 4137 supernatura-

1800 4154 1951 4227 lem,
2010 4159 2075 4214 et
2118 4152 2236 4214 sub
2296 4170 2371 4213 ea
2424 4151 2665 4213 ratione
2718 4149 3197 4231 supernaturale
3242 4149 3365 4211 dici

1800 4247 2015 4327 possit.

1973 4436 2183 4498 Error
2206 4432 2834 4518 Smipezayianowm
2846 4432 3189 4515 seponitur.

1875 4620 1936 4679 5.
1989 4616 2115 4693 Quo
2149 4636 2332 4680 sensu
2356 4618 2437 4680 D.
2467 4614 2877 4699 Auqmtinm,
2902 4617 2931 4675 1
2970 4614 3277 4688 Βστναοι.,
3307 4634 3361 4678 a.

1795 4714 1896 4787 23,
1933 4715 2231 4775 retractat
2276 4712 2429 4775 hano
2469 4708 2933 4792 propositionem
2950 4755 2967 4783 ‚
3006 4726 3187 4789 quam
3218 4707 3369 4771 alibi

1797 4808 2111 4869 docuerat:
2139 4805 2389 4864 Initium
2422 4802 2575 4864 fidei
2602 4810 2696 4864 est
2725 4824 2803 4864 ex
2826 4803 3030 4864 nobis.
3050 4832 3133 4848 —-
3160 4804 3364 4881 Atque

1796 4900 1943 4959 hinc
1980 4897 2345 4977 intelligitur
2390 4896 2549 4957 alius
2598 4915 2795 4970 error,
2853 4897 2961 4975 qui
3016 4895 3363 4974 Semipela-

1793 4992 2129 5072 gianorum
2151 4996 2409 5052 vocatus
2428 4996 2543 5067 est,
2563 5007 2677 5051 seu
2696 4989 2971 5068 reliquiae
3001 4988 3365 5067 Pelagiano-

1793 5103 1957 5147 rum.
2010 5082 2338 5145 Confutato
2381 5083 2551 5144 enim
2593 5083 2866 5163 PelagiO,
2902 5081 3019 5144 orti
3075 5087 3221 5143 sunt
3256 5080 3360 5140 alii

1796 5178 1902 5257 qui
1927 5168 2241 5253 dixerunt,
2263 5181 2396 5237 esto
2412 5176 2491 5237 sit
2512 5194 2755 5249 verum,
2774 5175 2857 5236 ad
2872 5171 3359 5253 comparandam
3426 5244 3431 5249 q

1789 5271 2092 5351 justitiam
2112 5315 2129 5343 ,
2190 5269 2619 5331 necessarium
2675 5287 2813 5330 esse
2878 5264 3359 5346 supernaturale

1794 5364 2119 5438 auxilium,
2150 5380 2281 5422 non
2318 5368 2537 5423 tamen
2573 5362 2913 5441 gratuitum
2930 5375 2950 5437 ;
3006 5358 3155 5438 quia
3182 5360 3359 5436 puta-

1791 5456 1947 5517 bant
1972 5456 2287 5519 interdum
2305 5458 2563 5533 propter
2576 5472 2767 5532 opera
2790 5458 3002 5515 nostra
3028 5449 3187 5523 dari,
3211 5448 3361 5527 quia

1791 5549 2027 5628 alioqui
2058 5568 2189 5611 non
2218 5553 2382 5609 esset
2413 5548 2479 5607 in
2514 5550 2823 5627 potestate
2855 5542 3129 5605 hominis
3154 5538 3359 5602 salva·-
