3850 6225
594 342 763 431 SECT.
801 381 867 432 m
922 380 1135 433 [mum
1178 381 1343 433 TOTA
1379 380 1611 433 Gamla
1649 378 1766 429 PER
1804 376 2129 427 rssccxruu
2163 374 2385 427 AMlSSA
2420 372 2664 429 sra‘rm,
2701 370 2834 422 ETc.

118 480 401 543 servandi
430 480 561 543 tale
587 485 988 561 praeceptum,
1000 482 1177 561 juxta
1206 482 1387 543 illud:
1426 482 1508 543 In
1533 498 1675 561 qua-

112 592 346 655 cumque
368 573 464 635 die
488 575 806 638 comederis
827 593 999 648 exeo,
1026 582 1216 639 morte
1227 577 1525 639 morieris.
1550 576 1675 635 Nos

112 685 249 727 vero
294 673 441 745 post
480 668 917 745 poenitentiam
965 668 1043 729 de
1094 668 1365 749 peccatis
1424 674 1627 729 actam
1654 712 1669 739 ,

116 760 187 821 ad
221 778 547 821 summum
574 762 845 840 experiri
889 780 1223 842 possumus
1266 780 1519 842 pravam
1560 761 1673 821 ali-

116 872 295 933 quam
342 853 817 915 inclinationem
866 873 942 916 ex
970 855 1373 933 dispositione
1400 856 1501 917 vel
1524 874 1674 915 con-

118 946 439 1022 suetudisie
496 948 735 1025 peccati
780 948 1060 1008 relictam
1090 968 1106 1021 ;
1140 948 1417 1029 ipsorum
1460 953 1673 1008 autem

118 1040 435 1099 habituum
492 1039 843 1102 infusorum
890 1041 1179 1120 gradum,
1222 1042 1323 1103 vel
1381 1040 1675 1101 intensio-

119 1150 250 1193 nem
278 1150 407 1191 non
442 1133 830 1211 experimur,
866 1133 1013 1211 quia
1058 1134 1121 1195 hi
1176 1133 1427 1195 habitus
1468 1133 1675 1213 potius

120 1226 255 1285 daut
295 1223 667 1285 facultatem
704 1244 899 1304 quam
943 1226 1299 1287 facilitatem
1362 1226 1670 1304 ³perandi.

119 1316 303 1388 Unde,
355 1316 405 1375 si
446 1316 700 1394 aliquis,
750 1319 905 1379 alias
957 1313 1300 1393 studiosae,
1356 1338 1503 1380 casu
1564 1320 1675 1379 ali-

124 1410 357 1489 quando
415 1409 671 1471 labatur
731 1419 793 1473 et
850 1412 971 1473 eito
1023 1418 1337 1491 resurgat,
1387 1412 1677 1473 eamdem

124 1510 327 1582 postca
374 1503 746 1566 facilitatem
798 1506 986 1567 sentit
1033 1524 1223 1585 quam
1276 1512 1484 1581 antea,
1529 1506 1676 1585 quia

124 1596 337 1656 nullam
386 1614 653 1675 pravam
698 1598 1167 1677 dispositionem
1200 1605 1676 1678 permanentem

126 1688 453 1767 acquisivit.
519 1690 571 1763 E
612 1691 927 1753 contrario
974 1710 1147 1765 vcro,
1187 1692 1237 1752 si
1282 1691 1553 1769 peccatis
1583 1709 1677 1751 as-

130 1782 311 1856 suefit,
372 1783 665 1861 quamvis
714 1790 935 1863 postea
984 1784 1299 1845 ferventer
1337 1789 1671 1859 resurgat,

128 1876 533 1936 difficultatem
564 1877 755 1937 sentit
782 1877 843 1937 in
888 1876 1253 1957 operatione
1282 1878 1547 1939 virtutiS.
1586 1878 1677 1936 Ex

130 1968 487 2047 experientia
518 1986 673 2049 ergo
701 1969 943 2031 nullum
976 1977 1426 2050 argumentum
1459 1970 1527 2030 in
1558 1971 1674 2031 hac

128 2062 365 2121 materia
393 2062 559 2121 sumi
594 2067 815 2141 potest.

195 2155 287 2215 6⁹2.
331 2154 429 2215 Ad
450 2155 726 2218 tertium.
758 2188 841 2203 -
866 2156 961 2218 Ad
999 2155 1252 2217 tertium
1296 2154 1522 2217 dicitur
1554 2156 1675 2236 pri-

132 2266 219 2306 mo
245 2248 586 2308 humanam
604 2249 1031 2327 conjecturam
1052 2249 1134 2309 ad
1154 2268 1287 2310 rem
1306 2254 1677 2329 praesentem

130 2338 265 2399 nihil
292 2339 521 2411 facere,
556 2342 707 2419 quia
732 2342 919 2402 homo
952 2360 1083 2402 non
1112 2342 1391 2402 intuetur
1438 2359 1545 2402 cor
1595 2341 1678 2401 si-

134 2440 219 2493 cut
236 2434 418 2506 Deua,
434 2428 573 2495 'nec
610 2433 933 2495 veritatem
956 2433 1217 2495 internae
1250 2432 1673 2495 conversionis

136 2526 201 2587 ita
227 2526 575 2607 perpendit,
612 2545 821 2607 neque
860 2546 1005 2589 cum
1030 2528 1255 2589 eadem
1283 2528 1575 2607 aequitatc
1612 2533 1674 2587 et

130 2619 337 2697 justitia
367 2626 688 2699 operatur.

205 2712 475 2773 Secundo
520 2712 773 2785 dicitur,
820 2713 1013 2773 etiam
1052 2713 1217 2775 inter
1256 2712 1568 2789 homines,
1618 2714 1670 2774 si

140 2806 337 2884 injuria
380 2822 527 2867 vere
574 2824 647 2867 ac
698 2807 973 2887 perfecte
1024 2808 1407 2883 remittatur,
1462 2808 1671 2869 statim

138 2902 347 2961 restitui
395 2903 652 2981 propria
709 2904 855 2981 jura
906 2907 971 2964 et
1014 2902 1347 2965 commoda
1379 2898 1667 2982 justitiae,

140 2994 348 3053 etiamsi
379 2995 450 3067 is,
483 2994 596 3073 qui
621 2994 915 3073 injuriam
939 2996 1167 3070 intulit,
1200 3014 1327 3057 non
1354 2997 1562 3057 statim
1590 2996 1671 3057 ad

139 3086 591 3150 familiaritatem
632 3088 733 3150 vel
781 3088 1062 3150 favorem
1091 3088 1419 3168 antiquum
1449 3088 1674 3152 admit-

142 3187 303 3240 tatur.
837 3221 845 3229 -

204 3274 291 3334 63.
334 3273 761 3354 Adquartum.
808 3309 889 3323 -
931 3275 1024 3337 Ad
1051 3282 1367 3354 quartum,
1395 3282 1671 3336 transeat

143 3367 401 3442 sequela3
432 3368 682 3428 nullum
712 3369 879 3428 enim
916 3368 981 3428 in
1023 3369 1228 3448 rigore
1258 3375 1352 3429 est
1382 3369 1671 3430 inconve-

140 3461 292 3520 niens
318 3461 479 3539 quod
504 3462 814 3536 infertur;
848 3481 996 3524 uam
1024 3469 1351 3542 peccatum
1369 3463 1671 3542 quamdiu

144 3559 237 3626 est,
266 3554 508 3634 impedit
538 3562 952 3635 augmentum
980 3555 1229 3635 gratiae3
1272 3562 1481 3616 tamen
1506 3561 1673 3635 post-

143 3663 301 3723 quam
350 3649 633 3708 aufertur
658 3694 673 3721 ,
723 3649 877 3709 nihil
936 3648 1142 3709 obstat
1181 3648 1517 3727 quominus
1558 3667 1672 3709 au·-

145 3746 426 3816 gmentum
466 3742 687 3820 gratioe
720 3743 799 3802 sit
828 3743 1105 3820 aequale:
1147 3741 1310 3803 unde
1342 3741 1505 3802 inter
1532 3741 1669 3801 illos

144 3831 273 3890 duos
324 3833 609 3894 homines
664 3835 782 3895 erit
832 3834 1219 3907 differentia,
1279 3833 1449 3913 quod
1480 3834 1535 3894 is
1561 3834 1666 3913 qui

64 3953 67 3960 ·
145 3926 407 4002 peccavit,
423 3946 541 4006 pro
571 3927 677 3989 illo
706 3933 987 4007 tempore
1012 3927 1129 3988 fuit
1154 3928 1217 3988 in
1246 3927 1445 4006 pejori
1473 3933 1662 3999 statu,

147 4020 329 4095 estque
353 4019 573 4098 dignus
602 4038 823 4100 poena,
856 4020 1026 4100 quod
1053 4039 1181 4081 non
1209 4019 1429 4102 habuit
1452 4020 1610 4082 alius
1646 4040 1660 4093 ;

149 4109 271 4170 item
325 4115 425 4190 qui
473 4134 603 4176 non
660 4116 983 4194 peccavit,
1033 4115 1263 4176 meruit
1304 4115 1383 4176 de
1425 4115 1665 4194 justitia

148 4213 511 4283 augmentum
538 4209 785 4288 gratian
830 4209 989 4269 alius
1016 4227 1165 4268 vero
1204 4208 1407 4269 solum
1449 4227 1526 4268 ex
1553 4209 1665 4268 mi-

149 4299 443 4361 sericordia
474 4301 936 4380 reparationem
971 4301 1255 4363 obtinuit.
1294 4301 1451 4361 Hinc
1476 4301 1661 4362 etiam

146 4391 437 4454 verisimile
465 4399 559 4456 est
584 4395 865 4474 eum,qui
893 4411 1143 4474 semper
1166 4393 1231 4454 in
1256 4393 1495 4474 justitia
1524 4413 1663 4473 per-

150 4486 434 4561 severavit,
468 4496 529 4550 et
558 4489 869 4568 aequalem
898 4488 1281 4549 contritionis
1316 4494 1523 4548 actum
1560 4488 1665 4549 eli-

3198 368 3318 429 513

1756 477 1930 549 cuit,
1973 476 2114 557 plus
2168 476 2382 556 gratiae
2430 474 2848 553 promeruisse
2876 518 2892 547 ,
2935 490 3124 551 quam
3159 474 3318 535 alius

1756 570 2093 631 obtinuerit
2121 588 2234 649 per
2258 568 2524 629 similem
2553 566 2983 627 contritionem
3013 573 3155 645 post
3179 586 3320 646 pee-

1755 670 1986 723 catum.
2017 662 2196 733 Quod
2222 661 2272 721 si
2303 662 2422 721 hoc
2451 676 2668 721 verum
2695 661 2811 731 est,
2845 660 3034 719 etiam
3067 678 3320 739 respon-

1755 755 1889 815 deri
1918 760 2122 832 potest
2146 754 2436 833 negando
2467 742 2788 830 sequelam
2814 771 2828 823 ;
2863 752 3007 831 quia
3035 751 3169 824 illc,
3214 752 3319 830 qui

1754 866 2006 927 semper
2028 848 2541 927 perseveraverit,
2571 845 2807 925 aliquid
2831 845 3085 924 majoris
3108 845 3320 923 gratita

1757 948 2134 1003 consecutus
2171 948 2286 1003 est.

1836 1036 1936 1095 64.
1983 1032 2086 1097 Ad
2117 1035 2416 1115 quintum.
2456 1066 2538 1079 —
2583 1033 2678 1095 Ad
2718 1033 3004 1113 quintum
3039 1050 3228 1113 supra
3258 1034 3321 1094 in

1760 1127 1946 1191 simili
1989 1146 2364 1207 responsum
2393 1134 2506 1201 est,
2551 1134 2612 1189 et
2643 1128 3003 1207 simpliciter
3031 1126 3321 1207 neganda

1760 1228 1853 1282 est
1883 1220 2162 1300 sequela,
2198 1222 2345 1299 quia
2377 1226 2702 1300 peccatum
2735 1218 3006 1299 eligibile
3045 1236 3173 1278 non
3203 1225 3320 1295 est,

1760 1333 1876 1375 nec
1904 1332 2018 1393 per
2047 1332 2115 1373 ae
2146 1313 2386 1375 confert
2432 1313 2514 1373 ad
2547 1312 2699 1372 illud
2743 1318 3154 1391 augmentum
3189 1330 3326 1391 gra-

1757 1408 1857 1468 tim
1883 1427 1899 1480 3
1944 1408 2070 1466 imo
2099 1412 2404 1484 quantum
2442 1410 2534 1465 est
2563 1424 2638 1465 ex
2669 1423 2734 1464 se
2767 1404 3027 1483 impedit
3053 1404 3226 1478 illud,
3263 1410 3326 1465 et

1760 1518 1944 1559 omne
1988 1501 2279 1559 meritum
2334 1517 2445 1579 pro
2489 1516 2562 1559 eo
2608 1505 2888 1577 tempore
2932 1516 3056 1575 quo
3106 1498 3316 1571 durat,

1758 1592 1930 1671 quod
1964 1597 2057 1653 est
2083 1592 2384 1655 damnum
2411 1590 2839 1669 irreparabile,
2881 1596 2951 1651 ut
2980 1598 3146 1651 recte
3176 1590 3326 1652 dicit

1760 1688 1942 1765 Hugo
1991 1686 2068 1747 de
2111 1687 2318 1749 Sanct.
2369 1686 2655 1757 Victore,
2703 1683 2865 1744 libro
2915 1684 3190 1745 secundo
3245 1684 3324 1745 de

1757 1779 2202 1851 SacramentiS,
2232 1786 2389 1859 part.
2429 1780 2528 1853 14,
2557 1778 2757 1857 capite
2789 1784 3032 1854 quarto.
3078 1779 3152 1837 Et
3183 1778 3322 1838 ideo

1756 1872 2118 1951 copulatum
2145 1871 2320 1943 illud,
2367 1872 2620 1943 scilicet,
2654 1888 2916 1949 peccare
2946 1876 3006 1931 et
3035 1888 3327 1950 resurge-

1754 1985 1847 2039 re,
1883 1985 1959 2026 ex
1983 1965 2088 2026 illa
2118 1971 2294 2045 parte
2323 1964 2594 2043 eligibile
2637 1982 2764 2023 non
2798 1968 2911 2023 est.
2957 1967 3147 2025 Actus
3175 1982 3326 2025 vero

1758 2060 2143 2121 contritionis
2165 2076 2279 2138 per
2294 2077 2360 2119 se
2379 2057 2665 2136 eligibilis
2681 2058 2795 2127 est,
2813 2060 2876 2116 et
2894 2056 3035 2117 ideo
3057 2074 3134 2117 ex
3151 2063 3325 2135 parte

1753 2152 1919 2212 illius
1949 2152 2171 2213 melius
2202 2158 2262 2213 et
2293 2150 2624 2231 eligibilius
2657 2156 2750 2210 est
2778 2150 2952 2210 illum
2983 2157 3190 2211 actum
3218 2150 3326 2210 bo-

1756 2264 1907 2305 num
1930 2246 2030 2306 vel
2059 2246 2254 2306 alium
2283 2244 2762 2324 aequivalentem
2785 2262 3106 2318 exercerc,
3133 2260 3322 2323 quam

1756 2339 1911 2399 nihil
1939 2358 2152 2419 agere.

1834 2434 1936 2494 65.
1981 2434 2082 2495 Aa
2105 2437 2364 2495 reustum.
2402 2464 2484 2477 —
2516 2431 2611 2492 Ad
2645 2436 2890 2492 sextum
2919 2430 3194 2493 concedo
3225 2446 3326 2491 se-

1754 2526 2004 2605 quelam
2031 2542 2052 2603 3
2083 2527 2230 2598 imo,
2275 2543 2418 2585 cum
2447 2524 2656 2585 nullus
2684 2523 2980 2594 salvetur,
3015 2524 3130 2584 nisi
3162 2523 3326 2583 elec-

1753 2625 1853 2679 tus
1889 2624 1953 2679 ct
1995 2618 2499 2698 praedestinatUS,
2544 2625 2605 2678 et
2648 2618 3106 2697 praedestinatio
3138 2617 3215 2678 sit
3243 2616 3324 2676 ad

1753 2720 1988 2776 certum
2035 2714 2300 2793 gradum
2345 2714 2555 2793 gratiae
2601 2719 2662 2773 et
2710 2713 2943 2793 gloriae,
2993 2710 3322 2772 verisimile

1753 2814 1871 2884 est,
1916 2826 2060 2867 cum
2091 2808 2359 2887 primum
2401 2806 2874 2885 praedestinatus
2921 2804 3204 2884 pervenit
3229 2802 3324 2863 ad

1752 2901 1929 2960 illum
1957 2900 2224 2979 gradum
2249 2899 2488 2979 gratiae,
2535 2899 2616 2959 ad
2647 2916 2836 2976 quem
2867 2897 3324 2977 praeordinatus

1754 3000 1869 3067 est,
1904 2993 2113 3054 statim
2142 2992 2300 3071 rapi,
2333 3010 2411 3053 ne
2451 2991 2686 3053 malitia
2709 2995 2909 3052 mutet
2938 2990 3324 3051 intellectum

1755 3088 1913 3168 ejus.
1959 3086 2138 3151 Unde
2177 3104 2210 3148 e
2260 3102 2586 3160 converso,
2631 3087 2680 3146 si
2729 3084 2952 3165 aliquis
2995 3089 3134 3165 post
3173 3082 3323 3143 insi-

1754 3199 1944 3261 gnem
2001 3179 2308 3259 justitiam
2349 3198 2480 3240 non
2529 3179 2907 3258 permittitur
2961 3177 3157 3251 mori,
3208 3175 3321 3236 sed

1754 3274 1961 3353 potius
1989 3291 2272 3352 peccare,
2317 3272 2400 3334 ita
2439 3278 2653 3334 tamen
2681 3279 2750 3333 ut
2777 3277 2995 3351 postea
3031 3275 3322 3350 resurgat

1752 3375 1815 3428 et
1860 3366 2117 3428 taudem
2156 3367 2450 3440 salvetur,
2495 3365 2640 3426 ideo
2685 3372 2802 3440 est,
2845 3363 2992 3443 quia
3035 3363 3320 3424 nondum

1750 3463 2126 3540 pervenerat
2163 3459 2244 3520 ad
2287 3459 2553 3540 gradum
2595 3458 2810 3536 gratiae
2853 3464 2912 3518 et
2957 3457 3190 3536 gloz-im,
3237 3455 3318 3516 ad

1752 3571 1942 3633 quem
1975 3559 2110 3614 erat
2137 3551 2630 3632 praeordinatus3
2673 3569 2864 3630 quem
2889 3550 3146 3611 tandem
3169 3567 3318 3610 con-

1752 3647 2036 3727 sequitur
2087 3665 2200 3725 per
2261 3645 2542 3706 ultimam
2603 3645 3064 3724 poenitentiam,
3121 3649 3316 3704 totam

1752 3743 1942 3803 etiam
1971 3740 2242 3820 priorem
2264 3739 2570 3818 justitiam
2599 3738 3050 3816 recuperanda
3087 3737 3314 3815 Propo-

1749 3835 1887 3894 sitio
1921 3851 2076 3912 ergo
2105 3831 2232 3903 illa,
2272 3850 2410 3910 quoe
2444 3831 2740 3892 damnata
2779 3831 3002 3892 dicitur
3041 3829 3309 3902 ParisiiS,

1748 3927 1797 3988 si
1846 3925 1923 3986 de
1979 3925 2126 3985 solis
2169 3924 2625 4003 praedestinatis
2671 3924 3140 4003 intelligeretur,
3185 3939 3314 3982 non

1750 4025 1913 4080 esset
1942 4018 2130 4097 digna
2159 4035 2448 4088 censura,
2480 4017 2591 4077 sed
2621 4017 2876 4078 omnino
2907 4034 3054 4076 vcra
3071 4031 3092 4092 3
3124 4015 3176 4074 si
3203 4033 3312 4074 an-

1747 4120 1875 4174 tem
1907 4112 2190 4173 absolute
2219 4111 2298 4172 de
2329 4110 2620 4178 omnibus
2649 4109 3004 4170 hominibus
3031 4107 3312 4186 profera-

1745 4212 1869 4281 tur,
1919 4205 2143 4266 merito
2189 4204 2522 4265 damnatur
2577 4203 2814 4264 ratione
2872 4201 3305 4282 reproborum,

1745 4299 1823 4361 de
1874 4299 2102 4378 quibus
2141 4304 2378 4360 certum
2424 4304 2519 4358 est
2557 4315 2720 4375 saepe
2771 4297 2961 4356 fuisse
2999 4294 3202 4373 justos
3239 4295 3306 4353 in

1745 4396 1863 4454 hac
1895 4394 2042 4465 vita,
2081 4398 2144 4453 et
2173 4391 2427 4453 tandem
2454 4389 2878 4451 condemnari.
2930 4391 3130 4466 Atque
3169 4387 3305 4446 haec

1746 4485 2056 4548 sufficiant
2079 4485 2158 4547 de
2185 4485 2472 4566 proesenti
2505 4483 2883 4545 Relectione.

1347 4928 1502 4978 nnus
1540 4925 1809 4970 croscum
1850 4924 2072 4976 QUINTI.

435 5623 511 5673 n.

2913 5611 2996 5668 ⁴33
