3850 6225
498 362 619 425 286

499 470 753 543 locutio,
782 488 923 549 quae
952 472 1322 535 submissius
1344 474 1414 536 fit
1434 476 1514 537 ad
1546 477 1863 538 hominem
1894 478 2059 539 bene

500 564 884 637 audientem,
926 584 1115 645 quam
1154 568 1261 629 illa
1294 587 1435 647 quae
1482 571 1551 632 fit
1588 572 1773 633 altius
1816 572 1899 632 ad
1929 592 2060 633 sur-

498 657 670 719 dum.
702 659 1073 737 Respondeo
1102 678 1169 721 re
1206 679 1352 723 vera
1384 664 1449 724 in
1476 682 1541 725 se
1584 682 1709 725 non
1760 684 1898 726 esse
1929 684 2060 727 ma-

490 752 721 831 jorem,
774 758 1081 831 quantum
1132 760 1226 815 est
1268 773 1345 815 ex
1376 764 1551 835 parte
1603 757 1955 837 loquentiS,
1999 765 2061 820 et

498 848 683 922 prout
710 845 1023 907 antecedit
1052 866 1235 907 suum
1267 848 1591 921 effectum;
1630 857 1938 930 quantum
1979 852 2062 912 ad

496 938 675 999 illum
712 956 865 1001 vero
896 940 1015 1001 dici
1044 947 1249 1019 potest.
1276 944 1495 1021 major,
1534 962 1661 1004 non
1702 951 1831 1014 tam
1862 951 1931 1005 ut
1967 945 2068 1005 lo-

498 1032 686 1104 cutio,
730 1050 919 1111 quam
948 1039 1017 1094 ut
1059 1040 1153 1094 est
1198 1034 1469 1107 auditio;
1506 1054 1642 1109 seu,
1674 1056 1803 1097 non
1840 1044 1970 1098 tam
2000 1038 2065 1097 in

499 1144 638 1187 esse
682 1142 875 1204 quam
920 1128 987 1187 in
1016 1129 1259 1189 actione
1298 1129 1651 1205 locutioniS,
1704 1132 1875 1210 quia,
1922 1132 2064 1193 licet

500 1238 627 1279 nou
666 1219 742 1280 sit
784 1221 1008 1298 major,
1056 1221 1194 1299 plus
1243 1222 1371 1302 agit
1424 1232 1681 1302 propter
1708 1226 1875 1303 passi
1936 1244 2062 1285 non

498 1312 915 1373 resistentiam
942 1332 958 1385 ;
990 1313 1159 1374 idem
1190 1332 1339 1394 ergo
1393 1322 1487 1375 est
1522 1316 1589 1375 in
1632 1317 1949 1394 praesenti,
1991 1336 2064 1377 ac

497 1411 829 1485 propterea
854 1406 1006 1468 illud
1040 1408 1337 1468 auxilium
1368 1428 1496 1469 non
1526 1415 1619 1471 est
1644 1410 1849 1489 majus
1873 1410 1940 1471 in
1969 1428 2059 1484 se,

500 1499 645 1577 quia
680 1498 923 1560 nullum
958 1502 1265 1580 majorem
1300 1502 1591 1563 effectum
1627 1502 1841 1582 gratiae
1886 1504 1951 1563 in
1995 1522 2062 1565 se

498 1593 945 1672 continettquo
976 1594 1165 1655 homo
1204 1596 1640 1673 praeveniatur,
1672 1596 1958 1673 quamvis
1987 1614 2064 1657 ex

498 1686 884 1765 praescientia
908 1687 1017 1747 Dei
1046 1687 1109 1746 in
1130 1686 1237 1749 tali
1270 1687 1551 1765 subjecto
1586 1688 1726 1765 plus
1755 1688 1835 1749 sit
1877 1688 2066 1750 effec-

498 1784 731 1851 turum,
762 1780 839 1841 de
874 1798 999 1860 quo
1026 1780 1205 1859 plura
1236 1781 1300 1841 in
1330 1781 1511 1841 tertio
1546 1786 1801 1858 puncto·

576 1877 636 1937 8.
684 1872 829 1937 Non
850 1875 981 1936 idco
1006 1872 1278 1955 sequitur
1304 1876 1573 1956 qratiam
1594 1874 1887 1952 majorem
1913 1890 2062 1947 esse,

498 1966 642 2047 quia
666 1966 827 2029 tollit
850 1966 1295 2048 impedimenta.
1314 2000 1397 2013 —
1418 1968 1715 2045 Superest
1740 1966 2066 2047 probanda

498 2060 695 2121 altera
742 2080 925 2140 parS,
972 2059 1283 2133 videlicet,
1324 2061 1609 2138 quamvis
1658 2079 1773 2139 per
1802 2061 2066 2140 gratiam

498 2152 891 2227 auferantur,
928 2160 995 2215 ut
1036 2172 1255 2214 revera
1310 2153 1678 2215 auter-untur
1718 2152 1853 2214 fere
1909 2170 2070 2213 sem·

500 2266 615 2329 per
652 2248 1098 2327 impedimenta
1138 2265 1505 2321 consensuS,
1548 2266 1677 2308 non
1704 2245 1851 2308 inde
1886 2245 2069 2325 sequi

499 2342 563 2401 in
590 2343 710 2403 hoc
740 2342 965 2403 effectu
996 2360 1133 2403 esse
1164 2359 1415 2420 semper
1446 2341 1932 2421 inoequalitatem
1975 2341 2067 2401 iu-

500 2440 597 2497 ter
637 2436 1029 2497 vocationem
1092 2436 1407 2496 efficacem
1429 2483 1445 2510 ,
1506 2440 1569 2495 et
1620 2440 1861 2495 tantum
1898 2434 2072 2495 suffi-

502 2529 807 2601 cientem;
843 2546 991 2589 nam
1033 2528 1139 2589 illa
1176 2528 1625 2609 impedimenta
1657 2528 1893 2589 debent
1926 2546 2067 2589 esse

500 2622 933 2684 antecedentia
965 2642 1149 2684 usum
1173 2624 1465 2696 liberum,
1488 2641 1617 2684 non
1646 2621 2070 2683 concomitan-

500 2718 609 2793 tia,
646 2718 745 2778 vel
788 2718 1258 2796 subsequentia,
1294 2718 1356 2778 id
1386 2720 1501 2788 est,
1532 2716 1956 2797 dependentia
1989 2716 2070 2776 ab

500 2811 635 2890 ipso
664 2811 861 2872 libero
892 2830 1199 2873 consensu
1220 2810 1588 2883 voluntatis;
1614 2828 1763 2870 nam
1782 2809 1919 2870 haec
1945 2827 2068 2869 non

500 2905 871 2966 auferuntur
910 2924 1025 2985 per
1054 2906 1253 2965 solam
1288 2904 1551 2983 gratiam
1580 2903 2070 2982 praevenientem

501 3000 635 3061 sine
668 2999 1131 3079 cooperatione,
1161 3000 1305 3079 quia
1330 3000 1463 3078 jam
1488 2997 1815 3060 intercedit
1840 2998 2068 3077 aliquis

502 3098 677 3155 actus
714 3092 895 3168 liber,
954 3098 1023 3154 ut
1064 3110 1206 3154 cum
1252 3092 1443 3154 homo
1478 3092 1829 3154 voluntarie
1860 3089 2068 3152 aufert

500 3187 897 3250 occasionem
926 3187 1250 3267 peccandi.
1276 3189 1353 3248 At
1388 3205 1533 3248 vere
1564 3185 1839 3247 sistendo
1876 3187 1939 3247 in
1971 3203 2068 3245 so-

500 3281 575 3342 lis
648 3280 1107 3360 impedimentis
1163 3279 1677 3341 antecedentibus
1710 3327 1727 3354 ,
1780 3278 2066 3358 quamvis

470 3375 637 3434 'htec
664 3373 1031 3434 auferantur
1056 3372 1293 3457 homini
1335 3391 1451 3452 per
1476 3374 1741 3453 gratiam
1792 3373 2068 3434 vocatio-

498 3468 622 3540 niS,
646 3466 1052 3528 nihilominus
1076 3469 1283 3546 potest
1310 3467 1499 3528 homo
1528 3485 1645 3546 pro
1670 3485 1787 3527 suo
1810 3465 2066 3527 arbitrio

500 3562 793 3623 resistere
838 3559 1171 3634 vocationi,
1217 3561 1393 3639 juxta
1431 3559 1777 3622 doctrinam
1814 3559 2066 3621 Concilii

498 3653 845 3716 Tridentini
886 3654 1177 3733 superius
1218 3653 1343 3714 late
1384 3657 1734 3714 tractatam.
1791 3655 1865 3716 Et
1906 3652 2065 3714 ratio

500 3753 593 3808 est
641 3747 747 3808 illa
803 3746 1136 3828 generalis,
1186 3747 1370 3826 quia,
1426 3747 1571 3808 lieet
1616 3749 1783 3808 Deus
1822 3747 2066 3808 auferat

500 3842 797 3923 praedicta
838 3840 1287 3920 impedimenta
1328 3840 1554 3915 omnia,
1596 3859 1737 3920 quoe
1775 3846 2064 3919 respectu

500 3937 694 4016 ipsius
750 3935 987 3997 arbitrii
1028 3939 1289 4014 possunt
1334 3932 1453 3994 dici
1502 3935 1881 4006 extrinseca,
1933 3952 2062 3994 non

498 4035 713 4091 tamen
744 4027 945 4088 aufert
974 4027 1377 4088 intrinsecam
1407 4024 1914 4100 indifferentiam,
1947 4045 2060 4088 seu

499 4121 966 4186 mutabilitatem
991 4119 1326 4184 voluntatis
1372 4137 1493 4200 qua
1524 4124 1725 4202 potest
1768 4121 1948 4192 nolle,
1991 4127 2063 4183 ut

498 4217 775 4297 loquitur
797 4217 1085 4294 Prosper,
1122 4214 1284 4275 libro
1333 4215 1374 4275 2
1424 4215 1503 4276 de
1541 4215 1877 4277 vocatione
1912 4235 2062 4297 gen-

498 4313 679 4387 tium,
714 4311 917 4390 capite
950 4312 1013 4384 9,
1055 4309 1209 4369 alias
1244 4309 1346 4370 28.
1398 4307 1861 4370 Constituamus
1910 4329 2062 4389 ergo

499 4405 659 4466 duos
687 4404 978 4465 homines
1016 4401 1360 4482 inaequales
1384 4401 1449 4460 in
1478 4401 1751 4481 ingeniO,
1798 4421 1909 4463 seu
1953 4421 2070 4464 na-

500 4499 687 4560 turali
746 4497 1213 4577 complexione,
1284 4495 1513 4573 quibus
1564 4497 1733 4557 Deus
1786 4497 2068 4558 conferat

502 4591 779 4671 aequales
820 4587 1257 4669 inspirationes
1292 4595 1356 4649 et
1382 4587 1693 4667 aequalem
1734 4589 2067 4668 providen-

498 4685 649 4746 tiam
698 4683 935 4763 gratioe,
970 4687 1277 4761 quantum
1318 4679 1399 4741 ad
1444 4681 1787 4742 auferenda
1840 4689 2068 4744 eaetera

498 4777 971 4856 impedimenta,
1004 4773 1407 4834 nihilominus
1434 4773 1497 4833 in
1528 4779 1791 4853 utroque
1834 4781 1929 4836 est
1955 4795 2068 4855 po·

498 4875 693 4932 testas
736 4869 819 4930 ad
866 4867 1323 4942 resistendum;
1356 4865 1687 4947 ergofieri
1726 4869 1912 4930 etiam
1953 4887 2068 4948 po—

500 4969 625 5025 test
654 4968 721 5023 ut
768 4981 934 5022 unus
980 4961 1248 5032 resistat,
1305 4966 1367 5021 et
1408 4978 1537 5021 non
1586 4960 1765 5035 alius,
1800 4969 1861 5022 et
1900 4961 2070 5041 quod

500 5057 689 5129 Deus,
713 5073 826 5134 per
853 5053 1343 5115 conditionatam
1374 5052 1719 5125 scientiam,
1743 5055 2072 5132 praescive-

496 5150 579 5211 rit
614 5149 700 5208 ita
730 5163 869 5209 esse
902 5147 1213 5216 futurum;
1256 5161 1409 5222 ergo
1456 5149 1606 5206 tunc
1654 5163 1780 5205 una
1824 5147 2069 5209 vocatio

504 5247 599 5302 est
630 5241 876 5310 efficax,
906 5244 970 5301 et
1002 5256 1129 5298 non
1158 5238 1304 5309 alia,
1344 5237 1477 5314 sine
1506 5236 1613 5297 illa
1644 5238 2067 5317 inaequalitate

498 5354 577 5396 ex
608 5337 783 5415 parte
812 5333 1145 5396 effectuum
1166 5331 1415 5410 gratiam
1437 5348 1587 5409 ergo
1616 5329 1759 5391 talis
1786 5331 2068 5411 inaequa-

498 5431 639 5490 litas
676 5423 805 5489 non
852 5432 947 5488 est
986 5443 1099 5506 per
1141 5443 1209 5486 se
1238 5422 1629 5496 necessaria,
1677 5441 1821 5484 eum
1862 5425 1927 5484 in
1961 5425 2065 5488 illo

501 5540 651 5584 casu
672 5521 829 5582 nihil
850 5520 1237 5599 propositum
1275 5517 1354 5578 sit
1380 5515 1553 5594 quod
1576 5517 2064 5595 repugnantiam

1328 370 1539 427 OPUSC.
1574 372 1614 437 1,
1650 373 1767 427 Lm.
1804 374 1888 428 111.
1924 375 2006 427 m:
2037 375 2310 431 Auxltns
2343 380 2573 433 nivmAE
2603 380 2866 437 GRATIAE.

2143 480 2434 544 involvat.
2471 485 2628 557 Quin
2657 488 2862 565 potius
2889 487 3150 549 ulterius
3177 488 3458 567 sequitur
3491 490 3548 548 in
3571 490 3667 553 illis

2142 574 2392 638 duobus
2433 578 2570 641 fieri
2606 599 2813 660 posse,
2863 589 2934 643 ut
2963 582 3066 643 ille
3109 583 3214 661 qui
3253 584 3463 643 minus
3490 592 3670 663 aptam

2141 668 2334 731 habet
2360 676 2600 734 naturae
2638 674 3082 745 conditionem,
3115 694 3246 736 non
3282 676 3526 737 resistat
3559 698 3669 757 gra-

2144 762 2243 822 tiae
2305 766 2585 839 vocanti,
2642 768 2784 845 quia
2838 767 2942 827 illa
2991 768 3322 829 difficultas
3375 787 3498 828 non
3543 772 3670 833 tollit

2142 856 2535 930 libertatem;
2569 860 2727 921 alter
2749 878 2921 933 vere,
2955 860 3098 921 licet
3121 861 3470 940 expeditior
3497 862 3670 924 videa-

2145 954 2269 1016 tur,
2294 970 2410 1029 pro
2437 971 2549 1013 sua
2573 952 2858 1015 libertate
2883 954 3148 1015 resistat.
3175 954 3284 1014 Vel
3313 972 3348 1013 e
3381 972 3666 1031 converse,

2149 1045 2434 1123 quamvis
2461 1046 2566 1107 ille
2597 1048 2703 1125 qui
2727 1045 3132 1108 difficiliorem
3164 1047 3356 1107 habet
3391 1055 3665 1123 naturam,

2145 1138 2450 1199 intensius
2485 1138 2699 1201 lumen
2737 1147 2846 1200 aut
2873 1141 3400 1201 delectabiliorem
3451 1141 3671 1219 inspira-

2145 1231 2381 1293 tionem
2421 1234 2704 1312 accipiat,
2739 1240 2808 1295 ut
2823 1252 2978 1295 ·suae
3010 1238 3248 1295 naturae
3277 1233 3670 1295 difficultatem

2147 1325 2341 1403 possit
2365 1326 2638 1401 vincere,
2665 1326 3070 1389 nihilominus
3097 1332 3306 1405 potest
3331 1326 3400 1385 in
3429 1344 3502 1386 eo
3527 1345 3672 1387 voca-

2147 1417 2230 1478 tio
2274 1436 2412 1479 esse
2441 1419 2750 1495 inefficax,
2787 1421 2852 1481 in
2881 1420 3004 1482 alio
3027 1438 3178 1482 vero
3207 1438 3350 1483 esse
3395 1420 3616 1493 efficax,
3645 1441 3672 1481 a

2147 1530 2272 1591 quo
2319 1514 2616 1592 pauciora
2669 1513 3116 1593 impedimenta
3162 1513 3561 1586 auferuntur,
3597 1516 3674 1575 rel

2147 1625 2290 1668 eum
2317 1608 2542 1669 minori
2589 1609 2894 1669 suavitate
2925 1616 3034 1669 aut
3071 1608 3482 1669 illustratione
3520 1608 3678 1669 allici-

2143 1704 2247 1761 tur
2288 1702 2370 1761 ad
2409 1703 2961 1775 consentiendum;
3005 1702 3152 1781 quia
3207 1720 3466 1781 semper
3501 1711 3675 1763 manet

2147 1796 2211 1855 in
2241 1793 2332 1855 eis
2349 1792 2618 1856 ‘libertas
2644 1796 2726 1856 >ad
2764 1796 3203 1869 resistendum,
3247 1795 3352 1857 vel
3377 1814 3678 1875 cooperan-

2147 1888 2298 1949 dum
2327 1889 2574 1968 utrique
2606 1890 2818 1968 gratiae
2847 1890 3114 1951 vocanti.

2229 1986 2289 2043 9.
2335 1980 2608 2045 Assertio
2646 2000 2722 2045 ex
2747 1983 2950 2046 dictis.
2977 2017 3058 2031 -
3093 1986 3300 2063 Atque
3357 1984 3500 2045 hinc
3551 1984 3676 2046 ulte-

2149 2076 2279 2137 rius
2309 2074 2532 2147 insero,
2579 2077 2768 2137 ctiam
2797 2076 2862 2137 in
2886 2076 3245 2137 hominibus
3272 2077 3587 2157 aequaliter
3609 2078 3679 2137 af-

2149 2170 2347 2242 fectis,
2369 2169 2471 2230 vel
2499 2170 2812 2248 impeditis
2849 2176 2995 2232 ante
3009 2172 3434 2245 vocationem,
3465 2190 3581 2232 non
3603 2190 3678 2233 re·

2151 2264 2310 2343 quiri
2357 2262 2510 2325 illud
2545 2280 2746 2342 genus
2777 2264 3208 2343 inaequalitatis
3235 2266 3410 2326 inter
3445 2266 3680 2325 vocatio-

2149 2374 2298 2417 nem
2329 2356 2648 2417 efficacem
2665 2362 2729 2418 et
2751 2358 3183 2432 sufficientem,
3215 2360 3394 2439 quod
3421 2378 3456 2419 a
3481 2358 3676 2419 fortiori

2153 2450 2546 2511 concluditur
2573 2468 2648 2511 ex
2679 2450 2880 2511 dictis.
2914 2452 3070 2512 Nam
3103 2453 3181 2513 de
3211 2452 3594 2531 inaequaliter
3615 2452 3680 2511 af-

2149 2545 2350 2617 fectiS,
2377 2551 2698 2606 ostensum
2742 2553 2836 2607 est
2867 2546 3150 2607 accidere
3185 2564 3380 2627 posse
3419 2554 3503 2617 ut,
3531 2546 3585 2607 in
3619 2564 3676 2607 eo

2151 2640 2255 2717 qui
2323 2638 2593 2719 ineptior
2649 2638 2994 2713 videbatur,
3051 2642 3302 2701 vocatio
3352 2640 3431 2701 sit
3473 2640 3676 2713 efficax,

2153 2738 2216 2793 et
2267 2750 2395 2793 non
2441 2732 2504 2791 in
2551 2732 2709 2805 alio,
2755 2734 2991 2812 absque
3039 2734 3202 2795 dieta
3245 2734 3672 2813 inaequalitate:

2153 2842 2303 2904 ergo
2343 2826 2539 2887 multo
2577 2826 2782 2902 magis
2811 2828 3168 2888 necessaria
3189 2844 3322 2888 non
3357 2827 3495 2900 erit,
3519 2832 3600 2892 ut,
3627 2828 3676 2885 in

2151 2918 2400 2979 duobus
2429 2936 2610 2997 aeque
2657 2920 2922 2990 affectis,
2955 2920 3017 2980 in
3053 2938 3180 2981 uno
3235 2920 3332 2981 sit·
3365 2922 3596 2992 efficax,
3631 2924 3676 2979 et

2151 3030 2278 3073 non
2321 3012 2385 3073 in
2423 3012 2567 3073 alio.
2609 3013 2848 3073 Deinde
2895 3013 3236 3075 Concilium
3283 3014 3678 3075 Tridentinum

2149 3105 2293 3168 dicit
2323 3106 2618 3168 eumdem
2643 3101 2988 3182 hominem,
3021 3127 3163 3170 cum
3193 3108 3424 3170 eadem
3449 3108 3679 3170 vocatio-

2147 3217 2252 3273 ne,
2285 3201 2474 3261 etiam
2507 3201 2612 3262 illa
2655 3203 2999 3281 supposita,
3041 3207 3109 3264 ut
3155 3219 3348 3282 supra
3387 3203 3678 3264 declarari·

2145 3313 2310 3368 mus,
2345 3313 2529 3374 posse
2557 3295 2872 3370 resistere,
2907 3297 3066 3357 sicut
3087 3303 3296 3377 potest
3323 3297 3674 3364 consentire:

2149 3406 2299 3467 ergo
2343 3388 2568 3450 eadem
2595 3390 2837 3451 vocatio
2871 3395 3160 3469 respectu
3197 3391 3491 3471 ejusdem
3521 3389 3678 3450 homi-

2147 3479 2246 3540 nis
2263 3481 2486 3542 eodem
2513 3481 2702 3543 modo
2733 3482 3039 3562 dispositi,
3061 3493 3380 3563 quantum
3406 3491 3582 3545 estex
3606 3501 3675 3552 se,

2147 3579 2350 3651 potest
2393 3591 2532 3635 esse
2563 3575 2806 3648 efficax,
2835 3577 2936 3637 vel
2978 3578 3288 3652 inefficax,
3329 3577 3482 3638 nihil
3523 3575 3677 3636 eiad-

2148 3667 2356 3728 dendo
2407 3667 2506 3728 vel
2550 3667 2976 3730 subtrahendo
3009 3689 3086 3731 ex
3131 3671 3462 3732 effectibus
3503 3669 3676 3750 gratiae

2147 3759 2588 3837 praevenientis
2613 3807 2628 3836 ‚
2677 3762 2910 3842 alioqui
2944 3763 3076 3842 jam
3129 3782 3258 3824 non
3305 3769 3474 3825 esset
3495 3761 3674 3824 eadem

2145 3853 2386 3914 vocatio
2411 3873 2425 3926 3
2473 3871 2624 3932 ergo
2675 3856 2896 3916 eadem
2921 3857 3323 3936 proportione
3347 3856 3570 3918 similes
3593 3873 3677 3913 vo-

2145 3946 2421 4006 cationes
2449 3947 2512 4006 in
2541 3947 2789 4009 duobus
2819 3949 3098 4011 similiter
3121 3969 3236 4010 seu
3267 3967 3452 4029 aeque
3480 3947 3676 4009 affectis
3749 3997 3768 4018 ,

2141 4045 2549 4117 possuntnon
2591 4059 2730 4102 esse
2769 4043 2968 4103 ambae
3002 4044 3290 4104 efficaces
3315 4089 3332 4118 ,
3373 4043 3486 4104 sed
3517 4042 3674 4102 altera

2141 4139 2406 4208 tantum,
2441 4135 2678 4216 absque
2721 4135 2884 4197 dicta
2914 4137 3366 4217 inaequalitate.

2491 4321 2597 4384 Aa
2621 4323 2942 4386 secundam
2973 4323 3376 4402 objectionem.

2229 4495 2329 4555 10.
2379 4492 2740 4557 Occurritur
2793 4495 3129 4574 objectioni.
3183 4527 3268 4542 —
3303 4495 3574 4557 Tandem
3623 4493 3673 4552 id

2149 4585 2435 4658 ostendo,
2468 4587 2908 4667 respondendo
2933 4588 3014 4649 ad
3047 4589 3396 4650 secundam
3423 4585 3674 4668 objectio-

2147 4695 2316 4738 nem.
2351 4680 2510 4740 Nam
2539 4699 2618 4740 ex
2645 4681 2892 4742 duabus
2940 4681 3130 4742 rebus
3171 4699 3314 4761 quie
3351 4681 3438 4742 ibi
3483 4697 3672 4759 propo-

2145 4777 2405 4848 nuntur,
2439 4771 2672 4834 scilicet
2696 4818 2713 4846 ‚
2773 4773 3044 4853 cognitio
3104 4781 3168 4836 et
3223 4775 3543 4837 delectatio
3567 4817 3582 4841 ‚
3621 4770 3670 4829 in

2147 4871 2370 4928 neutra
2415 4885 2634 4927 earum
2673 4867 3007 4946 requiritur
3033 4865 3108 4928 in
3143 4869 3352 4948 rigore
3383 4864 3669 4928 dictaina‘·

2151 4959 2418 5038 qualitas
2455 4960 2522 5020 in
2567 4961 2777 5038 aliqua
2817 4961 3200 5039 perfectione
3241 4979 3354 5022 seu
3399 4959 3574 5022 modo
3613 4955 3670 5015 il·

2149 5053 2379 5128 larum,
2411 5054 2540 5114 sive
2571 5054 2672 5114 ille
2701 5053 2928 5115 modus
2977 5055 3055 5116 sit
3090 5055 3382 5128 intensio,
3423 5054 3542 5112 sive
3567 5066 3666 5109 ma—

2144 5147 2247 5225 jor
2275 5154 2336 5208 et
2365 5147 2720 5226 expressior
2759 5149 3230 5226 repraesentatio
3283 5146 3525 5227 objecti,
3565 5143 3666 5202 sive

2151 5239 2412 5317 quilibet
2431 5239 2620 5312 alius;
2651 5240 2814 5314 talis,
2837 5241 3116 5318 inquam,
3147 5241 3529 5320 inaequalitas
3565 5253 3666 5296 non

2149 5337 2245 5392 est
2297 5332 2660 5412 simpliciter
2699 5334 3052 5393 necessaria
3081 5338 3154 5394 ut
3179 5335 3422 5394 vocatio
3465 5333 3524 5391 in
3565 5343 3664 5387 uno

2149 5425 2226 5484 sit
2274 5425 2561 5485 inefficax
2593 5471 2609 5498 ,
2658 5430 2724 5486 et
2777 5443 2906 5487 non
2959 5425 3022 5485 in
3055 5427 3200 5489 alio.
3246 5429 3323 5489 lat
3369 5421 3660 5504 imprimiS‚

2147 5518 2358 5595 quoad
2397 5517 2842 5598 cognitionem,
2873 5537 3160 5599 suppono
3207 5519 3440 5580 nullam
3477 5529 3664 5598 appre-
