3850 6225
514 371 631 434 136

513 477 1021 558 supernaturales
1040 483 1276 558 negant
1304 476 1848 556 praedeterminare
1873 475 2072 536 Deum

508 572 859 634 voluntates
880 577 1149 644 nostraS,
1180 589 1339 650 quos
1370 587 1506 631 esse
1538 569 1838 649 plurimos
1862 573 2074 629 osten-

508 665 752 738 demus,
787 665 893 725 lib.
928 665 988 738 3,
1021 681 1159 741 cap.
1194 665 1269 725 ¹2
1306 669 1370 725 et
1414 666 1509 725 13.
1556 662 1793 724 Deinde
1822 677 2069 731 omnes„

512 777 670 838 quos
716 777 905 838 supra
930 758 1038 820 lib.
1073 762 1131 832 1,
1163 777 1301 837 eap.
1338 762 1436 830 15,
1467 757 1674 829 retuli,
1706 755 1811 835 qui
1836 757 2074 834 negant

512 851 593 912 ad
622 852 979 931 generalem
1020 869 1393 912 coneursum
1436 851 1647 930 primae
1688 866 1892 910 causoe
1935 864 2074 908 esse

510 944 928 1005 necessariam
986 945 1147 1004 hanc
1213 943 1930 1023 proedeterminationem
1997 959 2074 1000 ex

513 1035 745 1096 efficaci
794 1041 855 1096 et
898 1036 1181 1097 absoluta
1213 1036 1325 1097 Dei
1356 1036 1673 1096 voluntate
1704 1033 2072 1115 profectam,

508 1129 674 1190 idem
691 1147 948 1191 necesse
968 1131 1146 1190 estin
1177 1135 1485 1210 praesente
1514 1147 1703 1190 causa
1733 1128 2066 1198 fateantur3

513 1223 783 1284 maxime
832 1241 975 1284 cum
1020 1223 1203 1284 simul
1253 1227 1508 1284 teneant
1554 1221 1633 1282 ad
1680 1220 1892 1281 omnia
1941 1221 2072 1280 haec

512 1317 755 1395 singula
790 1317 955 1378 bona
986 1335 1115 1378 non
1162 1335 1299 1378 esse
1349 1316 1776 1378 necessarium
1821 1311 2074 1392 aliquod

511 1411 807 1470 auxilium
858 1409 1151 1488 speciale.
1204 1409 1381 1473 Unde
1440 1410 1629 1471 etiam
1688 1408 1795 1488 qui
1848 1408 2074 1469 tollunt

510 1505 673 1564 hanc
701 1504 1169 1583 praemotionem
1200 1505 1279 1564 ab
1304 1503 1634 1566 efficientia
1664 1508 1918 1562 actuum
1947 1519 2075 1560 ma·

508 1597 734 1670 lorum,
765 1597 935 1658 idem
964 1615 1223 1658 necesse
1259 1602 1351 1658 cst
1392 1595 1663 1658 doceant
1704 1595 1783 1656 de
1826 1595 1924 1654 his
1967 1594 2077 1654 bo-

512 1690 632 1762 uiS,
669 1695 735 1751 ut
772 1691 921 1750 satis
970 1690 1373 1752 ostendimus.
1428 1689 1643 1750 Solum
1685 1692 1897 1768 posset
1935 1685 2076 1764 quis

516 1783 869 1844 existimare
897 1783 1271 1862 Gregorium
1297 1788 1358 1843 et
1372 1781 1767 1862 Capreolum,
1797 1797 1956 1859 quos
1973 1797 2078 1838 su-

516 1895 626 1955 pra
657 1877 981 1938 citavimus
1005 1877 1071 1937 iu
1088 1879 1150 1952 2,
1178 1876 1319 1937 dist.
1352 1877 1454 1947 28,
1484 1878 1701 1954 quaest.
1744 1877 1803 1946 1,
1851 1871 1932 1932 ad
1975 1871 2074 1942 12,

514 1969 695 2032 aliter
717 1970 781 2030 in
808 1969 925 2030 hoc
953 1971 1219 2031 sensisse
1250 1969 1329 2030 de
1373 1969 1614 2030 actibus
1657 1966 1839 2028 bonis
1886 1983 2078 2045 quam

516 2063 595 2124 de
644 2063 859 2136 malis;
904 2064 1072 2143 quod
1110 2063 1365 2142 quidam
1406 2062 1689 2124 moderni
1717 2061 1837 2121 illis
1880 2060 2080 2138 impo-

518 2161 697 2224 nunt,
736 2157 848 2217 sed
878 2157 1010 2216 sine
1042 2175 1263 2229 causa;
1313 2156 1397 2216 illi
1445 2156 1611 2216 enim
1658 2173 1787 2215 non
1810 2153 2082 2232 loquun-

517 2257 617 2311 tur
646 2251 725 2312 de
766 2251 885 2312 hac
932 2251 1189 2330 physica
1220 2248 1629 2329 praemotione
1660 2247 1759 2309 vel
1802 2246 2082 2326 applica-

515 2343 707 2416 tione,
738 2343 850 2404 sed
898 2343 975 2404 de
1024 2343 1244 2405 morali
1296 2342 1710 2422 applicatione
1745 2337 2080 2401 voluntatis

516 2456 630 2517 per
658 2438 887 2498 auxilia
920 2438 1271 2508 excitantia,
1305 2437 1587 2510 consilia,
1612 2433 2076 2514 inspirationes,

519 2536 665 2604 etc.,
696 2537 765 2592 ut
785 2531 897 2610 ipsi
922 2532 1071 2592 satis
1094 2531 1321 2592 diserte
1349 2530 1680 2611 explicant,
1706 2535 1869 2588 etex
1890 2545 2082 2587 sensu

518 2625 901 2701 quoestionis,
932 2643 1123 2704 quam
1155 2628 1443 2697 tractant,
1490 2629 1580 2684 est
1630 2623 1890 2682 clarum.
1922 2621 2081 2681 Sunt

519 2718 685 2778 enim
728 2719 793 2778 hi
840 2726 1127 2780 auctores
1164 2717 1227 2778 in
1270 2717 1376 2777 illa
1418 2715 1713 2796 singulari
1746 2713 2075 2786 sententia,

516 2811 684 2892 quod
722 2831 850 2872 non
878 2830 1212 2892 possumus
1257 2810 1509 2889 aliquod
1557 2829 1714 2890 opus
1761 2807 2082 2869 moraliter

515 2906 751 2967 bonum
776 2906 981 2968 facere
1004 2907 1137 2966 sine
1164 2904 1419 2983 speciali
1441 2903 1639 2982 gratia
1662 2901 1797 2974 Dei,
1830 2905 1893 2962 et
1914 2901 2078 2961 hanc

518 2997 891 3058 sententiam
932 3003 1398 3077 prosequuntur
1442 2996 1507 3056 in
1548 2995 1655 3056 illa
1704 2993 2075 3074 quaestione,

518 3098 581 3153 et
618 3091 797 3171 juxta
844 3109 985 3153 eam
1024 3091 1411 3153 constituunt
1450 3089 1787 3151 discrimen
1826 3084 2084 3168 praedic-

516 3190 649 3245 tum
682 3184 843 3246 inter
871 3188 1046 3245 aetus
1073 3185 1273 3246 bonos
1316 3190 1379 3245 et
1414 3184 1653 3255 malos3
1690 3186 1935 3243 constat
1971 3198 2084 3239 au-

516 3284 646 3339 tem
684 3294 831 3351 eos,
880 3295 996 3356 per
1040 3278 1310 3357 speciale
1369 3277 1705 3349 auxilium,
1754 3290 2084 3352 nunquam

520 3370 895 3432 intellexisse
928 3369 1091 3431 hanc
1126 3368 1841 3450 praedeterminationem
1872 3366 2084 3448 physi-

518 3482 677 3535 cam,
718 3464 831 3525 sed
879 3464 1144 3544 gratiam
1195 3464 1469 3543 aliquam
1526 3464 1925 3535 excitantem,
1969 3478 2082 3521 seu

520 3564 888 3636 operantem
917 3563 980 3619 et
1012 3558 1331 3620 moraliter
1354 3558 1715 3638 juvantem;
1756 3562 1818 3617 et
1852 3556 1934 3616 ad
1961 3554 2083 3615 hoc

520 3649 841 3712 adducunt
866 3651 1054 3712 verba
1080 3652 1431 3732 Augustini.
1460 3651 1681 3713 Dicunt
1704 3656 1915 3712 tamen
1941 3666 2082 3729 pos·

516 3760 586 3806 se
626 3742 1008 3804 voluntatem
1050 3762 1163 3823 pro
1194 3744 1479 3805 libertate
1506 3762 1620 3804 sua
1664 3762 1791 3805 nou
1832 3741 2080 3821 operari

520 3854 663 3897 cum
692 3836 795 3897 illa
818 3837 929 3897 Dei
956 3838 1231 3898 motione
1262 3838 1359 3898 vel
1384 3837 1821 3917 applicatione.
1852 3838 1940 3897 De
1967 3854 2080 3897 an·-

517 3928 889 4007 tiquioribus
931 3930 1310 4004 auctoribuS‚
1342 3948 1456 3992 seu
1486 3930 1729 3992 Sanctis
1768 3929 2076 4003 Patribu5‚

516 4028 625 4083 aut
653 4024 844 4083 etiam
872 4022 951 4083 de
983 4023 1294 4101 conciliis,
1320 4024 1477 4085 nihil
1507 4023 1607 4085 hic
1646 4024 1853 4085 dicere
1898 4040 2080 4101 opor-

513 4122 624 4189 tet,
672 4134 819 4175 nam
862 4116 948 4176 illi
992 4135 1073 4177 ne
1105 4118 1369 4178 verbum
1395 4116 1595 4177 ullum
1626 4116 1705 4177 de
1736 4116 2076 4195 quoestione

512 4209 631 4271 hac
678 4209 1052 4289 attigerunt,
1086 4210 1199 4273 sed
1245 4210 1605 4289 simpliciter
1644 4210 1920 4271 actiones
1961 4210 2077 4271 has

508 4303 573 4363 in
607 4308 819 4363 nostra
848 4304 1215 4366 constitutas
1244 4321 1381 4365 esse
1415 4308 1723 4383 potestate
1758 4302 2072 4363 dixerunt.

510 4394 792 4475 Denique
830 4396 1259 4471 ostendemuS,
1286 4396 1427 4457 libr.
1462 4397 1521 4470 3,
1562 4414 1767 4474 neque
1818 4396 1882 4455 in
1926 4395 2077 4456 acti-

508 4489 625 4549 bus
665 4490 881 4567 gratim
908 4491 1270 4551 meminisse
1314 4490 1451 4551 talis
1483 4490 2075 4569 praedeterminatio-

506 4583 640 4655 nis;
678 4582 785 4661 qui
816 4601 967 4661 ergo
995 4584 1063 4643 in
1086 4584 1183 4643 his
1214 4583 1575 4656 moralibuS,
1601 4588 1663 4645 et
1686 4582 2074 4645 naturalibus

506 4692 649 4735 eam
678 4680 1020 4754 ponerent?

590 4772 686 4831 10.
733 4768 833 4831 Ad
863 4768 1215 4850 Scriptum
1260 4768 1603 4833 testimonia
1644 4770 1711 4831 in
1734 4770 1946 4851 prima
1981 4770 2074 4832 ob·

502 4954 759 5016 timonia
806 4972 996 5015 saerae
1050 4956 1412 5035 Scripturoe,
1462 4973 1602 5035 quae
1630 4960 1797 5019 certe
1840 4976 2067 5037 parum

502 5054 747 5125 urgent.
804 5050 883 5111 Ut
930 5050 1099 5109 enim
1158 5048 1465 5129 superiori
1514 5048 1673 5110 libro
1720 5050 2061 5132 tetigimuS,

499 5139 671 5199 aliud
703 5146 799 5201 est
824 5142 1025 5202 Deum
1055 5158 1131 5201 ex
1158 5140 1409 5221 speciali
1438 5141 1645 5221 aliqua
1676 5144 2066 5221 providentia

498 5250 612 5292 sua
644 5251 897 5295 movere
926 5234 1023 5294 vel
1053 5234 1353 5295 inclinare
1382 5234 1767 5297 voluntatem
1792 5237 2063 5299 hominis

496 5326 578 5387 ad
606 5327 772 5387 hunc
796 5327 897 5388 vel
922 5326 1097 5388 illum
1120 5334 1368 5401 actum;
1404 5328 1570 5389 aliud
1592 5346 1741 5391 vero
1772 5336 1865 5391 est
1896 5326 2088 5410 phy-'

496 5420 621 5480 sice
662 5420 1211 5498 proedeterminare
1256 5440 1331 5483 ex
1359 5422 1421 5483 vi
1464 5423 1776 5497 generalis
1801 5442 2058 5487 concur-

495 5530 601 5572 sus
630 5513 845 5593 primae
876 5532 1101 5575 causae.
1156 5517 1387 5577 Rursus
1440 5515 1607 5575 aliud
1660 5523 1751 5577 est
1802 5536 2056 5581 movere

1071 374 1281 430 OPUSC.
1320 378 1359 438 l,
1392 377 1509 428 uu.
1548 378 1605 428 u.
1646 377 1725 428 DE
1756 372 2072 426 coa’cuRsu
2109 373 2210 425 DE!
2244 373 2328 424 An
2361 370 2558 424 ACTUS
2593 369 2837 422 onma'ls
2869 370 3156 424 NA‘ruaAE.

2153 471 2540 534 voluntatem
2581 471 2901 533 moraliter
2949 491 3026 534 ex
3082 480 3259 552 parte
3309 472 3532 552 objecti
3599 489 3692 549 per

2153 567 2434 641 consilia,
2467 571 2574 626 aut
2603 564 3076 627 illustrationem
3107 567 3356 640 mentis,
3399 571 3509 626 aut
3551 564 3696 623 exci-

2153 659 2345 721 tando
2377 659 2618 740 aliquos
2647 659 2908 720 affectus
2933 659 3350 738 imperfectos,
3381 658 3604 738 quibus
3629 657 3696 716 ad

2155 753 2350 815 alium
2411 753 2596 833 plene
2661 753 2929 814 liberum
2997 754 3286 816 voluntas
3341 753 3694 820 inducatur3

2156 847 2326 910 aliud
2376 865 2525 909 vero
2557 852 2671 920 est,
2717 865 2794 908 ex
2831 853 3008 928 parte
3054 848 3346 927 potentiae
3397 852 3460 908 et
3505 846 3698 904 imme-

2157 941 2347 1016 diate,
2381 941 2464 1002 ad
2491 946 2700 1002 actum
2731 940 2936 1020 ipsum
2977 941 3236 1020 physice
3283 947 3347 1002 et
3385 937 3698 1000 efficaciter

2157 1036 2543 1097 voluntatem
2611 1033 3180 1113 praedeterminare.
3233 1035 3302 1095 ln
3350 1029 3700 1094 testimoniis

2157 1147 2306 1208 ergo
2335 1147 2472 1208 qus*
2502 1129 2566 1189 in
2590 1129 2792 1208 prima
2821 1128 3172 1208 objectione
3201 1129 3494 1197 citantur,
3511 1141 3700 1184 sermo

2155 1229 2248 1282 est
2280 1221 2358 1283 de
2401 1221 2654 1300 speciali
2692 1221 2968 1301 quadam
2996 1221 3386 1302 providentia
3428 1219 3564 1290 Dei,
3593 1235 3700 1295 qua

2155 1314 2468 1376 interdum
2501 1315 2736 1376 inducit
2766 1316 3084 1376 hominem
3109 1315 3191 1376 ad
3226 1315 3398 1374 hunc
3417 1313 3519 1373 vel
3547 1310 3702 1370 illum

2155 1415 2406 1480 actum;
2453 1427 2581 1468 non
2629 1426 2776 1468 vero
2808 1408 2892 1468 ibi
2931 1409 3156 1470 dicitur
3191 1409 3310 1469 hoc
3339 1423 3544 1486 genus
3585 1423 3702 1462 mo·

2153 1503 2342 1564 tionis
2381 1520 2518 1564 esse
2571 1502 2998 1564 necessarium
3043 1503 3126 1563 ad
3169 1502 3450 1581 singulos
3501 1506 3700 1570 actus;

2155 1614 2364 1674 neque
2405 1595 2488 1657 ibi
2537 1601 2630 1657 est
2679 1614 2886 1658 sermo
2933 1596 3013 1657 de
3045 1595 3321 1658 motione
3362 1594 3704 1656 necessaria

2157 1709 2234 1750 ex
2261 1691 2322 1750 vi
2359 1689 2672 1770 generalis
2717 1689 2990 1750 influxus
3037 1707 3241 1750 causae
3287 1689 3526 1768 primae.
3569 1688 3705 1747 Item

2159 1789 2254 1843 est
2281 1800 2487 1843 sermo
2505 1783 2583 1843 de
2601 1782 2875 1844 motione
2895 1782 3306 1844 antecedente
3325 1789 3388 1843 et
3401 1779 3593 1851 vitali,
3611 1797 3704 1858 per
3812 1781 3815 1800 ²

2157 1876 2618 1955 inspirationes,
2653 1876 3084 1956 cogitationes,
3111 1881 3174 1936 et
3201 1873 3463 1947 similia;
3495 1872 3701 1934 nonde
3813 1887 3815 1904 ²

2158 1969 2810 2049 proedeterminatione
2857 1987 3030 2032 mere
3087 1969 3170 2031 ab
3223 1969 3597 2040 extrinseco,
3653 1967 3701 2026 in

2161 2083 2286 2144 qua
2309 2064 2598 2124 voluntas
2625 2081 2798 2124 mere
2825 2062 3072 2142 passive
3103 2080 3172 2124 se
3201 2061 3420 2134 habet,
3448 2065 3514 2122 et
3545 2060 3700 2138 quasi

2161 2158 2436 2220 inanime
2477 2156 2798 2236 quoddam
2847 2163 3137 2218 movetur
3181 2155 3392 2235 quoad
3437 2154 3702 2216 determi-

2159 2253 2484 2312 nationem
2527 2251 2748 2330 ipsam.
2781 2251 3064 2328 Denique
3101 2255 3197 2311 est
3243 2266 3454 2310 sermo
3485 2247 3568 2308 tle
3599 2263 3702 2304 mo·

2161 2346 2276 2406 rali
2306 2343 2727 2416 inclinatione,
2759 2361 2886 2404 non
2917 2343 2998 2404 de
3025 2343 3282 2423 physica
3304 2339 3704 2422 praedetermi-

2161 2439 2438 2510 natione,
2467 2437 2548 2498 ad
2575 2455 2720 2498 eum
2753 2437 3008 2498 modum
3039 2454 3164 2514 quo
3210 2441 3417 2515 potest
3444 2433 3704 2494 volunta·

2161 2538 2290 2594 tem
2319 2531 2571 2592 alterius
2605 2531 2906 2592 inclinare
2935 2531 3138 2609 quivis
3166 2531 3379 2602 homo,
3413 2533 3483 2589 et
3509 2525 3706 2586 fortius

2163 2645 2236 2687 ac
2265 2625 2496 2686 certius
2521 2623 2584 2684 id
2609 2629 2814 2704 potest
2845 2623 3052 2686 facere
3079 2623 3382 2704 angelus;
3411 2619 3706 2700 potentius

2161 2725 2396 2788 autem,
2416 2717 2797 2778 infallibilius
2826 2736 2900 2778 ac
2915 2717 3194 2779 intimius
3213 2717 3412 2790 Deus;
3439 2713 3586 2793 quia
3611 2731 3708 2790 po-

2159 2818 2282 2875 test
2311 2811 2637 2872 facultates
2663 2811 3013 2873 intellectus
3037 2814 3100 2873 et
3118 2809 3462 2872 voluntatis
3477 2807 3542 2868 in
3567 2807 3704 2884 seip-

2163 2907 2247 2966 sis
2279 2904 2640 2966 immediate
2673 2922 2926 2966 movere
2973 2909 3036 2966 et
3075 2903 3416 2975 inclinare3
3475 2905 3538 2962 et
3579 2897 3706 2978 quia
3813 2935 3815 2968 ;

2161 3017 2290 3060 non
2319 2999 2524 3060 solum
2555 3017 2662 3060 eas
2696 2997 3193 3077 comprehendit,
3227 2996 3341 3057 sed
3369 2995 3566 3056 etiam
3595 3011 3707 3052 om-
3814 3043 3815 3064 ἶ

2160 3109 2276 3153 nes
2326 3092 2604 3154 actiones
2653 3097 2714 3153 et
2765 3090 3318 3153 determinationes
3365 3105 3610 3157 earum,
3655 3089 3706 3147 et

2163 3186 2314 3265 quid
2343 3186 2410 3246 in
2445 3186 2709 3265 singulis
2757 3185 3194 3247 occasionibus
3239 3182 3558 3245 effecturae
3585 3180 3704 3250 sint,

2163 3281 2214 3341 si
2243 3280 2310 3341 in
2331 3280 2448 3341 illis
2469 3280 2947 3355 constituantur,
2973 3276 3275 3357 agnoscit.
3309 3278 3494 3337 Hunc
3517 3281 3706 3335 autem

2165 3392 2302 3435 esse
2339 3392 2594 3435 sensum
2627 3374 2876 3435 illorum
2903 3373 3262 3445 verborum,
3295 3388 3374 3433 ex
3409 3370 3552 3449 ipso
3581 3386 3710 3429 con-

2161 3475 2334 3530 textu
2365 3475 2428 3530 et
2471 3468 2678 3530 verbis
2725 3474 2818 3529 est
2867 3468 3160 3541 evidens;
3209 3472 3272 3529 et
3327 3483 3406 3526 ex
3449 3464 3710 3544 ipsismet

2161 3561 2314 3623 locis
2344 3563 2672 3643 Augustini
2701 3567 2764 3623 et
2785 3560 3206 3642 chrysostomi
3237 3577 3378 3641 quae
3409 3558 3502 3619 ibi
3541 3557 3709 3619 citan-

2163 3663 2264 3718 tur
2297 3676 2312 3730 ;
2389 3674 2537 3717 nam
2599 3655 2867 3717 reddere
2931 3652 3304 3735 placabilem
3380 3650 3710 3732 principem

2157 3750 2431 3829 AEgypti,
2459 3768 2588 3811 non
2615 3754 2708 3810 est
2733 3748 2907 3810 illum
2941 3764 3167 3827 eogere
3209 3746 3308 3807 vel
3347 3742 3708 3806 determina-

2157 3861 2251 3914 re,
2275 3842 2388 3903 sed
2415 3842 2596 3903 bonis
2624 3841 3105 3922 cogitationibus
3131 3846 3194 3901 et
3215 3836 3710 3918 inspirationibus

2161 3954 2307 3996 eum
2331 3935 2412 3997 ad
2439 3934 2990 3997 mansuetudinem
3009 3950 3371 4014 provocare.
3395 3926 3710 4003 Quomodo

2157 4028 2382 4091 Genes.
2435 4031 2535 4103 31,
2573 4030 2840 4111 legimus
2885 4030 3084 4090 Deum
3115 4026 3462 4089 reddidisse
3513 4023 3708 4085 Laban

2157 4122 2529 4201 placabilem
2583 4124 2809 4193 Jacob,
2863 4140 2992 4184 non
3044 4118 3705 4201 praedeteminatione.

2159 4216 2272 4277 sed
2313 4214 2778 4289 admonitione3
2819 4222 2882 4277 et
2920 4217 2958 4277 3
2991 4216 3234 4293 Regum
3277 4215 3376 4284 Π,
3407 4212 3496 4274 ait
3527 4209 3710 4273 Domi-

2158 4326 2277 4370 nus
2323 4308 2406 4370 ad
2459 4309 2695 4371 Eliam:
2742 4308 3020 4393 Proecepi
3063 4309 3148 4371 ibi
3197 4304 3444 4369 mulieri
3497 4304 3704 4375 viduoe,

2155 4407 2226 4465 ut
2255 4408 2473 4483 paseat
2497 4409 2575 4467 te.
2608 4402 2790 4466 Unde
2819 4402 3318 4487 chrysostom-us
3352 4398 3610 4459 homilia
3637 4396 3706 4455 ci·

2156 4502 2320 4557 tata:
2357 4497 2750 4561 Praevenerat
2791 4496 3036 4575 (inquit)
3069 4496 3258 4567 Deus,
3297 4492 3438 4556 etei
3479 4491 3570 4569 (id
3601 4496 3702 4558 est,

2155 4591 2424 4669 mulieri)
2447 4592 2817 4672 Prophetam
2861 4608 2974 4673 per
3003 4588 3294 4652 visionem
3337 4586 3702 4655 ostenderat,-

2154 4684 2260 4745 Ιιοσ
2283 4686 2444 4746 enim
2471 4690 2560 4746 est
2587 4686 2746 4765 quod
2783 4684 2949 4746 Deus
2993 4682 3319 4763 Prophetae
3359 4679 3452 4743 ait
3473 4704 3498 4739 .·
3543 4678 3703 4741 Pm-

3805 4400 3807 4554 1

2151 4774 2278 4857 cepi
2314 4777 2401 4840 ibi
2453 4778 2650 4839 viduae
2680 4781 2751 4839 ut
2790 4781 2848 4840 te
2887 4783 3126 4856 pascat.
3173 4772 3530 4837 Ostenderat
3553 4774 3702 4835 Deus
3804 4824 3805 4835 ἢ

488 4863 754 4939 jectione
794 4862 1059 4945 alleyata
1084 4864 1493 4942 respondam.
1516 4894 1595 4909 —
1615 4863 1815 4924 Venio
1840 4864 1924 4924 ad
1950 4870 2072 4925 tes·
2149 4870 2390 4933 mulieri
2410 4872 2696 4953 fiyuram,
2733 4874 3014 4951 sbi-mam,
3045 4872 3306 4941 ertatem,
3337 4871 3396 4930 et
3435 4870 3700 4943 [murem
3803 4854 3805 4920 l

2141 4963 2490 5043 petitionem
2537 4964 2856 5045 Prophetae
2867 4988 2893 5037 ,·
2939 4962 3097 5025 emde
3147 4961 3284 5043 ipsa
3326 4958 3698 5023 revelationis

2147 5055 2371 5119 divinoe
2397 5058 2658 5127 conseia,
2687 5057 2903 5119 statim
2930 5072 3002 5119 ae
3029 5056 3196 5118 venit
3219 5054 3550 5135 Propheta,
3585 5058 3694 5113 etc.

2231 5151 2330 5209 11.
2354 5147 2455 5211 Ad
2479 5149 2916 5213 testimoniata
2947 5150 3208 5212 secunda
3235 5148 3555 5228 objectione
3563 5164 3696 5228 pro-

2141 5242 2345 5321 posita
2372 5241 2712 5305 solutio.-
2732 5242 2827 5303 Ad
2855 5242 3210 5303 testimonia
3249 5242 3526 5302 secundo
3571 5241 3697 5299 loco
3802 5264 3803 5286 ÷

2141 5333 2417 5407 inducta,
2452 5336 2868 5414 respondetur
2893 5336 3092 5414 primo
3141 5335 3204 5396 in
3247 5334 3367 5395 illis
3410 5353 3538 5395 non
3567 5350 3696 5395 esse

2141 5445 2498 5488 sermonem
2539 5428 2618 5488 de
2665 5428 2874 5507 aliquo
2915 5434 3174 5509 peccato
3215 5428 3277 5487 in
3321 5426 3692 5507 particulari,

2139 5520 2236 5582 vel
2269 5521 2347 5582 de
2377 5520 2541 5583 illius
2565 5522 3010 5601 permissione;
3045 5519 3158 5582 sed
3191 5520 3276 5617 de·
3299 5521 3574 5600 quadam
3595 5520 3696 5581 de-
