3850 6225
741 390 878 441 CAP.
915 390 976 443 u.
1013 389 1136 442 Nou
1167 389 1746 444 PnAEnEmnnmAnE
1780 391 1951 443 unm!
1982 389 2188 454 NEQUE
2218 390 2629 454 PRAEMovsus,
2664 391 2801 444 me.

157 491 328 550 Deus
352 508 478 551 non
511 491 781 552 intendit
830 493 1134 555 malitiam
1179 494 1376 571 illam,
1422 495 1529 556 sed
1556 494 1734 574 bona

157 584 378 662 aliqua
398 585 748 647 intentione
775 586 1149 650 determinat
1169 588 1490 650 hominem
1527 590 1606 650 ad
1630 607 1734 650 ac-

157 683 300 738 tum
331 679 602 756 malum3
628 685 736 740 aut
763 680 1045 760 estquod
1073 699 1150 743 ex
1171 682 1235 743 vi
1254 682 1518 743 actionis
1539 688 1601 744 et
1627 682 1732 744 de-

157 772 627 834 terminationis
646 774 754 834 Dei
776 793 905 837 non
932 776 1212 855 sequitur
1243 775 1484 838 malitia
1525 777 1594 838 in
1626 775 1734 838 illo

161 871 312 926 actu
343 865 680 928 voluntatis
712 866 1025 930 humanoe.

245 960 536 1021 Primum
565 958 793 1021 horum
821 979 949 1022 non
973 961 1161 1024 refert
1175 979 1198 1040 3
1245 962 1585 1024 secundum
1627 981 1737 1024 au-

159 1057 296 1112 tem
321 1051 550 1114 falsum
583 1058 698 1128 est,
725 1059 788 1114 et
822 1051 980 1115 illud
1025 1054 1250 1115 sufficit
1276 1061 1348 1116 ut
1387 1056 1547 1116 Deus
1591 1073 1738 1118 vere

158 1145 242 1204 sit
269 1151 490 1206 auctor
511 1146 752 1225 peccati
775 1146 1074 1208 hominis.
1107 1147 1280 1209 Prior
1303 1166 1449 1228 pars
1479 1149 1738 1211 minoris

159 1237 466 1316 probatur
475 1253 498 1316 3
539 1257 688 1300 nam
709 1237 902 1300 homo
935 1241 1064 1320 ipse
1107 1241 1216 1320 qui
1241 1247 1476 1321 peccat,
1515 1260 1644 1303 non
1670 1242 1734 1302 id

157 1331 315 1391 facit
333 1331 710 1395 intendendo
731 1331 1032 1394 malitiam
1045 1348 1066 1410 3
1089 1334 1215 1394 imo
1241 1340 1304 1395 et
1329 1334 1582 1394 Daemon
1607 1335 1736 1415 ipse

159 1423 272 1483 vix
321 1422 442 1485 hoc
479 1424 666 1485 modo
709 1424 954 1486 inducit
997 1425 1076 1486 ad
1125 1427 1509 1506 peccandum
1529 1472 1548 1502 ,
1588 1429 1736 1506 quia

161 1535 356 1578 nemo
381 1517 712 1578 intendens
738 1518 814 1579 ad
843 1518 1080 1579 malum
1103 1525 1434 1598 operatur3
1457 1537 1630 1598 ergo,
1665 1525 1736 1580 ut

163 1610 398 1688 aliquis
443 1611 522 1670 sit
563 1615 781 1672 auctor
821 1612 1079 1691 peccati,
1107 1629 1424 1673 necessum
1473 1629 1600 1672 non
1641 1617 1736 1672 est

164 1703 336 1783 quod
359 1705 450 1764 ita
467 1703 752 1765 intendat
771 1704 1096 1767 malitiam.

247 1796 472 1857 Dicent
513 1797 772 1858 fortasse
810 1797 1156 1873 hominem,
1197 1797 1350 1858 dum
1373 1804 1604 1878 peccat,
1635 1799 1732 1860 in-

165 1889 422 1950 tendere
457 1888 732 1970 aliquem
772 1908 1036 1970 pravum
1075 1889 1264 1952 finem
1280 1912 1298 1966 3
1345 1892 1539 1952 Deum
1588 1909 1736 1954 vero

165 1980 492 2045 intendere
517 1982 850 2045 honestum
887 1981 1103 2060 finem,
1134 1983 1382 2064 quaudo
1414 1982 1736 2046 hominem

165 2073 244 2134 ad
263 2091 530 2154 pravum
549 2081 756 2137 actum
775 2075 1168 2138 determinat.
1193 2077 1338 2138 Haec
1357 2083 1568 2138 tamen
1597 2096 1737 2140 eva-

163 2168 258 2228 sio
287 2185 452 2229 vana
488 2174 603 2244 ost,
635 2175 701 2230 et
743 2169 976 2230 nullius
1018 2170 1358 2231 momenti:
1399 2175 1535 2231 tum
1564 2171 1734 2250 quia,

169 2263 225 2320 si
249 2262 410 2321 Deus
447 2261 736 2322 immittit
775 2261 1004 2323 malam
1036 2261 1422 2324 voluntatem
1447 2264 1514 2323 in
1535 2264 1738 2325 homi-

161 2371 336 2428 nem,
390 2355 582 2416 etiam
624 2355 798 2416 illam
846 2373 1108 2435 pravam
1156 2356 1568 2418 intentionem
1595 2375 1738 2437 sug-

157 2447 328 2526 gerit
352 2470 370 2522 3
422 2455 562 2508 tum
604 2447 794 2508 etiam
818 2448 967 2526 quia
991 2449 1158 2510 bona
1185 2450 1449 2510 intentio
1481 2467 1610 2511 non
1635 2469 1736 2512 ex-

167 2547 346 2601 cusat
372 2555 632 2620 pravam
660 2540 988 2615 actionem,
1015 2542 1068 2602 si
1092 2559 1170 2603 ex
1195 2541 1438 2620 objecto
1465 2559 1576 2603 suo
1600 2560 1739 2603 ma-

153 2631 224 2692 la
250 2637 342 2692 est
367 2654 386 2706 3
424 2650 554 2693 non
577 2633 748 2692 enim
771 2638 916 2695 sunt
952 2631 1232 2695 facienda
1255 2631 1422 2694 mala
1465 2641 1538 2694 ut
1590 2634 1740 2696 inde

151 2725 460 2786 eveniant
475 2724 662 2786 bona.
688 2725 988 2806 Denique,
1010 2727 1063 2787 si
1090 2727 1250 2787 Deus
1267 2726 1418 2788 facit
1435 2727 1737 2806 quidquid

150 2819 588 2879 necessarium
645 2823 738 2878 oet
790 2819 870 2879 ad
929 2820 1308 2881 causandum
1369 2826 1691 2900 peccatum
1712 2866 1733 2897 ,

149 2913 326 2992 qnod
358 2911 528 2972 bona
549 2911 896 2972 intentione
921 2912 987 2973 id
1031 2912 1240 2988 faciat,
1271 2932 1400 2974 non
1439 2914 1737 2994 impediet

147 3005 502 3084 quominus
535 3003 616 3064 sit
647 3022 791 3065 vere
829 3011 1044 3066 auctor
1077 3007 1312 3086 peccati
1323 3023 1344 3084 3
1381 3006 1486 3068 sed
1535 3005 1735 3068 solum

151 3098 441 3161 conferet
474 3103 548 3159 ut
595 3096 761 3160 bona
788 3097 1130 3161 intentione
1171 3100 1249 3161 sit
1276 3105 1493 3162 auctor
1535 3100 1700 3163 illius
1709 3118 1730 3179 3

149 3199 223 3253 ut
265 3193 322 3253 si
349 3209 522 3252 unus
543 3190 732 3252 homo
759 3191 1078 3254 induceret
1103 3192 1298 3253 alium
1325 3192 1402 3253 ad
1429 3193 1733 3255 mentien-

147 3284 308 3345 dum
351 3284 438 3345 ob
458 3284 758 3345 tuendam
779 3284 974 3344 vitam
1009 3285 1304 3365 proximi,
1333 3291 1548 3347 auctor
1573 3293 1731 3348 esset

147 3376 495 3454 mendacii,
528 3376 812 3456 quamvis
837 3376 1002 3437 bona
1019 3378 1364 3439 intentione
1391 3377 1455 3438 id
1475 3378 1726 3442 iaceret.

229 3470 550 3531 Posterior
565 3487 708 3549 pars
729 3470 990 3530 minoris
1006 3470 1440 3551 propositionis
1462 3470 1730 3533 declara-

147 3569 256 3623 tur
285 3568 352 3623 et
403 3562 704 3642 probatur
724 3607 740 3636 ,
793 3562 940 3642 quia
986 3564 1148 3625 Deus
1187 3564 1276 3625 ita
1315 3564 1730 3627 determinare

145 3656 390 3715 dicitur
409 3654 797 3715 voluntatem
819 3654 1090 3717 hominis
1113 3655 1191 3716 ad
1226 3662 1435 3717 actum
1463 3658 1726 3737 peccati,

145 3756 222 3809 ut
249 3748 630 3811 determinet
645 3748 824 3809 illum
850 3748 930 3809 ad
957 3749 1340 3831 operandum
1368 3768 1508 3812 cum
1533 3753 1731 3813 omni-

140 3840 264 3903 bus
297 3840 644 3902 moralibus
685 3842 1188 3919 circumstantiis,
1240 3844 1464 3923 quibus
1493 3845 1724 3924 positis,

141 3934 538 4015 impossibile
557 3940 650 3994 est
676 3936 829 4013 quin
861 3942 1032 3997 actus
1052 3936 1156 3997 ille
1173 3936 1254 3996 sit
1279 3936 1479 3997 malus
1501 3942 1562 3997 et
1589 3955 1728 4017 pec-

142 4034 370 4089 catum
389 4050 410 4103 ;
431 4026 608 4089 verbi
624 4028 850 4107 gratia,
879 4029 1316 4091 determinavit
1341 4029 1726 4092 voluntatem

141 4120 353 4196 Judae,
379 4127 454 4181 ut
476 4138 618 4181 cum
642 4122 750 4183 tali
777 4122 1000 4183 notitia
1017 4127 1082 4185 et
1099 4121 1450 4200 cognitione
1473 4122 1723 4199 Christi,

142 4231 302 4274 cum
343 4212 458 4273 tali
499 4212 748 4290 affectu,
787 4212 1072 4277 libertate
1116 4231 1226 4275 seu
1257 4212 1575 4275 voluntate
1600 4214 1727 4276 vel·

140 4305 232 4368 let
253 4306 530 4369 vendere
551 4306 863 4369 Christum
881 4322 902 4385 3
929 4308 1036 4369 sed
1057 4306 1198 4369 talis
1218 4316 1390 4369 actus
1411 4310 1497 4368 sic
1524 4307 1724 4371 factus

139 4419 280 4462 non
331 4406 579 4480 poterat
617 4418 746 4462 non
769 4400 998 4463 habere
1034 4402 1132 4480 adj
1140 4406 1390 4463 unctam
1417 4401 1720 4463 malitiam

141 4494 458 4556 moralem
477 4499 542 4555 et
566 4494 937 4572 pravitatem
962 4494 1239 4574 peccati3
1265 4512 1414 4574 ergo
1437 4493 1720 4555 voluntas

143 4586 368 4648 divina
415 4586 508 4647 ita
537 4585 980 4647 determinavit
1034 4585 1376 4647 humanam
1408 4585 1488 4647 ad
1526 4585 1718 4647 talem

141 4686 386 4755 actum,
421 4685 492 4739 ut
519 4696 596 4739 ex
617 4679 680 4738 vi
701 4678 840 4740 talis
863 4678 1395 4741 determinationis
1421 4678 1527 4741 ille
1545 4684 1720 4740 actus

141 4768 442 4831 habuerit
465 4770 622 4831 tales
663 4770 1178 4847 circumstantias,
1211 4771 1436 4850 quibus
1480 4770 1713 4851 positis,

144 4864 494 4925 necessario
517 4862 742 4925 habuit
769 4864 1128 4943 adjunctam
1157 4864 1482 4926 malitiam.

229 4957 596 5021 Occurritur
635 4958 976 5036 objoetioui.
1016 4990 1094 5002 —-
1131 4956 1306 5019 Dices
1354 4956 1582 5019 habere
1639 4950 1714 5019 ss-

148 5048 276 5109 iam
303 5056 376 5111 ut
402 5054 496 5111 est
533 5068 574 5113 a
612 5047 938 5110 voluntate
965 5048 1266 5123 humana,
1316 5068 1444 5111 non
1468 5056 1542 5111 ut
1565 5056 1658 5113 est
1674 5068 1715 5110 a

149 5141 384 5204 divina.
405 5142 838 5223 Respondetur
856 5141 974 5203 hoc
1001 5140 1164 5203 nihil
1185 5142 1354 5204 aliud
1377 5160 1508 5205 esse
1527 5160 1712 5222 quam

147 5236 380 5297 iterum
411 5236 492 5298 ad
519 5236 926 5317 questionem
949 5234 1176 5313 redire,
1199 5254 1281 5296 an
1317 5236 1478 5297 Deus
1505 5254 1580 5297 ea
1607 5254 1714 5298 ra-

151 5329 316 5391 tione
369 5329 670 5391 dicendus
717 5328 798 5389 sit
829 5347 1098 5408 peccare,
1145 5328 1222 5390 de
1247 5348 1372 5409 quo
1395 5347 1562 5391 nunc
1585 5346 1716 5391 non

149 5422 430 5501 agimus3
485 5422 593 5483 sed
620 5440 704 5483 an
733 5428 1029 5500 sequatur
1055 5440 1184 5483 esse
1213 5428 1530 5484 auctorem
1576 5439 1716 5502 pec-

149 5519 290 5577 cati.
317 5516 413 5577 Ad
443 5514 562 5577 hoc
593 5534 742 5596 ergo
769 5533 897 5577 non
921 5513 1113 5578 refert
1143 5516 1310 5595 quod
1343 5515 1583 5577 malitia
1607 5516 1716 5577 illa

470 5636 554 5683 11.

3294 393 3371 454 97

1810 501 2104 574 sequatur
2141 512 2220 556 ex
2244 493 2609 556 habitudine
2630 493 2709 555 ad
2738 492 3124 557 voluntatem
3159 495 3381 560 huma-

1811 606 1961 650 nam
1981 612 1998 664 3
2028 589 2135 650 sed
2166 589 2313 650 satis
2332 595 2424 650 est
2445 589 2610 669 quod
2633 588 2791 650 Deus
2811 588 2890 649 sit
2915 594 3125 650 auctor
3146 597 3210 652 et
3236 610 3380 653 cau-

1813 700 1882 742 sa
1899 687 1970 742 ut
1996 681 2137 742 talis
2157 688 2329 743 actus
2352 679 2462 742 fiat
2482 699 2623 742 cum
2650 680 2761 743 tali
2787 680 3153 744 habitudine
3180 683 3259 744 ad
3280 703 3387 746 vo·

1811 774 2119 836 luntatem
2160 774 2526 848 humanam,
2577 793 2763 855 quam
2799 775 3147 837 necessario
3175 795 3385 840 conse-

1816 868 2031 946 quitur
2055 865 2163 927 illa
2194 866 2453 928 malitia.
2486 869 2561 928 Et
2582 868 2689 928 hic
2730 867 3043 928 discursus
3074 869 3271 947 magis
3318 871 3384 931 in

1817 959 2058 1021 ratione
2085 967 2309 1040 quarta
2336 959 2831 1021 confirmabitur.

1902 1055 2002 1114 13.
2046 1053 2231 1116 Ratio
2250 1055 2454 1116 tertia.
2482 1086 2563 1100 --
2584 1053 2815 1128 Tertio,
2838 1051 3141 1114 habemus
3168 1055 3385 1130 etiam,

1818 1162 1896 1205 ex
1924 1145 2104 1205 dictis
2154 1146 2223 1206 in
2250 1145 2553 1226 superiori
2578 1144 2761 1220 libro,
2806 1163 2917 1224 per
2944 1145 3127 1207 talem
3154 1148 3386 1227 praede-

1815 1236 2323 1298 terminationem
2348 1237 2579 1300 auferri
2607 1238 2687 1298 ab
2708 1237 2963 1300 homine
2994 1258 3175 1300 usum
3201 1240 3387 1302 liber·

1815 1329 1961 1390 tatis
1990 1347 2116 1390 suae
2130 1331 2197 1390 in
2212 1331 2525 1409 operando
2542 1330 2729 1391 talem
2756 1337 2987 1392 actum.
3010 1333 3097 1390 Ex
3118 1351 3241 1410 quo
3258 1333 3387 1412 pla-

1815 1439 1896 1482 ne
1940 1423 2338 1502 consequitur
2366 1442 2511 1485 eum
2539 1440 2667 1484 non
2694 1440 2949 1502 peccare
2977 1423 3294 1487 moraliter
3320 1427 3388 1487 in

1816 1533 1890 1576 eo
1903 1519 2067 1588 actu,
2088 1521 2149 1575 et
2166 1515 2480 1577 immerito
2502 1534 2575 1576 ea
2600 1515 2678 1576 de
2710 1533 2893 1576 causa
2924 1517 3156 1596 puniri.
3188 1519 3387 1592 Quam

1813 1608 2122 1669 rationem
2156 1609 2497 1686 attigerunt
2525 1609 2596 1669 in
2626 1607 2815 1668 simili
2854 1607 3053 1669 forma
3093 1609 3384 1690 Cyrillus,

1813 1699 1922 1762 lib.
1960 1704 2030 1761 Η
2064 1701 2131 1762 in
2155 1701 2405 1777 Joann„
2436 1719 2572 1781 cap.
2605 1703 2679 1762 21
2708 1745 2729 1776 ,
2752 1707 2815 1762 et
2832 1701 3238 1780 Augustinus„
3269 1710 3391 1766 ter-

1814 1793 1900 1853 tio
1927 1793 2005 1856 de
2025 1793 2227 1854 Liber.
2259 1793 2505 1868 arbitr„
2534 1811 2671 1873 cap.
2704 1793 2944 1855 decimo
2969 1799 3209 1872 octavo,
3236 1814 3391 1876 quos

1813 1904 2001 1967 supra
2022 1886 2239 1961 retuli3
2263 1886 2517 1966 ejusque
2538 1886 2831 1947 illationis
2859 1887 2989 1946 vim
3016 1887 3145 1949 late
3167 1889 3391 1969 proba-

1814 1979 1901 2040 vi.
1925 1978 2048 2041 Sed
2065 1979 2285 2042 omitto
2308 1981 2579 2041 rationes
2619 1979 2707 2040 ibi
2734 1979 2929 2040 factas
2960 1979 3037 2042 de
3075 1980 3383 2060 libertate,

1821 2078 1881 2134 et
1907 2071 2128 2134 saltem
2154 2072 2377 2152 colligo
2403 2072 2635 2134 habere
2670 2073 3015 2148 hominem,
3063 2073 3215 2136 dum
3250 2095 3391 2156 pec·

1817 2172 1917 2228 cat
1938 2212 1959 2242 ,
2002 2166 2141 2246 plus
2158 2183 2348 2245 quam
2396 2165 2827 2228 rationabilem
2882 2166 3343 2230 excusationem
3361 2214 3384 2244 ,

1816 2259 1945 2321 imo
1987 2265 2051 2320 et
2079 2259 2396 2338 querelam
2440 2259 2675 2338 iustam
2718 2264 2933 2319 contra
2967 2258 3183 2334 Deum,
3222 2261 3389 2339 quod

1818 2370 1963 2413 eum
2009 2353 2084 2414 ad
2138 2353 2520 2433 peccandum
2572 2350 2913 2430 impulerit,
2976 2357 3193 2414 contra
3234 2352 3389 2415 illud

1817 2446 2217 2508 Ecclesiastici
2246 2447 2323 2506 15
2344 2461 2358 2505 :
2384 2445 2461 2511 N
2455 2463 2531 2506 on
2546 2445 2777 2508 digneris
2788 2469 2811 2504 .·
2828 2445 2953 2507 Per
2971 2445 3163 2507 Deum
3184 2446 3347 2510 abest
3362 2469 3390 2518 ,·

1819 2558 1951 2620 quoe
1974 2541 2129 2603 onim
2180 2541 2327 2615 odit,
2354 2558 2427 2601 ne
2453 2540 2674 2615 soceris
2692 2562 2719 2610 ;
2761 2555 2879 2600 non
2921 2539 3129 2601 dicas:
3152 2539 3273 2602 Ille
3298 2559 3389 2603 me

1816 2617 2219 2712 impluvium&
2239 2650 2355 2693 nou
2388 2633 2547 2695 enim
2572 2630 2902 2694 necessarii
2940 2636 3081 2692 sunt
3120 2632 3389 2696 homiues

1816 2726 1999 2804 impii
2008 2749 2033 2796 ;
2081 2743 2245 2788 omno
2268 2730 2739 2789 execramentum
2785 2725 3017 2786 erroris
3038 2725 3169 2788 odit
3195 2727 3384 2803 Deus,

1815 2823 1872 2880 et
1897 2837 2016 2880 non
2043 2820 2162 2881 erit
2185 2819 2445 2880 amabile
2482 2818 2829 2880 timentibus
2856 2835 3010 2880 eum.
3063 2818 3131 2877 ln
3160 2819 3385 2897 quihus

1816 2911 2020 2972 verbis
2042 2911 2426 2993 apertissime
2456 2910 2703 2971 videtur
2738 2911 2994 2990 Sapiens
3026 2911 3385 2990 praedictam

1817 3005 2191 3066 sententiam
2219 3003 2535 3064 damnare.
2565 3003 2883 3077 Quomodo
2911 3004 3081 3064 enim
3104 3021 3232 3064 non
3254 3023 3384 3068 me-

1814 3098 1937 3160 rito
1965 3098 2203 3161 dicetur
2230 3097 2391 3159 Deus
2411 3095 2753 3178 implanare
2780 3095 3124 3173 hominem,
3154 3097 3205 3159 si
3236 3117 3383 3163 eum

1812 3193 2067 3274 physice
2100 3200 2161 3255 et
2214 3192 2631 3254 efficacissime
2657 3190 2737 3252 ad
2768 3198 2980 3253 actum
3013 3192 3250 3254 malum
3272 3213 3381 3257 seu

1809 3286 2193 3348 voluntatem
2214 3286 2447 3347 malam
2473 3285 2889 3348 determinat?

1891 3381 1969 3440 Et
2020 3378 2427 3441 confirmatur
2476 3378 2803 3440 efficaciter
2872 3377 2953 3439 ad
3004 3376 3325 3441 hominem
3356 3397 3377 3457 3

1809 3490 1959 3533 nam
1988 3471 2263 3551 praedicti
2302 3470 2626 3549 Theologi,
2658 3488 2802 3531 cum
2842 3471 3069 3550 quibus
3095 3470 3378 3552 disputa-

1811 3584 1973 3642 mus,
2006 3567 2493 3646 interpretantur
2526 3564 2635 3626 illa
2661 3565 3017 3627 testimonia
3048 3566 3377 3647 Scripturas

1814 3660 2032 3737 (Joan.
2081 3660 2121 3719 6
2162 3660 2181 3735 )
2218 3659 2459 3723 :Nemo
2484 3664 2675 3737 potest
2724 3658 2925 3721 venire
2970 3660 3052 3721 ad
3090 3678 3204 3736 me,
3246 3662 3377 3723 nisi

1812 3753 2007 3814 Pater
2044 3769 2212 3814 meus
2248 3752 2511 3813 traoeerit
2554 3768 2709 3825 eum,
2742 3756 2837 3811 et:
2883 3753 3049 3815 Deus
3084 3758 3172 3816 est
3216 3754 3373 3815 enim

1811 3846 1916 3923 qui
1948 3849 2233 3924 operatur
2256 3845 2325 3905 in
2350 3845 2519 3907 vobis
2546 3844 2693 3906 velle
2735 3848 2793 3906 et
2831 3844 3143 3923 perficere,
3190 3851 3254 3906 et
3295 3847 3374 3907 si-

1810 3937 2009 4013 milia,
2041 3936 2205 3998 dicta
2246 3954 2377 3997 esse
2426 3937 2667 3998 ratione
2693 3936 2881 4016 hujus
2912 3936 3176 3998 efficacis
3218 3958 3373 4019 prse-

1805 4030 2381 4107 determinationis3
2433 4030 2580 4109 quia
2628 4030 2787 4090 Deus
2842 4029 2989 4090 facit
3047 4031 3369 4094 hominem

1805 4124 2049 4205 operari
2076 4122 2229 4185 tales
2260 4129 2434 4185 actus
2452 4124 2682 4201 bonos3
2712 4140 2860 4201 ergo
2888 4125 3126 4186 ratione
3150 4126 3369 4188 similis

1803 4217 2467 4299 praedeterminationis
2518 4216 2741 4277 merito
2766 4215 3009 4277 dicetur
3046 4218 3205 4279 Deus
3243 4224 3367 4281 tra·

1803 4311 1953 4373 here
1998 4310 2384 4372 voluntatem
2426 4309 2699 4371 hominis
2748 4308 2825 4369 ad
2881 4310 3113 4372 malum
3164 4312 3365 4392 objec-

1802 4409 1964 4479 tum,
1998 4401 2097 4463 vel
2126 4406 2483 4463 convertere
2516 4400 2687 4461 illam
2726 4400 2804 4461 ad
2832 4408 3177 4465 creaturam
3198 4420 3220 4481 3
3244 4403 3363 4466 hoc

1800 4502 2009 4557 autem
2034 4501 2097 4556 et
2131 4492 2292 4555 nihil
2312 4492 2481 4555 aliud
2508 4499 2599 4554 est
2624 4493 2947 4555 hominem
2986 4496 3355 4574 implanare.

1799 4588 2011 4667 Neque
2047 4587 2249 4649 solum
2288 4586 2366 4646 ad
2408 4585 2768 4660 hominem,
2811 4588 2919 4647 sed
2962 4586 3356 4667 simpliciter,

1794 4681 1976 4761 juxta
2001 4696 2221 4741 verum
2260 4696 2511 4741 sensum
2546 4678 2795 4739 illorum
2833 4679 3354 4752 testimoniorum,

1797 4774 1956 4835 sumi
2010 4779 2216 4853 potest
2262 4771 2479 4833 efficax
2538 4775 2996 4850 argumentum.
3054 4773 3211 4833 Nam
3232 4819 3253 4850 ‚
3306 4776 3358 4836 si

1797 4868 1961 4928 Deus
2006 4864 2233 4927 dicitur
2291 4864 2537 4924 trahere
2588 4862 2937 4925 voluntates
2983 4863 3310 4928 hominum
3331 4914 3353 4945 ,

1791 4960 1892 5022 vel
1948 4963 2308 5020 convertere
2342 4956 2476 5017 illas
2517 4955 2599 5016 ad
2634 4974 2700 5017 se
2752 4957 2986 5034 solum,
3023 4959 3172 5038 quia
3226 4978 3359 5022 mo-

1793 5052 2009 5114 raliter
2034 5051 2294 5112 inclinat
2332 5049 2470 5111 illas
2502 5067 2611 5129 per
2642 5056 2885 5111 sanctas
2926 5050 3359 5132 inspirationes

1795 5151 1858 5207 et
1912 5144 2273 5206 affectiones
2291 5188 2311 5218 ,
2368 5141 2678 5223 quomodo
2728 5160 2856 5203 non
2897 5144 3097 5205 multo
3158 5148 3357 5225 magis

1795 5238 1991 5299 trahit
2017 5237 2323 5298 humanas
2358 5235 2708 5296 voluntates
2734 5234 2813 5295 ad
2840 5236 3100 5313 malum,
3123 5245 3185 5298 et
3212 5257 3360 5300 con-

1794 5332 1983 5392 vertit
2039 5330 2176 5391 illas
2226 5330 2303 5390 ad
2355 5334 2701 5389 creaturam
2720 5372 2741 5403 ,
2794 5327 2845 5387 si
2900 5328 3230 5390 efficaciter
3282 5346 3355 5390 ac

1796 5422 2051 5505 physice
2087 5420 2591 5503 praedeterminat
2617 5418 2774 5495 illas,
2810 5425 2882 5479 ut
2928 5421 3005 5479 ad
3042 5419 3357 5485 sensibilia

1795 5516 1963 5578 bona
1992 5522 2053 5577 et
2083 5515 2395 5595 prohibita
2422 5513 2741 5573 ferantur?

3004 5620 3037 5684 7
