3850 6225
801 387 970 451 sec‘r.
1007 390 1066 451 n.
1105 398 1187 451 AN
1222 390 1595 452 Necessitas
1627 391 1714 455 Ex
1749 390 2189 455 surrosrnonr.
2223 404 2343 455 vm.
2380 395 2619 465 numm,
2651 392 2785 453 mc.

163 513 316 555 rum
362 498 642 559 valorem
672 517 745 560 ac
773 499 1139 578 dignitatem
1169 500 1440 579 respicit,
1487 520 1616 563 non
1653 508 1740 563 ta·

163 608 322 649 men
355 591 502 669 quia
539 610 616 651 ex
653 592 862 654 debito
888 594 1142 672 justitiae
1175 593 1326 655 illud
1353 594 1596 669 reddat,
1631 596 1744 658 sed

168 684 374 745 solius
426 684 778 759 fidelitatis,
831 687 977 766 quia
1023 688 1110 748 ita
1153 689 1466 768 promisit,
1517 696 1579 750 et
1623 690 1739 751 suh

165 776 556 839 conditione.

253 871 360 931 43.
413 870 773 935 Occurritur
802 874 1086 937 evasioni.
1117 909 1199 921 —
1229 876 1350 937 Sed
1381 882 1598 937 contra
1643 881 1738 937 est

161 961 382 1038 primo
411 965 759 1043 proprietas
787 968 1122 1029 verborum
1158 970 1444 1031 mercedis
1469 976 1530 1031 et
1543 968 1738 1049 justi-

167 1056 316 1130 tz‘oe,
371 1076 514 1136 quse
562 1059 624 1117 in
665 1060 870 1141 rigore
915 1061 1194 1123 debitum
1228 1061 1482 1140 justitiae
1528 1062 1736 1142 requi-

167 1154 346 1210 runt.
388 1150 764 1227 Praesertim,
789 1154 933 1232 quia
955 1154 1091 1235 ipsa
1119 1155 1434 1235 Scriptura
1463 1154 1740 1216 declarat

169 1242 371 1303 talem
393 1262 532 1305 esse
562 1245 726 1306 hanc
749 1247 1076 1325 justitiam,
1104 1248 1273 1328 quod
1298 1249 1348 1309 si
1376 1249 1546 1309 illam
1570 1250 1739 1310 Deus

165 1354 304 1396 non
341 1344 642 1411 servaret,
684 1339 843 1401 foret
881 1341 1173 1422 injustus,
1223 1348 1293 1403 ut
1331 1343 1412 1403 ad
1453 1343 1610 1404 Heb.
1657 1344 1734 1403 6:

161 1428 320 1493 Non
347 1437 443 1493 est
469 1432 741 1513 injustus
769 1434 956 1508 Dea-5,
995 1439 1068 1498 ut
1113 1435 1502 1499 obliviscatur
1545 1437 1742 1517 operis

163 1522 387 1585 vestri.
408 1524 586 1587 Unde
604 1526 988 1607 Augustinus
994 1573 1015 1603 ,
1041 1529 1081 1588 l.
1103 1531 1140 1591 5
1161 1535 1326 1589 cont.
1350 1530 1609 1597 Julian..
1632 1548 1744 1589 au-

167 1633 278 1675 sus
325 1624 422 1677 est
451 1617 696 1680 dicere:
727 1623 888 1684 Deus
925 1623 1054 1701 ipse
1083 1623 1262 1703 (quod
1288 1624 1468 1703 absit)
1497 1625 1616 1687 erit
1651 1624 1744 1684 in-

147 1710 404 1785 justus,
433 1710 491 1775 si
519 1714 601 1777 ad
619 1715 752 1793 ejus
774 1732 1021 1795 reynum
1052 1732 1228 1778 verus
1254 1733 1372 1777 non
1395 1716 1743 1779 admittitur

149 1800 422 1878 justum
454 1806 614 1867 etde
643 1808 858 1867 Natur.
891 1812 952 1867 et
977 1814 1164 1885 grat.,
1205 1827 1342 1887 cap.
1373 1811 1412 1869 2
1439 1824 1454 1867 :
1477 1808 1625 1873 Non
1655 1815 1744 1872 est

167 1894 426 1975 (inquit)
457 1898 728 1977 injustus
752 1902 937 1975 Deus,
959 1902 1066 1982 qui
1077 1901 1289 1981 justos
1318 1903 1564 1975 fraudet
1591 1922 1745 1965 mer-

163 1991 304 2051 cede
317 1992 614 2069 justitiae.
645 1994 720 2054 Et
757 1994 875 2054 hoc
905 1994 1096 2055 etiam
1133 1995 1442 2075 significat
1468 1996 1743 2073 Scriptu-

163 2100 264 2155 ra,
299 2085 559 2161 quando
588 2086 1001 2149 redditionem
1029 2090 1216 2168 hujus
1247 2089 1434 2150 debiti
1466 2108 1579 2151 seu
1601 2108 1742 2168 pro-

163 2176 347 2235 missi
382 2179 650 2257 explicat
676 2198 791 2259 per
825 2182 1084 2242 modum
1123 2182 1276 2262 justi
1310 2182 1551 2261 judicii,
1595 2184 1634 2241 2
1661 2182 1742 2243 ad

161 2270 446 2331 Timoth.
483 2276 510 2333 1
540 2290 553 2332 :
594 2272 806 2337 Certus
833 2293 968 2337 sum
1006 2278 1147 2356 quia
1167 2280 1380 2357 potens
1403 2281 1492 2337 est
1511 2274 1742 2357 deposi-

163 2368 302 2425 tum
329 2383 524 2427 meum
554 2386 797 2431 servare
823 2372 890 2431 in
919 2370 1097 2431 illum
1126 2370 1280 2431 diem
1287 2370 1503 2449 justus
1512 2369 1737 2448 judea&

166 2474 242 2515 ac
299 2460 516 2532 etiam,
569 2480 708 2540 cap.
741 2464 816 2524 4:
876 2462 1065 2537 Quam
1103 2464 1307 2526 reddet
1342 2462 1492 2525 milti
1530 2462 1740 2524 Domi·

165 2568 290 2611 nus
330 2551 404 2611 in
435 2552 550 2615 illa
581 2552 690 2629 die,
711 2555 930 2633 justus
953 2556 1168 2635 judea.
1209 2556 1490 2635 Denique
1518 2554 1734 2617 Matth.

167 2645 276 2716 25,
309 2643 504 2706 finale
536 2646 844 2725 judicium
881 2648 1000 2708 sub
1043 2648 1158 2709 hac
1207 2647 1406 2709 torma
1445 2648 1740 2710 describi-

167 2743 296 2797 tur.
334 2740 517 2801 Unde
549 2748 644 2801 est
669 2742 774 2802 illa
803 2744 1110 2803 sententia
1151 2743 1416 2813 Paulin„
1449 2742 1514 2803 in
1561 2742 1737 2821 epist.

169 2830 255 2889 ad
287 2833 541 2895 Victric.
567 2850 583 2894 :
609 2835 884 2897 Teanam
908 2836 1019 2899 tibi
1039 2836 1299 2916 proemia
1321 2855 1381 2899 se
1405 2836 1601 2899 debere
1619 2838 1747 2898 vir-

167 2930 376 2986 tutum
402 2928 618 3005 justus
634 2928 830 3007 judea·
853 2931 1147 3009 aynoscit.
1180 2930 1514 3008 Propterea
1536 2928 1617 2988 ad
1645 2948 1746 2991 ex-

169 3018 542 3095 plicandum
577 3022 694 3082 hoc
724 3021 1027 3097 debitum,
1071 3022 1156 3084 ait
1189 3024 1504 3103 Scriptura
1542 3025 1744 3083 Deum

167 3110 234 3169 in
259 3113 384 3172 hac
400 3113 570 3190 justa
595 3115 943 3176 redditione
967 3116 1275 3178 mercedis
1296 3135 1424 3177 non
1444 3135 1582 3178 esse
1605 3135 1746 3195 per-

169 3223 486 3266 sonarum
526 3214 942 3287 acceptorem,
989 3209 1069 3269 ad
1103 3212 1276 3270 Rom.
1311 3212 1372 3284 2,
1405 3208 1486 3270 ad
1511 3209 1644 3271 Gal.
1679 3211 1741 3283 2,

169 3303 234 3358 et
271 3303 296 3358 1
341 3300 506 3360 Petri
535 3304 594 3372 1,
634 3301 803 3378 quod
829 3302 1044 3362 vitium
1080 3303 1334 3380 justitiae
1383 3302 1742 3381 opponitur,

167 3399 230 3453 et
265 3393 328 3450 in
355 3392 609 3471 judiciis
636 3394 879 3474 injustis
909 3395 1116 3455 locum
1142 3395 1352 3468 hahet,
1387 3401 1455 3455 ut
1476 3394 1742 3472 explicat

165 3489 243 3546 D.
280 3489 556 3548 'Thomas
584 3489 644 3547 2.
667 3491 729 3558 2,
755 3491 972 3566 quaest.
1006 3490 1107 3562 63,
1141 3495 1258 3550 art.
1289 3492 1315 3548 1
1355 3496 1416 3551 et
1443 3491 1502 3549 4.
1535 3490 1742 3550 Potest

167 3587 394 3640 tamen
423 3579 646 3660 aliquis
673 3581 805 3642 haec
837 3581 1026 3642 etiam
1065 3582 1373 3661 explicare
1415 3581 1494 3642 de
1531 3582 1740 3643 debito

166 3675 370 3734 solius
402 3674 736 3750 fidelitatis,
761 3694 920 3754 quae,
950 3681 1259 3754 quatenus
1287 3694 1433 3754 pars
1455 3677 1740 3754 quaedam

165 3768 536 3848 potentialis
555 3769 832 3848 justitiae,
858 3770 1016 3830 solet
1041 3770 1354 3832 interdum
1377 3772 1614 3850 justitia
1639 3789 1744 3831 vo-

169 3863 328 3933 cari,
373 3867 436 3922 et
463 3864 546 3922 ita
583 3881 738 3942 opus
771 3863 908 3942 ejus
950 3863 1173 3925 dicitur
1209 3865 1335 3926 late
1378 3883 1536 3943 opus
1567 3865 1744 3944 justi-

169 3956 274 4017 tiae
289 4002 312 4032 ‚
371 3962 434 4016 et
494 3957 940 4036 proportionali
995 3959 1237 4018 ratione
1301 3977 1378 4018 ex
1434 3958 1742 4018 contrario

170 4069 374 4129 opere
428 4049 667 4110 dicetur
733 4052 873 4130 quis
929 4051 1216 4130 injustus
1271 4053 1742 4124 Veruntamen,

169 4162 322 4202 cum
375 4144 691 4222 Scriptura
739 4163 917 4204 sacra
955 4151 1045 4206 tot
1087 4145 1262 4218 lociS,
1297 4163 1434 4224 quae
1475 4143 1746 4224 plurima

169 4243 348 4298 certe
387 4243 552 4310 sunt,
587 4237 774 4298 variis
803 4239 1059 4298 vocibus
1089 4257 1162 4298 ac
1202 4237 1498 4317 loquendi
1543 4237 1746 4298 modis

171 4336 416 4404 utatur,
467 4349 606 4410 quae
649 4331 712 4390 in
763 4331 1142 4410 proprietate
1180 4330 1494 4392 intellecta
1531 4349 1747 4392 veram

170 4444 248 4484 ac
281 4423 602 4502 propriam
625 4425 930 4503 justitiam
967 4425 1307 4498 continent,
1338 4443 1467 4485 non
1495 4430 1591 4484 est
1637 4443 1749 4484 cur

171 4516 260 4577 ad
287 4519 754 4596 metaphoricos
779 4521 842 4578 et
869 4518 1242 4598 improprios
1269 4536 1490 4578 sensus
1537 4535 1748 4598 rec-ur-

170 4629 420 4684 ramus,
452 4628 594 4670 cum
628 4611 962 4672 necessarii
1005 4628 1132 4671 non
1161 4610 1306 4684 sint,
1339 4628 1568 4688 neque,
1599 4627 1744 4670 con-

171 4704 470 4764 sideratis
516 4703 804 4764 omnihus
849 4704 1326 4766 circumstantiis
1370 4702 1747 4765 testimonio-

173 4816 344 4870 rum,
375 4797 616 4878 possint
642 4798 1018 4859 satisfacere.

253 4893 358 4951 44.
407 4891 670 4954 Ratione
731 4892 1052 4954 roboratur
1088 4895 1304 4954 nostra
1347 4890 1627 4952 assertio.
1667 4920 1749 4934 —

173 4985 351 5057 Quod
384 4983 640 5046 tandem
667 4985 786 5044 hac
816 4984 1055 5045 ratione
1093 4982 1365 5058 declam,
1400 4983 1660 5044 fundata
1684 4981 1748 5040 in

171 5078 550 5140 testimoniis
593 5077 766 5140 Pauli
807 5083 867 5138 et
911 5075 1163 5138 Concilii
1205 5075 1570 5148 Tridentini,
1612 5092 1749 5154 quae

171 5173 344 5254 apud
374 5190 478 5232 me
509 5172 730 5232 efficax
758 5171 906 5232 satis
931 5177 1062 5242 est3
1107 5187 1256 5230 nam
1285 5169 1565 5230 debitum
1603 5186 1750 5247 pro-

172 5266 492 5326 missionis
520 5263 837 5343 simpliciS,
861 5281 1000 5342 quae
1023 5263 1156 5322 sola
1173 5262 1430 5322 veritate
1461 5279 1573 5321 seu
1596 5260 1747 5321 fide-

173 5360 344 5421 litate
375 5357 794 5438 promittentis
822 5357 1059 5431 nititur,
1110 5374 1239 5416 non
1285 5354 1558 5416 excludit
1597 5353 1750 5433 quin

175 5452 410 5514 donum
463 5452 552 5512 sic
594 5451 810 5512 datum
839 5456 918 5511 sit
961 5449 1322 5529 simpliciter
1368 5446 1744 5527 gratuitum,

177 5546 288 5610 sed
313 5548 434 5608 hoc
466 5546 745 5608 debitum
780 5544 1058 5624 justitiae,
1103 5543 1272 5624 quod
1299 5543 1492 5604 oritur
1523 5560 1599 5602 ex
1635 5541 1754 5602 hac

1822 504 2239 581 promissione
2282 524 2420 583 quae
2462 504 2738 564 continet
2780 506 3057 581 pactum,
3094 501 3395 562 conditio·

1821 616 1902 657 ne
1934 598 2177 676 expleta
2208 598 2395 659 efficit
2424 603 2492 657 ut
2517 598 2637 657 tale
2670 596 2906 656 donum
2950 594 3037 653 sic
3080 594 3395 655 redditum

1820 709 1947 750 non
1974 692 2050 752 sit
2078 692 2417 769 gratuItum
2449 690 2511 749 in
2544 708 2610 749 se
2653 708 2726 749 ae
2756 687 3121 759 formaliter,
3150 691 3213 747 et
3240 705 3395 766 qua-

1819 788 2002 844 tenus
2032 785 2119 846 sic
2144 782 2488 854 redditum;
2514 801 2663 861 ergo
2684 780 2807 841 tale
2836 780 3111 841 debitum
3140 780 3393 841 alterius

1817 876 2075 937 rationis
2104 882 2197 937 est
2224 895 2261 935 a
2291 876 2501 936 debito
2527 874 2843 935 fidelitatis
2868 892 2883 947 ;
2928 872 3098 951 quod
3125 892 3253 932 non
3282 890 3397 953 po-

1817 977 1937 1031 test
1968 989 2104 1031 esse
2143 971 2264 1031 nisi
2292 970 2571 1031 debitum
2592 969 2871 1047 justitiae.

1901 1063 2153 1127 Collatio
2186 1064 2327 1127 doni
2354 1062 2552 1144 qratia
2569 1062 2866 1143 promissi
2888 1062 3161 1125 liberalis
3181 1067 3291 1123 est.
3317 1092 3392 1107 -

1819 1160 2019 1239 Major
2046 1164 2309 1233 constat,
2342 1164 2479 1218 tum
2508 1158 2769 1229 ratione,
2798 1158 2967 1234 quia,
3002 1157 3052 1217 si
3086 1157 3221 1235 ipsa
3251 1173 3395 1234 pro-

1821 1252 2035 1313 missio
2068 1251 2321 1312 omnino
2350 1250 2625 1311 liberalis
2650 1256 2765 1322 est,
2793 1256 2853 1311 et
2879 1268 2955 1311 ex
2980 1248 3087 1309 illa
3116 1268 3243 1309 non
3274 1248 3398 1308 ori-

1821 1349 1924 1406 tur
1972 1345 2266 1425 obligatio
2308 1344 2583 1425 justitiae‚
2640 1342 2794 1403 nihil
2844 1342 3180 1403 intervenit
3224 1340 3397 1420 quod

1824 1439 2089 1519 gratiam
2113 1444 2175 1499 et
2194 1436 2631 1498 liberalitatem
2648 1435 2937 1497 excludat
2966 1434 3225 1495 abillius
3256 1452 3396 1495 exe-

1824 1532 2114 1604 cutione;
2160 1535 2295 1592 tum
2327 1531 2513 1592 etiam
2548 1528 2870 1607 exemplis,
2906 1528 3055 1600 Quis
3095 1528 3261 1589 enim
3302 1527 3397 1587 di·-

1824 1632 1945 1699 cat,
1996 1624 2249 1703 quando
2296 1624 2477 1684 nobis
2516 1624 2686 1683 Deus
2725 1623 2897 1684 dedit
2931 1622 3157 1683 Filium
3186 1639 3393 1695 suum,
3488 1684 3507 1701 .

1825 1738 1953 1779 non
1982 1738 2059 1779 ex
2080 1718 2279 1798 gratia
2309 1723 2369 1778 et
2394 1716 2765 1778 liberalitate
2801 1716 3093 1789 donasse,
3126 1734 3201 1777 eo
3226 1715 3396 1794 quod

1824 1812 1999 1873 illum
2034 1812 2207 1890 prius
2236 1811 2417 1873 nobis
2448 1811 2855 1890 promiserat?
2875 1812 3031 1871 Item
3057 1812 3223 1870 Deus
3252 1826 3397 1888 pro-

1823 1906 2008 1967 mittit
2033 1905 2459 1967 haereditatem
2482 1904 2689 1983 justiS‚
2720 1921 2859 1981 quae
2891 1904 3219 1982 promissio
3243 1920 3397 1981 prae-

1823 2000 1948 2061 eise
1976 2004 2222 2077 sumpta
2243 2018 2372 2059 non
2394 1998 2666 2059 excludit
2678 1997 2987 2057 rationem
3010 1997 3245 2077 gratiae,
3278 1995 3395 2055 suh

1824 2112 1947 2173 qua
1973 2092 2496 2167 consideratione,
2526 2097 2592 2151 ut
2624 2091 2829 2151 statim
2856 2090 3084 2160 dicam,
3110 2090 3243 2168 ipsa
3267 2088 3395 2150 vita

1822 2192 2057 2247 aeterna
2088 2185 2312 2246 dicitur
2336 2184 2559 2264 gratia,
2586 2184 2767 2263 juxta
2785 2183 3175 2263 probabilem
3204 2201 3396 2261 expo-

1822 2280 2136 2341 sitionem.
2172 2277 2527 2350 Quinimmo
2560 2276 2748 2347 addo,
2806 2276 2993 2337 etiam
3035 2275 3394 2355 promissio-

1819 2390 1970 2433 nem
2009 2371 2125 2432 sub
2169 2370 2525 2431 conditione
2564 2370 2825 2449 alicujus
2864 2370 3069 2447 operis
3112 2368 3393 2447 requisiti

1822 2464 2027 2525 solum
2058 2483 2135 2524 ex
2168 2463 2447 2542 quadam
2479 2462 2791 2535 decentia,
2836 2463 2933 2523 vel
2960 2462 3390 2542 dispositione,

1823 2564 1886 2618 et
1913 2576 2041 2617 non
2072 2556 2215 2635 quia
2252 2557 2314 2616 in
2340 2574 2415 2617 eo
2450 2555 2803 2616 inveniatur
2830 2561 2939 2617 aut
2966 2555 3397 2616 consideretur

1823 2652 2019 2723 valor,
2054 2668 2242 2729 quem
2272 2649 2590 2711 moraliter
2612 2650 2847 2710 habere
2879 2656 3085 2727 potest
3105 2654 3394 2728 respectu

1829 2744 2083 2804 alterius
2126 2742 2456 2813 mercediS,
2482 2742 2582 2801 vel
2612 2742 2870 2821 praemii,
2902 2761 3031 2803 non
3061 2742 3394 2827 excludere

1827 2837 1978 2915 quin
2010 2836 2253 2896 collatio
2296 2835 2444 2896 doni
2474 2835 2783 2914 promissi,
2829 2836 3018 2897 etiam
3047 2836 3152 2896 tali
3182 2835 3396 2897 condi-

1825 2930 1993 2990 tione
2018 2928 2243 3007 posita,
2274 2929 2351 2988 sit
2380 2927 2740 3006 simpliciter
2758 2928 3052 3000 liberalis,
3082 2928 3167 2989 ita
3190 2933 3261 2988 ut
3288 2928 3396 2987 do-

1825 3041 1979 3082 num
1998 3022 2075 3081 sit
2092 3023 2467 3100 gratuitum;
2497 3022 2641 3099 quia
2670 3022 2791 3081 tale
2818 3040 2975 3101 opus
3002 3041 3131 3081 non
3162 3028 3255 3083 est
3274 3020 3396 3081 suf-

1823 3117 2042 3176 ficiens
2068 3115 2149 3176 ad
2174 3115 2566 3176 fundandam
2588 3116 2927 3194 justitiam3
2963 3115 3103 3178 ideo
3123 3134 3253 3176 nou
3289 3133 3397 3175 ex-

1827 3207 2019 3270 cludit
2047 3208 2332 3287 gratiam.

1907 3303 2009 3362 45.
2044 3301 2369 3383 Exempli-5
2396 3300 2775 3366 illustratur.
2809 3334 2890 3349 —
2908 3303 3151 3382 Duplex
3168 3302 3247 3363 de
3275 3302 3395 3362 hac

1821 3413 1890 3456 re
1920 3394 2228 3456 habemus
2267 3394 2333 3454 in
2355 3395 2673 3474 Scriptura
2704 3396 3085 3476 exemplum.
3120 3396 3397 3457 Primum

1825 3494 1918 3550 est
1948 3488 2027 3548 de
2056 3489 2465 3567 promissione
2496 3489 2881 3550 remissionis
2918 3489 3155 3569 peccati
3184 3495 3245 3550 et
3271 3491 3398 3568 pri-

1821 3601 1941 3642 mae
1970 3580 2183 3662 gratiae
2210 3580 2372 3640 facta
2403 3583 2835 3660 peccatoribus
2856 3583 2973 3643 sub
2998 3601 3073 3644 ea
3090 3582 3397 3643 conditio-

1823 3693 1940 3736 ne:
1974 3673 2037 3735 si
2066 3691 2281 3734 veram
2304 3675 2740 3754 poenitentiam
2759 3682 2970 3754 agant,
3002 3694 3141 3754 quae
3164 3676 3398 3754 passim

1825 3768 1886 3828 in
1908 3767 2240 3846 Scripturis
2272 3768 2573 3842 habetur3
2610 3774 2673 3830 et
2698 3773 2934 3841 tamen,
2965 3770 3069 3830 illa
3100 3789 3228 3832 non
3256 3770 3401 3831 obs-

1823 3868 2017 3934 tante,
2053 3861 2471 3923 certissimum
2502 3867 2597 3922 est
2627 3868 2688 3922 et
2716 3863 3149 3924 remissionem
3177 3881 3401 3942 pecca—

1824 3955 1867 4016 ti
1904 3961 1967 4016 et
1993 3955 2373 4015 infusionem
2404 3956 2619 4034 primae
2667 3956 2883 4035 gratias
2930 3975 3069 4018 esse
3108 3957 3401 4035 simplici-

1825 4054 1922 4110 ter
1952 4050 2239 4129 gratiam,
2286 4048 2348 4108 id
2396 4054 2510 4124 est,
2563 4051 2898 4126 gratuitum
2926 4051 3183 4112 donum.
3222 4050 3401 4121 Quod

1827 4148 2041 4204 autem
2060 4142 2315 4220 quidam
2344 4143 2539 4216 aiunt,
2566 4142 2737 4202 illam
2763 4143 3240 4222 promissionem
3262 4162 3401 4222 gra-

1827 4237 1950 4309 tioe,
1998 4253 2137 4314 quse
2182 4234 2253 4296 fit
2295 4235 2629 4314 peccatori,
2675 4235 2725 4296 si
2768 4237 3198 4315 poenitentiam
3226 4244 3397 4316 agat,

1829 4347 1959 4388 non
1990 4346 2127 4388 esse
2152 4327 2469 4406 propi-iam
2494 4329 2973 4407 promissionem
3000 4331 3099 4391 vel
3120 4336 3395 4409 pactum,

1829 4420 1941 4481 sed
1969 4420 2381 4480 assertionem
2402 4420 2492 4480 rei
2523 4427 2692 4482 certo
2717 4421 2966 4499 futurae,
3000 4429 3069 4484 ut
3090 4423 3275 4484 homo
3302 4441 3403 4482 se·-

1831 4531 2019 4574 curus
2046 4513 2347 4574 reddatur
2370 4513 2567 4574 veniae
2593 4513 2971 4590 obtinendae,
3005 4517 3055 4576 si
3078 4517 3400 4595 -poeniten-

1831 4607 1979 4668 tiam
2011 4607 2242 4687 egerit,
2294 4607 2415 4668 hoc
2464 4607 2768 4686 (inquam)
2820 4614 2983 4669 stare
3026 4628 3155 4670 non
3197 4616 3403 4689 potest

1831 4719 1975 4762 cum
2006 4701 2293 4779 superius
2324 4700 2537 4773 dictis;
2570 4701 2744 4762 nulla
2773 4703 2937 4762 enim
2961 4704 3289 4781 promissio
3314 4705 3402 4765 di-

1831 4796 1974 4856 vina
2016 4795 2188 4856 aliud
2216 4801 2308 4855 est
2343 4811 2537 4872 quam
2579 4798 2837 4856 assertio
2866 4797 2960 4858 rei
2986 4797 3228 4868 futurae,
3273 4817 3403 4860 non

1833 4889 2311 4968 cujuscumque,
2344 4887 2457 4948 sed
2486 4906 2625 4967 quae
2655 4889 2730 4950 sit
2756 4889 3133 4951 beneficium
3153 4891 3235 4952 ab
3263 4892 3400 4970 ipso

1828 4983 1959 5042 Deo
1990 4980 2451 5060 praestandum3
2496 4999 2637 5060 quae
2668 4984 2928 5044 assertio
2959 4984 3273 5045 interdum
3308 4992 3403 5046 est

1829 5075 2135 5148 absoluta,
2183 5073 2497 5136 interdum
2544 5074 2661 5136 sub
2700 5075 3091 5149 conditione;
3146 5083 3230 5150 et,
3272 5079 3401 5138 sive

1829 5167 1908 5228 sit
1932 5173 2207 5246 pactum,
2255 5167 2383 5227 sive
2424 5185 2575 5240 non,
2617 5186 2938 5246 nunquam
2978 5170 3157 5230 aliter
3188 5189 3224 5230 a
3270 5171 3401 5232 Deo

1829 5261 1933 5334 fit,
1983 5278 2174 5339 quam
2227 5260 2597 5340 explicando
2655 5260 2975 5322 definitam
3017 5263 3404 5324 voluntatem

1832 5371 2035 5428 suam,
2080 5352 2181 5414 vel
2208 5353 2580 5427 absolutam,
2610 5354 2711 5414 vel
2736 5354 2855 5416 sub
2884 5354 2989 5415 tali
3020 5356 3397 5417 conditione.

1833 5447 2025 5525 Igitur
2056 5465 2131 5506 ex
2160 5447 2277 5507 hac
2301 5452 2501 5526 parte,
2532 5465 2644 5507 seu
2664 5465 2740 5507 ex
2763 5446 2951 5508 modo
2976 5449 3399 5526 promittendi,

1834 5559 1964 5600 non
2006 5540 2316 5602 constituo
2363 5540 2778 5602 differentiam
2806 5542 2970 5602 inter
2999 5543 3111 5602 has
3136 5541 3405 5622 promis-
