3850 6225
587 663 1087 814 INDEX
1180 662 1854 809 CAPITUM
1954 667 2368 808 LIBRI
2454 663 2950 809 PRIMI.

175 953 277 1027 DE
324 953 819 1030 NECESSARIA
864 955 1423 1031 DEPENDENTIA
1480 957 1705 1039 QUAM
1763 958 2123 1032 LIBERUM
2169 955 2607 1032 ARBITRIUM
2653 956 2921 1030 HABET
2965 961 3018 1030 A
3067 958 3226 1032 DEO
3273 959 3376 1032 UT

482 1093 741 1169 CAUSA
784 1095 1061 1181 PRIMA,
1111 1093 1455 1176 EJUSQUE
1504 1095 2208 1170 DETERMINATIONE
2257 1094 2418 1169 VEL
2464 1093 3065 1172 PRAEFINITIONE.

171 1557 335 1631 Cn.
392 1557 449 1630 Ι.
508 1555 709 1646 Quod
760 1554 1049 1628 humani
1099 1554 1380 1629 arbitrii
1442 1554 1727 1630 libertas
1902 1552 2678 1652 praedetcrminationis,
2731 1553 2883 1628 tolli
2933 1579 3073 1629 non
3121 1560 3374 1655 aqendi

268 1679 824 1779 indifferentiam
902 1677 981 1752 in
1044 1681 1401 1776 operando
1486 1678 1725 1778 requi·
1908 1678 2299 1754 libertatem
2347 1702 2472 1752 seu
2531 1676 3088 1776 indifferentiam
3144 1686 3376 1781 quoad

269 1819 407 1880 rat.
1904 1801 2522 1899 specificationem.

171 1930 335 2004 Cu»,
401 1929 491 2004 II.
561 1927 1050 2003 Excluduntur
1109 1927 1245 2002 duo
1294 1927 1465 2026 falsi
1536 1928 1729 2003 modi
1809 1925 1973 2000 Cn.
2010 1925 2098 2000 X.
2131 1924 2512 2025 Physicam
2535 1927 3364 2023 praedeterminationem,

266 2053 671 2152 explicandi
733 2052 1289 2151 indifferentiam
1356 2052 1721 2128 libertatis,
1904 2073 2038 2146 per
2083 2050 2400 2148 aliquam
2436 2074 2590 2124 rem
2633 2051 2977 2126 voluntati
3027 2053 3374 2131 inhaeren-

168 2179 332 2252 CAP.
380 2179 505 2251 111.
566 2177 747 2252 Vera
800 2177 1283 2275 indifferentia
1344 2176 1722 2264 libertatis,
1912 2187 2074 2258 tem,
2107 2197 2272 2246 cum
2298 2197 2430 2245 usu
2461 2172 2678 2248 libero
2705 2175 2938 2273 quoad
2963 2178 3376 2254 exercitium

268 2302 547 2399 ejusque
584 2315 863 2400 recepta
900 2301 1213 2400 definitio
1249 2302 1643 2398 exponitur.
1908 2321 2249 2396 puqnare.

166 2427 335 2502 Cn.
389 2427 506 2501 lv.
565 2423 861 2501 Omnem
917 2425 1262 2500 actionem
1304 2425 1722 2512 voluntatis,
1810 2421 1974 2496 (lu).
2007 2422 2133 2496 XI.
2167 2418 2549 2495 Solvuntur
2569 2422 2922 2498 nonnulloe
2953 2425 3375 2522 objectiones

271 2551 547 2624 tametsi
599 2550 920 2635 liberam,
968 2550 1371 2624 immediate
1426 2552 1728 2646 pendere
1908 2560 2156 2621 contra
2181 2544 2578 2618 doctrinam
2601 2551 3148 2643 praecedentium
3181 2553 3376 2650 capi-

271 2697 317 2746 a
347 2671 495 2746 Deo
530 2685 607 2745 ut
636 2665 875 2770 prima
890 2697 1143 2758 causa,
1184 2688 1265 2747 ut
1300 2673 1555 2772 pendet
1590 2698 1734 2747 om-
1916 2684 2086 2743 tum.

269 2795 381 2870 nis
405 2797 591 2870 actio
624 2821 855 2871 cau-sce
878 2798 1225 2871 secundae.
1814 2795 1978 2869 Cn.
2021 2794 2177 2867 XII.
2220 2792 2382 2866 Non
2435 2791 2670 2865 minus
2722 2795 3056 2894 impediri
3091 2799 3379 2899 indiffe-

165 2923 332 2997 Cn.
369 2921 452 2994 V.
518 2921 639 2994 An
672 2935 931 3018 proeter
973 2945 1384 2995 concursum
1436 2921 1573 2996 Dei
1606 2921 1737 2996 im-
1910 2916 2217 2990 rentiam
2251 2915 2593 2990 libertatis
2641 2942 2769 3013 per
2796 2920 3160 3019 physicam
3200 2949 3379 3020 prae-

269 3044 653 3119 mediatum
720 3044 793 3119 in
856 3045 1179 3144 effectum
1258 3060 1327 3121 et
1386 3045 1733 3121 actionem
1910 3040 2564 3117 determinationem
2592 3064 2681 3115 ex
2705 3067 2918 3119 causa
2949 3047 3367 3136 extrinseca,

271 3194 499 3243 causae
534 3170 881 3255 secundae,
922 3170 1016 3244 sit
1062 3170 1493 3246 necessarius
1550 3170 1733 3245 alius
1910 3192 2124 3266 quam
2158 3192 2245 3241 ex
2271 3167 2648 3242 inhaerente
2672 3172 3155 3266 praemotionc.

270 3294 583 3392 influxus
633 3294 709 3367 in
754 3293 985 3400 ipsam
1019 3320 1349 3382 causam,·
1388 3311 1456 3369 et
1512 3297 1733 3394 refer-
1810 3293 1976 3369 Cn.
2015 3292 2204 3366 XIII.
2247 3291 2428 3366 Tolli
2466 3292 2858 3367 libertatem
2901 3297 3132 3393 quoad
3175 3321 3374 3371 exer-

274 3430 387 3489 tur
409 3416 753 3491 sententia
791 3418 1185 3515 affirmans.
1909 3415 2156 3490 citium
2201 3440 2330 3513 per
2383 3416 2746 3515 physicam
2796 3420 3378 3517 praedetermina-

168 3540 338 3616 cn».
377 3542 493 3616 vl.
530 3540 834 3617 Causam
867 3542 1175 3640 primam
1198 3543 1378 3619 nihil
1412 3524 1735 3619 necessass-
1915 3540 2176 3615 tionem
2201 3564 2290 3615 ea·
2312 3541 2664 3616 voluntate
2691 3540 2824 3615 Dei
2855 3545 3270 3619 extrinseca.

270 3665 381 3739 rio
427 3665 725 3763 influere
778 3664 855 3739 in
900 3669 1305 3755 secundam,
1346 3694 1435 3743 ea:
1486 3669 1558 3743 vi
1614 3695 1735 3743 su-
1812 3666 1979 3740 Cn.
2035 3665 2216 3739 xlv.
2299 3662 2655 3754 Quomodo
2719 3690 3093 3741 concursus
3149 3694 3377 3744 causae

274 3789 781 3863 bordinationis
863 3791 1251 3866 essentialis
1315 3816 1543 3867 causae
1618 3816 1737 3866 se-
1912 3787 2168 3887 primae
2214 3789 2308 3862 ad
2344 3802 2541 3863 actus
2598 3788 2850 3864 liberos
2900 3792 3223 3867 humanae
3248 3818 3376 3869 vo-

272 3914 519 3989 cundoe
572 3913 666 3989 ad
734 3912 1067 4011 primam,
1144 3940 1279 4015 quo
1345 3916 1549 3991 illam
1636 3918 1732 3991 ad
1917 3913 2208 3988 luntatis
2253 3912 2403 3987 sine
2461 3913 2754 4013 physica
2797 3916 3374 4012 proedetermina-

274 4040 623 4138 a9endum
639 4038 873 4136 juvat.
1916 4039 2100 4113 tione
2128 4038 2488 4113 consistat.

169 4166 337 4241 Cn.
398 4164 549 4239 vll.
596 4160 901 4238 Causam
935 4165 1315 4239 secundam
1369 4188 1511 4239 non
1546 4163 1733 4239 indi·
1811 4163 1978 4239 Cn.
2031 4164 2180 4239 XV.
2222 4160 2601 4238 Solvuntur
2635 4163 3058 4262 objectiones
3107 4166 3378 4265 aliquot

274 4313 436 4386 qere
497 4286 765 4386 proevia
848 4288 1425 4365 determinatione
1506 4312 1736 4363 causae
1912 4302 2160 4361 contra
2179 4286 2616 4384 superiorem
2650 4288 3072 4363 doctrinam.

272 4410 523 4509 primoe
566 4412 662 4485 ad
710 4409 1061 4485 actionem
1108 4436 1334 4487 suam.
1813 4410 1978 4485 Cu».
2036 4410 2218 4483 XVI.
2269 4406 2580 4483 Solvitur
2609 4410 2755 4485 alia
2787 4412 3108 4509 objectiO,
3145 4428 3214 4487 et
3248 4415 3378 4488 de—

172 4536 341 4609 Cn.
394 4534 579 4609 vm.
648 4532 1089 4609 Voluntatem
1151 4549 1462 4610 creatam
1514 4535 1598 4609 ob
1657 4532 1736 4607 li·
1915 4532 2231 4607 claratur
2256 4557 2348 4606 an
2382 4533 2586 4608 liberi
2619 4549 2817 4609 actus
2843 4538 3113 4633 possint
3143 4564 3188 4613 a
3226 4538 3374 4613 Deo

276 4658 614 4732 ber-tatem
656 4682 857 4731 suam
901 4682 1043 4733 non
1088 4657 1401 4757 indiqere
1444 4658 1737 4759 physica
1911 4658 2369 4758 proedefiniri.

275 4797 346 4856 et
408 4782 788 4857 inhoercnte
861 4782 1586 4879 proedeterminatione
1661 4797 1739 4857 ut
1816 4784 1982 4858 Cn».
2037 4784 2252 4858 xvn.
2305 4780 2658 4877 Resolutio
2701 4784 2910 4857 totius
2941 4785 3280 4860 doctrina>
3301 4788 3380 4866 in

278 4917 626 5003 operetur.
1916 4908 2389 5007 superioribus
2471 4908 2748 4983 traditae
2810 4934 2937 5005 per
3007 4912 3382 4987 nonnullas

176 5031 344 5105 Cn.
418 5030 542 5103 lx.
630 5026 878 5104 Posita
954 5032 1361 5109 necessitate
1435 5031 1742 5131 physicae
1914 5033 2451 5131 propositiones.
3279 5032 3289 5041 '

1620 5365 1946 5465 &effa
