3850 6225
516 408 635 469 510

510 528 858 595 negamu83
888 530 1097 593 neque
1130 514 1193 576 id
1226 522 1398 577 recte
1431 516 1733 596 probatur
1763 534 1838 576 ex
1870 514 2074 575 excel-

513 607 703 667 lentia
730 607 1069 681 charitatiS,
1102 610 1213 669 sed
1254 610 1453 671 solum
1482 627 1701 669 verum
1734 614 1849 681 est,
1892 614 2074 670 caete-

512 701 597 761 ris
620 701 896 779 paribuS,
924 702 1232 780 maJ'orem
1260 703 1681 764 intensionem
1724 708 1899 763 actus
1933 701 2074 781 plus

512 792 814 854 conferre.
862 793 1075 854 Solum
1119 813 1269 874 ergo
1310 794 1559 856 videtur
1588 794 1727 855 fieri
1769 796 1960 857 illatio
1997 814 2074 856 ex

514 886 633 946 alia
660 886 989 959 sententia,
1024 905 1215 965 quam
1247 906 1435 966 supra
1476 888 1677 949 obiter
1702 889 2079 967 approbavi-

512 998 675 1052 mus,
708 979 961 1049 scilicet,
992 981 1159 1059 quod
1188 982 1374 1042 etiam
1406 982 1905 1060 supernaturalia
1929 1000 2078 1061 ope-

514 1092 583 1133 ra
620 1072 881 1133 aliarum
916 1074 1207 1134 virtutum
1240 1094 1353 1153 per
1381 1092 1447 1134 se
1490 1075 1742 1135 valeant
1780 1075 1859 1135 ad
1888 1076 2076 1135 meri-

513 1174 644 1228 tum
676 1168 994 1245 augmenti
1018 1169 1231 1247 gratiae
1257 1172 1319 1229 et
1346 1170 1585 1247 praemii
1613 1168 1991 1239 essentialis;
2017 1170 2080 1229 et

512 1267 728 1321 contra
760 1262 877 1320 hoc
912 1261 1099 1321 etiam
1145 1265 1589 1339 argumentum
1620 1268 1715 1322 est
1754 1262 1941 1341 plane
1977 1278 2079 1322 so-

513 1354 869 1433 phisticum.

590 1450 689 1507 53.
720 1447 1013 1508 Meo-itm
1040 1450 1385 1512 essentialis
1412 1449 1625 1529 glortoe
1648 1446 2080 1529 principaliter

512 1548 599 1603 esc
628 1560 665 1603 a
694 1540 1011 1603 charitate.
1029 1574 1111 1586 —
1130 1542 1505 1621 Simpliciter
1532 1542 1702 1604 enim
1724 1558 1946 1601 verum
1985 1546 2079 1601 est

511 1634 803 1693 meritum
836 1635 1185 1695 essentialis
1218 1635 1429 1715 gloriae
1468 1634 1889 1715 principaliter
1914 1634 2078 1695 sumi

514 1744 589 1785 ex
618 1726 939 1797 charitate,
969 1726 1195 1805 duplici
1226 1729 1487 1789 ratione.
1516 1729 1743 1796 Primo,
1768 1728 1913 1805 quia
1941 1728 2078 1807 ipsa

512 1826 606 1881 est
636 1819 1035 1897 principalior
1075 1820 1267 1881 virtus
1294 1822 1455 1882 inter
1492 1838 1731 1881 omneS.
1762 1820 2074 1893 Secundo,

510 1913 659 1990 quia
682 1913 816 1991 ipsa
848 1918 941 1973 est
968 1912 1167 1973 forma
1200 1920 1261 1975 et
1285 1916 1408 1976 vita
1442 1916 1739 1975 virtutum
1768 1914 2073 1987 omnium,

512 2006 646 2065 sine
678 2023 803 2084 qua
833 2012 1008 2066 actus
1036 2014 1406 2067 caeterarum
1436 2007 1732 2067 meritorii
1760 2006 1837 2067 de
1865 2007 2076 2067 condi-

512 2117 638 2175 gno
667 2116 803 2159 esse
824 2116 951 2159 non
978 2104 1259 2177 possunt.
1288 2102 1487 2179 Atque
1514 2118 1589 2159 ex
1612 2102 1811 2179 prima
1834 2100 2075 2160 ratione

512 2194 794 2271 sequitur
824 2194 1076 2271 quidem
1106 2202 1313 2255 actum
1356 2195 1628 2255 elicitum
1674 2214 1710 2253 a
1750 2194 2073 2267 charitate,

512 2286 751 2347 caeteris
784 2286 1059 2364 paribus,
1090 2306 1203 2347 seu
1236 2288 1434 2367 (quod
1480 2287 1647 2347 idem
1693 2290 1819 2365 est)
1846 2306 1923 2347 ex
1963 2304 2078 2347 suo

510 2374 741 2459 genere
768 2398 906 2440 esse
936 2380 1137 2459 magis
1173 2382 1556 2441 meritorium
1587 2382 1827 2458 premii
1866 2398 2080 2441 essen-

508 2473 694 2544 tialis,
728 2478 917 2551 atque
962 2472 1122 2534 adeo
1164 2474 1230 2533 in
1274 2474 1393 2534 hoc
1434 2492 1621 2534 sensu
1674 2470 2078 2553 principalius

508 2564 795 2626 conferre
848 2564 929 2625 ad
984 2566 1196 2640 gloriae.
1250 2574 1311 2627 et
1363 2568 1575 2643 gratioe
1626 2572 2032 2643 augmentum
2056 2612 2072 2639 ‚

507 2676 699 2737 quam
746 2664 959 2718 actum
1007 2660 1456 2737 cujuscumque.
1503 2660 1759 2720 alterius
1812 2658 2069 2719 virtutis·

504 2752 595 2811 Ex
625 2751 903 2811 secunda
932 2770 1083 2813 vero
1108 2753 1346 2813 ratione
1386 2753 1669 2833 sequitur
1704 2770 1923 2813 omnes
1953 2752 2077 2812 vir—

502 2850 668 2904 tutes
704 2850 765 2903 et
796 2850 971 2905 actus
1003 2862 1219 2905 earum
1268 2846 1500 2907 habere
1548 2847 1758 2924 aliquo
1806 2845 1996 2906 modo
2035 2864 2074 2905 a

506 2937 807 2997 charitate
844 2939 1120 2998 valorem
1166 2944 1228 2999 et
1272 2938 1637 3017 dignitatem
1668 2939 1897 3008 meriti,
1945 2939 2072 2999 sive

504 3030 622 3090 hoc
648 3030 721 3090 sit
757 3046 867 3109 per
896 3030 1226 3108 imperium
1258 3033 1394 3110 ejus
1422 3034 1691 3104 actuale,
1716 3033 1815 3093 vel
1846 3033 2073 3092 virtua-

502 3123 560 3184 le
587 3169 601 3196 ,
652 3124 781 3184 sive
838 3125 1044 3184 solum
1098 3143 1213 3204 per
1266 3126 1647 3187 habitualem
1702 3127 2072 3206 dignitatem

502 3235 693 3294 quam
722 3216 960 3278 confert
984 3237 1290 3298 personae,
1315 3219 1482 3298 quod
1522 3219 1729 3280 verius
1756 3227 1927 3298 pute,
1953 3219 2073 3280 sal·

500 3314 629 3369 tem
656 3317 945 3388 respectu
982 3317 1235 3372 actuum
1266 3311 1837 3390 supernaturalium
1874 3313 2072 3373 virtu-

498 3409 632 3464 tum
684 3402 1055 3478 infusarum,
1104 3410 1231 3465 tam
1276 3405 1829 3484 Theologicarum‚
1876 3423 2068 3484 quam

498 3497 853 3569 moralium,
882 3497 1181 3577 quidquid
1222 3498 1301 3558 sit
1328 3497 1407 3558 de
1445 3495 1773 3559 virtutibus
1800 3499 2069 3578 acquisi-

500 3592 599 3652 tis.
640 3591 823 3664 Nam,
864 3596 933 3651 ut
978 3609 1166 3669 supra
1212 3591 1521 3664 dicebam,
1552 3592 1650 3652 hie
1690 3593 1970 3663 virtutes,
2005 3596 2069 3652 et

500 3689 677 3745 actus
706 3701 923 3744 earum
962 3691 1185 3744 natura
1216 3703 1329 3744 sua
1358 3685 1623 3746 tendunt
1660 3687 1723 3745 in
1764 3702 2066 3764 superna-

499 3778 765 3840 turalem
812 3777 1031 3852 finem,
1074 3783 1135 3837 et
1176 3777 1343 3850 ideo,
1384 3778 1435 3838 si
1476 3795 1746 3857 persona
1792 3795 2066 3857 operans

500 3878 593 3933 est
626 3869 1005 3931 sufficienter
1046 3869 1448 3944 sanctificata,
1492 3877 1552 3931 et
1598 3872 1932 3950 conjuncta
1979 3871 2064 3932 illi

498 3965 626 4038 fini,
664 3963 901 4025 habent
936 3963 1347 4025 sufficientem
1378 3964 1966 4026 connaturalitatem
2005 3970 2067 4026 ct

498 4057 986 4136 condignitatem
1014 4056 1093 4116 ad
1115 4057 1490 4118 merendum
1516 4057 1809 4118 eumdem
1836 4055 2062 4131 finem3

498 4153 663 4212 hanc
684 4155 896 4211 autem
920 4149 1286 4228 dignitatem
1312 4169 1597 4230 personoe
1620 4151 1892 4230 complet
1922 4151 2066 4212 cha-

498 4247 671 4316 ritas,
720 4261 901 4315 nam,
962 4243 1102 4304 licet
1156 4243 1355 4322 gratia
1414 4243 1842 4322 principaliter
1890 4244 2064 4305 illam

502 4339 801 4410 conferat,
832 4341 1045 4398 tamen
1075 4337 1221 4416 quia
1248 4337 1519 4399 charitas
1543 4343 1638 4398 est
1666 4355 1805 4414 quae
1834 4337 2064 4398 forma-

502 4433 639 4494 liter
684 4431 882 4494 tendit
912 4431 977 4490 in
1022 4430 1191 4490 hunc
1242 4429 1459 4504 finem,
1492 4436 1555 4492 et
1606 4449 1744 4510 quae
1792 4430 2063 4511 complet

503 4524 783 4586 amicitiae
826 4523 1143 4582 vinculum
1188 4523 1349 4584 inter
1376 4525 1575 4585 Deum
1620 4530 1679 4585 et
1714 4523 2058 4599 hominem,

496 4618 641 4679 ideo
668 4617 753 4676 illi
784 4615 969 4676 etiam
998 4615 1063 4675 in
1090 4633 1204 4676 suo
1229 4615 1447 4676 ordine
1472 4615 1575 4678 illa
1598 4615 1867 4696 dignitas
1895 4617 2061 4678 attri-

500 4711 735 4770 buitur.

579 4805 679 4864 54.
724 4803 1019 4865 Meritum
1040 4801 1293 4880 firmate
1319 4818 1439 4862 non
1460 4811 1549 4864 est
1568 4803 1637 4864 in
1656 4801 1807 4864 eolis
1824 4804 2062 4866 actibus

499 4895 721 4960 elicitis
758 4913 797 4957 a
824 4895 1145 4959 enaritate.
1174 4925 1258 4940 --·
1285 4895 1377 4953 Ex
1410 4900 1632 4955 neutra
1660 4913 1806 4955 vero
1834 4895 2064 4974 praedi-

498 4999 739 5052 ctarum
790 4989 1104 5049 rationum
1152 4986 1369 5048 inferri
1410 4987 1814 5066 probabiliter
1856 4995 2062 5068 potest

498 5089 698 5144 totum
732 5080 993 5142 formale
1018 5081 1310 5140 meritum
1338 5097 1475 5142 esse
1506 5081 1780 5160 positum
1820 5083 1884 5142 in
1911 5082 2060 5142 solis

498 5177 739 5238 actibus
790 5173 1007 5236 elicitis
1032 5193 1069 5233 a
1103 5173 1442 5246 charitatess
1477 5175 1541 5234 in
1590 5175 1727 5235 aliis
1758 5193 1930 5247 vero,
1960 5177 2060 5236 vel

494 5271 669 5331 nullo
688 5269 903 5344 modo,
932 5267 1029 5328 vel
1058 5267 1259 5328 solum
1283 5283 1397 5344 per
1426 5267 1839 5329 extrinsecam
1867 5268 2058 5330 deno-

496 5362 925 5426 minationem.
984 5361 1121 5422 Non
1160 5359 1415 5439 quidem
1458 5377 1533 5420 ex
1560 5361 1761 5440 prima
1789 5362 2053 5434 ratione,

499 5457 668 5537 quia,
710 5455 856 5516 licet
884 5457 1060 5515 actus
1096 5452 1413 5514 charitatis
1438 5452 1560 5513 sint
1599 5453 1913 5524 meliores,
1963 5459 2058 5514 ta-

498 5568 647 5612 men
672 5550 862 5612 etiam
892 5547 995 5608 alii
1022 5551 1167 5608 sunt
1192 5547 1257 5607 in
1282 5563 1425 5607 sese
1454 5550 1519 5607 et
1544 5545 1879 5608 intrinsece
1904 5547 2054 5609 boni

1090 412 1300 468 OPUSC.
1331 416 1397 469 V.
1432 412 1738 467 nanneno
1770 414 1851 467 m:
1884 412 2360 467 nm'twscENTtA
2393 412 2773 468 uentrontm.
2808 414 3048 468 msem.
3083 416 3146 467 n.

2154 534 2230 575 ac
2247 515 2450 589 liberi,
2473 521 2534 576 et
2551 534 2664 576 suo
2679 516 2868 577 modo
2885 516 3218 577 tendentes
3233 514 3294 575 in
3311 510 3612 575 eumdem
3630 528 3721 569 sn·
3808 544 3809 595 i

2153 626 2306 688 pcrn
2317 610 2622 670 aturalem
2647 608 2861 683 finem,
2887 609 3122 671 scilicet
3145 608 3525 677 virtualiter,
3556 608 3718 683 quasi

2153 702 2235 764 ab
2261 702 2596 764 intrinseco
2627 709 2688 765 et
2716 704 2933 764 innato
2965 703 3266 782 pondere.
3297 702 3523 779 Neque
3551 700 3720 759 etiam
3808 712 3809 783 j

2157 814 2234 857 ex
2273 797 2622 874 posteriori,
2681 798 2853 876 quia,
2903 797 3048 857 licet
3082 796 3364 875 dignitas
3411 793 3720 854 charitatis
3808 814 3809 851 3

2159 890 2236 949 sit
2283 890 2640 950 necessaria
2668 890 2749 951 ad
2775 890 3054 951 valorem
3086 890 3316 959 meriti,
3351 906 3484 948 non
3531 892 3626 947 est
3649 894 3724 946 ta-
3808 944 3809 963 ζ

2157 1000 2302 1043 men
2335 982 2466 1062 ipse
2497 982 2671 1043 valor
2687 981 2968 1043 formalis
2999 983 3222 1057 meriti,
3253 981 3373 1042 sed
3401 988 3498 1042 est
3528 980 3723 1059 aliquo
3808 980 3809 1059 ᾗ

2159 1075 2345 1136 modo
2375 1076 2550 1136 radix
2579 1078 2738 1155 ejus,
2774 1076 2868 1135 vel
2899 1076 3172 1136 conditio
3203 1076 3284 1136 ad
3313 1076 3499 1135 illum
3529 1076 3725 1153 requi-

2161 1169 2298 1229 sita.
2324 1168 2498 1231 Sicut
2521 1170 2698 1230 valor
2717 1170 3081 1231 meritorum
3105 1170 3330 1231 Christi
3365 1168 3640 1228 sumitur
3659 1187 3724 1229 ex

2159 1260 2458 1343 dignitate
2489 1262 2698 1335 Verbi,
2731 1280 2858 1323 non
2894 1268 3224 1323 esttamen
3252 1261 3551 1321 formalis
3569 1263 3726 1321 valor

2157 1354 2426 1433 ipsamet
2474 1352 2743 1431 dignitas
2802 1354 3179 1433 personalis;
3223 1354 3326 1415 vel
3379 1354 3548 1414 sicut
3597 1353 3728 1433 ipsi·
3808 1350 3809 1419 Ῐ

2159 1450 2290 1509 met
2340 1452 2516 1507 actus
2547 1448 2729 1507 eliciti
2771 1466 2803 1506 a
2837 1447 3136 1508 charitate
3178 1447 3434 1508 habent
3459 1447 3726 1506 valorem
3808 1488 3809 1501 .

2159 1540 2362 1599 meriti
2393 1558 2468 1599 ex
2497 1540 2798 1618 dignitate
2836 1540 3029 1619 ipsius
3058 1541 3296 1620 gratias,
3345 1540 3462 1618 qui
3493 1558 3620 1599 non
3647 1546 3726 1601 est
3808 1544 3809 1611 ἕ

2157 1632 2502 1693 formaliter
2519 1634 2656 1711 ipsa
2679 1634 2900 1711 gratia,
2930 1634 3040 1693 sed
3067 1634 3364 1713 quaedam
3389 1634 3726 1711 proprietas

2159 1725 2414 1785 moralis
2439 1726 2656 1786 talium
2686 1732 2961 1786 actuum.
2995 1726 3092 1788 Sic
3127 1744 3280 1805 ergo
3305 1732 3498 1785 actus
3525 1743 3728 1785 omncs
3808 1716 3809 1797 ᾗ

2159 1819 2670 1897 supernaturales
2739 1820 3039 1880 virtutum
3088 1819 3450 1879 infusarum
3511 1820 3728 1879 habent
3808 1842 3809 1893 ζ

2159 1930 2341 1971 suum
2369 1912 2690 1991 proprium
2711 1911 2985 1971 valorem
3008 1913 3089 1972 ad
3103 1912 3492 1991 dignitatem
3511 1914 3726 1985 menti,
3808 1894 3809 1975 ἦ

2157 2005 2516 2065 distinctum
2543 2024 2580 2065 a
2609 2006 2820 2066 valore
2847 2013 3100 2065 actuum
3131 2007 3498 2068 elicitorum
3535 2026 3572 2066 a
3597 2008 3728 2066 cha·
3807 1982 3809 2067 4

2157 2098 2362 2171 ritate,
2408 2100 2694 2175 quamvis
2743 2098 2824 2159 ad
2869 2098 3048 2157 illum
3093 2100 3380 2161 valorem
3415 2101 3730 2179 requirant
3808 2092 3809 2145 ἕ

2159 2192 2662 2269 conjunctionem
2715 2190 2795 2252 ad
2825 2192 3192 2251 charitatem
3235 2192 3476 2271 ipsam,
3521 2193 3726 2252 saltem
3808 2180 3809 2227 ἶ

2159 2284 2567 2345 habitualem.
2596 2286 2802 2345 Ethoc
2820 2290 2914 2345 est
2939 2284 3108 2361 quod
3131 2286 3502 2365 Scripturae,
3533 2288 3730 2347 Sancti

2161 2384 2224 2439 et
2245 2377 2516 2437 Concilia
2547 2378 2923 2456 significant,
2953 2378 3249 2456 quodque
3285 2380 3556 2440 moralis
3583 2382 3724 2440 ratio
3808 2370 3809 2439 ἶ

2159 2471 2308 2531 satis
2365 2471 2725 2548 persuadet,
2767 2476 2838 2531 ut
2876 2471 2943 2530 in
2975 2472 3252 2532 sectione
3299 2473 3520 2551 prima
3575 2473 3726 2532 suffi-
3808 2458 3809 2487 ³

2157 2564 2396 2625 cienter
2433 2564 2770 2642 tetigimus.
3808 2600 3809 2609 ι

2237 2658 2336 2717 55.
2384 2657 2580 2719 Actus
2607 2658 2866 2720 alter-im
2881 2658 3135 2720 virtutis
3147 2662 3354 2740 potest
3379 2675 3514 2720 esse
3537 2660 3722 2740 masis
3808 2662 3809 2693 ³

2155 2748 2502 2813 meritorius
2521 2767 2702 2831 quam
2725 2752 2884 2813 alter
2903 2750 3566 2829 charisma—Atque
3591 2752 3722 2811 hinc

2155 2843 2410 2904 tandem
2467 2844 2899 2905 concludimus
2945 2845 3188 2904 nullum
3241 2862 3387 2905 esse
3439 2846 3722 2905 inconve-

2155 2936 2355 3011 nieus,
2391 2936 2559 3015 quod
2585 2938 2644 2997 in
2677 2938 2994 2998 individuo
3025 2938 3252 3017 aliquis
3273 2945 3458 2999 actus
3489 2940 3720 2999 elicitus
3808 2962 3809 3011 3

2155 3032 2236 3089 ab
2255 3031 2376 3091 alia
2417 3032 2640 3093 virtute
2671 3031 2750 3091 sit
2767 3032 2970 3111 magis
2997 3032 3359 3093 meritorius
3385 3031 3608 3111 gloriae
3635 3052 3724 3093 es-
3808 3026 3809 3097 ζ

2154 3124 2457 3197 sentialis,
2493 3143 2687 3203 quam
2718 3129 2894 3186 actus
2937 3125 3175 3187 elicitus
3208 3126 3292 3187 ab
3333 3126 3480 3205 ipsa
3535 3127 3722 3186 chari·
3808 3167 3809 3178 ι

2151 3223 2300 3290 tate,
2333 3217 2634 3279 sicaetera
2677 3219 2851 3297 paria
2889 3236 3020 3279 non
3049 3219 3208 3292 sint;
3253 3225 3316 3280 et
3367 3220 3492 3280 hoc
3527 3219 3721 3279 solum

2153 3315 2247 3372 est
2295 3311 2464 3389 quod
2513 3317 2955 3391 argumentum
2983 3312 3217 3372 factum
3249 3311 3506 3390 probat,
3561 3311 3720 3391 quod
3808 3317 3809 3388 j

2149 3403 2395 3464 nullum
2421 3411 2517 3464 est
2543 3403 3014 3470 inconveniens,
3045 3403 3156 3464 sed
3185 3403 3397 3483 potius
3435 3423 3720 3466 necessa·
3808 3401 3809 3474 ἶ

2147 3497 2310 3557 rium
2331 3497 2395 3556 in
2423 3497 2596 3557 omni
2618 3498 2902 3559 materia.
2931 3497 3091 3558 Nihil
3111 3499 3285 3558 enim
3311 3504 3413 3559 est
3431 3497 3718 3576 frequen·
3808 3507 3809 3514 ’

2145 3590 2270 3650 tius
2297 3589 2464 3668 apud
2491 3591 2866 3670 Theologos,
2903 3607 3094 3668 quam
3121 3590 3294 3669 quod
3311 3597 3502 3652 actus
3533 3591 3716 3652 virtu-

2143 3683 2224 3743 tis
2243 3701 2320 3743 ex
2351 3701 2465 3743 suo
2507 3701 2740 3761 genere
2767 3683 3014 3760 melior,
3059 3689 3264 3763 potest
3291 3685 3358 3744 in
3397 3683 3714 3745 individuo

2145 3775 2430 3854 superari
2458 3775 2538 3834 ab
2568 3783 2710 3836 actu
2750 3776 3059 3837 interioris
3106 3777 3351 3838 virtutis
3387 3777 3458 3836 in
3503 3779 3715 3838 ordine

2147 3869 2229 3929 ad
2279 3869 2594 3944 meritum,
2623 3868 2721 3929 vel
2749 3868 2906 3929 alios
2936 3869 3195 3930 effectus
3223 3869 3529 3943 moraleS‚
3585 3887 3713 3950 pro-
3808 3873 3809 3912 ἓ

2146 3968 2288 4042 pter
2305 3961 2642 4023 nobiliores
2671 3962 3190 4030 circumstantias,
3214 3965 3291 4024 Et
3319 3981 3355 4023 e
3381 3979 3706 4035 converso,

2147 4061 2322 4116 actus
2363 4057 2606 4134 peccati
2660 4055 2869 4116 minus
2923 4057 3128 4136 gravis
3187 4073 3265 4117 ex
3315 4075 3582 4136 genere,
3625 4063 3708 4128 ut,
3808 4073 3809 4082 ¹

2145 4149 2316 4210 verbi
2345 4149 2567 4228 gratia,
2595 4149 2875 4222 hini-esi&
2907 4155 3115 4228 potest
3135 4150 3200 4210 in
3221 4149 3554 4211 individuo
3581 4167 3710 4211 esse
3808 4201 3809 4212 ,

2145 4243 2346 4322 magis
2375 4241 2813 4304 demeritos-ius
2839 4242 3010 4320 apud
3037 4243 3240 4303 Deum
3265 4259 3464 4321 qnam
3501 4243 3708 4304 odium

2143 4335 2340 4416 ipsius
2371 4335 2496 4410 Dei,
2527 4333 2698 4416 quod
2737 4353 2814 4395 ex
2843 4353 2956 4396 suo
2995 4353 3228 4415 genere
3259 4337 3448 4414 pejus
3483 4343 3607 4407 est;
3637 4337 3708 4396 il-

2145 4428 2253 4489 lud
2309 4444 2460 4507 ergo
2507 4427 2749 4489 nullum
2795 4429 3264 4489 incommodum
3319 4433 3441 4491 est.
3495 4431 3704 4508 Neque
3808 4505 3809 4514 ἵ

2145 4521 2290 4583 inde
2319 4521 2625 4601 sequitur,
2673 4520 2958 4582 absolute
2987 4521 3326 4601 loquendo,
3359 4523 3552 4583 aliam
3596 4525 3702 4583 rir-

2143 4619 2342 4676 tutem
2361 4615 2766 4694 principalius
2787 4615 3070 4676 conferre
3093 4616 3173 4676 ad
3193 4617 3490 4676 meritum
3523 4635 3700 4695 quam

2143 4709 2551 4780 charitatem;
2603 4714 2738 4769 tum
2783 4710 2930 4788 quia
2959 4725 3074 4788 per
3117 4710 3284 4770 hanc
3329 4709 3696 4770 locutionem
3808 4717 3809 4720 ’

2143 4801 2529 4882 significatur
2577 4801 2948 4864 sufficientia
3001 4801 3188 4882 hujus
3209 4802 3460 4863 virtutis
3487 4821 3697 4863 secun·
3808 4795 3809 4800 ’

2141 4895 2290 4956 dum
2335 4914 2424 4970 se,
2477 4896 2629 4956 etin
2669 4896 2878 4974 rigore
2927 4895 3236 4974 significat
3281 4895 3610 4958 formalem
3641 4901 3696 4955 et
3808 4913 3809 4966 ff

2143 4989 2496 5069 specificam
2523 4988 3080 5067 comparationem,
3107 4989 3313 5068 magis
3341 5007 3534 5068 quam
3573 5007 3694 5048 ma·
3808 5025 3809 5028 =

2138 5084 2423 5144 terialem
2451 5089 2512 5143 et
2561 5081 2628 5141 in
2663 5081 3014 5154 individu03
3049 5087 3182 5141 tum
3217 5082 3412 5143 etiam
3443 5083 3587 5161 quia
3635 5083 3690 5142 in
3808 5083 3809 5092 ³

2139 5176 2458 5238 individuo
2487 5175 2622 5256 ipsa
2659 5175 2930 5236 charitas
2959 5175 3152 5236 habet
3187 5182 3406 5255 partes
3447 5195 3590 5238 suas
3634 5177 3688 5236 in

2138 5269 2360 5330 merito
2385 5269 2836 5347 cujuscumque
2863 5271 3040 5330 actus
3067 5269 3328 5329 alterius
3345 5269 3618 5342 virtutis;
3635 5275 3686 5329 et

2137 5361 2400 5423 fortasse
2421 5363 2740 5441 quantitas
2761 5361 2965 5422 meriti
2986 5361 3397 5441 principalius
3423 5363 3514 5423 illi
3541 5363 3685 5424 attri-

2136 5456 2244 5516 bui
2273 5463 2500 5535 potest,
2523 5473 2711 5536 quam
2741 5457 3010 5534 propriae
3035 5456 3266 5528 virtuti,
3300 5457 3466 5518 sicut
3507 5477 3686 5538 qnan-

2137 5549 2280 5610 titas
2305 5549 2668 5611 meritorum
2709 5549 3026 5610 actionum
3049 5548 3272 5609 Christi
3298 5549 3682 5629 principalius
