3850 6225
756 378 888 430 CAP.
925 379 1010 432 lx.
1046 381 1352 434 Auximum
1385 383 1647 436 Efficax
1677 383 1804 436 Non
1835 383 2210 439 CONSISTERE
2244 387 2305 440 IN
2337 389 2586 452 AmQUA,
2622 390 2757 442 E‘rc.

3238 387 3355 448 189

155 479 262 540 tire
301 478 410 558 qui
441 485 610 540 caret
637 479 961 541 vocatione
981 527 998 552 ,
1043 483 1156 544 sed
1183 484 1290 564 qui
1323 484 1492 544 illam
1522 485 1715 546 habet
1793 485 1967 561 locis,
2002 489 2065 550 in
2093 490 2320 570 quibus
2349 509 2682 554 monemur
2705 491 2965 573 diligere
2994 493 3214 565 Deum,
3248 498 3357 556 aut

155 578 212 632 et
237 573 498 652 respuit,
525 578 597 633 ut
623 590 700 634 ex
723 573 857 654 ipsa
881 593 1034 636 voce
1065 582 1348 654 constat;
1382 578 1533 639 dum
1559 597 1711 658 ergo

1795 581 2057 644 credere
2078 584 2139 644 in
2169 584 2399 663 ipsum,
2430 591 2575 659 etc„
2606 588 2671 647 et
2696 587 3007 666 praecipue
3032 587 3095 646 in
3124 587 3264 661 illis,
3291 587 3357 648 in

153 666 490 726 Concilium
540 667 628 727 ait
677 684 862 747 posse
914 668 1283 745 dissentire,
1327 670 1514 751 plane
1565 672 1714 733 facit
1795 674 2025 753 quibus
2054 683 2256 738 totum
2282 679 2403 738 hoc
2429 680 2679 757 ponitur
2712 679 2777 739 in
2804 680 3123 741 voluntate
3158 681 3357 742 homi-

154 777 406 820 sensum
439 755 1062 840 compositum.!1n0,
1091 764 1212 824 hoc
1237 764 1372 844 ipso
1401 765 1573 845 quod
1603 765 1707 826 ali·

154 853 284 931 quis
329 853 662 915 vocatione
716 861 909 928 caret,
965 856 1346 937 impossibile
1395 865 1490 920 est
1541 860 1710 939 quod

153 945 516 1018 dissentiat,
559 947 835 1009 humano
877 951 940 1009 et
986 951 1208 1011 morali
1258 952 1446 1012 modo
1469 998 1484 1026 ‚
1526 959 1710 1030 prout

154 1039 490 1100 Concilium
534 1040 840 1120 loquitur,
885 1042 998 1103 sed
1043 1043 1284 1105 dicetur
1329 1047 1536 1107 verius
1582 1065 1710 1107 non

153 1133 376 1193 sentire
396 1179 420 1209 ,
478 1139 540 1194 et
585 1153 702 1214 per
747 1154 987 1197 meram
1039 1143 1443 1218 negationem
1494 1159 1708 1203 carere

154 1231 288 1286 actu
317 1228 696 1302 voluntatis;
751 1231 912 1292 sicut
944 1251 978 1292 e
1019 1236 1327 1296 contrario
1369 1235 1556 1296 etiam
1595 1236 1712 1295 im-

151 1321 436 1397 possibile
467 1329 562 1382 est
592 1323 724 1384 sine
751 1325 1080 1387 vocatione
1107 1329 1483 1390 consentire.
1529 1329 1712 1390 Dein-

149 1413 246 1486 de,
293 1414 442 1493 quia
485 1414 590 1476 illo
635 1418 821 1478 etiam
855 1418 1046 1478 modo
1091 1425 1426 1482 enervatur
1455 1439 1712 1500 prorsus

151 1506 424 1568 doctrina
473 1507 760 1583 Concilii;
799 1511 968 1589 quod
1011 1511 1153 1573 ideo
1201 1513 1411 1576 docuit
1453 1532 1712 1576 manere

153 1599 210 1658 in
234 1601 490 1662 homine
523 1604 786 1664 excitato
811 1605 1156 1684 potentiam
1183 1606 1610 1682 dissentiendi,
1643 1613 1713 1669 ut

151 1692 498 1754 libertatem
527 1697 666 1774 ejus
691 1698 922 1758 salvam
947 1717 1086 1760 esse
1111 1700 1476 1763 declararet.
1506 1705 1584 1763 At
1607 1703 1712 1764 illa

153 1787 416 1864 potentia
465 1807 600 1849 non
652 1791 800 1852 satis
849 1796 944 1853 est
985 1793 1068 1854 ad
1113 1795 1488 1870 libertatem,
1539 1797 1712 1857 utin

155 1880 444 1960 principio
507 1881 646 1944 libri
696 1885 878 1964 primi
927 1887 1314 1950 declaratum
1367 1895 1462 1951 est
1489 1935 1506 1964 ,
1565 1891 1710 1970 quia

156 1974 495 2034 communis
523 1981 616 2036 est
639 1979 1070 2043 instrumentis
1097 1983 1482 2058 inanimatiS,
1518 1988 1581 2044 et
1603 2003 1712 2046 na-

155 2065 442 2126 turalibus
511 2072 864 2148 agentibus.
928 2077 1210 2155 Denique
1268 2076 1423 2137 alias
1474 2078 1712 2139 nullam

153 2157 264 2216 vim
289 2159 482 2222 habet
515 2162 794 2226 definitio
822 2167 1074 2229 Concilii
1105 2175 1320 2231 contra
1345 2171 1708 2244 haereticos;

155 2269 286 2310 nam
327 2255 528 2314 etiam
569 2256 657 2316 illi
699 2261 1067 2334 concedent,
1116 2267 1400 2324 cessante
1435 2264 1711 2326 motione

155 2344 268 2418 Dei,
299 2365 488 2426 posse
516 2351 902 2415 voluntatem
933 2374 1061 2416 non
1091 2358 1361 2436 operari.

224 2441 278 2499 5.
317 2443 406 2502 Ex
434 2443 565 2504 hac
597 2463 744 2525 ergo
775 2449 1032 2510 Concilii
1070 2450 1434 2512 definitione
1463 2452 1707 2512 videtur

157 2551 290 2594 saue
315 2539 558 2599 veritas
587 2540 718 2600 haec
749 2543 898 2602 satis
923 2543 1291 2606 confirmata
1328 2545 1536 2623 quoad
1567 2565 1708 2624 gra-

157 2629 288 2689 tiam
319 2633 698 2694 excitantem
729 2640 791 2696 et
817 2645 1145 2700 vocantem
1171 2685 1187 2710 ,
1229 2640 1310 2702 de
1339 2659 1464 2720 qua
1489 2641 1707 2702 Conci-

155 2721 286 2784 lium
313 2726 374 2784 in
398 2728 695 2788 terminis
726 2729 1003 2809 loquitur
1017 2777 1036 2807 ,
1080 2733 1250 2812 quod
1280 2733 1572 2794 nimirum
1601 2751 1706 2793 vo-

158 2815 436 2879 luntatem
467 2821 738 2899 physice
767 2841 895 2884 non
922 2823 1296 2888 determinet
1328 2845 1345 2898 ς
1386 2826 1532 2906 quia
1568 2826 1708 2887 nul-

159 2908 268 2969 lam
302 2914 888 2992 tergiversationem
930 2925 1040 2980 aut
1078 2919 1482 2981 verisimilem
1516 2921 1708 2981 inter-

161 3006 556 3082 pretationem
599 3011 846 3089 reperio
877 3058 893 3086 ,
955 3031 1096 3091 quae
1141 3019 1380 3074 textum
1425 3031 1553 3073 non
1598 3014 1707 3075 de-

163 3103 356 3160 struat.
383 3099 812 3182 Praeterquam
845 3106 1017 3185 quod
1043 3106 1222 3180 ratio,
1245 3107 1310 3167 in
1339 3124 1465 3185 qua
1493 3107 1711 3169 Conci-

163 3190 296 3251 lium
319 3194 573 3255 fundari
599 3198 866 3273 videtur,
908 3206 1002 3261 est
1029 3200 1496 3269 efficacissima:
1531 3202 1710 3262 nimi-

166 3304 306 3363 rum,
339 3290 508 3368 quod
539 3291 592 3351 si
615 3294 815 3371 gratia
836 3296 1111 3357 excitans
1135 3296 1392 3375 physice
1421 3296 1710 3359 determi-

167 3388 324 3441 naret
350 3384 762 3457 voluntatem,
795 3387 1146 3450 libertatem
1171 3390 1396 3469 ejus-in
1429 3397 1569 3451 actu
1593 3392 1709 3451 im-

167 3473 382 3549 pediret
421 3497 538 3541 seu
590 3480 964 3545 destrueret.
1027 3482 1204 3553 Quod
1245 3483 1413 3543 enim
1456 3484 1589 3545 haec
1631 3486 1710 3545 sit

166 3568 301 3628 ratio
328 3571 604 3645 concilii,
641 3590 853 3653 supra,
888 3574 1046 3636 libro
1071 3581 1298 3655 primo,
1331 3575 1454 3637 late
1481 3582 1708 3638 tracta-

167 3664 280 3720 tum
306 3670 415 3738 est,
453 3672 518 3727 et
549 3666 904 3728 declaratur
924 3668 1234 3739 breviter;
1281 3668 1428 3747 quia
1453 3668 1592 3731 ideo
1620 3670 1709 3731 di-

169 3754 238 3812 cit
259 3774 504 3821 manere
535 3760 602 3820 in
633 3762 886 3823 homine
917 3762 1179 3823 excitato
1207 3764 1550 3841 potentiam
1582 3764 1708 3825 dis-

169 3850 470 3925 sentiendi,
523 3855 672 3933 quia
712 3856 843 3915 haec
885 3861 978 3915 est
1023 3857 1380 3917 necessaria
1413 3856 1496 3917 ad
1525 3858 1708 3921 liber-

169 3946 372 4017 tatem;
423 3947 589 4008 hanc
635 3948 801 4009 enim
833 3949 960 4009 vim
1005 3950 1198 4011 habet
1249 3949 1356 4010 illa
1391 3952 1702 4013 causalis:

175 4034 380 4119 Quippe
403 4043 510 4121 qui
534 4042 709 4103 illam
737 4042 994 4120 abjicere
1009 4048 1212 4123 potest
1233 4069 1259 4116 ;
1284 4063 1461 4124 ergo,
1495 4064 1530 4105 e
1561 4064 1708 4107 con·

171 4144 350 4205 verso,
393 4134 440 4194 si
470 4134 672 4215 gratia
703 4136 980 4197 excitans
1011 4136 1458 4221 tolleret-‚hanc
1489 4146 1709 4217 poten-

172 4220 322 4299 tiam,
346 4226 589 4289 tolleret
613 4228 798 4288 etiam
823 4228 1210 4301 libertatem;
1246 4230 1358 4291 sed
1377 4231 1426 4291 si
1449 4232 1706 4309 physice

175 4310 611 4392 determinaret,
637 4320 880 4381 tolleret
909 4322 1252 4401 potentiam
1273 4324 1702 4399 dissentiendi,

174 4412 231 4465 ut
269 4418 574 4473 ostensum
633 4418 766 4485 est;
829 4432 980 4493 ergo
1032 4416 1278 4478 tolleret
1325 4416 1699 4479 libertatem.

177 4499 280 4561 Sed
311 4504 464 4567 hanc
499 4508 806 4569 rationem
835 4508 1110 4587 pressius
1147 4510 1514 4591 urgebimus
1549 4510 1706 4572 duo-

175 4592 278 4655 bus
299 4601 594 4677 capitibus
621 4610 765 4683 post
791 4622 1084 4683 sequens·

244 4696 298 4750 6.
339 4692 620 4759 Probatio
643 4715 716 4759 ea:
748 4696 1100 4775 Scriptura.
1127 4728 1212 4743 -—
1238 4699 1323 4758 Ex
1345 4698 1466 4759 hac
1489 4717 1704 4759 rursus

181 4781 414 4860 ratione,
447 4794 614 4850 etex
641 4795 852 4851 mente
871 4790 1148 4863 Concilii,
1179 4791 1528 4871 colligimus
1550 4793 1708 4853 veri-

179 4875 351 4937 tatem
385 4880 544 4943 hanc
583 4884 646 4943 in
689 4883 980 4944 omnibus
1018 4884 1138 4943 illis
1177 4885 1508 4963 Scripturae
1553 4884 1706 4946 locis

183 4971 476 5046 contineri,
523 4975 586 5036 in
617 4977 869 5056 quibuS,
913 4976 1218 5040 libertatis
1245 4983 1473 5041 nostra»
1505 4980 1708 5041 dmo-

181 5076 388 5139 umur,
429 5076 498 5129 ut
541 5070 710 5132 idem
757 5070 1100 5133 Concilium
1157 5070 1263 5144 ait,
1313 5071 1578 5150 loquens
1629 5072 1708 5133 de

185 5162 554 5223 conversione
595 5170 807 5225 nostra
849 5171 911 5225 et
946 5166 1530 5244 supernaturalibus
1557 5166 1708 5226 acti-

183 5242 307 5310 bus.
351 5254 604 5319 Adducit
655 5264 882 5320 autem'
915 5258 1258 5319 Concilium
1307 5260 1498 5320 verba
1545 5260 1649 5320 illa
1687 5278 1700 5319 :

190 5336 582 5412 convertimini
617 5352 701 5415 ad
728 5370 840 5427 me,
891 5356 948 5415 et
987 5368 1090 5434 eqo
1124 5356 1438 5415 comeo-tar
1473 5354 1556 5416 ad
1579 5370 1704 5419 cos.

191 5433 388 5508 quibus
421 5458 534 5503 nos
573 5444 874 5507 libertatis
912 5453 1136 5507 nostrae
1175 5444 1498 5507 admoneri
1535 5446 1703 5518 dicit,

191 5524 512 5603 significans
536 5536 702 5597 idem
729 5556 870 5599 esse
893 5536 1290 5600 sentiendum
1315 5538 1393 5599 de
1417 5539 1708 5599 omnibus

1792 755 1889 829 nis
1925 772 2407 847 consentientiS‚
2448 777 2519 833 ut
2558 771 2621 832 in
2658 772 2761 833 illa
2788 772 3105 834 locutione
3144 773 3359 835 condi-

1789 862 2038 937 tionali,
2084 865 2427 944 Apocalyp.
2472 867 2509 926 3
2546 883 2559 925 :
2606 865 2744 948 Eyo
2783 870 2877 929 sto
2902 864 3259 938 adostiam,
3301 871 3359 929 et

1781 957 2000 1036 pedae,-
2034 959 2093 1020 εἰ
2126 959 2265 1039 quis
2290 960 2597 1038 aperuerit
2614 960 2791 1032 mihi,
2816 959 3057 1021 intrabo
3086 959 3170 1020 ad
3186 975 3313 1020 eum
3329 984 3355 1031 ;

1792 1055 1856 1110 et
1883 1049 1987 1110 illa
2016 1051 2078 1128 (Ξ
2104 1052 2407 1130 Corinth.)
2436 1071 2449 1112 :
2492 1051 2572 1116 Si
2590 1051 2929 1128 volueritis,
2962 1057 3020 1115 et
3042 1049 3360 1113 audieritis

1790 1162 1882 1206 mc
1909 1169 1938 1216 ‚·
1984 1149 2047 1204 et
2092 1144 2262 1224 quod
2307 1146 2539 1206 Paulus
2586 1145 2692 1222 ait,
2740 1149 2768 1205 1
2826 1145 2906 1205 ad
2946 1144 3221 1206 Corinth.
3263 1145 3299 1204 7
3341 1161 3353 1202 ε

1793 1237 2163 1301 Poto-statem
2210 1239 2428 1301 habeas
2472 1257 2602 1302 θυαε
2645 1239 3005 1302 voluntatis:
3066 1237 3359 1309 Quamvis

1795 1332 1965 1391 enim
2012 1333 2077 1391 in
2126 1331 2503 1411 quibusdam
2552 1350 2631 1392 ex
2668 1332 2765 1392 his
2794 1331 2946 1393 locis
2990 1350 3119 1392 nou
3155 1331 3358 1391 solum

1795 1425 2138 1484 necessitas
2166 1424 2528 1504 simpliciter
2548 1471 2565 1499 ,
2594 1444 2814 1486 verum
2846 1426 3035 1486 etiam
3064 1423 3357 1504 obligatio

1795 1518 2092 1596 praecepti
2122 1518 2507 1592 excludatur,
2551 1519 2657 1581 ubi
2690 1527 2783 1580 est
2811 1537 3018 1580 sermo
3048 1518 3127 1579 de
3156 1516 3362 1578 consi-

1791 1610 1900 1683 lio,
1946 1617 2161 1672 tamen
2189 1612 2253 1672 in
2284 1612 2595 1686 omnibuS,
2638 1619 2708 1674 ut
2734 1612 3086 1685 minimum,
3128 1627 3359 1690 suppo-

1793 1704 1965 1765 nitur
1999 1723 2150 1766 vera
2186 1705 2346 1766 ratio
2388 1705 2707 1768 libertatis
2754 1706 2933 1769 Unde
2975 1705 3236 1766 ulterius
3265 1704 3359 1764 in-

1791 1796 1955 1860 ferre
1995 1817 2335 1878 possumus
2366 1800 2547 1879 juxta
2584 1805 2862 1862 mentem
2904 1798 3181 1871 Concilii,
3227 1797 3359 1857 ubi-

1793 1910 2065 1970 cumque
2088 1893 2527 1955 determinatio.
2555 1893 2636 1956 ad
2660 1899 2868 1956 actum
2893 1898 3123 1954 nostrae
3143 1890 3359 1952 volun-

1792 1985 1900 2046 tati
1934 1988 2337 2050 committitur
2365 2032 2382 2061 ,
2426 1987 2509 2047 ibi
2539 1988 2725 2050 etiam
2758 1985 3001 2048 excludi
3030 1984 3357 2064 physicam

1795 2079 2534 2157 praedeterminationem.

2204 2269 2492 2333 Probatio
2529 2286 2603 2332 ecc
2640 2266 2963 2332 Patribus.

1869 2454 1929 2511 7.
1980 2450 2129 2522 Quae
2182 2450 2463 2512 doctrina
2531 2452 2765 2530 optime
2837 2449 3192 2512 confirmari
3246 2469 3359 2530 po-

1786 2548 1910 2604 test
1942 2543 2315 2604 testimoniis
2364 2545 2615 2605 illorum
2657 2544 2935 2616 Patrum,
2996 2545 3361 2622 Chrysosto-

1787 2637 1898 2712 mi,
1925 2638 2323 2710 Damasceni,
2358 2644 2418 2698 et
2456 2638 2744 2711 aliorum,
2780 2656 2942 2718 quos
2970 2637 3076 2698 lib.
3116 2642 3175 2710 1,
3215 2655 3352 2717 cap.

1791 2733 1888 2804 13,
1917 2730 2123 2804 citavi,
2166 2731 2504 2792 dicentium
2539 2731 2737 2792 Deum
2777 2750 2905 2792 non
2932 2729 3360 2810 praedetermi-

1789 2843 1941 2886 nare
1980 2825 2370 2886 voluntatem
2394 2827 2695 2891 nostram,
2731 2843 2813 2886 ne
2857 2831 3132 2886 nostram
3170 2825 3359 2887 laedat

1787 2917 2139 2979 libertatem
2164 2937 2179 2992 ;
2212 2918 2317 2978 illa
2345 2919 2516 2980 enim
2541 2919 2847 2992 doctrina,
2877 2937 3017 2997 quae
3046 2919 3357 2998 generalis

1791 3017 1908 3084 est,
1950 3017 2121 3072 tanto
2154 3012 2468 3074 efficacius
2516 3012 2798 3092 procedit
2838 3011 2903 3072 in
2946 3012 3149 3089 gratia
3198 3012 3357 3073 exci-

1789 3109 1987 3179 tante,
2017 3111 2253 3184 quanto
2286 3105 2423 3167 haec
2452 3107 2655 3185 magis
2682 3105 2752 3168 fit
2782 3106 2845 3166 in
2873 3105 3053 3167 nobis
3082 3105 3216 3168 sine
3248 3126 3359 3167 no-

1789 3200 1910 3273 bis,
1944 3200 2273 3279 magisque
2300 3201 2653 3261 voluntates
2692 3206 2940 3261 nostras
2966 3200 3265 3280 praevenit
3296 3206 3358 3262 et

1791 3294 2123 3355 antecedit.
2174 3295 2375 3373 Atque
2428 3313 2462 3355 e
2512 3292 2823 3354 contrario
2877 3311 3095 3355 omnes
3142 3294 3357 3355 Patres

1789 3386 2170 3465 ubicumque
2206 3386 2435 3449 docent
2455 3387 2719 3468 gratiam
2752 3386 2863 3447 Dei
2886 3386 2973 3447 ita
3012 3388 3356 3467 praevenire

1791 3485 1856 3541 et
1879 3480 2150 3541 excitare
2185 3486 2465 3541 mentem
2504 3479 2797 3553 hominis,
2834 3490 2899 3539 ut
2936 3484 3153 3541 tamen
3193 3498 3358 3541 sem-

1789 3591 1907 3652 per
1942 3590 2323 3635 consensum
2365 3570 2701 3633 voluntatis
2732 3572 2823 3633 eis
2852 3572 3217 3647 committat,
3250 3590 3357 3633 eo-

1790 3667 1936 3728 dem
1965 3668 2153 3728 modo
2197 3665 2569 3728 confirmant
2612 3667 2776 3727 hanc
2812 3665 3158 3740 veritatem,
3198 3666 3355 3727 scili·

1789 3766 1908 3831 cet,
1962 3760 2162 3835 Deum
2197 3778 2311 3838 per
2360 3759 2551 3821 talem
2592 3760 2859 3839 gratiam
2900 3776 3029 3820 non
3059 3759 3356 3821 determi-

1787 3872 1943 3915 nare
2009 3854 2267 3933 physice
2322 3852 2707 3915 voluntatem
2762 3852 3069 3927 hominis3
3128 3853 3354 3915 eodem

1791 3946 2095 4026 (inquam)
2122 3947 2311 4009 modo
2344 3965 2469 4025 quo
2500 3946 2837 4007 Concilium
2875 3947 3206 4026 Scripturae
3235 3953 3357 4009 tes-

1789 4041 2049 4102 timonio
2082 4039 2147 4101 id
2176 4039 2587 4101 confirmavit.
2630 4040 2869 4101 Docent
2912 4046 3121 4101 autem
3156 4040 3221 4101 id
3248 4058 3356 4101 sae-

1789 4134 2047 4211 pissime
2091 4133 2325 4195 PatreS.

1871 4228 2143 4307 Vulgare
2162 4233 2277 4300 est,
2302 4224 2417 4288 sed
2433 4226 2757 4306 egregium
2780 4224 3203 4288 testimonium
3224 4225 3355 4288 Cle·

1785 4322 2037 4395 mentia,
2070 4320 2248 4400 epist.
2308 4322 2367 4391 3,
2428 4318 2599 4398 quod
2639 4318 2703 4379 in
2756 4318 3184 4398 superioribus
3225 4325 3357 4381 tac-

1783 4422 1920 4477 tum
1972 4420 2089 4487 est,
2132 4414 2241 4475 ubi
2272 4415 2357 4474 ait
2380 4431 2525 4473 eum
2558 4411 2666 4490 qui
2696 4417 2977 4484 vocatur,
3004 4430 3148 4473 cum
3177 4413 3254 4473 sit
3282 4413 3356 4474 li-

1786 4510 1918 4571 beri
1958 4507 2215 4579 arbitrii,
2243 4506 2479 4567 habere
2506 4505 2575 4566 in
2616 4524 2730 4567 sua
2759 4508 3357 4586 potestateassenti-

1787 4623 1854 4666 re
1876 4604 1979 4665 vel
2000 4601 2367 4673 dissentire,
2400 4606 2463 4662 et
2502 4599 2712 4661 subdit
2740 4600 2934 4661 verba
2976 4600 3355 4661 continentia

1787 4694 2149 4775 generalem
2178 4694 2485 4754 rationem
2526 4711 2539 4753 :
2567 4692 2737 4757 Nam
2758 4692 2815 4755 si
2840 4694 2947 4757 hoc
2974 4698 3150 4766 esset,
3176 4698 3247 4756 ut
3269 4693 3357 4755 vi-

1787 4790 1988 4851 dentes
2014 4805 2085 4851 ea
2112 4786 2369 4864 (scilicet
2394 4785 2739 4865 mandata),
2770 4786 2911 4866 jam
2934 4803 3053 4847 aon
3074 4786 3357 4849 haberent

1786 4884 1855 4945 in
1869 4888 2169 4963 potestate
2212 4880 2389 4945 aliud
2406 4885 2600 4955 facere
2638 4896 2820 4960 qaam
2868 4880 3208 4951 audierant,
3257 4879 3357 4941 vis

1789 4984 1924 5039 erat
1959 4976 2229 5056 quoedam
2271 4979 2533 5048 naturae,
2566 4992 2679 5054 per
2718 4990 2898 5054 quam
2944 4973 3199 5037 liberum
3234 4989 3357 5035 non

1787 5074 1943 5133 met
1970 5070 2051 5133 ad
2076 5069 2269 5131 abiam
2290 5068 2558 5150 miyrare
2584 5067 2965 5131 sententiam.

1869 5164 1977 5224 Est
2000 5163 2187 5223 etiam
2205 5162 2551 5223 notandum
2571 5161 2999 5223 testimonium
3020 5159 3189 5240 apud
3216 5159 3357 5219 Hie-

1788 5274 2149 5336 ronymum,
2200 5256 2341 5318 lsai.
2386 5258 2488 5331 49,
2540 5255 2645 5317 ubi
2706 5273 2783 5315 ex
2819 5272 3091 5335 persona
3132 5251 3355 5313 Christi

1787 5356 2065 5412 tractans
2084 5351 2278 5411 verba
2310 5350 2414 5411 illa
2450 5369 2463 5409 ε
2499 5351 2583 5411 In
2604 5366 2855 5413 vacuam
2884 5348 3179 5416 laboravi,
3204 5351 3350 5416 etc„

1790 5444 1876 5505 ait
1911 5462 1923 5503 :
1960 5444 2118 5506 Hoec
2142 5445 2431 5506 ionic-ersa
2452 5444 2765 5515 dicuntur,
2792 5445 2863 5502 at
2886 5438 3137 5501 liberam
3164 5436 3358 5499 laomi-

1787 5539 1888 5601 m‘s
1912 5536 2245 5601 arbitrium
2279 5558 2325 5595 'h
2340 5540 2721 5597 castraretur
2740 5558 2761 5592 .·
2806 5533 2918 5593 Dei
2950 5532 3109 5593 enim
3149 5546 3357 5595 vocare
