3850 6225
695 378 831 433 GAP.
867 378 949 433 Vl.
985 376 1350 433 soLvuu‘rtm
1383 378 1788 433 omssc'rlousss
1819 378 2063 433 comit
2098 382 2468 435 rudimenti
2502 381 2909 435 SENTENTIAM.

205 485 414 549 saltem
443 483 588 546 velit
612 482 789 544 illum
817 483 1176 563 permittere
1201 488 1261 543 et
1281 482 1362 545 ad
1401 481 1574 544 illum
1605 498 1754 543 con·

207 596 444 643 currere
481 598 500 651 ς
543 584 604 639 et
627 579 748 639 hoc
769 576 958 638 modo
991 576 1180 637 etiam
1218 576 1324 637 illa
1353 576 1612 638 scientia
1639 575 1752 635 ha-

203 676 304 735 bet
329 670 760 733 habitudinem
793 669 876 730 ad
913 670 1294 731 voluntatem
1322 669 1602 731 divinam
1633 668 1752 729 sub

207 764 488 847 proedicta
537 764 913 826 conditione.

280 860 336 919 6.
383 858 486 920 Aa
517 863 804 939 quartum
835 864 892 920 et
925 855 1406 938 quintum—Ad
1461 861 1756 935 quartum

208 952 610 1034 respondetur
633 996 649 1023 ‚
689 952 852 1013 hanc
881 952 1204 1013 scientiam
1265 951 1640 1013 antecedere
1691 950 1756 1010 in

209 1051 333 1111 Deo
353 1046 700 1109 secundum
735 1047 1043 1107 rationem
1067 1045 1150 1105 ad
1169 1046 1756 1108 determinationem

221 1142 468 1204 liberam
495 1139 720 1201 divinae
757 1138 1109 1207 voluntatis,
1154 1144 1223 1199 ut
1253 1144 1392 1201 actu
1423 1138 1556 1217 J'am
1593 1137 1759 1217 posi-

215 1242 334 1295 tam
363 1232 423 1293 in
459 1231 806 1293 aeternitate
835 1251 852 1304 ;
885 1231 1055 1310 quod
1083 1231 1339 1311 quidem
1389 1232 1466 1291 sit
1505 1231 1592 1291 ita
1629 1248 1757 1291 non

216 1332 386 1390 esset.
439 1343 568 1385 non
611 1330 827 1403 posset
857 1325 960 1385 illa
995 1324 1252 1385 scientia
1295 1342 1434 1385 esse
1473 1323 1642 1384 utilis
1677 1321 1761 1383 ad

215 1418 669 1498 dispositionem
699 1418 960 1479 liberam
994 1419 1104 1479 Dei
1139 1418 1302 1479 circa
1350 1437 1453 1479 res
1487 1421 1755 1488 creatae,

215 1522 276 1575 ut
293 1518 450 1573 recte
479 1516 922 1590 argumentum
953 1512 1197 1589 probat,
1219 1511 1502 1590 quamvis
1525 1510 1670 1571 licet
1697 1510 1760 1569 in

218 1626 280 1667 ea
308 1623 426 1665 non
453 1610 622 1665 esset
644 1603 782 1665 talis
797 1604 1049 1675 utilitas,
1077 1623 1208 1665 non
1237 1609 1568 1683 propterea
1595 1607 1761 1665 esset

217 1696 485 1776 neganda
513 1714 532 1769 ς
568 1697 718 1775 quia
759 1715 874 1775 per
897 1715 962 1759 se
986 1703 1048 1759 et
1075 1697 1316 1759 ratione
1356 1696 1628 1759 scientias
1655 1712 1762 1755 ne-
1792 1684 1804 1691 ’

221 1790 466 1853 cessaria
489 1793 604 1863 est,
633 1790 794 1851 sicut
821 1791 1080 1853 scientia
1107 1791 1464 1853 futurorum
1480 1790 1761 1852 absolute

219 1887 273 1945 in
303 1883 502 1961 aliqua
541 1884 846 1961 temporis
875 1883 1251 1957 differentia,
1279 1885 1426 1946 licet
1453 1891 1639 1963 prout
1667 1890 1764 1947 est

219 1977 458 2055 simplex
473 1975 744 2049 intuitio,
779 1995 906 2038 non
926 1976 1160 2038 habeat
1183 1978 1634 2051 causalitatem,
1666 1980 1762 2039 ni-

219 2069 532 2129 hilominus
571 2087 652 2129 ex
685 2069 790 2129 Dei
819 2069 1201 2147 perfectione
1235 2071 1590 2133 necessaria
1643 2076 1756 2134 est.

220 2166 424 2223 Contra
471 2163 639 2223 hanc
695 2168 906 2224 autem
953 2164 1454 2227 antecessionem
1507 2166 1763 2228 rationis

219 2257 354 2317 nihil
397 2256 622 2335 probat
661 2256 770 2317 illa
808 2257 1098 2336 objectio,
1151 2258 1264 2319 sed
1304 2259 1386 2319 ad
1445 2277 1762 2321 summum

224 2349 536 2421 concludit,
567 2349 637 2410 in
687 2368 762 2411 eo
817 2349 995 2425 signo
1023 2350 1304 2424 rationiS,
1338 2352 1401 2412 in
1445 2372 1570 2431 quo
1594 2355 1764 2415 Dens

221 2442 436 2521 praescit
465 2441 542 2501 de
585 2442 882 2504 omnibus
913 2441 1334 2504 voluntatibus
1372 2446 1620 2516 creatiS,
1663 2445 1763 2506 fu-

223 2534 355 2596 turis
394 2553 504 2595 seu
549 2534 954 2613 possibilibus
985 2582 1004 2607 ,
1059 2537 1212 2615 quid
1254 2536 1510 2599 facturae
1555 2546 1764 2603 essent

223 2627 322 2689 suh
337 2645 730 2707 quacumque
747 2627 1130 2701 conditione,
1157 2648 1540 2709 cognoscere
1575 2632 1761 2693 etiam

227 2722 290 2782 de
329 2740 434 2781 sua
472 2720 798 2783 voluntate
844 2720 1148 2800 quidquid
1171 2721 1440 2783 volitura
1485 2728 1579 2785 est
1605 2725 1760 2785 libe-

225 2834 302 2885 re,
330 2814 422 2873 vel
459 2813 750 2875 absolute
781 2814 842 2875 in
885 2814 1250 2889 aeternitate,
1287 2817 1338 2877 si
1375 2816 1516 2877 talis
1559 2817 1760 2879 deter-

223 2907 454 2968 minatio
501 2906 706 2969 libera
744 2912 984 2969 tantum
1011 2910 1305 2988 supponit
1355 2927 1432 2971 ea
1483 2928 1622 2989 quae
1671 2911 1760 2971 in·

227 3001 462 3062 trinsece
495 3019 568 3061 ac
611 3002 970 3061 necessario
1009 3002 1530 3082 conveniunt-ipsi
1579 3006 1753 3076 Deo;

227 3095 310 3154 rel
341 3101 497 3156 certe
541 3096 666 3156 sub
695 3094 1072 3172 conditione,
1105 3095 1157 3156 si
1187 3096 1481 3176 supponit
1528 3097 1763 3178 aliquid

233 3187 381 3247 aliud
405 3188 594 3249 libere
629 3188 908 3250 futurum
957 3189 1019 3250 in
1067 3197 1394 3260 creatura:
1427 3197 1761 3270 utrumque

230 3286 412 3340 autem
438 3281 670 3342 borum
699 3299 918 3342 verum
952 3289 1071 3343 est.
1121 3284 1247 3344 Nec
1287 3283 1432 3344 inde
1479 3284 1762 3362 sequitur

230 3374 374 3452 quod
423 3373 684 3436 libertas
721 3374 944 3436 divinae
991 3375 1326 3438 voluntatis
1367 3376 1756 3452 destruatur,

229 3473 288 3526 ut
327 3467 596 3540 inferinS,
639 3486 776 3546 cap.
821 3469 884 3542 8,
911 3468 1350 3548 disputabitur,
1399 3471 1506 3531 ubi
1549 3472 1759 3533 omnia

231 3577 350 3638 quae
389 3560 448 3620 in
473 3561 594 3620 hae
625 3561 1036 3640 responsione
1049 3561 1222 3642 [tacta
1249 3569 1416 3636 sunt,
1448 3583 1762 3644 exponen-

231 3659 318 3713 tur
347 3653 539 3715 latiuS.
571 3656 649 3716 Et
683 3655 826 3716 ideo
855 3656 990 3717 haec
1015 3675 1185 3718 nunc
1216 3657 1404 3717 etiam
1431 3657 1510 3720 de
1545 3659 1760 3738 quinta

233 3746 548 3826 objectione
595 3747 932 3810 sufficiant.

236 3951 610 4046 Rupouqetm·
638 3951 724 4014 ad
745 3957 983 4032 sextam
1004 3999 1020 4027 ,
1073 3953 1528 4035 explicam-qu
1579 3971 1765 4035 quan-

301 4047 415 4105 tum
463 4045 760 4106 deserviat
789 4046 914 4108 λκιο
941 4046 1197 4110 scientia
1233 4049 1316 4110 ad
1350 4048 1764 4128 amplicandam

298 4135 500 4215 qratioe
547 4138 906 4214 efficaciam.

305 4308 356 4365 7.
398 4307 490 4370 Ad
517 4313 762 4369 sextum
789 4327 940 4370 vero
969 4309 1406 4388 respondetur,
1445 4310 1572 4371 imo
1613 4312 1769 4390 opti-

237 4417 320 4458 me
353 4399 464 4460 hac
487 4401 728 4462 ratione
759 4402 1022 4482 intelligi
1051 4402 1400 4464 efficaciam
1430 4403 1644 4482 gratioe
1663 4424 1766 4467 vo·

238 4492 426 4562 mantis»,
457 4511 566 4554 seu
597 4495 958 4556 excitantis:
995 4501 1102 4556 aut
1131 4496 1300 4557 enim
1340 4497 1632 4574 neganda
1673 4505 1768 4559 est

241 4583 430 4645 efficax
475 4587 668 4666 gratia
725 4607 802 4649 ex
847 4589 904 4648 vi
954 4588 1296 4650 vocationis
1343 4594 1405 4649 et
1447 4590 1764 4652 excitatio-

243 4676 342 4741 nis.
371 4686 545 4757 prout
572 4699 608 4740 a
650 4681 779 4742 Deo
823 4681 916 4753 fit,
947 4681 1118 4759 quod
1143 4701 1270 4742 non
1297 4701 1526 4744 censeo
1553 4683 1766 4744 dicen—

239 4765 390 4842 dum,
423 4780 674 4851 propter
704 4793 778 4834 ea
817 4793 958 4852 quae
991 4793 1178 4854 supra
1208 4775 1424 4849 attuli3
1455 4777 1562 4858 ‘vel
1597 4783 1763 4838 certe

241 4877 346 4920 non
371 4870 564 4939 potest
590 4866 711 4926 alia
743 4867 984 4930 ratione
1012 4869 1401 4930 commodi-us
1443 4869 1758 4948 explicari,

242 4959 298 5012 ut
329 4954 388 5014 in
413 4958 830 5036 superioribus
857 4965 1178 5022 ostensum
1207 4967 1320 5020 est.
1366 4961 1461 5022 Ad
1504 4961 1566 5024 id
1609 4980 1760 5023 vero

241 5047 390 5123 quod
412 5048 486 5110 de
513 5051 1064 5128 praedestinatione
1095 5053 1392 5132 tangitur,
1435 5053 1760 5115 fatendum

243 5141 361 5217 est(
380 5143 538 5220 quod
573 5144 638 5203 in
681 5144 852 5204 omni
881 5164 1035 5206 sana
1063 5147 1368 5208 sententia
1413 5153 1508 5208 est
1543 5166 1760 5208 neces-

245 5232 480 5312 sarium)
508 5236 822 5298 neminem
859 5257 898 5298 a
934 5239 1066 5300 Deo
1109 5239 1254 5319 eligi
1315 5240 1399 5300 ad
1449 5240 1710 5318 gloriam
1738 5286 1755 5313 ,

246 5323 344 5383 nisi
379 5327 538 5404 prius
585 5331 824 5392 ratione
851 5333 1022 5394 Deus
1057 5333 1126 5392 in
1167 5350 1234 5394 se
1279 5332 1510 5394 habeat
1547 5333 1761 5412 cogni-

245 5419 356 5477 tam
387 5419 542 5483 viam
593 5429 656 5484 et
693 5424 954 5487 modum
1000 5443 1124 5505 quo
1153 5426 1348 5506 possit
1385 5426 1562 5488 illum
1603 5427 1762 5490 elec·

249 5513 360 5570 tum
397 5512 472 5574 ad
505 5514 758 5596 gloriam
805 5517 1176 5598 perducere.
1225 5521 1319 5593 Et,
1363 5520 1510 5600 quia
1538 5519 1760 5586 electio

3272 374 3390 439 363

1833 499 1965 543 uon
2005 489 2100 545 est
2146 484 2225 545 ad
2274 483 2539 565 gloriam
2585 490 2945 563 utcumque,
2980 484 3093 547 sed
3143 484 3223 545 ad
3263 485 3391 565 glo·

1834 576 1991 637 riam
2023 583 2091 639 ut
2122 578 2203 639 ad
2223 596 2520 639 coronam
2552 585 2613 639 et
2647 578 2989 658 premium,
3024 578 3241 640 saltem
3266 596 3392 639 res-

1831 676 2019 749 pectu
2058 670 2437 739 adultorum,
2469 670 2611 733 ideo
2630 670 2767 733 talis
2797 670 3015 732 electio
3036 670 3224 732 ctiam
3251 689 3393 749 sup·

1835 763 2015 840 ponit
2052 762 2115 824 in
2166 763 2297 825 Deo
2342 763 2668 824 scientiam
2717 763 3107 833 meritorum,
3147 782 3275 825 non
3324 768 3395 823 ut

1835 854 2185 917 futurorum
2216 857 2599 936 simpliciter,
2646 857 2758 918 sed
2788 863 2857 917 ut
2892 856 3277 935 possibilium
3318 876 3395 919 ex

1836 950 2037 1029 gratia
2080 950 2215 1023 Dei,
2278 956 2341 1011 et
2387 956 2847 1029 consequenter
2885 949 3235 1011 futurorum
3280 950 3397 1011 sub

1837 1042 2216 1117 conditione,
2263 1043 2327 1105 id
2384 1050 2479 1105 cst
2506 1092 2521 1119 ,
2582 1044 2631 1105 si
2678 1046 2846 1105 Deus
2890 1043 3037 1105 velit
3078 1042 3395 1105 hominem

1837 1153 2077 1211 creare,
2112 1142 2175 1197 et
2204 1136 2392 1199 talem
2422 1137 2711 1215 gratiam,
2731 1136 3119 1198 vocationem
3140 1142 3201 1197 et
3228 1136 3397 1197 auxi-

1840 1227 1995 1289 lium
2038 1230 2347 1291 conferre.
2404 1230 2583 1305 Quod
2630 1237 2829 1292 totum
2874 1235 3118 1291 constat
3170 1248 3247 1291 cx
3292 1227 3398 1289 illa

1841 1322 2083 1383 ratione
2112 1323 2389 1403 generali
2404 1342 2607 1403 ‚supra
2628 1324 2816 1389 facta,
2836 1322 3007 1401 quod
3024 1320 3287 1383 intentio
3309 1320 3399 1383 ef·-

1840 1414 2004 1477 ficax
2035 1414 2177 1475 finis
2204 1417 2497 1495 supponit
2532 1416 2987 1496 praescientiam
3021 1416 3393 1489 mediorum,

1847 1513 1911 1569 ut
1944 1508 2333 1587 possibilium
2362 1514 2424 1569 et
2469 1508 2817 1571 efficacium
2866 1514 3157 1588 respectu
3198 1509 3401 1570 inten-

1841 1600 2067 1661 dentis.
2104 1600 2260 1663 Hinc
2288 1620 2437 1663 vero
2464 1620 2591 1663 non
2620 1602 2689 1664 fit
2711 1602 3081 1665 electionem
3102 1608 3211 1663 aut
3240 1620 3399 1681 prze-

1843 1694 2327 1757 destinationem
2368 1713 2506 1757 esse
2557 1704 2811 1777 propter
2848 1697 3092 1769 merita,
3144 1696 3193 1757 si
3248 1696 3401 1757 illud

1839 1794 2089 1870 proptor
2116 1788 2283 1851 dicat
2313 1808 2565 1851 causam
2596 1798 2990 1864 moventem3
3044 1791 3155 1853 sed
3196 1790 3399 1851 solum

1845 1882 2127 1961 sequitur
2166 1884 2385 1944 merita
2434 1902 2571 1944 esse
2644 1878 2995 1945 necessaria
3056 1883 3266 1945 media
3318 1882 3402 1945 ad

1846 1974 2279 2037 executionem
2312 1976 2478 2037 illius
2526 1976 2889 2039 intentionis
2910 2020 2931 2051 ,
2964 1977 3097 2039 sine
3132 1985 3401 2056 quorum

1842 2070 2353 2149 praecognitione,
2403 2075 2471 2132 ut
2498 2069 2805 2149 explicata
2864 2075 2980 2143 est,
3032 2088 3219 2133 nemo
3261 2088 3401 2149 pos-

1844 2168 1940 2223 set
1978 2162 2320 2240 prudenter
2362 2161 2707 2225 intendere.
2738 2164 2811 2223 Et
2846 2163 3147 2236 similiter,
3180 2180 3403 2242 quam·

1842 2256 1935 2315 vis
1974 2256 2163 2329 Deae,
2202 2274 2393 2336 quem
2438 2257 2770 2319 efficaciter
2796 2258 2931 2319 vult
2980 2262 3347 2319 convertere
3378 2302 3393 2329 ,

1841 2353 1991 2409 tunc
2019 2356 2081 2410 et
2112 2349 2217 2409 tali
2240 2348 2429 2410 modo
2462 2350 2635 2409 illum
2660 2356 2860 2422 vocet,
2888 2350 3139 2429 quando
3164 2357 3227 2411 et
3250 2368 3399 2429 quo·

1841 2443 2031 2504 modo
2052 2435 2057 2441 ’
2082 2443 2194 2503 scit
2240 2442 2415 2503 illum
2458 2449 2969 2522 cooperaturum,
3022 2462 3149 2503 non
3190 2449 3401 2505 tamen

1842 2535 1988 2596 inde
2018 2536 2319 2615 sequitur,
2345 2537 2429 2597 ita
2458 2535 2631 2597 illum
2654 2554 2903 2613 vocare,
2934 2538 3079 2616 quia
3104 2556 3403 2616 coopera-

1841 2634 2019 2689 turus
2066 2632 2194 2700 est,
2236 2646 2374 2707 quoe
2422 2628 2687 2689 causalis
2738 2628 3045 2709 significat
3096 2629 3403 2691 rationem

1837 2726 2199 2783 moventem
2226 2719 2460 2794 Dcum;
2494 2722 2606 2783 sed
2644 2723 2925 2802 sequitur
2950 2724 3150 2785 Deum
3178 2734 3401 2782 vocare

1837 2815 2045 2893 ipsum
2076 2820 2147 2875 ut
2194 2819 2585 2893 cooperetur,
2622 2815 2791 2893 quod
2842 2815 3149 2895 significat
3196 2814 3404 2893 proxi-

1839 2926 2012 2969 mam
2052 2908 2307 2969 finalem
2354 2926 2610 2969 causam
2660 2908 2799 2969 talis
2834 2907 3195 2969 vocationis
3240 2907 3405 2978 Quo-

1841 3002 2032 3064 modo
2060 3001 2429 3081 ponderavit
2448 3002 2831 3082 Augustinus
2854 3002 3081 3063 dixisse
3105 3000 3398 3063 Paulum:

1841 3096 2057 3177 Eleyit
2100 3114 2209 3159 nos
2254 3096 2321 3158 in
2365 3096 2519 3178 ipse,
2548 3102 2620 3160 ut
2658 3115 2915 3160 essemus
2958 3096 3203 3172 Sancti,
3234 3115 3398 3158 non:

1842 3189 1997 3264 Quia
2022 3189 2209 3250 futuri
2232 3207 2483 3251 eramus
2508 3209 2525 3256 :
2552 3190 2697 3268 quia
2723 3190 2785 3250 in
2816 3191 3010 3252 altero
3031 3189 3235 3251 finalis
3260 3207 3406 3250 cau-

1842 3302 1931 3358 sa,
1968 3284 2033 3344 in
2075 3283 2269 3344 altero
2301 3302 2451 3344 vero
2479 3284 2795 3344 meritoria
2821 3283 3221 3363 significatur.

1921 3379 1982 3438 8.
2034 3375 2387 3440 ostenditur
2414 3394 2531 3439 non
2556 3394 2681 3440 esse
2716 3375 3047 3459 Auyustini
3076 3375 3406 3456 opinionem

1840 3489 2020 3553 quam
2056 3469 2109 3532 ei
2141 3471 2317 3549 ponit
2360 3469 2740 3533 Camerinus.
2786 3501 2869 3514 —
2904 3471 3039 3530 Non
3068 3475 3281 3530 tamen
3313 3475 3408 3530 est

1841 3565 2008 3625 idem
2056 3562 2133 3624 de
2186 3562 2647 3641 reprobatione,
2693 3562 2976 3641 quamvis
3032 3563 3165 3624 sine
3216 3579 3407 3622 causa

1842 3656 2209 3718 Catherinus
2230 3657 2293 3717 id
2320 3656 2600 3754 imponat
2622 3655 2990 3736 Augustino,
3014 3655 3055 3714 l.
3084 3657 3123 3716 2
3144 3655 3223 3716 de
3250 3655 3407 3716 Prae-

1843 3750 2031 3826 dest.,
2076 3749 2311 3823 dicens,
2340 3751 2521 3829 juxta
2559 3750 2999 3829 Augustinum,
3044 3751 3239 3810 Deum
3278 3765 3407 3808 non

1841 3843 2086 3905 misisse
2123 3844 2323 3923 Tyriis
2366 3849 2429 3904 et
2460 3843 2729 3906 Sidoniis
2768 3843 3223 3922 praedicatores,
3260 3841 3407 3921 quia

1845 3937 2083 3999 sciebat
2128 3955 2265 3998 esse
2314 3936 2689 4010 credituros,
2744 3941 2807 3998 et
2852 3937 2985 4015 ipse
3040 3935 3295 3999 nolebat
3338 3937 3408 3994 ut

1845 4030 2205 4102 crederent3
2244 4037 2307 4092 et
2334 4030 2557 4092 eodem
2586 4030 2773 4092 modo
2796 4029 2964 4102 dicit,
2996 4047 3073 4090 ex
3098 4028 3408 4090 sententia

1845 4117 2195 4202 Augustini,
2232 4142 2299 4184 se
2341 4123 2636 4184 habuisse
2678 4123 2879 4184 Deum
2926 4122 3089 4183 circa
3122 4119 3408 4182 ultimam

1845 4217 2343 4291 damnationem,
2390 4217 2644 4289 scilicet,
2690 4218 2891 4276 Deum
2938 4215 3213 4278 noluisse
3256 4215 3407 4276 dare

1845 4309 2128 4388 reprobis
2158 4309 2384 4370 auxilia
2421 4310 2646 4386 quibus
2674 4309 2847 4370 scivit
2874 4308 3007 4370 fore
3050 4307 3406 4379 salvandOS,

1847 4404 1995 4481 quia
2014 4402 2315 4464 damnare
2340 4402 2719 4464 decreverat.
2747 4402 2922 4474 Quod
2938 4409 3149 4464 tamen
3170 4408 3231 4464 et
3250 4402 3406 4463 falso

1846 4497 2137 4557 tribuitur
2162 4496 2531 4574 AugustinO,
2572 4502 2637 4556 ut
2678 4500 2919 4558 constat
2950 4515 3027 4558 ex
3054 4497 3411 4576 responsio-

1845 4590 2029 4650 nibus
2062 4589 2199 4668 ejus
2240 4589 2320 4649 ad
2364 4589 2656 4650 articulos
2698 4590 2814 4650 sibi
2850 4590 3008 4650 falso
3046 4589 3403 4668 impositos;

1847 4687 1920 4742 ‹vt-
1941 4701 2015 4742 ex
2042 4701 2109 4743 se
2146 4682 2547 4742 falsissimum
2580 4689 2697 4754 est,
2730 4688 2789 4760 et
2830 4684 3103 4744 alienum
3134 4701 3173 4744 a
3199 4682 3407 4743 divina

1845 4775 2120 4836 bonitate
2168 4781 2229 4836 et
2266 4775 2517 4854 pietate,
2551 4781 2613 4836 et
2641 4775 2721 4836 ab
2750 4775 2855 4835 illa
2898 4776 3242 4844 voluntate,
3286 4791 3409 4854 qua

1842 4869 1975 4929 vult
1999 4887 2217 4930 omnes
2242 4870 2527 4931 homines
2549 4871 2757 4931 salvos
2774 4870 2932 4931 fieri.
2957 4869 3135 4934 Unde
3160 4870 3225 4930 in
3252 4870 3409 4930 Con-

1843 4962 1982 5022 cilio
2006 4962 2357 5034 Valentino,
2382 4963 2499 5022 sub
2518 4963 2833 5035 Lothario,
2858 4980 2995 5042 cap.
3020 4963 3081 5036 2,
3104 4963 3267 5024 inter
3286 4962 3409 5022 alia

1841 5055 2086 5128 dicitur,
2119 5055 2439 5116 neminem
2468 5074 2545 5115 ex
2572 5057 2683 5116 Dei
2723 5055 3085 5135 proejudicio
3114 5053 3409 5116 condem-

1839 5147 1999 5220 nari,
2032 5147 2111 5208 de
2137 5166 2259 5226 qua
2288 5165 2357 5208 re
2384 5148 2561 5226 plura
2578 5148 2850 5209 diximus
2880 5149 2986 5210 lib.
3017 5151 3078 5210 ⁶2..
3110 5147 3405 5220 Quamvis

1843 5257 1993 5320 ergo
2016 5240 2077 5300 in
2098 5246 2363 5319 utroque
2384 5241 2636 5319 negotio
2652 5241 3040 5319 praescientia
3062 5242 3141 5302 sit
3160 5240 3403 5314 eadem,

1841 5338 2053 5395 tamen
2074 5333 2185 5394 Dei
2207 5333 2491 5394 voluntas
2514 5340 2576 5395 et
2596 5335 2857 5395 intentio
2878 5353 3001 5394 non
3026 5340 3121 5395 est
3146 5334 3401 5408 eadem;

1842 5427 1999 5488 nihil
2035 5428 2204 5488 enim
2232 5433 2543 5509 repugnat
2582 5427 2751 5506 quod
2784 5427 3019 5506 aliquid
3052 5427 3283 5489 sciatur
3310 5427 3408 5486 fu·-

1841 5525 2083 5595 turum,
2098 5521 2265 5601 quod
2294 5527 2505 5584 tamen
2530 5539 2655 5581 uon
2680 5519 2759 5583 sit
2782 5519 3035 5582 volitum
3068 5538 3186 5584 nec
3209 5520 3407 5584 inten-
