3850 6225
1133 319 1190 400 ὁ

635 445 804 500 SEGT.
841 449 903 500 ll.
939 447 1122 499 Sl‘l’NE
1153 447 1216 500 m
1250 445 1372 500 1)Εο
1405 447 1674 500 PROPRIA
1705 447 1785 500 m*
1819 446 2124 500 mamus
2154 447 2382 501 Jusnr.
2417 446 2880 500 commuu‘rlva.

140 544 434 620 alterius,
468 553 532 608 et
573 554 667 609 est
691 547 1183 614 accidentarium
1227 566 1304 608 ex
1351 547 1560 626 aliqua
1609 548 1726 607 hu-

139 657 344 698 mana
377 639 840 702 introductione
881 641 980 700 vel
1025 639 1420 712 conditione,
1483 647 1545 702 et
1593 659 1722 702 non

143 736 246 792 est
293 732 629 794 intrinsece
673 733 740 794 in
791 733 1083 794 omnihus
1130 733 1372 795 actibus
1421 739 1484 796 et
1533 733 1724 794 rebus

142 843 298 903 quae
356 824 614 886 subesse
667 832 925 905 possunt
977 827 1256 888 humano
1293 826 1592 888 domini0.
1646 829 1725 888 At

141 934 304 978 vero
331 920 502 980 Deus
535 919 618 979 ita
651 926 748 980 est
769 937 1103 999 supremus
1134 927 1196 982 et
1222 919 1590 981 universalis
1617 919 1724 980 do-

141 1011 366 1072 minus
409 1013 692 1074 omnium
717 1057 734 1086 ,
787 1019 858 1074 ut
909 1013 1156 1074 nullum
1204 1013 1442 1074 bonum
1464 1056 1480 1085 ,
1529 1012 1726 1074 domi-

143 1105 357 1178 nium,
387 1112 496 1166 aut
506 1106 612 1186 jus
631 1107 826 1185 possit
843 1107 910 1166 in
931 1111 1215 1168 creatura
1242 1097 1727 1185 inveniri,.qu6d

146 1217 288 1258 non
312 1200 670 1260 necessario
701 1201 782 1260 sit
807 1199 926 1260 sub
950 1199 1228 1261 dominio
1256 1200 1392 1272 Dei,
1429 1199 1632 1260 altiori
1665 1205 1728 1260 et

145 1291 512 1370 perfectiori
543 1293 766 1366 modo;
825 1295 948 1354 hoc
979 1294 1148 1356 enim
1205 1298 1446 1373 spectat
1497 1292 1580 1354 ad
1619 1311 1726 1353 su-

147 1402 448 1462 premam
467 1387 578 1448 Dei
605 1386 1078 1472 perfectionem,
1103 1393 1166 1448 et
1183 1387 1378 1450 oritur
1403 1405 1480 1448 ex
1507 1387 1728 1446 intrin-

149 1495 302 1538 seca
325 1478 747 1557 dependentia
777 1481 1232 1560 cujuscumque
1275 1479 1424 1540 boni
1467 1479 1654 1540 creati
1685 1496 1724 1538 a

149 1576 466 1650 potestate
499 1577 562 1632 et
585 1573 904 1634 voluntate
929 1574 1066 1634 Dei.
1101 1576 1306 1651 Atque
1343 1571 1490 1632 hinc
1513 1570 1583 1632 fit
1603 1577 1725 1631 ter—

153 1664 264 1732 tio,
297 1670 368 1726 ut
397 1665 649 1744 quando
691 1673 980 1728 creatura
1024 1667 1214 1728 habet
1259 1666 1582 1746 proprium
1620 1664 1726 1744 jus

145 1757 410 1836 justitiis
441 1760 900 1820 commutativae
927 1761 992 1820 in
1021 1759 1234 1833 aliam,
1259 1757 1724 1839 quodammodo

155 1851 234 1910 sit
261 1851 348 1910 illi
391 1851 699 1929 superior,
747 1853 1106 1931 habeatque
1141 1870 1282 1914 eam
1323 1851 1438 1912 sibi
1477 1851 1727 1930 subjec-

153 1949 286 2003 tam
323 1944 670 2004 secundum
714 1963 857 2006 eam
885 1945 1231 2018 rationem;
1263 1946 1412 2024 quia
1443 1963 1520 2006 ex
1547 1946 1606 2004 vi
1631 1945 1727 2004 sui

147 2036 312 2114 juris
339 2037 778 2100 necessitatem
817 2038 905 2098 illi
947 2037 1134 2100 infert
1157 2038 1450 2100 servandi
1479 2038 1579 2098 vel
1603 2037 1729 2098 sol-

153 2128 346 2190 vendi
381 2129 504 2190 tale
525 2130 654 2208 jus,
683 2131 1120 2212 necessitatem
1163 2131 1467 2209 (inquam)
1509 2148 1622 2209 per
1657 2147 1726 2190 se

151 2221 478 2300 loquendo
503 2223 888 2298 directivam,
913 2229 974 2285 et
1004 2225 1053 2286 si
1085 2225 1247 2286 vires
1267 2225 1516 2296 habeat,
1537 2225 1728 2285 etiam

153 2316 528 2390 coactivam,
571 2323 878 2394 quantum
909 2324 1002 2378 est
1039 2337 1118 2380 ex
1165 2319 1226 2378 vi
1283 2318 1422 2378 talis
1454 2316 1635 2395 juriS‚
1675 2317 1725 2378 si

152 2409 344 2469 aliter
381 2427 512 2470 non
541 2410 740 2489 possit
793 2411 1216 2489 aequalitatem
1267 2411 1432 2470 illius
1475 2409 1556 2470 ab
1607 2409 1730 2471 alia

151 2510 448 2564 creatura
480 2503 786 2564 obtinere.
817 2507 896 2565 At
921 2521 1072 2566 vero
1105 2510 1396 2582 respectu
1424 2503 1558 2578 Dei,
1591 2503 1727 2564 fieri

151 2615 286 2656 non
329 2602 537 2675 potest
561 2603 630 2657 ut
672 2603 958 2658 creatura
1001 2597 1126 2658 tale
1161 2597 1266 2676 jus
1295 2597 1545 2672 habeat,
1579 2597 1726 2675 quia

151 2689 490 2750 manifeste
531 2691 828 2769 supponit
869 2689 1404 2769 imperfectionem
1447 2689 1510 2749 in
1551 2691 1726 2750 debi-

151 2787 296 2844 tore
332 2783 474 2843 talis
505 2783 702 2862 juris;
749 2801 886 2843 esse
915 2783 1083 2844 enim
1125 2785 1478 2864 subjectum
1521 2783 1722 2854 alteri,

155 2894 562 2954 quacumque
598 2876 862 2950 ratione,
903 2877 1290 2954 imperfectio
1333 2882 1449 2948 est,
1483 2877 1584 2940 vel
1611 2876 1726 2936 im-

153 2969 614 3048 perfectionem
651 2969 988 3048 supponit3
1037 2970 1307 3030 maxime
1343 2988 1494 3032 vero
1542 2970 1595 3030 si
1649 2987 1726 3030 ex

156 3063 418 3145 proprio
471 3068 534 3124 et
580 3063 928 3126 intrinseco·
953 3063 1098 3142 jure
1142 3063 1398 3125 alterius
1436 3063 1577 3126 talis
1621 3082 1724 3124 su-

155 3156 514 3217 bordinatio
542 3156 797 3218 oriatur.
845 3158 1180 3237 Repugnat
1211 3158 1398 3218 etiam
1437 3159 1552 3219 hoc
1583 3176 1726 3217 cum

159 3267 458 3327 supremo
484 3249 762 3311 dominio
810 3250 944 3322 Dei,
987 3256 1057 3311 ut
1087 3254 1182 3312 est
1230 3249 1610 3312 declaratum
1651 3268 1728 3310 ex

157 3344 363 3405 dictis,

243 3440 346 3499 30.
387 3435 669 3501 Jmtitioe
710 3436 1148 3501 commutatione
1192 3437 1444 3501 diversa·
1487 3440 1632 3499 sunt
1670 3436 1732 3497 si

157 3532 406 3594 diversa
436 3531 772 3613 respiciant
803 3532 982 3607 jura.
1029 3562 1111 3577 --
1151 3530 1312 3592 Satis
1364 3530 1553 3608 igitur
1597 3528 1732 3607 jam

161 3628 430 3697 constat,
465 3625 516 3684 si
544 3623 868 3685 rationalis
894 3629 1178 3685 creatura
1209 3623 1291 3683 ad
1329 3623 1528 3685 Deum
1565 3640 1731 3683 com-

158 3724 384 3799 parata
407 3716 640 3778 habere
671 3720 878 3796 potest
903 3716 1159 3797 aliquod
1193 3716 1514 3796 proprium
1549 3715 1732 3794 justi-

159 3812 264 3871 tiae
292 3811 420 3890 jus,
451 3809 606 3870 illud
633 3828 770 3871 esse
809 3810 996 3889 longe
1027 3809 1344 3871 diversum
1383 3828 1422 3869 a
1454 3808 1733 3887 quolibet

155 3906 302 3986 jure
321 3903 572 3983 justitiae
594 3904 1074 3976 commutativoe‚
1099 3902 1270 3982 quod
1293 3922 1418 3963 una
1445 3909 1732 3964 creatura

161 3998 356 4059 habet
379 4002 672 4075 respectu
695 3996 984 4069 alterius;
1015 4016 1164 4057 nam
1189 3996 1554 4057 differentiae
1583 3994 1734 4057 assi-

163 4099 372 4173 gnatae
405 4090 556 4151 satis
584 4089 924 4152 ostendunt
957 4090 1289 4151 formalem
1319 4090 1734 4151 differentiam

162 4185 328 4243 inter
368 4182 512 4243 talia
544 4182 712 4261 jura.
735 4184 996 4269 ‘Rursus
1031 4182 1180 4243 hinc
1209 4182 1466 4243 ulterius
1493 4185 1736 4242 constat

155 4276 457 4356 justitias,
485 4294 624 4355 quas
645 4276 991 4354 respiciunt
1016 4276 1153 4337 haec
1183 4275 1428 4337 diversa
1431 4275 1599 4354 jura,
1623 4274 1736 4335 dif-

159 4370 328 4431 ferre
382 4369 571 4429 etiam
623 4369 786 4429 inter
836 4386 903 4429 se
953 4368 1332 4441 formaliter,
1385 4368 1730 4429 secundum

163 4461 452 4541 proprias
481 4468 544 4523 et
581 4462 763 4539 quasi
803 4460 1128 4540 specificas
1169 4461 1446 4523 rationes
1478 4460 1732 4539 justitiae

162 4556 640 4615 commutativae.
702 4554 1005 4615 Probatur
1025 4600 1042 4626 ,
1101 4553 1248 4632 quia
1314 4552 1610 4615 differunt
1669 4555 1733 4615 in

159 4648 432 4729 propriis
464 4648 722 4727 objectis
749 4646 1140 4719 formalibuS,
1163 4665 1313 4707 nam
1335 4646 1596 4707 formale
1627 4647 1736 4707 ob—

155 4744 400 4821 jectum
423 4741 678 4819 justitiae
711 4745 804 4800 est
822 4740 930 4818 jus
959 4740 1246 4811 alterius;
1281 4757 1432 4819 ergo
1451 4740 1730 4819 justitioe,

163 4852 306 4913 quae
351 4834 512 4895 intra
561 4833 958 4895 latitudinem
1001 4831 1460 4893 commutativae
1480 4832 1736 4912 justitiae

163 4928 506 5009 respiciunt
521 4929 670 5007 jura
709 4928 1100 4989 diversarum
1139 4926 1476 4999 rationum,
1506 4925 1738 4985 forma-

163 5024 306 5084 liter
337 5022 634 5083 differunt
661 5022 779 5081 sub
807 5021 913 5081 illa
941 5019 1260 5081 communi
1285 5018 1560 5091 ratione3
1589 5017 1738 5097 quia

167 5123 262 5177 est
295 5116 612 5177 distinctio
635 5121 772 5176 orta
811 5132 888 5175 ex
919 5114 1180 5193 objectis
1209 5112 1597 5184 formalibus,
1625 5129 1740 5171 seu

167 5208 560 5269 considerata
603 5209 668 5269 in
707 5207 925 5268 ordine
961 5205 1043 5267 ad
1085 5206 1221 5278 illa3
1259 5211 1321 5267 et
1362 5222 1490 5265 non
1534 5204 1740 5265 solum

168 5320 244 5363 ex
272 5300 665 5361 distinctione
697 5299 876 5377 quasi
907 5299 1210 5360 materiali
1242 5298 1522 5378 ipsarum
1547 5297 1738 5357 virtu-

167 5402 324 5465 tum,
354 5384 665 5472 quatenus
685 5412 812 5455 una
833 5394 1112 5455 increata
1141 5398 1236 5453 est
1263 5398 1325 5453 et
1353 5390 1474 5451 alia
1503 5396 1732 5451 creata.

169 5486 450 5565 Denique
479 5486 623 5547 hinc
647 5494 912 5559 constat,
935 5487 1080 5548 licet
1096 5486 1335 5566 justitia
1358 5484 1569 5546 divina
1596 5484 1739 5545 sim-

171 5579 408 5657 pliciter
427 5579 506 5640 sit
529 5578 954 5655 excellentior,
977 5584 1192 5659 utpote
1213 5578 1455 5639 habens
1483 5594 1739 5639 omnem

3248 441 3366 501 539

1797 547 2055 628 justitiae
2105 549 2413 609 rationem
2462 565 2717 627 prorsus
2766 548 3036 608 alienam
3066 547 3149 607 ab
3192 547 3365 608 omni

1802 641 2273 720 imperfectione
2292 689 2309 716 ‚
2353 641 2761 701 nihilominus
2807 646 3019 702 tamen
3062 639 3365 719 justit-iam

1805 737 2310 796 commutativam
2332 736 2675 798 humanam
2698 735 3002 796 excedere
3027 734 3093 794 in
3113 733 3367 812 quibus-

1804 828 1953 889 dam
1999 827 2479 908 proprietatibus
2521 829 2976 908 pertinentibus
3022 826 3104 887 ad
3149 843 3369 905 quem-

1803 922 1951 983 dam
1974 923 2279 1002 majorem
2306 923 2581 1003 rigorem
2600 923 2879 1003 justitiae,
2902 926 2974 982 ut
3001 925 3145 980 sunt
3174 918 3369 980 omni-

1804 1015 1993 1076 moda
2022 1015 2332 1077 distinctio
2372 1015 2602 1096 injure
2636 1035 2747 1078 seu
2774 1014 3074 1088 dominio,
3102 1018 3164 1074 et
3196 1012 3371 1072 simi-

1805 1109 1910 1180 lia,
1941 1125 2081 1189 quoe
2108 1127 2185 1169 ex
2213 1109 2579 1170 differentiis
2610 1125 2797 1189 supra
2822 1103 3039 1188 positis
3071 1106 3369 1186 colligun-

1807 1208 1931 1264 tur.
1958 1203 2083 1262 Nec
2110 1203 2337 1263 mirum
2368 1204 2536 1284 quod
2564 1203 2629 1264 in
2658 1203 2755 1264 his
2784 1199 3243 1264 conditionibus
3268 1207 3370 1259 ei-

1807 1296 1991 1358 cedat
2020 1297 2299 1356 humana
2332 1298 2594 1376 justitia,
2616 1297 2761 1375 quia
2790 1313 2921 1355 non
2952 1291 3267 1374 pertinent
3289 1289 3371 1352 ad

1807 1389 2253 1468 perfectionem
2282 1390 2663 1469 simpliciter.

1887 1483 1987 1543 31.
2015 1481 2191 1553 Quod
2218 1483 2267 1543 si
2298 1483 2437 1561 quis
2458 1483 2776 1544 mordicus
2798 1481 3063 1541 affirmet
3084 1480 3198 1540 has
3228 1497 3371 1540 con-

1806 1576 2074 1638 ditiones
2101 1595 2238 1637 esse
2269 1576 2347 1637 de
2384 1576 2623 1637 ratione
2652 1574 2897 1636 formali
2918 1573 3171 1653 justitiae
3205 1589 3371 1634 com-

1805 1671 2120 1730 mutativae
2150 1669 2511 1748 simpliciter
2533 1670 2740 1740 dictae,
2768 1668 3033 1746 ideoque
3071 1683 3197 1726 non
3230 1681 3369 1726 esse

1807 1764 2203 1826 tribuendam
2253 1763 2419 1835 De0,·
2460 1781 2588 1822 non
2638 1767 2729 1822 est
2783 1779 2923 1822 cum
2974 1777 3050 1820 eo
3106 1757 3371 1819 multum

1808 1855 2337 1926 contendendum,
2381 1855 2525 1934 quia
2564 1854 2679 1916 erit
2716 1859 2957 1914 tantum
2998 1851 3078 1913 de
3116 1852 3371 1912 nomine

1809 1951 2143 2012 contentio.
2176 1949 2249 2009 Et
2274 1948 2536 2009 fortasse
2566 1949 2743 2010 multi
2776 1967 2853 2008 ex
2880 1947 3152 2028 antiquis
3176 1946 3375 2006 Theo-

1807 2044 1967 2124 logis
1994 2043 2184 2104 locuti
2212 2048 2378 2116 sunt,
2404 2041 2573 2102 ducti
2618 2040 2931 2102 communi
2971 2057 3089 2099 usu
3114 2039 3373 2116 loquen-

1807 2137 1894 2209 di,
1938 2136 2015 2196 de
2055 2135 2295 2214 justitia
2343 2134 2806 2209 commutativa‚
2842 2132 3187 2194 secundum
3226 2147 3373 2194 eum

1808 2228 2147 2308 specialem
2178 2229 2435 2288 modum
2466 2245 2591 2304 quo
2622 2229 2789 2288 inter
2810 2226 3096 2288 homines
3126 2241 3375 2286 exerce-

1807 2329 1930 2384 tur.
1973 2325 2443 2394 Verumtamen,
2494 2322 2547 2382 si
2588 2339 2725 2382 rem
2765 2321 2963 2400 ipsam
3004 2318 3375 2380 abstractius

1811 2421 1873 2476 et
1901 2416 2086 2476 altius
2114 2415 2633 2494 contemplemur,
2662 2413 3053 2474 inveniemus
3068 2410 3373 2490 justitiam

1809 2509 2317 2570 commutativam
2348 2525 2530 2587 posse
2561 2507 2903 2589 simplicius
2932 2505 3197 2584 concipi,
3227 2503 3371 2583 quia

1806 2603 2083 2663 rationes
2137 2601 2432 2662 formales
2480 2602 2705 2662 horum
2758 2599 3194 2661 attributorum
3244 2615 3371 2657 non

1807 2701 1951 2757 sunt
1970 2693 2291 2755 sumendae
2310 2713 2385 2755 ex
2400 2695 2690 2755 omnibus
2710 2693 3191 2764 conditionibus,
3216 2708 3373 2770 quas

1808 2789 1871 2849 in
1923 2787 2281 2849 hominibus
2332 2787 2591 2860 habent,
2652 2787 2892 2848 etiamsi
2939 2805 3068 2848 non
3118 2785 3373 2866 omnino

1805 2881 2163 2942 materiales
2192 2881 2345 2950 sint,
2384 2881 2495 2942 sed
2535 2899 2611 2941 ex
2651 2880 2894 2959 objecto
2930 2879 3173 2941 formali
3212 2878 3376 2938 limi-

1806 2979 1934 3035 tato
1973 2974 2055 3035 ad
2096 2973 2503 3052 capacitatem
2536 2974 2879 3034 humanam
2920 2973 3249 3053 provenire
3284 2971 3376 3030 vi·-

1806 3068 2107 3141 deantur3
2160 3067 2315 3128 alias
2362 3069 2547 3129 etiam
2588 3066 3016 3129 misericordia
3062 3066 3158 3127 vel
3200 3081 3377 3125 amor

1809 3161 1890 3221 ad
1919 3161 2187 3221 alterum
2226 3180 2355 3221 non
2386 3162 2503 3222 erit
2544 3162 2607 3221 in
2648 3163 2777 3223 Deo
2816 3160 3188 3229 formaliter3
3226 3176 3373 3245 nam

1809 3254 2235 3315 misericordia
2274 3260 2482 3315 creata
2515 3253 2870 3315 necessario
2905 3252 3201 3331 supponit
3230 3250 3378 3311 sub·

1804 3346 2065 3427 jectum,
2114 3347 2271 3407 etin
2319 3364 2395 3407 eo
2424 3346 2701 3425 aliquam
2750 3344 3092 3419 miseriam,
3126 3351 3193 3405 ut
3240 3342 3377 3421 ejus

1810 3438 2093 3499 misereri
2139 3439 2367 3518 possit;
2414 3442 2475 3499 et
2522 3439 2607 3499 ita
2654 3438 2904 3518 respicit
2949 3444 3017 3499 ut
3062 3438 3377 3516 objectum

1810 3530 2073 3593 formale
2109 3532 2451 3605 miseriam,
2493 3551 2633 3611 quae
2664 3550 2731 3594 se
2761 3528 2952 3593 habet
2979 3549 3094 3611 per
3118 3530 3379 3592 modum

1811 3625 2173 3703 privationis
2224 3626 2487 3704 alicujus
2538 3626 2683 3686 boni
2706 3670 2726 3699 ,
2776 3632 2847 3685 ut
2892 3622 3371 3694 sublevandam;

1813 3719 1979 3779 Deus
2006 3723 2241 3791 autem,
2280 3724 2349 3779 ut
2380 3719 2773 3793 misereatur,
2822 3718 3055 3777 nullam
3086 3715 3379 3795 privatio-

1811 3828 1961 3871 nem
1998 3813 2357 3872 necessario
2385 3812 2668 3889 respicit3
2698 3830 2847 3871 nam
2886 3828 3125 3884 eorum,
3156 3810 3261 3889 qui
3290 3808 3379 3869 ni-

1811 3904 1901 3964 hil
1950 3910 2137 3965 antea
2186 3910 2387 3977 erant,
2424 3905 2758 3965 miseretur
2803 3922 2948 3965 cum
3002 3903 3091 3963 eis
3142 3902 3383 3963 confert

1813 4015 1975 4059 esse.
2000 3997 2291 4059 Similiter
2312 4016 2491 4059 amor
2518 3997 2833 4059 humanus
2858 3996 3151 4076 supponit
3174 3996 3235 4054 in
3258 3994 3377 4054 alio

1812 4090 2075 4164 bonum,
2102 4094 2171 4151 ut
2200 4090 2351 4152 illud
2380 4096 2547 4151 amet
2564 4112 2583 4165 3
2614 4097 2676 4151 et
2704 4091 2823 4151 hoc
2848 4090 3121 4169 pertinet
3148 4088 3229 4149 ad
3270 4087 3381 4147 ob-

1807 4183 2049 4263 jectum
2088 4182 2349 4244 formale
2378 4202 2615 4255 ·suu1n;
2667 4201 2844 4243 amor
2876 4188 3089 4243 autem
3134 4180 3381 4241 divinus

1813 4294 1941 4337 non
1970 4277 2265 4355 supponit
2296 4276 2363 4337 in
2391 4283 2699 4349 creatura,
2728 4276 2837 4338 sed
2868 4274 3109 4337 confert
3143 4274 3381 4336 bonum

1815 4369 1986 4448 quod
2012 4374 2201 4429 amat..
2234 4370 2304 4431 In
2342 4369 2436 4430 his
2466 4388 2615 4449 ergo
2646 4368 2955 4430 attributis
2992 4386 3105 4427 seu
3145 4366 3385 4427 affecti-

1811 4464 1955 4534 bu8‚
1978 4464 2331 4524 necessario
2358 4464 2692 4526 dicendum
2726 4470 2821 4525 est
2844 4462 3122 4524 rationes
3148 4459 3381 4521 forma-

1813 4558 1905 4617 les
1934 4557 2323 4635 objectorum
2362 4558 2639 4636 ipsorum
2684 4575 2810 4616 non
2860 4573 2999 4616 esse
3042 4552 3383 4614 sumendas

1813 4650 2162 4710 secundum
2216 4652 2556 4711 humanam
2608 4649 3064 4722 limitationem,
3122 4646 3235 4707 sed
3284 4664 3385 4706 se-

1815 4743 2094 4805 cundum
2130 4743 2601 4804 abstractiorem
2648 4740 3239 4811 considerationem,
3272 4752 3383 4797 sen

1817 4836 2355 4908 convenientiam;
2396 4852 2547 4916 ergo
2578 4835 2795 4896 similis
2822 4835 2981 4895 ratio
3006 4833 3263 4895 inventa
3292 4830 3389 4891 est

1815 4930 1880 4990 in
1911 4928 2069 5001 aliis,
2106 4928 2483 5009 ubicumque
2518 4929 2770 4990 fuerint.

1881 5022 1981 5082 32.
2014 5021 2257 5103 Romala
2273 5024 2354 5085 ad
2380 5022 2841 5103 commeandum
2862 5018 3021 5085 sitne
3036 5020 3105 5081 in
3123 5018 3246 5081 Deo
3258 5022 3385 5093 sor-

1817 5114 2064 5177 mazicei·
2089 5116 2291 5179 virtus
2320 5108 2550 5196 ali'qua.
2582 5146 2663 5161 --
2691 5115 2767 5175 Et
2808 5114 2943 5174 sine
2980 5110 3171 5172 dubio
3212 5108 3385 5170 nulla

1817 5202 2297 5287 videtur'aptior
2337 5208 2555 5288 regula
2606 5224 2791 5286 posse
2836 5204 3125 5268 constitui
3178 5204 3261 5263 ad
3287 5204 3385 5263 in-

1821 5299 2233 5377 telligendum
2278 5319 2357 5361 an
2399 5302 2660 5363 affectus
2715 5300 2941 5377 aliquis
2985 5316 3101 5358 seu
3136 5305 3383 5355 munus

1821 5390 2085 5468 virtutis,
2116 5394 2286 5470 quod
2311 5394 2375 5453 in
2412 5393 2768 5454 hominihus
2796 5392 3131 5463 invenitur,
3164 5405 3385 5449 secun-

1821 5484 1972 5545 dum
2027 5486 2343 5565 propriam
2386 5506 2461 5547 ac
2484 5485 2839 5565 specificam
2867 5485 3175 5545 rationem
3200 5498 3381 5543 suam

1820 5577 1883 5638 in
1937 5578 2136 5639 Deum
2162 5578 2505 5642 formaliter
2532 5598 2609 5640 ac
2649 5578 2899 5658 proprie
2941 5576 3379 5642 transferatur,

2056 5682 2099 5713 N
