3850 6225
556 386 676 449 4910

559 495 922 577 adjung-itur
955 499 1306 577 promissiO,
1341 517 1505 577 quae,
1547 502 1616 560 ut
1657 517 1806 559 vera
1849 500 1951 575 sit,
1985 517 2119 559 ma-

557 608 710 651 nare
742 589 932 651 debet
960 610 1036 651 ex
1065 592 1384 653 voluntate
1435 612 1501 653 se
1534 592 1876 671 obligandi,
1906 610 1985 653 ex
2012 592 2117 652 illa

555 684 832 744 nascitur
869 685 1154 745 naturale
1215 683 1498 747 debitum
1546 684 1853 745 efficiendi
1899 703 2115 745 veram

557 776 786 837 dictam
817 778 1228 839 assertionem
1275 778 1354 839 de
1401 778 1612 840 futuro
1661 796 1848 857 opere
1899 779 1965 837 in
2020 796 2115 838 se-

553 871 712 950 ipse,
761 871 827 947 id
869 878 962 935 est
995 891 1214 935 revera
1244 873 1594 953 praestando
1628 870 1782 933 illud
1821 872 1981 933 sicut
2022 890 2117 933 as·

557 970 790 1025 sertum
822 968 936 1027 est.

559 1218 840 1300 Simplex
884 1216 1208 1299 promissio
1245 1217 1420 1372 bizum
1479 1218 1744 1281 homines
1767 1262 1782 1289 ,
1834 1220 2116 1299 quomodo

1207 1326 1238 1370 ο
1305 1313 1446 1393 iyet.

639 1524 737 1585 19.
781 1520 1106 1596 Secunde,
1153 1520 1612 1583 observandum
1656 1528 1750 1583 est
1795 1520 1961 1583 inter
2002 1522 2117 1583 ho-

555 1618 756 1677 mines
791 1633 1014 1694 puram
1043 1615 1522 1693 promissionem
1574 1614 1776 1675 solum
1817 1616 2113 1675 inducere

557 1710 1001 1790 obligationem
1055 1709 1406 1769 naturalem
1459 1726 1538 1768 ex
1578 1706 1912 1781 fidelitate,
1970 1726 2113 1787 quae

553 1805 804 1885 proprie
847 1808 1098 1883 sumpta
1151 1803 1348 1863 virtus
1386 1810 1482 1863 est
1526 1803 1941 1864 essentialiter
1992 1802 2114 1864 dis-

551 1900 746 1960 tincta
790 1916 829 1958 a
873 1898 1140 1975 justitia,
1187 1901 1255 1956 ut
1301 1902 1545 1957 constat
1589 1913 1668 1957 ex
1715 1895 2113 1973 Philosophia

553 1991 796 2063 morali,
831 1997 893 2051 et
935 1990 1142 2051 statim
1173 1988 1526 2049 deelarab0.
1565 1990 1694 2049 Hoc
1725 1987 2115 2067 suppositum

553 2104 681 2145 non
729 2090 823 2145 est
875 2083 958 2144 ab
1013 2082 1304 2143 omnibus
1351 2086 1710 2161 receptum;
1762 2086 1858 2143 est
1901 2087 2113 2141 tamen

554 2180 848 2258 gravibus
889 2177 1246 2238 auctoribus
1287 2175 1660 2253 probatum:
1713 2176 1884 2247 Sota,
1915 2174 2025 2235 lib.
2078 2176 2114 2233 7

552 2272 630 2333 de
657 2272 892 2344 Justit.‚
924 2276 1139 2353 quaast.
1173 2273 1230 2342 1,
1265 2272 1382 2331 art.
1425 2273 1481 2342 1,
1519 2275 1580 2329 et
1604 2269 1781 2329 artic.
1817 2270 1879 2342 7,
1909 2268 2107 2329 eoncl.

547 2367 622 2438 2;
666 2364 977 2437 Corduba,
1008 2364 1072 2423 in
1115 2381 1346 2424 summ.
1382 2363 1637 2441 Hispan.
1664 2408 1680 2436 ,
1726 2368 1948 2441 quaest.
1987 2362 2065 2421 56
2090 2404 2105 2431 ,

552 2458 658 2537 qui
687 2458 876 2518 refert
913 2458 1276 2536 Cajetanum
1321 2456 1386 2515 in
1427 2455 1580 2515 locis
1618 2474 1806 2533 supra
1849 2474 1886 2515 a
1930 2454 2111 2514 nobis

551 2551 769 2612 citatiS.
833 2550 1232 2628 Sumiturque
1288 2566 1365 2609 ex
1411 2548 1678 2624 Navar.,
1732 2547 1798 2607 in
1839 2548 2108 2619 Summ.,

550 2663 687 2723 cap.
722 2646 818 2708 12.
847 2662 1091 2704 numer.
1131 2644 1211 2704 24
1251 2648 1312 2703 et
1339 2642 1436 2716 26,
1469 2648 1532 2703 et
1571 2642 1636 2701 in
1667 2659 1806 2719 cap.
1850 2642 1995 2704 Non
2022 2658 2113 2703 re·

547 2740 954 2811 vertebantur,
990 2736 1070 2797 de
1101 2737 1299 2810 Poen.,
1348 2736 1619 2796 distinct.
1649 2738 1710 2807 2,
1737 2754 1910 2795 num.
1946 2737 2004 2795 3.
2026 2737 2113 2795 Ac

549 2831 818 2909 denique
869 2848 1088 2891 omnes
1142 2828 1274 2891 fere
1331 2830 1440 2907 qui
1486 2829 1564 2890 de
1617 2835 1764 2889 voto
1809 2828 2109 2901 scribunt,

547 2925 716 2987 idem
751 2918 1058 2985 asserunt.
1105 2926 1342 3002 Estque
1387 2922 1569 2983 valde
1617 2927 2111 2983 consentaneum

549 3018 798 3089 rationi,
827 3024 888 3078 et
912 3017 1300 3096 aptissimum
1330 3015 1411 3076 ad
1439 3034 1574 3076 rem
1603 3022 1978 3094 praesentem
2008 3014 2113 3075 de-

548 3111 930 3173 clarandam.
983 3113 1056 3190 Et
1088 3109 1472 3190 significatur
1509 3129 1546 3170 a
1573 3111 1644 3170 D.
1675 3109 1914 3171 Thoma
1952 3110 2013 3170 2.
2046 3110 2105 3182 2,

549 3211 770 3285 quaest.
807 3207 908 3278 88,
941 3205 1115 3266 artic.
1163 3207 1222 3277 3,
1268 3203 1349 3263 ad
1401 3205 1458 3276 1,
1504 3203 1750 3264 dicente
1796 3200 1989 3281 quod,
2020 3219 2113 3264 se-

548 3300 808 3362 eundum
867 3301 1231 3362 honestatem
1288 3313 1362 3358 ece
1411 3297 1674 3378 qualibet
1712 3295 2112 3378 promissione

549 3393 718 3454 homo
741 3393 968 3454 homini
999 3389 1318 3472 obliyatur,
1360 3393 1416 3452 et
1444 3391 1568 3452 ltoeo
1593 3395 1684 3452 est
1711 3389 1991 3470 obliyatz'o
2005 3389 2113 3466 ju-

547 3487 642 3548 ris
673 3485 982 3548 naturalis
1000 3510 1026 3557 ;
1055 3485 1162 3546 sed
1207 3485 1290 3548 ad
1315 3484 1421 3545 hoe
1467 3484 1626 3564 quod
1651 3483 1877 3562 aliquis
1901 3482 2113 3564 oblige-

551 3589 655 3642 tur
708 3597 781 3641 eo>
835 3579 1044 3660 aliqua
1090 3576 1488 3658 promissione
1527 3576 1884 3657 obligatione
1921 3574 2109 3646 cirili,

551 3674 825 3752 quoedam
867 3671 1076 3751 aliqua
1112 3670 1531 3749 requiruntur.
1573 3670 1825 3729 Dixerat
1868 3669 1933 3726 in
1980 3687 2115 3727 eor-

550 3785 704 3845 pore
743 3764 1009 3836 articuli,
1044 3763 1124 3824 ad
1152 3762 1514 3824 fidelitatem
1539 3761 1810 3822 hominis
1839 3761 2115 3840 pertine-

551 3877 618 3918 re
677 3864 746 3918 ut
797 3857 997 3918 solvat
1061 3856 1124 3917 id
1179 3855 1347 3933 quod
1399 3856 1726 3934 promisit;
1785 3873 1977 3932 erge,
2038 3872 2115 3914 ex

549 3953 621 4012 D.
649 3953 902 4012 Thomae
947 3948 1277 4022 sententia,
1323 3947 1426 4008 illa
1465 3949 1762 4009 naturalis
1791 3947 2109 4027 obligatiO,

553 4062 694 4123 quae
739 4062 812 4103 ex
849 4042 1261 4121 promissione
1293 4041 1455 4101 inter
1479 4040 1765 4101 homines
1810 4041 2108 4112 nascitur,

551 4137 632 4198 ad
658 4135 1024 4197 fidelitatem
1051 4134 1342 4213 pertinet.
1378 4133 1556 4205 Quod
1579 4134 1764 4194 etiam
1795 4134 1971 4194 multi
2010 4133 2115 4193 alii

553 4239 842 4294 auctores
871 4249 1091 4311 graves
1117 4228 1486 4288 docuerunt.
1521 4229 1781 4290 Ratione
1811 4229 1963 4290 item
2001 4248 2113 4308 po·-

553 4331 673 4386 test
709 4343 824 4404 pro
857 4322 1318 4402 opportunitate
1357 4321 1546 4400 hujus
1576 4321 1696 4382 loci
1735 4322 1817 4382 ita
1842 4321 2113 4382 breviter

552 4417 889 4488 declarari3
921 4434 1069 4475 nam
1105 4413 1368 4492 simplex
1415 4419 1476 4474 et
1505 4431 1662 4492 pura
1690 4413 2017 4492 promissio
2052 4415 2115 4474 in

553 4513 792 4573 ratione
841 4528 954 4570 sua
1005 4527 1132 4568 non
1189 4505 1450 4568 includit
1495 4508 1802 4568 actualem
1838 4507 2115 4569 donatio-

553 4623 736 4676 nem,
769 4603 882 4664 sed
921 4619 1143 4682 puram
1191 4601 1634 4680 obligationem
1677 4601 1742 4660 in
1787 4599 2109 4678 futurum3

554 4715 703 4776 ergo
747 4714 874 4755 non
921 4693 1158 4755 inducit
1212 4693 1654 4772 obligationem
1695 4693 1971 4772 justitiae,
2003 4693 2115 4754 sed

552 4789 883 4849 fidelitatis.
917 4787 1222 4852 Probatur
1267 4787 1740 4866 consequentia,
1783 4787 1929 4865 quia
1959 4787 2115 4847 obli-

552 4883 718 4962 gatio
750 4880 1002 4960 justitiae
1041 4878 1301 4957 requirit
1340 4879 1443 4958 jus
1477 4880 1542 4940 in
1583 4879 1706 4940 alio
1731 4924 1748 4954 ‚
1799 4879 1882 4939 ad
1923 4897 2113 4958 quem

551 4983 646 5036 est
690 4975 829 5037 talis
880 4973 1212 5052 obligati03
1261 4975 1405 5034 ante
1447 4972 1922 5050 promissionem
1962 4990 2111 5032 vero

548 5072 624 5144 ie,
659 5069 760 5130 cui
797 5067 869 5129 fit
895 5067 1245 5146 promissm,
1291 5065 1536 5125 nullum
1579 5066 1852 5128 habehat
1881 5067 2010 5146 juS,
2044 5071 2112 5127 ut

551 5161 999 5242 supponimuS,
1045 5176 1162 5218 nec
1223 5177 1336 5236 per
1379 5159 1855 5236 promissionem
1901 5161 2106 5237 datur,

550 5257 696 5336 quia
722 5254 877 5315 nihil
905 5253 1206 5323 donatur;
1240 5252 1471 5331 alioqui
1491 5253 1624 5332 jam
1651 5272 1777 5314 non
1804 5261 1969 5314 esset
1998 5273 2111 5332 pu-

547 5369 616 5411 ra
655 5347 1006 5426 promissiO,
1035 5345 1148 5406 sed
1185 5345 1462 5418 donatio,
1503 5345 1552 5404 si
1584 5363 1710 5405 non
1761 5347 1853 5406 rei
1889 5348 2105 5425 ipsius,

549 5444 768 5504 saltem
802 5439 964 5521 juris
1011 5441 1074 5500 in
1111 5457 1217 5512 re,
1248 5439 1347 5499 vel
1393 5437 1474 5498 ad
1513 5457 1646 5498 rem
1686 5441 2057 5517 promissam
2090 5459 2103 5501 ε

547 5536 699 5598 iilud
731 5536 896 5596 enim
919 5535 1024 5615 jus
1053 5533 1371 5594 moraliter
1399 5531 1684 5610 quaedam
1713 5551 1814 5594 res
1845 5541 1940 5594 est
1968 5551 2107 5614 quae

1037 392 1244 449 OPUSC.
1282 392 1364 449 IV.
1399 388 1702 449 RELECTlO
1735 388 1815 449 DE
1847 390 2197 449 Lim-:num
2234 395 2623 451 vomituris
2656 394 2905 451 nlleAE.
2944 394 3183 450 msPu‘r.
3218 394 3281 450 11.

2200 516 2237 557 a
2258 498 2635 577 jurisperitis
2660 516 2763 559 res
2789 497 3193 577 incorporalis
3220 497 3601 576 appellatur,
3628 515 3765 575 qnae

2198 597 2262 651 et
2298 591 2481 652 vendi
2544 595 2605 653 et
2636 584 2975 670 praescribi,
3020 610 3093 651 ac
3126 589 3393 670 proinde
3434 592 3633 651 etiam
3662 590 3767 649 do-
3817 586 3818 661 j

2196 684 2333 744 nari
2364 690 2586 763 potest.
2623 686 2687 746 Si
2716 702 2865 763 ergo
2896 684 3229 763 promissio
3258 683 3599 744 induceret
3624 682 3767 741 obli·
3817 692 3818 757 j

2200 776 2517 856 gationem
2556 777 2844 857 justitiae,
2872 778 3005 856 jam
3040 796 3171 837 non
3220 782 3391 837 esset
3438 794 3611 855 pura
3638 794 3767 853 pro·

2198 870 2433 944 missin,
2462 870 2575 931 sed
2602 870 2865 949 alicujus
2908 871 2997 931 rei
3027 870 3306 931 donatio.
3348 870 3519 929 Nihil
3564 876 3767 928 autem
3817 858 3818 937 ζ

2196 970 2511 1043 repugnat
2571 965 2707 1025 dari
2760 982 2984 1043 puram
3045 964 3541 1044 promissionem
3562 1008 3581 1035 ,
3636 982 3765 1023 cum
3817 996 3818 1007 κ

2198 1058 2319 1117 hoc
2350 1057 2622 1136 pendeat
2662 1076 2739 1118 ex
2786 1058 2921 1117 sola
2952 1058 3275 1118 voluntate
3310 1062 3373 1117 et
3424 1056 3763 1115 intentione

2198 1151 2615 1228 promittentis
2644 1196 2659 1222 ,
2727 1151 2834 1229 qui
2890 1156 3097 1229 potest
3148 1150 3319 1211 nolle
3357 1150 3429 1209 in
3480 1150 3763 1227 praesenu'
3817 1136 3818 1151 ¹

2198 1244 2517 1323 quippiam
2558 1244 2817 1317 donare,
2858 1244 2959 1305 vel
3008 1244 3115 1322 jus
3154 1244 3415 1321 aliquod
3462 1243 3537 1303 in
3590 1243 3763 1301 alium

2194 1336 2561 1412 transferre,
2590 1336 2701 1397 sed
2726 1338 2929 1397 solum
2960 1336 3151 1398 fidem
3182 1354 3366 1397 suam
3392 1336 3759 1414 astringere.

2200 1436 2262 1491 et
2290 1431 2567 1509 seipsum
2596 1430 2945 1491 debitorem
2972 1431 3355 1491 constituere
3386 1430 3691 1489 servandi
3709 1431 3763 1489 in

2199 1524 2327 1585 suis
2368 1524 2714 1587 actionibus
2746 1542 2886 1583 eam
2916 1524 3313 1585 honestatem
3340 1540 3549 1603 quam
3580 1522 3765 1583 fideli-

2196 1624 2291 1678 tas
2322 1616 2611 1696 postulat,
2650 1634 2788 1696 quae
2832 1616 3205 1695 aliquando,
3252 1617 3379 1677 late
3422 1616 3757 1694 loquendo,

2194 1716 2455 1772 vocatur
2469 1710 2733 1789 justitia,
2775 1710 2925 1789 quia
2952 1711 3115 1771 inter
3136 1718 3352 1790 partes
3394 1709 3761 1789 potentiales

2196 1804 2333 1882 ejus
2364 1810 2757 1879 numeratur,
2787 1820 2863 1864 eo
2895 1803 3062 1882 quod
3110 1804 3191 1864 ad
3236 1804 3523 1863 alterum
3572 1801 3760 1879 aliquo

2194 1896 2382 1957 modo
2412 1897 2651 1958 tendat.

2274 1991 2375 2051 20.
2424 1988 2703 2068 objectio.
2726 1994 3007 2055 —Dices
3032 2008 3391 2069 repugnare
3440 1994 3515 2050 ut
3556 1988 3764 2067 aliquis

2196 2082 2345 2144 velit
2387 2084 2665 2163 obligare
2710 2106 2777 2147 se
2819 2105 2936 2166 per
2974 2084 3467 2165 promissionem
3530 2082 3617 2141 ad
3669 2081 3765 2140 ali·

2196 2178 2347 2256 quid
2386 2178 2665 2240 dandum
2706 2181 2906 2253 alteri,
2943 2186 3007 2240 et
3029 2178 3183 2239 nolit
3212 2177 3369 2238 dare
3400 2176 3494 2237 illi
3532 2177 3643 2254 jus
3670 2176 3765 2235 ali·

2195 2271 2363 2351 quod
2405 2271 2471 2332 ln
2518 2290 2678 2345 rem,
2728 2273 2827 2333 vel
2856 2272 2938 2333 ad
2991 2290 3121 2333 rem
3169 2270 3586 2349 promissam.
3632 2270 3761 2346 quia

2194 2365 2331 2425 hoec
2370 2364 2495 2425 duo
2526 2365 2893 2425 coi-relativa
2930 2364 3239 2425 videntur.
3286 2364 3365 2423 Et
3410 2363 3761 2423 declaratur

2194 2478 2231 2519 a
2256 2458 2607 2537 posteriori,
2638 2478 2789 2519 nam
2818 2459 2979 2519 inter
3006 2458 3323 2529 homineS,
3344 2462 3415 2517 ut
3438 2457 3757 2535 promissio

2192 2553 2445 2614 inducat
2478 2552 2961 2637 obligationem,
2982 2550 3293 2629 acceptari
3324 2550 3531 2610 debet
3576 2550 3655 2609 ab
3692 2569 3753 2609 co

2193 2646 2293 2705 cui
2322 2645 2414 2717 fit;
2451 2645 2621 2723 quod
2646 2664 2778 2705 non
2822 2645 2944 2705 alia
2972 2645 3217 2705 ratione
3246 2649 3465 2721 potest
3496 2662 3637 2703 esse
3662 2661 3755 2701 ne-

2194 2740 2560 2813 cessarium,
2588 2738 2705 2798 nisi
2736 2738 2883 2817 quia
2914 2737 3013 2797 ille
3040 2738 3195 2797 alter
3217 2734 3495 2814 acquirit
3520 2736 3753 2814 aliquod

2187 2834 2293 2913 jus
2334 2832 2505 2911 quod
2531 2832 2663 2893 solo
2692 2830 2903 2891 medio
2935 2830 3287 2891 voluntario
3318 2848 3646 2890 consensu
3668 2848 3756 2888 ac-

2195 2926 2355 3005 quiri
2386 2924 2563 2985 solet.
3412 2942 3421 2949 ·

2272 3019 2545 3081 Dissolvi
2550 3016 3199 3095 tur.-Respondetur
3220 3016 3303 3076 ad
3330 3017 3613 3095 priorem
3634 3033 3758 3092 par·

2192 3119 2343 3186 tem,
2376 3113 2438 3174 in
2474 3113 2851 3192 obligatione
2896 3129 3067 3171 mere
3098 3110 3445 3190 personali,
3474 3127 3623 3188 quae
3660 3129 3757 3187 per

2190 3207 2509 3286 propriam
2552 3205 2939 3266 voluntatem
2988 3203 3381 3264 contrahitur
3428 3209 3499 3262 et
3548 3203 3757 3261 limita-

2192 3308 2313 3370 tur,
2342 3299 2410 3358 id
2456 3299 2712 3358 minime
2762 3315 3159 3377 repugnare;
3210 3315 3400 3369 nam,
3460 3299 3539 3355 ut
3586 3295 3755 3374 paulo

2194 3398 2337 3452 ante
2378 3410 2454 3451 ex
2496 3392 2568 3451 D.
2616 3393 2855 3452 Thema
2890 3390 3177 3451 dicebam
3202 3433 3218 3463 ,
3276 3387 3623 3468 promissio
3678 3394 3756 3446 est

2195 3484 2481 3564 quoedam
2505 3485 2628 3557 lex,
2658 3501 2849 3562 quam
2876 3484 3247 3562 promittens
3268 3482 3385 3542 sibi
3408 3481 3755 3542 voluntarie

2196 3579 2491 3657 impon1t3
2524 3584 2729 3656 potest
2768 3581 2981 3638 autem
3009 3577 3111 3638 lex
3158 3593 3288 3636 non
3338 3575 3557 3636 solum
3586 3575 3651 3633 in
3674 3592 3757 3632 ra-

2194 3672 2363 3733 tione
2392 3671 2667 3750 justitiae,
2702 3670 2815 3731 sed
2842 3670 3029 3730 etiam
3076 3670 3238 3729 intra
3282 3668 3525 3728 limites
3552 3668 3757 3727 verita·

2198 3767 2295 3839 tis,
2330 3772 2437 3826 aut
2478 3763 2811 3838 fidelitatis,
2850 3765 2951 3824 vel
2997 3762 3255 3824 alterius
3302 3762 3567 3822 virtutis
3618 3760 3755 3820 ohli-

2194 3875 2365 3937 gare.
2400 3857 2598 3932 Unde,
2642 3863 2801 3918 sicut
2829 3860 3033 3936 potest
3064 3856 3203 3936 quis
3236 3855 3513 3934 obligari
3558 3873 3631 3914 ex
3657 3853 3749 3911 mi·
3817 3869 3818 3880 ¹

2196 3949 2529 4011 sericordia
2560 3951 2642 4010 ad
2689 3951 2967 4012 dandum
2998 3949 3199 4022 alteri,
3234 3949 3485 4010 etiamsi
3536 3948 3601 4006 in
3644 3946 3751 4006 alio

2196 4062 2322 4104 non
2371 4044 2449 4104 sit
2476 4045 2799 4123 proprium
2840 4045 2946 4123 jus
2972 4041 3229 4122 justitiae
3278 4041 3363 4102 ad
3400 4059 3543 4102 rem
3574 4039 3746 4106 illam,

2193 4136 2278 4197 ita
2302 4141 2506 4214 potest
2534 4137 2723 4197 homo
2748 4136 2907 4198 velle
2954 4154 3091 4196 sese
3122 4134 3406 4213 obligare
3438 4153 3525 4194 ex
3574 4132 3749 4194 fideli-

2194 4235 2343 4304 tate,
2390 4229 2631 4290 nullum
2678 4229 3058 4291 conferendo
3111 4227 3288 4288 alteri
3334 4229 3444 4307 jus
3484 4226 3746 4306 justitiae.
3817 4263 3818 4270 κ

2196 4324 2284 4383 De
2316 4323 2741 4402 acceptatione
2770 4329 2983 4384 autem
3010 4339 3233 4402 graves
3262 4326 3561 4381 auctores
3588 4318 3751 4378 dubi·
3817 4341 3818 4406 p

2196 4423 2330 4478 tant
2386 4435 2468 4476 an
2526 4417 2606 4478 ad
2652 4417 3008 4496 hujusmodi
3063 4414 3387 4496 praecisam
3432 4413 3749 4492 obligatio·
3817 4433 3818 4438 ¹

2196 4529 2341 4570 nem
2369 4511 2721 4571 necessaria
2756 4511 2854 4584 sit,
2884 4511 2981 4570 vel
3010 4509 3276 4570 sufficiat
3308 4509 3443 4569 sola
3473 4508 3750 4568 voluntas

2196 4604 2391 4682 ipsius
2432 4603 2868 4682 promittentis
2910 4603 3089 4665 Unde
3128 4601 3405 4663 inferunt
3454 4601 3649 4662 etiam
3680 4597 3749 4657 ad

2196 4697 2509 4770 absentes,
2539 4697 2662 4756 imo
2690 4715 2805 4776 per
2830 4703 3039 4758 actum
3066 4713 3223 4776 pure
3250 4696 3575 4756 internum
3614 4709 3751 4752 con-

2194 4790 2355 4852 trahi
2384 4809 2589 4870 posse.
2626 4789 2749 4852 Sed
2781 4790 3204 4864 admittamus,
3256 4788 3429 4867 quod
3468 4787 3751 4865 frequen·

2193 4884 2317 4945 tius
2371 4890 2695 4963 receptum
2746 4891 2861 4958 est,
2897 4885 3063 4945 hanc
3108 4881 3613 4961 acceptationem
3660 4898 3749 4939 re-

2194 4977 2388 5056 quiri3
2422 4994 2729 5056 negamus
2774 4985 2986 5038 tamen
3024 4994 3278 5038 causam
3310 4993 3453 5036 esse
3480 4981 3555 5034 ut
3582 4975 3635 5034 is
3661 4973 3745 5034 cui

2193 5069 2263 5129 fit
2292 5070 2645 5147 promissiO,
2680 5072 3003 5150 proprium
3020 5071 3125 5150 jus
3149 5068 3409 5149 justitiae
3446 5069 3743 5144 acquirat,

2192 5163 2305 5224 sed
2335 5171 2402 5223 ut
2430 5163 2781 5242 promissiO,
2831 5182 2971 5242 quae
3012 5168 3149 5224 erat
3190 5161 3381 5223 veluti
3422 5179 3739 5239 suspensa,

2192 5263 2255 5318 et
2290 5257 2711 5318 conditionata
2754 5260 3020 5330 tantum,
3064 5263 3343 5318 transeat
3392 5256 3457 5315 in
3506 5254 3740 5316 absolu·

2190 5355 2351 5422 tam;
2402 5367 2548 5410 cum
2592 5351 2757 5410 enim
2806 5350 2912 5410 illa
2960 5350 3253 5429 obligatio
3306 5355 3367 5410 et
3423 5347 3739 5428 promissio

2190 5442 2299 5503 fiat
2338 5443 2400 5502 in
2431 5443 2710 5503 favorem
2756 5444 3047 5516 alterius,
3100 5443 3279 5522 quasi
3326 5441 3735 5504 conditionem

2191 5537 2473 5613 includit,
2510 5539 2557 5598 si
2608 5538 2707 5598 illa
2740 5543 2915 5618 grata
2958 5537 3035 5598 sit
3082 5543 3141 5599 et
3180 5543 3471 5615 accepta,
3506 5541 3569 5595 et
3604 5533 3733 5594 ideo
