3850 6225
583 456 754 513 sEc‘r.
789 460 877 514 111.
919 460 1134 515 uram!
1166 460 1332 514 TOTA
1365 460 1598 513 canu
1631 458 1751 512 PER
1783 458 2111 514 PEccAwn
2147 460 2371 513 AMtSSA
2406 456 2633 511 sumt
2652 498 2665 520 ,
2702 456 2836 509 mc.

93 564 414 638 perpetuo
445 560 766 635 amittitur,
797 562 944 641 quia
977 564 1168 625 homo
1203 562 1284 623 ad
1325 560 1477 623 illud
1515 560 1673 623 reci-

91 652 406 731 piendum
435 672 566 714 non
589 672 656 715 se
691 655 1015 736 disposuit.
1048 657 1122 717 Et
1150 658 1452 738 quidquid
1481 657 1557 719 sit
1591 656 1669 717 dc

93 747 348 807 actibus
395 748 694 820 remissiS‚
737 750 907 829 quod
953 749 1114 811 infra
1162 752 1563 832 attingemus,
1603 750 1670 809 in

93 840 399 917 praesenti
454 839 700 902 videtur
753 843 876 903 hoc
931 844 1200 905 sensisse
1241 845 1314 905 D.
1371 842 1667 915 Thomas,

95 932 249 992 dict.
282 952 345 1013 q.
368 932 470 1007 89,
491 952 550 994 a.
577 936 638 1007 5,
659 935 736 996 ad
764 936 824 1009 3,
849 935 1084 1012 dicens,
1111 956 1296 1017 posse
1311 934 1674 1019 hujusmodi

93 1026 512 1104 poenitentem
540 1030 840 1107 consequi
870 1030 1182 1093 minorem
1201 1032 1464 1113 gloriam
1483 1048 1676 1110 quam

93 1124 290 1179 antea
339 1126 688 1195 mernerat3
743 1140 896 1201 ergo
938 1130 1001 1184 et
1051 1124 1360 1186 minorem
1406 1124 1674 1203 gratiam

93 1212 400 1286 finalem;
461 1232 614 1293 ergo
671 1215 922 1295 signum
979 1223 1101 1293 est,
1151 1237 1228 1279 ex
1283 1219 1351 1279 D.
1411 1220 1669 1279 Thomae

93 1308 433 1381 sententia,
463 1326 593 1369 non
619 1308 760 1387 plus
801 1312 1015 1390 gratiae
1051 1312 1292 1374 restitui
1327 1312 1392 1373 in
1419 1312 1546 1373 fine
1578 1312 1670 1373 vi-

91 1406 202 1472 tae,
235 1417 432 1477 quam
460 1400 524 1461 in
553 1401 838 1463 discursu
868 1404 1010 1464 vitoe
1049 1412 1395 1484 reparetur.
1429 1406 1584 1467 Nam
1618 1406 1668 1467 si

94 1492 348 1553 diceres
391 1493 628 1573 aliquid
683 1496 949 1575 amplius
989 1497 1150 1571 dari,
1178 1516 1305 1559 non
1335 1504 1546 1559 tamen
1575 1498 1670 1557 in-

91 1592 278 1664 tegre
308 1592 506 1647 totam
543 1589 808 1663 restitui,
849 1590 1270 1651 voluntarium
1297 1597 1393 1651 est
1436 1596 1500 1652 et
1534 1591 1666 1651 sine

91 1678 536 1741 fundamento.
591 1682 852 1743 Videtur
917 1690 1128 1745 autem
1194 1686 1326 1747 haec
1387 1684 1668 1747 doctrina

91 1790 457 1851 repugnare
479 1793 622 1835 cum
649 1776 892 1838 ratione
922 1796 1112 1857 quam
1142 1778 1208 1839 in
1231 1796 1494 1859 corpore
1520 1778 1669 1840 arti-

91 1867 217 1927 culi
243 1868 334 1927 ibi
359 1868 577 1941 affert;
607 1870 917 1945 significat
941 1872 1108 1933 enim
1137 1872 1221 1933 ibi
1245 1872 1452 1934 omnia
1479 1873 1668 1933 mori-

89 1966 152 2020 ta
189 1960 572 2023 mortificata
618 1962 914 2026 vivificari
961 1966 1224 2027 remisso
1267 1972 1523 2045 peccato
1553 1986 1668 2047 per

89 2055 578 2132 poenitcntiam3
609 2058 674 2119 in
710 2058 1016 2119 solutione
1041 2065 1252 2120 autem
1275 2058 1356 2121 ad
1386 2060 1658 2135 tertium,

87 2146 287 2207 docet
313 2148 630 2210 hominem
649 2150 986 2231 aliquando
1003 2170 1126 2212 non
1151 2152 1450 2229 consequi
1470 2156 1662 2213 totam

83 2241 366 2318 gloriam
423 2245 844 2318 essentialem,
903 2264 1092 2323 quam
1149 2252 1294 2307 ante
1337 2251 1662 2325 peccatum

83 2341 437 2409 meruerat,
493 2338 733 2399 etiamsi
774 2339 1204 2418 paenitentiam
1245 2337 1410 2401 illius
1439 2342 1658 2421 egerit.

85 2430 487 2508 Responderi
533 2450 684 2493 vero
719 2438 926 2513 potest
953 2434 1162 2494 omnia
1209 2435 1430 2496 merita
1466 2435 1662 2495 vivifi-

85 2523 218 2582 cari
251 2541 367 2601 per
397 2542 860 2605 quamcumque
885 2528 1338 2606 poenitentiam,
1362 2534 1424 2591 et
1447 2528 1663 2591 remis-

85 2616 342 2677 sionem
361 2618 626 2696 peccati,
657 2620 800 2698 quia
824 2621 958 2700 jam
989 2639 1064 2681 ex
1089 2621 1148 2681 vi
1187 2622 1382 2701 ipsius
1422 2625 1662 2701 peccati

83 2728 218 2769 non
245 2710 670 2789 impediuntur
697 2714 1031 2793 quominus
1046 2719 1246 2776 totum
1269 2734 1452 2776 suum
1475 2715 1647 2777 effec-

83 2808 224 2862 tum
278 2803 574 2878 habeant,
606 2807 893 2885 quamvis
943 2826 1021 2867 ex
1049 2808 1171 2868 alio
1219 2809 1420 2886 capite
1453 2810 1658 2889 requi-

81 2904 232 2957 rant
261 2898 668 2961 sufficientem
703 2900 1178 2981 dispositionem
1210 2920 1285 2963 ex
1309 2908 1487 2982 parte
1515 2904 1658 2965 sub-

71 2990 258 3067 jecti,
287 3009 425 3070 quae
452 2992 504 3053 si
520 2993 702 3071 desit,
727 3013 842 3055 suo
863 2996 1052 3057 etiam
1077 2996 1301 3058 effectu
1327 2997 1649 3060 carebunt.

77 3084 170 3144 Ex
203 3102 336 3163 quo
368 3085 519 3147 item
552 3086 623 3150 fit
647 3094 718 3149 ut
749 3090 991 3167 possint
1027 3090 1251 3152 merita
1280 3091 1654 3156 mortificata

79 3196 200 3256 per
247 3181 684 3256 poenitentiam
721 3182 1040 3258 vivificari,
1087 3184 1236 3263 quia
1286 3186 1419 3265 jam
1465 3187 1654 3248 homo

81 3271 348 3333 abstulit
370 3273 890 3354 impedimentum
929 3278 1192 3357 peccati,
1239 3284 1302 3340 et
1344 3278 1656 3340 nihilomi-

79 3383 208 3425 nus
250 3366 492 3426 nullum
527 3369 822 3430 effectum
863 3371 1080 3448 gratiae
1119 3371 1219 3432 vel
1255 3372 1656 3433 beatitudinis

79 3459 438 3520 essentialis
477 3467 734 3540 propter
786 3461 892 3522 illa
940 3463 1229 3536 conferri,
1278 3463 1376 3525 vel
1419 3464 1482 3526 in
1535 3466 1654 3526 hac

71 3552 235 3623 vita,
264 3551 363 3612 vel
397 3552 460 3612 in
487 3553 732 3626 futura3
767 3555 916 3633 quia
965 3555 1048 3616 ad
1088 3557 1264 3617 illum
1307 3557 1654 3637 suscipien-

73 3643 234 3704 dum
265 3645 456 3706 bomo
483 3664 612 3707 non
647 3665 714 3708 se
743 3647 1070 3727 disposuit,
1105 3656 1177 3710 ut
1205 3650 1256 3710 si
1283 3669 1400 3729 per
1431 3652 1652 3712 remis-

72 3755 224 3796 sum
241 3744 452 3798 actum
489 3758 530 3800 a
555 3748 816 3818 peccato
847 3743 1136 3810 surrexit,
1173 3749 1234 3804 ct
1261 3748 1476 3823 postea
1509 3744 1652 3805 nul-

69 3831 212 3891 lum
237 3829 684 3896 ferventiorem
725 3835 955 3897 elicuit.
1002 3836 1124 3898 Scd
1153 3855 1375 3898 revera
1413 3838 1650 3899 difficil-

68 3925 304 3984 limum
333 3930 427 3986 est
443 3926 790 4008 intelligere
811 3928 982 4006 quod
1009 3930 1232 3990 merita
1253 3929 1644 4006 reviviscant,

70 4023 136 4079 et
160 4017 338 4096 quod
361 4027 664 4099 perpetuo
691 4023 1017 4101 priventur
1033 4021 1243 4084 debito
1264 4024 1542 4102 praemiO,
1567 4024 1646 4086 de

67 4131 202 4192 quo
228 4112 414 4193 plura
431 4115 496 4176 in
526 4116 959 4196 sequentibus.

457 4364 738 4431 Secunda
764 4363 964 4449 opinio
982 4370 1268 4438 refertior.

148 4575 216 4633 ὅ.
265 4572 374 4632 Est
395 4571 581 4652 igitur
609 4573 882 4636 secunda
908 4575 1119 4655 opinio
1145 4594 1337 4654 quam
1357 4576 1642 4639 moderni

57 4665 446 4738 Thomistae,
503 4667 844 4745 praesertim
880 4669 1026 4730 Soto
1067 4675 1128 4730 et
1165 4669 1470 4732 Ledesma
1497 4691 1641 4732 cum

57 4759 344 4820 Victoria
369 4757 524 4820 locis
549 4760 773 4836 citatis,
802 4761 1098 4833 sentiunt,
1125 4763 1368 4840 quoties
1391 4765 1582 4825 homo
1602 4785 1640 4825 a

55 4857 332 4931 peccato
371 4853 663 4934 resurgit,
721 4859 945 4932 proeter
987 4855 1220 4932 gradus
1266 4857 1479 4936 gratias
1531 4859 1636 4938 qui

51 4944 456 5023 respondent
475 4951 538 5006 et
556 4948 1108 5025 proportionantur
1135 4950 1494 5011 contritioni
1522 4968 1638 5030 per

51 5055 265 5118 quam
280 5038 572 5117 resurgit,
603 5040 882 5118 recipere
903 5040 1147 5121 aliquos
1169 5043 1398 5122 gradus
1425 5044 1636 5124 gratioe.

49 5134 328 5211 propter
365 5131 588 5193 merita
627 5133 1066 5211 praecedentia,
1091 5153 1230 5214 quae
1259 5155 1372 5215 per
1413 5131 1636 5215 pecca-

48 5233 202 5286 tum
233 5223 486 5287 fuerunt
519 5227 912 5302 mortificata,
939 5230 1222 5307 quamvis
1243 5249 1368 5290 non
1387 5249 1636 5311 semper

47 5317 330 5396 recipiat
357 5323 554 5380 totam
584 5319 850 5399 gratiam
883 5339 1022 5400 quae
1049 5321 1172 5382 iuis
1187 5323 1422 5384 meritis
1443 5323 1636 5386 debe-

49 5411 274 5483 batur,
319 5411 433 5472 sed
475 5415 627 5472 tunc
669 5413 872 5473 solum
913 5413 1166 5493 quando
1198 5415 1388 5477 homo
1419 5435 1486 5478 se
1515 5417 1634 5478 dis-

47 5504 242 5585 ponit
275 5523 354 5566 ex
385 5503 514 5566 to'to
557 5511 807 5578 conatu,
841 5512 911 5567 ut
940 5525 1017 5568 ex
1046 5514 1258 5569 mente
1290 5507 1538 5570 illorum
1567 5511 1634 5570 in

45 5599 446 5682 praecedenti
477 5597 752 5662 sectione
793 5599 1180 5672 declaratum
1213 5607 1329 5664 est.
1377 5603 1452 5664 Et
1489 5603 1634 5664 hinc

3198 445 3307 509 491

1751 564 1959 641 potest
1991 577 2211 623 eorum
2258 556 2467 641 opinio
2521 559 2980 637 consequenter
3022 554 3313 626 fundari3

1751 673 1902 715 nam
1953 656 2205 735 quando
2244 656 2434 715 homo
2482 652 2801 731 consurgit
2831 670 2867 711 a
2906 656 3160 730 peccato
3204 666 3320 729 per

1753 767 2065 811 summam
2095 749 2591 830 dispositionem,
2642 766 2755 809 seu
2783 766 2861 809 ex
2905 750 3031 807 toto
3063 747 3313 817 conatu,

1756 844 1963 905 statim
1991 838 2209 924 recipit
2238 856 2491 904 omnem
2521 842 2785 923 gratiam
2823 837 3317 921 praecedentibus

1753 938 1994 999 meritis
2032 933 2328 1011 debitam,
2385 934 2531 1015 quia
2567 928 2629 996 et
2666 936 2801 1015 ipsa
2822 932 3046 995 merita
3072 930 3315 1010 integre

1752 1030 2164 1105 vivificantur,
2189 1036 2251 1091 et
2280 1029 2653 1109 subjectum,
2674 1034 2977 1109 quantum
2996 1022 3221 1105 potest,
3246 1026 3315 1083 se

1755 1123 2029 1204 disponit
2080 1124 2160 1184 ad
2221 1123 2467 1184 illorum
2502 1122 2795 1183 effectum
2846 1117 3313 1198 recipiendum3

1751 1235 1901 1295 ergo
1924 1217 2078 1278 nihil
2110 1224 2203 1279 est
2230 1216 2501 1297 amplius
2528 1215 2699 1295 quod
2720 1218 3133 1292 exspectetur.
3157 1210 3315 1271 Hinc

1750 1328 1901 1391 ergo
1932 1310 2191 1371 ulterius
2228 1309 2559 1389 colligitur,
2592 1307 2837 1387 quoties
2878 1306 3067 1367 homo
3110 1322 3316 1367 resur-

1750 1402 1839 1481 git
1873 1422 1910 1463 a
1930 1410 2189 1482 peccato
2218 1421 2332 1483 per
2354 1402 2822 1481 dispositionem
2846 1398 3157 1459 minorem
3186 1416 3315 1457 ma-

1749 1495 1941 1571 xima,
1983 1501 2073 1570 ut,
2117 1496 2290 1557 verbi
2324 1496 2547 1575 gratia,
2588 1512 2731 1555 cnm
2768 1491 3024 1553 dimidio
3060 1496 3310 1565 conatu,

1747 1588 1850 1649 vel
1888 1589 1951 1649 in
1982 1589 2104 1649 alia
2125 1589 2311 1649 ‘simili
2342 1587 2768 1668 proportione,
2800 1585 3008 1646 statim
3032 1583 3311 1663 recipere

1750 1681 2025 1760 aliquam
2053 1681 2581 1762 proportionatam
2605 1680 2867 1761 gratiam
2884 1682 3139 1758 propter
3156 1694 3313 1755 prae·

1749 1774 2035 1836 cedentia
2076 1773 2319 1846 merita,
2378 1774 2627 1848 scilicet,
2681 1772 3000 1834 dimidiam
3048 1770 3311 1851 gratiam

1747 1868 1868 1928 illis
1917 1867 2218 1940 debitam,
2250 1868 2349 1928 vel
2382 1866 2447 1927 in
2493 1865 2615 1927 alia
2655 1865 3057 1946 proportione
3099 1862 3305 1924 simili.

1747 1962 1902 2035 Quia
1926 1961 2139 2041 quoad
2170 1962 2359 2023 talem
2390 1961 2683 2023 effectum
2716 1960 3094 2021 sufficienter
3118 1956 3311 2018 vivifi·

1745 2060 1969 2117 cantur
1996 2056 2103 2115 illa
2128 2055 2372 2128 merita,
2406 2060 2486 2127 et,
2526 2054 2590 2115 in
2620 2053 2837 2115 ordine
2866 2050 2945 2113 ad
2981 2050 3133 2111 illud
3162 2048 3311 2111 sub-

1738 2148 2005 2228 jectum,
2047 2148 2235 2237 etiam
2270 2148 2419 2209 satis
2447 2143 2817 2227 disponitur,
2850 2140 2995 2226 quia
3022 2146 3309 2224 respectu

1744 2241 1909 2303 illius
1938 2242 2083 2304 facit
2106 2249 2408 2321 quantum
2439 2247 2644 2321 potest
2668 2248 2729 2303 et
2758 2241 2967 2302 debet.
3003 2240 3205 2319 Atque
3243 2238 3305 2298 in

1743 2336 1912 2397 hunc
1942 2355 2195 2398 sensum
2226 2340 2533 2397 conantur
2560 2336 2705 2396 dicti
2730 2340 3017 2396 auctores
3058 2333 3305 2393 trahere

1744 2428 1969 2493 Divum
1984 2432 2286 2493 Thomam
2301 2449 2317 2505 ;
2334 2436 2541 2492 tamen
2560 2448 2777 2491 revera
2793 2448 2917 2491 non
2940 2434 3219 2508 possunt,
3254 2426 3303 2487 si

1746 2543 1821 2585 ea
1849 2543 1991 2604 quae
2023 2525 2291 2585 diximus
2318 2528 2551 2586 attente
2590 2522 3045 2603 expendantur,
3078 2524 3302 2582 etcum

1741 2619 1840 2693 iis,
1896 2638 2037 2699 quae
2069 2639 2146 2681 ex
2194 2623 2311 2681 hac
2340 2620 2647 2682 sententia
2690 2624 3059 2699 sequuntur,
3092 2616 3303 2679 confe-

1739 2719 1980 2774 rantur.

1819 2809 1881 2869 6.
1930 2809 2087 2869 Nam
2116 2826 2189 2867 ex
2219 2806 2517 2886 praedicta
2542 2808 2838 2887 opinione
2870 2806 3153 2886 sequitur
3176 2806 3302 2885 pri-

1737 2920 1865 2978 mo,
1893 2901 2137 2979 quoties
2162 2903 2351 2963 homo
2380 2900 2648 2979 resurgit
2676 2920 2713 2961 a
2741 2906 2997 2980 peccato
3033 2918 3147 2979 per
3180 2899 3301 2960 dis-

1735 2994 2107 3073 positionem
2136 3010 2314 3073 aeque
2343 2994 2655 3055 intensam
2682 3011 2758 3056 ac
2782 2993 2895 3055 fuit
2921 2994 3121 3073 gratia
3145 3008 3301 3071 prae·

1737 3087 1969 3149 cedens
1995 3135 2015 3165 ,
2068 3104 2398 3168 resurgere
2467 3087 2530 3148 in
2576 3087 2798 3167 majori
2847 3086 3045 3168 gratia
3106 3102 3297 3165 quam

1734 3181 1922 3242 fuerit
1948 3182 2053 3243 illa
2104 3201 2139 3242 a
2184 3199 2309 3260 qua
2348 3181 2593 3242 cecidit.
2648 3181 2986 3254 Probatur,
3029 3180 3175 3259 quia
3213 3177 3298 3239 illi

1736 3274 2126 3354 dispositioni
2155 3274 2503 3337 secundum
2545 3293 2613 3335 se
2655 3274 2993 3354 respondet
3040 3271 3299 3352 aequalis

1736 3368 1961 3448 gratia,
1981 3373 2051 3428 ut
2078 3369 2197 3447 ipsi
2216 3373 2607 3448 supponunt;
2644 3371 2705 3428 et
2732 3367 2892 3429 ultra
2918 3366 3085 3428 illam
3113 3365 3300 3427 datur

1736 3461 1943 3521 statim
2002 3461 2215 3540 aliqua
2269 3461 2465 3540 gratia
2512 3461 2753 3522 ratione
2807 3460 3296 3541 praecedentium

1733 3555 2099 3616 meritorum
2144 3555 2325 3634 juxta
2347 3555 2464 3616 hos
2498 3560 2823 3626 auctores;
2875 3573 3026 3634 ergo
3062 3553 3299 3634 simpli-

1733 3647 1886 3708 citer
1941 3647 2209 3727 resurgit-
2252 3648 2443 3708 homo
2486 3654 2635 3710 tunc
2684 3647 2751 3708 in
2808 3642 3031 3726 majori
3068 3641 3287 3728 gratia.

1730 3739 2045 3814 SecundO,
2073 3740 2355 3802 similiter
2399 3742 2681 3820 sequitur
2714 3759 2791 3802 ex
2828 3739 2931 3801 illa
2956 3739 3288 3814 sententia,

1728 3851 1912 3912 posse
1954 3834 2275 3894 hominem
2304 3853 2633 3912 resurgere
2671 3834 2738 3894 in
2765 3833 2987 3912 oequali
3028 3832 3126 3893 vel
3161 3851 3295 3892 ma-

1722 3926 1846 4004 jori
1877 3928 2099 4006 gratia,
2130 3926 2371 3988 etiamsi
2392 3933 2678 4007 resurgat
2716 3946 2861 3988 cum
2889 3925 3291 4007 dispositione

1727 4020 2103 4092 remissiom‘;
2131 4021 2281 4098 quia
2314 4039 2427 4100 per
2444 4019 2594 4082 illud
2614 4027 3025 4100 augmentum
3054 4020 3290 4099 gratiae,

1728 4112 1900 4192 quod
1954 4112 2206 4174 additur
2251 4113 2491 4174 ratione
2555 4114 3042 4194 praecedentium
3107 4114 3295 4175 meri-

1727 4210 1960 4279 torum,
2005 4213 2212 4286 potest
2238 4207 2547 4287 perveniri
2590 4209 2671 4269 ad
2700 4209 3145 4288 aequalitatem,
3190 4206 3291 4269 vel

1726 4318 2054 4361 excessum
2085 4301 2325 4379 gratiae,
2356 4305 2423 4362 ut
2444 4319 2558 4380 per
2592 4320 2661 4364 se
2690 4307 2956 4375 constat,
3006 4308 3068 4362 et
3104 4318 3292 4379 supe-

1724 4392 1858 4453 rius
1905 4393 2095 4455 etiam
2133 4393 2521 4456 declaratum
2575 4402 2689 4457 est.
2734 4395 2965 4470 Terti0,
3010 4393 3290 4472 sequitur

1726 4505 1806 4548 ex
1835 4485 1999 4548 dicta
2028 4489 2361 4562 sententia,
2392 4487 2527 4550 fieri
2573 4507 2757 4568 posse
2794 4494 2885 4561 ut,
2925 4489 3069 4550 licet
3095 4488 3285 4547 homo

1723 4587 2015 4658 resurgat
2068 4600 2103 4640 a
2134 4587 2391 4660 peccato
2424 4599 2538 4660 per
2582 4587 2789 4643 actum
2840 4581 3283 4650 remissiorem,

1724 4673 2129 4734 nihilominus
2160 4673 2212 4733 ei
2264 4676 2469 4735 statim
2513 4674 2871 4736 conferatur
2914 4680 3044 4735 tota
3088 4673 3287 4754 gratia

1721 4765 2036 4846 prioribus
2092 4767 2329 4828 meritis
2377 4767 2763 4829 mortificatis
2818 4767 3049 4829 debita.
3110 4769 3287 4828 Patet

1721 4859 2003 4938 sequela,
2058 4860 2209 4939 quia
2237 4859 2373 4922 fieri
2420 4868 2625 4940 potest
2650 4868 2719 4922 ut
2748 4861 2847 4922 hic
2877 4867 2941 4923 et
2962 4879 3129 4922 nunc
3160 4859 3286 4920 dis-

1717 4954 1942 5032 positio
1982 4955 2059 5015 sit
2100 4973 2347 5016 summa
2391 4961 2453 5017 et
2496 4957 2729 5036 optima
2782 4975 2861 5018 ex
2902 4963 3077 5037 parte
3135 4975 3285 5036 ope-

1715 5047 1943 5122 rantis,
1972 5047 2172 5120 idest,
2202 5067 2277 5110 ex
2304 5051 2435 5110 toto
2465 5055 2693 5110 conatu
2724 5050 2839 5111 sibi
2864 5050 3141 5130 possibili
3168 5069 3283 5130 per

1719 5141 2019 5201 auxilium
2050 5141 2263 5220 gratiae
2294 5142 2461 5221 quod
2496 5161 2660 5203 nunc
2690 5145 2929 5223 recipit,
2961 5144 3061 5206 vel
3089 5163 3165 5206 ex
3190 5150 3281 5205 to·

1715 5240 1778 5295 to
1815 5240 2042 5295 conatu
2078 5236 2431 5296 necessario
2466 5236 2548 5297 ad
2586 5237 3095 5316 consequendam
3138 5257 3281 5318 per-

1713 5325 1943 5388 fectam
1972 5327 2407 5388 remissionem
2434 5330 2671 5407 peccati
2700 5330 2911 5410 quoad
2940 5330 3189 5410 culpam
3216 5337 3282 5393 et

1715 5437 1971 5479 omnem
2018 5437 2295 5499 poenam,
2352 5427 2415 5480 et
2467 5421 2872 5482 nihilominus
2920 5421 3091 5503 quod
3140 5422 3279 5484 talis

1713 5511 2037 5590 dispositio
2066 5511 2145 5574 sit
2166 5513 2486 5574 remissior
2513 5532 2701 5593 quam
2730 5515 2917 5576 fuerit
2942 5517 3141 5597 gratia
3168 5516 3280 5578 de-

1712 5605 1958 5688 perdita
1978 5624 1995 5680 ;
2028 5605 2177 5686 quia
2200 5607 2403 5688 potuit
2426 5607 2613 5668 homo
2639 5607 2863 5670 cadero
2882 5609 2965 5671 ab
2986 5609 3279 5672 intensis-
