3850 6225
554 350 634 414 32

555 477 684 539 qua
723 455 1114 539 compleatur
1139 457 1206 520 in
1231 476 1348 520 sua
1379 459 1712 535 nativitate,
1743 460 1844 523 vel
1874 478 1987 521 cur
2011 477 2120 539 po-

550 554 676 615 tius
703 570 832 614 una
869 570 1057 633 quam
1093 552 1216 615 alia
1241 556 1266 615 t
1296 554 1366 615 In
1393 552 1494 615 bis
1519 554 1686 615 enim
1723 560 1785 615 et
1813 554 2118 616 similibus

550 646 750 708 multa
777 646 897 708 dici
931 653 1212 727 possent,
1247 665 1387 727 quae
1415 648 1678 709 sufficiat
1705 649 2007 731 attigisse,
2046 655 2117 710 ut

551 740 690 802 aliis
729 741 1126 803 occasionem
1153 741 1544 803 discurrendi
1567 742 1995 821 pra-beamus,
2054 748 2117 803 et

553 834 997 896 considerandi
1043 840 1197 913 quot
1253 833 1648 897 difficultates
1691 854 1769 897 ex
1817 835 2117 917 praedicta

551 929 834 991 doctrina
879 928 1181 990 oriantur.
1837 983 1841 986 .

631 1024 966 1101 Renaeatm·
1029 1022 1298 1103 objectio.
1363 1021 1705 1087 Nam-alia
1755 1022 2119 1089 instrumen-

549 1124 620 1183 ta
687 1136 832 1181 raro
875 1118 1148 1201 indigent
1205 1116 1594 1199 proemotiono
1661 1119 1746 1181 ad
1797 1118 2113 1199 offendam.

547 1246 622 1261 —
661 1212 874 1276 Causa
900 1212 1170 1275 seeum
1193 1210 1556 1291 simpliciter
1579 1210 1651 1273 ab
1685 1211 2119 1275 ἕπετ’-πωπω·

547 1307 708 1371 libus
733 1306 1045 1387 differ-tent.
1071 1334 1152 1351 --
1176 1305 1254 1366 At
1283 1303 1640 1383 (inquiunt)
1667 1322 1858 1365 eausa
1894 1322 2115 1367 secun-

546 1401 629 1462 da
687 1418 818 1461 non
881 1399 1008 1480 agit
1061 1398 1180 1460 nisi
1225 1401 1294 1459 ut
1349 1397 1830 1457 instrumentum
1899 1398 2114 1477 primoe

547 1496 644 1575 (D.
689 1496 962 1557 Thomas
1011 1494 1071 1553 1.
1128 1494 1192 1565 2,
1249 1508 1312 1571 q.
1367 1492 1429 1563 6,
1473 1496 1588 1551 art.
1635 1492 1696 1563 1,
1743 1491 1824 1551 ad
1865 1492 1927 1568 3,
1968 1498 2032 1554 et
2073 1494 2113 1553 2

547 1594 712 1653 cont.
747 1589 956 1661 Gent.‚
983 1604 1122 1667 cap.
1153 1587 1257 1659 21,
1288 1592 1406 1647 art.
1437 1586 1550 1663 4);
1583 1584 1700 1647 sed
1729 1586 2113 1648 instrumen-

543 1692 679 1747 tum
737 1700 868 1743 non
915 1682 1045 1762 agit
1101 1679 1224 1740 nisi
1271 1684 1340 1741 ut
1395 1684 1636 1740 motum
1687 1696 1724 1739 a
1781 1679 2107 1759 principali

549 1782 802 1859 agente,
843 1782 904 1838 et
955 1775 1036 1836 ab
1075 1773 1180 1835 illo
1221 1772 1530 1852 recipiens
1577 1772 2105 1853 complementum

552 1871 797 1934 virtutis
845 1868 1076 1950 agendi
1120 1885 1236 1947 per
1283 1866 1572 1927 virtutem
1631 1872 2063 1929 transeuntem
2082 1913 2099 1942 ,

543 1966 703 2029 utin
725 1962 1148 2036 artificialibus
1176 1959 1388 2022 videre
1413 1960 1592 2033 licet;
1625 1978 1798 2040 ergo.
1833 1961 1958 2023 Sed
1970 1963 2104 2024 haec

544 2060 812 2140 objectio
829 2058 1074 2119 duobus
1087 2052 1292 2116 modis
1314 2058 1550 2133 peccat.
1584 2053 1814 2128 Primo,
1837 2055 1983 2134 quia
2000 2055 2105 2117 illa

547 2152 859 2235 generalis
883 2148 1247 2230 propositio,
1286 2147 1366 2209 de
1410 2147 1842 2208 instrumentis
1865 2166 2104 2208 assum·

539 2256 674 2329 pta,
718 2248 786 2309 in
816 2246 1023 2325 rigore
1065 2241 1381 2303 intellecta
1422 2240 1500 2301 de
1538 2246 1715 2301 motu
1756 2248 2010 2322 recepto
2040 2243 2106 2302 in

541 2342 979 2411 instrumento,
1007 2354 1140 2396 non
1170 2340 1266 2395 est
1291 2334 1358 2395 in
1385 2334 1744 2394 universum
1781 2352 1967 2408 vera3
2004 2354 2107 2397 ca-

539 2434 638 2497 lor
671 2436 838 2496 enim
867 2434 1159 2495 censetur
1198 2446 1334 2489 esse
1365 2428 1847 2489 instrumentum
1887 2429 2105 2492 formae

537 2528 702 2608 ignis
730 2533 839 2588 aut
867 2525 1093 2586 animae
1117 2522 1198 2583 ad
1221 2520 1490 2582 {ormam
1519 2521 1989 2584 substantialem
2016 2524 2109 2584 in·

539 2621 894 2684 ducendam
927 2638 945 2693 3
997 2622 1060 2679 et
1092 2623 1306 2678 tamen
1343 2635 1472 2677 non
1516 2616 1645 2695 agit
1688 2634 1803 2696 per
1835 2635 2105 2697 praemo-

535 2718 777 2780 tionem
805 2715 1102 2794 aliquam,
1133 2728 1322 2791 quam
1351 2711 1414 2771 in
1441 2728 1508 2773 se
1537 2710 1831 2791 recipiat,
1879 2717 1951 2773 ut
1991 2730 2105 2791 per

537 2830 606 2873 se
632 2817 852 2874 notum
894 2814 1030 2881 est3
1067 2805 1238 2866 idem
1279 2810 1374 2866 est
1401 2805 1479 2866 de
1519 2805 1997 2883 phantasmate,
2050 2806 2100 2867 si

535 2906 666 2987 agit
699 2911 769 2966 ut
797 2903 1284 2964 instrumentum
1311 2898 1374 2959 in
1417 2898 1822 2978 productione
1869 2900 2099 2979 speciei

533 2996 936 3078 intelligibilis
964 3013 981 3068 ;
1013 2994 1140 3054 imo
1167 2992 1234 3053 in
1261 2992 1685 3053 instrumentis
1711 2992 2101 3055 naturalibus

529 3110 676 3154 raro
715 3088 1069 3153 invenietur
1112 3086 1246 3148 baec
1289 3085 1632 3166 proemotio.
1677 3085 1894 3165 Neque
1942 3105 2101 3168 argu

530 3191 838 3258 mentum,
870 3180 1042 3262 quod
1065 3180 1130 3241 in
1157 3179 1280 3240 hac
1305 3197 1376 3240 re
1407 3177 1542 3240 fieri
1569 3178 1728 3240 solet
1749 3179 1828 3240 de
1871 3179 2101 3242 instru-

531 3278 758 3340 mentis
789 3275 961 3351 artis,
981 3280 1076 3336 est
1099 3273 1340 3346 efficax,
1365 3271 1508 3352 quia
1538 3271 1604 3332 in
1635 3273 1725 3333 eis
1739 3275 1933 3335 motio
1958 3293 2100 3354 spe-

529 3373 669 3435 ciali
713 3371 956 3434 ratione
997 3373 1090 3430 est
1129 3367 1486 3429 necessaria
1512 3411 1529 3441 ,
1587 3366 1734 3446 quia
1763 3371 1891 3428 tota
1936 3369 2096 3429 actio

527 3467 754 3528 horum
785 3465 1341 3526 instrumentorum
1367 3459 1460 3534 fit,
1490 3459 1590 3520 vel
1618 3459 1958 3522 deferendo
1988 3459 2097 3522 ali·

527 3557 699 3639 quod
727 3573 956 3638 corpus
987 3574 1103 3636 per
1133 3553 1306 3616 varia
1347 3553 1507 3627 loca,
1551 3558 1619 3613 ut
1646 3551 1715 3614 fit
1736 3552 1802 3614 in
1832 3555 2093 3634 scriptu—

526 3673 620 3728 ra,
649 3651 750 3714 vel
772 3651 1035 3732 pictura;
1071 3647 1170 3708 vel
1200 3646 1578 3726 impellendo
1605 3646 1776 3708 aliud
1797 3665 1834 3708 a
1863 3667 1979 3709 suo
2000 3649 2094 3709 lo-

525 3766 623 3821 eo,
644 3751 712 3807 ut
727 3745 794 3806 fit
814 3763 930 3824 per
943 3759 1205 3804 serram.
1226 3741 1318 3801 Ex
1335 3740 1432 3800 his
1443 3757 1592 3819 ergo
1611 3739 1812 3800 solum
1827 3743 2093 3802 sumitur

525 3839 888 3919 exemplum
909 3835 1202 3900 sensibile
1231 3833 1312 3896 ad
1343 3833 1776 3914 explicandam
1801 3835 2091 3897 subordi-

521 3934 841 3995 nationem
873 3950 888 4006 ;
936 3949 1065 3992 non
1101 3947 1252 3991 vero
1283 3931 1725 4008 argumentum
1749 3927 1992 4000 efficax,
2020 3935 2091 3990 ut

522 4026 747 4088 eodem
775 4025 964 4088 modo
995 4022 1133 4084 fieri
1153 4026 1438 4104 oporteat
1464 4021 1530 4081 in
1547 4022 1838 4083 omnibus
1856 4021 2087 4084 instru-

520 4119 774 4183 mentiS.
805 4117 1046 4180 Deinde
1085 4121 1306 4196 peccat
1331 4113 1438 4175 illa
1461 4112 1751 4194 objectio,
1775 4115 1922 4196 quia
1942 4133 2086 4176 cau-

519 4233 604 4276 sae
643 4209 936 4274 secundoe
966 4227 1096 4271 non
1123 4211 1270 4270 sunt
1292 4207 1544 4288 proprie
1583 4211 1648 4268 et
1667 4207 1732 4268 in
1755 4206 1963 4288 rigore
1988 4208 2084 4268 in-

517 4309 886 4376 strumenta,
905 4300 1019 4364 sed
1039 4317 1243 4364 causae
1274 4297 1654 4380 principales
1683 4299 1749 4361 in
1776 4318 1892 4363 suo
1924 4299 2085 4362 ordi·

515 4419 622 4476 ne,
642 4399 789 4479 quia
813 4400 1008 4478 agunt
1035 4393 1286 4476 propriu
1308 4399 1370 4455 et
1397 4392 1868 4474 proportionata
1893 4395 2084 4456 virtu-

513 4497 602 4568 te,
636 4489 1006 4553 eteffectum
1030 4487 1146 4550 sibi
1175 4485 1449 4549 reddunt
1467 4486 1755 4549 similem.
1779 4487 2085 4550 Dicuntur

515 4589 730 4647 autem
775 4580 1091 4645 interdum
1131 4580 1548 4642 instrumenta
1595 4586 1886 4660 respectu
1940 4581 2075 4658 Dei,

515 4680 694 4760 quasi
721 4697 838 4759 per
849 4675 1187 4758 quamdam
1204 4676 1758 4756 comparationem,
1774 4675 1855 4736 ad
1874 4675 2079 4738 decla·

511 4772 778 4837 randam
805 4768 1342 4850 imperfectionem
1359 4787 1599 4844 earum,
1631 4774 1694 4830 et
1717 4769 2081 4850 dependen-

511 4868 666 4930 tiam
701 4881 892 4944 quam
943 4881 982 4925 a
1011 4863 1143 4925 Deo
1172 4861 1429 4925 habent.
1463 4863 1924 4943 Comparantur
1970 4881 2079 4924 au-

511 4967 642 5022 tem
689 4957 1116 5020 instrumentis
1134 5005 1152 5032 ,
1184 4956 1386 5037 primo
1413 5000 1430 5030 ,
1473 4955 1624 5034 quia
1659 4955 2073 5017 instrumenta

513 5051 718 5114 solent
766 5049 1004 5111 habere
1069 5049 1361 5110 virtutem
1415 5063 1599 5109 suam
1651 5065 1690 5108 a
1749 5045 2074 5128 principali

511 5151 760 5225 agente,
790 5145 853 5205 et
881 5141 968 5204 ita
993 5141 1230 5204 habent
1261 5159 1465 5202 causae
1495 5140 1788 5202 secundae
1819 5159 1856 5202 a
1895 5141 2069 5216 Deo;

511 5236 813 5311 secundo,
845 5235 992 5316 quia
1021 5233 1364 5316 principale
1389 5251 1587 5315 agens
1616 5233 1784 5296 solet
1795 5233 2075 5314 aliquan·

511 5332 593 5395 do
621 5331 886 5393 influere
903 5329 966 5389 in
993 5329 1199 5408 ipsum
1226 5327 1733 5402 instrumentum,
1756 5328 2071 5408 praecipue

511 5426 564 5489 si
595 5427 672 5489 sit
701 5425 1106 5504 conjunctum
1123 5437 1144 5500 3
1174 5427 1238 5484 et
1277 5422 1362 5484 ita
1390 5423 1561 5484 Deus
1590 5421 1794 5483 influit
1825 5421 1892 5483 in
1925 5439 2071 5483 cau·

510 5535 612 5584 sas
651 5518 981 5595 secundas,
1018 5535 1146 5579 non
1173 5515 1636 5598 praemovendo,
1681 5515 1794 5578 sed
1821 5533 2069 5579 conser-

1311 354 1524 411 owse.
1559 356 1599 421 l,
1633 356 1750 413 Lm.
1787 359 1826 411 1.
1863 358 1945 413 nt:
1976 356 2295 412 CONGURSU
2328 358 2431 413 nm
2460 359 2587 413 GU!
2618 359 3009 415 vommnz.

2196 458 2405 521 vando
2428 459 2595 535 illas;
2630 462 2836 535 tertio,
2868 461 3039 543 quod
3066 462 3224 525 actio
3245 464 3641 527 instrumenti
3664 483 3771 525 sc-

2196 550 2283 613 let
2312 553 2502 616 etiam
2534 570 2675 615 esse
2704 554 2865 617 actio
2885 554 3243 635 principalis
3264 559 3509 638 agentis
3532 578 3549 633 ;
3592 564 3657 619 et
3682 558 3769 617 si-

2194 644 2425 707 militer
2458 646 2662 709 omnis
2688 648 2850 711 actio
2877 666 3083 709 causae.
3112 650 3406 712 secundae
3440 658 3538 713 est
3570 652 3766 713 etiam

2196 738 2358 799 actio
2385 742 2535 815 Dei;
2566 747 2815 821 quarto,
2842 742 2985 823 quia
3018 743 3501 807 instrumentum
3542 744 3769 805 nititur

2198 832 2261 893 in
2290 852 2405 895 sua
2450 836 2696 897 actione
2734 834 2799 895 in
2854 836 3179 916 principali
3228 844 3489 917 agente:
3544 836 3767 899 omnia

2198 933 2411 988 autem
2440 926 2691 1007 agentia
2720 933 2929 989 creata
2954 929 3239 991 nituntur
3265 932 3331 991 in
3360 931 3585 993 virtute
3608 930 3767 992 divi-

2199 1038 2281 1080 na
2307 1040 2323 1093 ;
2356 1020 2485 1081 imo
2545 1020 2839 1083 dicuntur
2868 1038 3059 1103 agere
3087 1022 3151 1084 in
3180 1024 3404 1086 virtute
3432 1026 3568 1097 Dei,
3608 1024 3763 1103 quia

2199 1118 2345 1173 sunt
2368 1114 2875 1193 participationes
2918 1115 3107 1177 divini
3140 1134 3302 1190 esse,
3346 1124 3406 1179 et
3454 1136 3581 1178 non
3612 1136 3766 1197 pos-

2197 1212 2343 1267 sunt
2372 1206 2571 1268 simile
2602 1225 2743 1269 esse
2775 1208 3147 1287 producere,
3178 1210 3299 1271 nisi
3325 1210 3407 1271 ab
3434 1230 3509 1273 eo
3527 1212 3765 1291 juven·

2194 1306 2297 1359 tur
2326 1298 2432 1378 qui
2456 1306 2553 1361 est
2578 1300 2783 1380 ipsum
2812 1320 2951 1363 esse
2983 1320 3097 1381 per
3136 1305 3494 1365 essentiam.
3540 1306 3619 1365 Et
3670 1304 3765 1365 ita

2196 1398 2517 1471 exponunt
2542 1394 2707 1455 hanc
2731 1394 3129 1457 efficientiam
3154 1414 3490 1458 causarum
3532 1415 3765 1458 secun·

2194 1485 2417 1546 darum
2452 1504 2673 1549 omnes
2710 1487 2842 1549 fere
2878 1493 3185 1565 auctoreS,
3219 1496 3288 1552 ut
3324 1508 3401 1551 ex
3446 1508 3637 1570 supra
3678 1490 3765 1551 ci-

2190 1579 2333 1640 tatis
2362 1584 2645 1651 constat,
2700 1580 2939 1661 absque
2986 1581 3117 1644 ulla
3152 1584 3471 1645 mentione
3500 1584 3765 1645 fluentis

2190 1671 2505 1751 qualitatis
2527 1674 2633 1751 (D.
2666 1674 2964 1751 Thomas,
2998 1692 3063 1755 q.
3090 1666 3166 1738 u
3194 1676 3275 1738 de
3308 1677 3481 1751 Ver„
3512 1683 3633 1739 art.
3696 1682 3759 1751 1,

2186 1764 2345 1827 adh
2389 1770 2453 1827 et
2488 1768 2563 1839 ὃς
2610 1767 2775 1829 Scot.
2810 1812 2827 1841 ,
2866 1768 3045 1841 inb,
3080 1768 3145 1831 d.
3180 1772 3255 1845 1,
3306 1776 3523 1851 quaest.
3560 1774 3638 1847 1,
3674 1772 3763 1832 ad

2185 1859 2297 1921 ult.
2316 1860 2359 1939 ).

2264 1954 2564 2033 Superest
2626 1955 2960 2019 dicendum
3034 1956 3115 2019 de
3179 1964 3499 2039 postremo
3554 1978 3763 2021 mem-

2185 2045 2323 2121 bro,
2358 2048 2421 2107 in
2453 2067 2579 2129 quo
2620 2050 2783 2113 istud
2812 2054 3315 2133 praerequisitam
3343 2054 3645 2134 praevium
3678 2074 3761 2116 ex

2185 2148 2363 2221 parte
2380 2142 2517 2217 Dei,
2543 2144 2979 2209 determinatio
2998 2166 3205 2209 causae
3228 2149 3517 2211 secundm
3532 2150 3763 2229 appel-

2188 2234 2456 2311 labatur,
2481 2236 2563 2299 de
2592 2256 2719 2319 quo
2744 2239 2807 2299 in
2832 2248 3134 2320 sequente
3156 2242 3377 2323 capite,
3408 2248 3475 2303 ut
3496 2242 3761 2304 distine-

2187 2327 2311 2389 tius
2352 2330 2791 2410 procedamus,
2828 2335 3219 2397 commodius
3258 2335 3647 2397 tractabitur.

2743 2572 2995 2638 CAPUT
3038 2576 3161 2637 vn.

2181 2792 2417 2839 CAUSAH
2446 2796 2758 2845 stammam
2788 2798 2905 2847 Non
2934 2801 3215 2849 mmm
3244 2802 3485 2849 rum
3511 2803 3761 2851 nunu-

2224 2885 2557 2935 :munem
2599 2890 2803 2939 GAUSAE
2844 2894 3045 2941 mnu
3070 2896 3151 2941 An
3186 2896 3491 2965 aeneum(
3516 2896 3711 2943 SUAM.

2266 3072 2507 3157 Scopas
2548 3077 2732 3158 hujus
2778 3080 3019 3165 capitis.
3040 3082 3284 3156 —Quae
3320 3083 3625 3146 hactenus
3658 3082 3761 3146 di-

2180 3167 2389 3230 ximus
2434 3173 2793 3234 communia
2838 3181 2985 3239 sunt
3048 3177 3341 3240 omnibus
3384 3178 3592 3240 causis
3644 3197 3759 3239 se·

2180 3262 2401 3324 cundis
2428 3309 2445 3336 ‚
2498 3264 2740 3327 etiamsi
2790 3271 3146 3332 necessario
3188 3278 3567 3352 operentur-3
3618 3271 3759 3332 hoe

2178 3371 2327 3416 vero
2366 3355 2655 3418 ultimum
2695 3359 2775 3421 de
2821 3361 3343 3426 determinatione
3392 3382 3602 3426 causoe
3648 3385 3759 3426 se-

2178 3448 2421 3526 cundae,
2450 3453 2774 3532 proprium
2798 3455 3045 3518 videtur
3070 3475 3277 3520 causae
3298 3457 3545 3531 liberte,
3568 3457 3759 3520 ideo·

2174 3543 2391 3620 quein
2432 3563 2509 3606 eo
2550 3547 2829 3610 consistit
2860 3553 2990 3612 tota
3020 3550 3207 3630 hujus
3246 3550 3337 3612 rei
3376 3550 3751 3626 difficultaS,

2175 3635 2334 3696 adeo
2366 3641 2455 3711 ut,
2500 3638 2645 3701 licet
2672 3645 2895 3703 caetera
2936 3641 3093 3704 falsa
3142 3644 3285 3719 sint,
3319 3649 3391 3706 ut
3436 3645 3752 3718 vidimuS‚

2172 3728 2557 3805 praetermitti
2586 3739 2845 3812 possent
2872 3735 2937 3796 in
2960 3737 3324 3817 Theologia,
3352 3738 3403 3798 si
3432 3757 3579 3800 cum
3614 3739 3757 3800 hoc

2171 3826 2487 3898 postremo
2518 3842 2647 3886 non
2676 3830 3233 3909 conjungerentur,
3260 3829 3409 3910 quia
3444 3849 3563 3910 per
3592 3849 3754 3892 sese

2170 3931 2301 3976 non
2321 3917 2787 3998 Theologicam,
2834 3923 2948 3984 sed
2973 3924 3473 4004 philosophicam
3504 3925 3753 3988 doct-ri·

2168 4023 2317 4068 nam
2360 4011 2719 4088 continent;
2752 4018 2969 4078 tamen
2992 4061 3009 4092 ,
3053 4018 3201 4098 quia
3240 4017 3563 4080 involvunt
3610 4019 3755 4081 hoe

2163 4107 2575 4180 postremum,
2606 4112 2669 4169 et
2692 4108 2775 4169 ad
2806 4109 2960 4172 illud
2984 4111 3154 4173 viam
3180 4119 3426 4194 parant,
3456 4129 3589 4174 non
3617 4131 3753 4192 po-

2163 4200 2418 4259 tuerunt
2454 4217 2490 4258 a
2542 4200 2725 4262 nobis
2780 4201 3054 4267 breviter
3110 4205 3437 4280 transiliri3
3478 4213 3753 4286 oportet

2162 4306 2437 4370 namque
2457 4336 2474 4365 ,
2525 4299 2597 4356 ut
2638 4293 2764 4358 dixi
2783 4343 2800 4372 ,
2847 4299 3175 4362 materiam
3217 4301 3383 4363 hanc
3422 4319 3459 4361 a
3496 4299 3753 4362 funda-

2160 4385 2389 4446 mentis
2416 4387 2727 4450 evolvere.
2760 4391 3133 4456 Accedendo
3162 4412 3315 4474 ergo
3356 4393 3439 4455 ad
3458 4393 3752 4474 praedic-

2158 4478 2291 4538 tam
2312 4477 2921 4560 determinationem,
2938 4485 3004 4548 in
3022 4487 3145 4549 hoc
3168 4488 3371 4567 capite
3398 4505 3534 4548 rem
3558 4487 3749 4550 hanc

2162 4572 2659 4637 examinabimus
2681 4622 2698 4652 ,
2758 4595 2837 4639 ex
2890 4581 3167 4660 generali
3208 4581 3451 4643 ratione
3514 4599 3747 4644 causae

2160 4665 2495 4740 secundae3
2528 4667 2595 4728 in
2622 4679 2925 4758 sequente
2974 4679 3187 4736 autem
3216 4675 3569 4736 videbimus
3612 4693 3740 4752 an,

2158 4776 2238 4820 ex
2265 4761 2519 4840 speciali
2556 4764 2799 4828 ratione
2828 4785 3033 4828 causae
3060 4767 3294 4843 liberae,
3333 4769 3467 4831 haec
3510 4767 3745 4830 deter-

2156 4853 2416 4915 minatio
2441 4859 2795 4920 necessaria
2822 4861 2922 4922 sit.

2235 4953 2296 5012 1.
2342 4949 2744 5017 Naturaliter
2790 4955 3040 5038 agentia
3091 4955 3269 5020 nulla
3324 4955 3599 5036 indique
3648 4957 3749 5018 ad

2154 5047 2447 5129 ayendum
2466 5048 3501 5130 proedeminatione.-Prineipio
3528 5047 3745 5128 igitur

2153 5159 2269 5221 per
2292 5159 2359 5201 se
2390 5140 2645 5203 evidens
2674 5147 2955 5222 apparet,
2989 5161 3213 5204 causas
3259 5141 3569 5205 secundas
3612 5159 3741 5202 na-

2154 5234 2435 5296 turaliter
2483 5241 2741 5314 agentes
2785 5253 2914 5296 non
2972 5235 3255 5317 indigere
3316 5241 3385 5297 ut
3431 5254 3469 5297 a
3522 5255 3739 5297 causa

2152 5327 2355 5408 prima
2412 5327 2715 5408 recipiant
2760 5327 3347 5392 determinationem
3394 5329 3475 5390 ad
3516 5347 3739 5408 agen-

2150 5421 2325 5496 dum,
2364 5439 2529 5482 nova
2580 5421 2813 5483 scilicet
2860 5423 3107 5484 actione
3144 5424 3429 5486 distincta
3468 5423 3551 5483 ab
3581 5423 3729 5499 illa,

2148 5533 2273 5596 qua
2303 5534 2411 5577 eas
2432 5515 2496 5576 in
2526 5533 2663 5579 esse
2692 5523 3038 5580 conservat.
3069 5517 3392 5595 Probatur,
3416 5519 3566 5596 quia
3596 5519 3735 5580 hu-
