3850 6225
569 428 690 492 490

966 684 1186 753 Prima
1212 688 1411 771 opinio
1442 694 1723 771 refertur.

646 918 706 981 2.
751 912 822 981 ln
853 920 972 981 hac
1023 932 1178 1001 ergo
1224 938 1292 983 re
1347 916 1532 983 vatim
1578 924 1722 987 sunt
1775 922 2127 1007 opiniones.

568 998 772 1074 Prima
811 1021 905 1076 est
943 1014 1206 1095 gratiam
1249 1015 1420 1076 illam
1463 1035 1592 1077 non
1633 1012 1872 1081 restitui
1925 1021 2133 1081 statim

565 1126 640 1168 ac
681 1105 872 1169 homo
911 1127 1026 1187 per
1063 1108 1498 1187 poenitentiam
1539 1114 1830 1192 resurgit.
1873 1115 1963 1175 lta
1990 1130 2135 1175 sen-

563 1201 637 1262 tit
667 1202 738 1263 D.
773 1202 1066 1277 Thomas,
1110 1204 1146 1263 3
1187 1222 1278 1283 p.‚
1325 1210 1542 1282 quaest.
1572 1206 1672 1277 89,
1713 1212 1831 1267 art.
1865 1208 1925 1279 2,
1976 1206 2128 1267 dum

566 1293 748 1358 docet
777 1296 1097 1357 hominem
1123 1296 1440 1359 interdum
1467 1316 1800 1377 resurgere
1821 1299 1902 1360 ad
1927 1300 2131 1360 mino-

563 1404 700 1448 rem
719 1389 1006 1467 gratiam,
1031 1406 1220 1467 quam
1244 1396 1426 1451 antea
1455 1392 1780 1465 habuerat,
1813 1392 2129 1454 interdum

562 1500 710 1543 vero
755 1482 836 1543 ad
869 1484 1180 1562 oequalem
1207 1483 1310 1546 vel
1345 1486 1674 1565 majorem,
1721 1504 1834 1567 pro
1883 1488 2127 1549 ratione

563 1572 987 1654 dispositionis
1041 1594 1186 1639 cum
1241 1596 1366 1657 qua
1423 1580 1696 1659 resurgit
1749 1597 1786 1641 a
1843 1586 2121 1660 peccato.

559 1668 740 1731 Unde
767 1668 1012 1749 quoties
1037 1670 1358 1751 dispositio
1385 1680 1480 1735 est
1505 1673 1710 1735 minor
1741 1674 1839 1734 vel
1866 1674 2127 1753 aequalis

560 1763 936 1843 proecedenti
980 1766 1194 1845 gratim
1245 1786 1282 1827 a
1324 1784 1450 1845 qua
1479 1768 1670 1829 homo
1697 1768 1943 1843 cecidit,
1982 1786 2127 1829 sen·-

561 1856 633 1917 tit
669 1856 744 1917 D.
773 1858 1047 1920 Thomas
1067 1857 1224 1943 nihil
1259 1859 1422 1921 illius
1450 1862 1662 1939 gratiae
1691 1862 1899 1923 statim
1944 1862 2127 1923 resti-

559 1950 688 2023 tui;
737 1952 990 2029 quando
1032 1970 1182 2013 vero
1219 1953 1537 2034 dispositio
1581 1960 1674 2017 est
1709 1956 1933 2037 major,
1976 1962 2127 2018 tunc

561 2044 648 2105 ait
673 2062 1006 2125 resurgere
1045 2044 1468 2109 hominemad
1495 2050 1800 2128 majorem
1829 2051 2119 2131 gratiam.

561 2136 709 2211 Quae
765 2156 916 2199 vero
986 2139 1085 2200 vel
1139 2144 1370 2219 quanta
1430 2142 1632 2220 gratia
1679 2148 1828 2204 tunc
1885 2145 2123 2205 homini

558 2230 762 2304 detur,
814 2250 942 2293 non
999 2232 1314 2308 declarat3
1364 2235 1700 2298 verisimile
1754 2240 1963 2299 autem
2030 2244 2125 2298 est

555 2324 828 2385 sensisse
867 2330 1016 2387 tunc
1059 2326 1276 2388 saltem
1311 2333 1504 2388 totam
1535 2328 1809 2407 priorem
1855 2330 2123 2411 gratiam

551 2417 815 2479 restitui.
847 2416 1022 2490 Quod
1051 2438 1222 2493 vero,
1253 2420 1505 2500 quando
1533 2420 1852 2501 dispositio
1879 2442 2005 2483 non
2028 2429 2123 2484 est

553 2511 854 2573 intensior
904 2530 1096 2591 quam
1143 2514 1340 2595 gratia
1397 2514 1762 2593 praecedens
1794 2560 1810 2589 ,
1863 2516 1979 2577 sed
2020 2515 2119 2577 vel

550 2604 827 2683 aequalis,
893 2606 996 2667 vel
1039 2606 1264 2681 minor,
1318 2612 1466 2668 tunc
1511 2608 1698 2687 plane
1751 2610 1977 2670 sentiat
2042 2612 2113 2671 D.

549 2698 823 2759 Thomas
850 2698 1002 2760 nihil
1037 2700 1448 2779 praecedentis
1485 2702 1696 2781 gratim
1731 2702 1865 2763 dari
1893 2703 1961 2763 in
1982 2703 2115 2781 ipsa

542 2790 986 2870 justificatione
1013 2793 1184 2871 impii
1205 2794 1445 2855 ratione
1473 2795 1963 2873 praecedentium
1990 2814 2119 2857 me-

549 2885 838 2959 ritorum,
877 2892 1070 2966 patet.
1117 2888 1294 2961 Nam,
1343 2888 1392 2949 si
1441 2889 1678 2966 aliquid
1725 2891 1941 2970 gratim
1980 2910 2119 2973 pro-

549 2986 690 3061 pter
722 2979 828 3041 illa
873 2980 1092 3041 merita
1131 2982 1340 3043 statim
1371 2983 1648 3057 daretur,
1699 3002 1951 3063 semper
1988 2985 2113 3057 ille,

551 3073 658 3154 qui
699 3073 960 3136 haberet
997 3074 1432 3138 contritionem
1479 3092 1656 3154 aeque
1697 3077 2009 3140 intensam
2042 3096 2117 3140 ac

549 3169 756 3230 fuerat
785 3168 982 3247 gratia
1007 3169 1390 3248 proecedenS,
1425 3177 1782 3250 resurgeret
1816 3173 1896 3234 ad
1923 3175 2120 3253 majo-

549 3282 688 3325 rem
713 3261 1000 3341 gratiam.
1037 3265 1192 3325 Nam
1233 3266 1476 3328 ratione
1511 3267 1702 3328 solius
1733 3265 2119 3328 contritionis

551 3357 862 3438 acciperet
895 3357 1164 3436 gratiam
1197 3360 1504 3437 aequalem
1540 3360 1938 3439 praecedenti,
1972 3380 2117 3422 cum

551 3455 944 3531 supponatur
977 3450 1112 3530 ipsa
1145 3453 1430 3515 contritio
1452 3471 1589 3515 esse
1616 3471 1796 3533 aeque
1821 3455 2069 3515 intensa
2094 3473 2110 3527 ;

551 3545 606 3607 si
645 3543 1000 3623 ergo-ultra
1049 3545 1164 3606 hoc
1197 3547 1506 3626 reciperet
1547 3547 1821 3624 aliquam
1851 3547 2116 3626 gratiam

548 3643 808 3718 propter
845 3637 1167 3716 superiora
1196 3641 1440 3713 merita,
1483 3640 1616 3718 jam
1643 3647 2002 3719 resurgeret
2052 3641 2119 3700 in

549 3731 774 3809 majori
829 3730 1028 3810 gratia
1067 3749 1259 3810 quam
1323 3737 1508 3794 antea
1563 3733 1892 3806 habuerat,
1949 3733 2118 3812 quod

549 3830 762 3886 tamen
791 3825 867 3885 D.
899 3823 1172 3886 Thomas
1196 3831 1411 3905 negat.
1444 3826 1621 3899 Quod
1650 3827 1700 3889 si
1733 3827 2119 3907 respondeas

549 3937 680 3980 non
732 3935 870 3978 esse
908 3919 1334 3980 necessarium
1375 3925 1444 3980 ut
1477 3921 1674 4001 gratia
1727 3919 2119 3999 respondens

551 4011 910 4074 contritioni
949 4011 1028 4072 sit
1066 4011 1326 4091 aequalis
1367 4012 1454 4074 illi
1495 4013 1850 4092 aequalitate
1897 4013 1993 4074 rei
2038 4013 2119 4074 ad

549 4121 712 4178 rem,
757 4101 872 4166 sed
911 4107 1152 4166 tantum
1191 4105 1634 4185 proportionis,
1677 4105 1947 4186 primum
1988 4123 2119 4167 non

551 4213 773 4258 omnes
797 4197 914 4258 hoc
931 4195 1290 4273 admittunt,
1309 4205 1372 4260 et
1393 4199 1702 4261 incertum
1719 4202 1834 4260 est.
1853 4198 2118 4271 Deinde,

551 4287 657 4350 illo
697 4288 994 4362 admisso,
1041 4291 1269 4369 poterit
1315 4293 1710 4370 urgeri-ratio
1741 4291 1862 4353 hoe
1889 4292 2114 4354 modo:

552 4381 701 4460 quia
728 4383 865 4461 pari
892 4382 1134 4444 ratione
1177 4385 1462 4446 accidere
1493 4389 1706 4465 posset
1741 4385 1944 4462 utqui
1976 4405 2120 4446 cum

550 4475 778 4536 minori
819 4475 1228 4554 dispositione
1258 4477 1658 4556 justificatur,
1689 4477 1772 4540 ad
1810 4479 2120 4557 aequalem

549 4568 654 4628 vel
701 4567 1038 4649 aliquando
1103 4571 1294 4630 etiam
1352 4571 1434 4632 ad
1485 4571 1788 4650 majorem
1855 4571 2121 4650 gratiam

547 4668 868 4740 resurgat;
902 4661 1071 4740 quod
1097 4662 1276 4724 divus
1304 4665 1576 4724 Thomas
1601 4670 1810 4744 negat.
1851 4665 2123 4744 Sequela

551 4761 746 4836 patet,
778 4773 925 4814 nam
953 4755 1194 4816 ratione
1227 4756 1646 4835 dispositionis
1671 4758 1890 4837 recipit
1927 4763 2121 4818 totam

553 4848 820 4928 gratiam
874 4849 962 4909 illi
1024 4850 1597 4928 proportionatam;
1646 4869 1796 4930 ergo
1841 4852 1893 4912 si
1964 4852 2123 4911 ultra

552 4940 728 5002 illam
771 4942 993 5020 recipit
1043 4941 1284 5021 aliquos
1327 4943 1561 5022 gradus
1610 4945 1822 5024 gratiae
1869 4951 2127 5024 propter

554 5034 761 5113 priora
795 5035 1039 5110 merita,
1079 5037 1319 5096 ratione
1359 5036 1606 5097 illorum
1637 5036 1771 5097 fieri
1797 5039 2025 5117 poterit
2054 5043 2123 5097 ut

555 5127 778 5206 gratia,
821 5145 958 5206 quae
1012 5129 1274 5207 prtecise
1315 5135 1564 5209 sumpta
1615 5135 1687 5190 ut
1729 5130 2124 5208 respondens

555 5220 909 5282 contritioni
959 5226 1094 5282 erat
1119 5223 1346 5296 minor,
1401 5228 1586 5284 aucta
1629 5241 1740 5302 per
1781 5223 1919 5284 illos
1982 5241 2122 5300 gra-

554 5313 697 5388 duS‚
730 5315 810 5376 sit
838 5314 1095 5393 aequalis
1124 5315 1224 5378 vel
1251 5316 1452 5394 major
1481 5335 1668 5394 quam
1697 5315 1898 5377 tuerat
1921 5317 2121 5396 gratia

555 5407 942 5486 praecedens
982 5409 1184 5487 Atque
1216 5408 1302 5467 ita
1329 5408 1706 5470 intellexisse
1730 5409 2023 5470 videntur
2044 5411 2115 5471 D.

1141 438 1355 496 OPUSG.
1389 442 1448 495 V.
1484 441 1786 497 numerio
1822 444 1904 499 DE
1934 444 2411 501 usvivtscsmla
2444 446 2821 501 nummum.
2858 446 3095 503 msrur.
3130 446 3195 499 11.

2211 552 2312 624 14,
2357 555 2577 631 quoest.
2612 553 2675 625 2,
2716 551 2891 613 artic.
2948 554 3009 624 1,
3040 551 3237 612 concl.
3286 552 3368 622 Ως
3418 550 3703 613 011101οὼ-

2210 662 2353 716 nus,
2384 663 2445 724 q.
2482 648 2541 721 1,
2568 664 2635 705 n.
2664 646 2765 707 28.
2796 646 2871 705 Et
2900 643 3187 705 eamdem
3216 643 3555 723 opinionem
3586 645 3704 705 indi-

2208 742 2353 799 cant
2381 736 2736 799 Alexander
2784 738 3051 809 Alensis,
3100 738 3139 797 4
3174 756 3263 816 p.‚
3296 754 3361 814 q.
3403 738 3495 809 12,
3520 738 3699 799 memb.

2212 832 2275 903 4,
2306 836 2426 892 art.
2448 835 2487 894 5
2510 849 2528 903 ;
2555 836 2621 891 et
2638 832 3103 903 Bonaventura,
3132 831 3201 890 in
3228 832 3289 901 4,
3320 828 3459 889 dist.
3489 830 3575 901 u,
3602 831 3634 891 2
3656 850 3697 909 p.

2212 924 2651 999 distinctionis,
2700 942 2761 985 a.
2794 926 2859 998 2,
2892 941 2955 1001 q.
3009 927 3067 984 1.
3104 922 3281 999 (Vide
3332 922 3533 983 Palud.
3572 923 3625 981 in
3660 926 3701 995 3,

2210 1019 2279 1082 d.
2315 1021 2415 1093 31,
2464 1038 2527 1096 q.
2578 1024 2636 1089 1,
2690 1024 2806 1080 art.
2842 1020 2901 1091 1,
2932 1016 3133 1079 concl.
3184 1018 3245 1089 3,
3296 1022 3357 1077 et
3386 1016 3537 1077 Petr.
3576 1018 3703 1086 8010,

2212 1114 2355 1176 lect.
2388 1115 2429 1175 6
2458 1114 2535 1175 de
2560 1113 2809 1192 Poenit.)

2292 1210 2350 1269 3.
2395 1208 2613 1288 Hujus
2650 1204 2950 1288 opinionis
2986 1204 3403 1283 fundamenta.
3424 1202 3703 1263 —Funda-

2210 1306 2493 1361 mentum
2554 1300 2741 1378 hujus
2787 1299 3110 1359 sententiae
3178 1301 3307 1370 est,
3362 1294 3503 1373 quia
3560 1298 3701 1374 gratia

2210 1394 2395 1455 datur
2422 1392 2657 1453 homini
2710 1392 3059 1454 secundum
3105 1406 3469 1451 mensuram
3506 1388 3703 1467 disposi—

2208 1488 2395 1549 tionis
2436 1486 2611 1565 ejus;
2660 1486 2774 1549 sed
2814 1485 2920 1565 qui
2966 1484 3241 1563 resurgit
3286 1501 3327 1543 a
3372 1488 3703 1561 peecatoper

2208 1580 2901 1643 contritionem·minus
2938 1581 3277 1649 intensam,
3314 1576 3417 1637 vel
3442 1576 3699 1655 aequalem,

2208 1695 2335 1738 non
2368 1694 2435 1737 se
2456 1676 2727 1755 disponit
2744 1675 2827 1736 ad
2846 1675 3152 1753 majorem
3176 1672 3441 1753 gratiam
3466 1670 3701 1748 recipien-

2206 1770 2377 1843 dam,
2416 1769 2657 1831 etiamsi
2688 1767 2861 1848 prius
2889 1768 3063 1828 illam
3096 1764 3435 1835 meruerim
3466 1782 3597 1841 ergo
3616 1780 3700 1822 nou

2206 1864 2417 1926 statim
2470 1864 2641 1925 illam
2696 1863 2938 1942 recipit.
2995 1862 3199 1939 Major
3250 1877 3332 1921 ex
3381 1857 3702 1938 philosophia

2206 1962 2498 2024 constat.
2552 1956 2701 2037 quia
2750 1974 2947 2037 agens
2980 1955 3218 2016 inducit
3272 1953 3533 2014 formam
3578 1952 3705 2029 juxta

2202 2052 2369 2130 passi
2424 2050 2939 2130 dispositionem:
2998 2050 3167 2109 Deus
3200 2054 3417 2108 autem
3460 2046 3517 2106 in
3558 2044 3703 2104 infun-

2204 2144 2413 2207 denda
2444 2143 2643 2225 gratia
2674 2146 2881 2204 servat
2902 2140 3379 2204 connaturalem
3406 2156 3595 2199 rerum
3606 2155 3705 2214 pro-

2202 2238 2575 2319 portionem.
2610 2236 2789 2309 Quod
2810 2238 3001 2299 etiam
3024 2236 3323 2297 docuisse
3348 2232 3573 2294 videtur
3592 2232 3703 2291 Con·

2204 2332 2415 2395 cilium
2430 2331 2887 2405 Tridentinum,
2910 2348 3065 2391 sess.
3084 2331 3147 2403 6,
3172 2346 3316 2409 cap.
3338 2330 3401 2399 7,
3424 2327 3559 2387 dum
3575 2325 3701 2385 docet

2204 2427 2402 2487 Deum
2460 2424 2795 2503 unicuique
2856 2422 3185 2486 infundere
3233 2420 3539 2501 gratiam,
3576 2419 3699 2496 juxta

2201 2518 2397 2598 ipsius
2426 2518 2921 2599 dispositionem,
2952 2522 3015 2577 et
3042 2517 3105 2577 in
3132 2515 3417 2577 sectione
3440 2512 3697 2593 primahoc

2198 2611 2407 2690 ipsum
2452 2616 2671 2673 contra
2714 2610 3050 2671 Hem-icum
3094 2608 3439 2688 tetigimus.
3479 2602 3621 2668 L'nde
3652 2602 3696 2661 fit

2198 2710 2287 2779 ut,
2316 2704 2395 2766 ad
2426 2704 2831 2767 obtinendam
2872 2722 2911 2763 a
2952 2704 3079 2763 Deo
3110 2702 3407 2783 gratiam,
3433 2699 3524 2759 vel
3546 2696 3693 2775 gatis

2200 2804 2635 2877 augmentum,
2684 2816 2815 2859 non
2840 2796 2991 2857 satis
3042 2796 3121 2857 sit
3164 2794 3404 2857 mereri
3432 2792 3587 2861 illud,
3618 2788 3695 2848 nisi

2200 2892 2389 2952 etiam
2418 2891 2762 2953 intercedat
2791 2890 3107 2951 sufficiens
3132 2887 3459 2967 dispositio
3486 2904 3553 2945 ex
3574 2888 3695 2961 parte

2198 2984 2489 3045 hominis.
2530 2986 2657 3047 Hac
2688 2984 2857 3045 enim
2878 2984 3118 3045 ratione
3146 2983 3341 3043 docet
3362 2983 3435 3042 D.
3472 2978 3693 3041 Thomas.
3771 2996 3772 3029 z

2202 3079 2393 3158 etqui
2424 3096 2571 3141 eum
2590 3083 2939 3158 sequuntur
2956 3080 2982 3138 1
3000 3123 3015 3137 .
3038 3078 3103 3150 2,
3120 3094 3182 3156 q.
3208 3076 3355 3150 114,
3380 3080 3491 3134 art.
3516 3072 3567 3144 8,
3584 3070 3643 3129 ad
3656 3071 3695 3136 3.

2200 3177 2261 3232 et
2290 3174 2351 3234 Ξ.
2386 3175 2447 3244 2,
2480 3190 2544 3251 q.
2598 3173 2703 3248 24,
2746 3177 2861 3232 art.
2908 3172 2971 3244 6,
3018 3169 3099 3232 ad
3142 3175 3201 3242 1,
3242 3166 3525 3246 quamvis
3562 3165 3695 3224 homo

2198 3282 2315 3344 per
2342 3271 2517 3327 actus
2541 3267 2839 3327 remissos
2864 3271 3187 3326 mereatur
3216 3263 3441 3340 gratiae
3468 3275 3697 3336 augmen·

2198 3363 2355 3433 tum,
2392 3378 2521 3419 non
2560 3359 2767 3420 statim
2808 3357 2961 3418 illud
3006 3357 3319 3430 obtinere,
3356 3355 3545 3418 donec
3578 3349 3695 3410 suffi-

2196 3455 2437 3515 cienter
2465 3452 2547 3512 ad
2574 3451 2723 3512 illud
2772 3451 3181 3512 obtinendum
3234 3467 3357 3528 per
3396 3453 3583 3506 aetum
3618 3442 3696 3501 fer-
3769 3505 3770 3508 Ἴ

2200 3546 2543 3608 ventiorem
2568 3563 2637 3606 se
2666 3544 2957 3623 disponat
2972 3561 2993 3620 3
3014 3561 3173 3623 ergo
3203 3561 3239 3604 a
3262 3539 3519 3612 fortiori,
3538 3551 3695 3616 quam·
3769 3539 3770 3616 }

2196 3639 2291 3698 vis
2306 3638 2529 3700 merita
2545 3637 2917 3698 mortificata
2934 3635 3335 3698 vivificentur
3358 3635 3422 3694 in
3448 3631 3629 3694 ordine
3642 3625 3693 3685 ad

2200 3731 2393 3792 alium
2440 3731 2731 3794 effectum
2778 3731 2995 3808 gratias
3040 3728 3491 3808 praestandum,
3536 3720 3693 3783 nihilu-

2198 3823 2407 3886 minus
2422 3843 2551 3884 non
2568 3824 2773 3884 statim
2796 3824 2969 3884 illum
2990 3823 3346 3908 conferunt,
3364 3821 3551 3882 donec
3564 3817 3691 3876 homo

2200 3917 2583 3978 sufficienter
2632 3935 2701 3978 se
2746 3915 3070 3996 disponat3
3118 3921 3267 3976 tunc
3308 3919 3514 3975 autem
3538 3922 3692 3970 cense-

2198 4017 2305 4072 tur
2346 4029 2413 4072 se
2454 4009 2835 4071 sufficienter
2886 4009 3217 4088 disponere
3254 4052 3271 4081 ,
3324 4005 3563 4085 quando
3596 4017 3691 4078 pro-

2200 4103 2435 4182 rumpit
2476 4105 2541 4164 in
2586 4102 3027 4164 ferventiorem
3069 4106 3305 4176 actum,
3334 4115 3521 4180 quam
3548 4094 3691 4156 fuerat

2204 4197 2401 4276 gratia
2428 4196 2681 4256 amissa.

2284 4293 2343 4351 4.
2384 4288 2549 4363 Quid
2578 4290 2787 4352 dicant
2830 4289 2900 4350 de
2942 4305 3004 4350 eo
3030 4286 3136 4368 qui
3180 4303 3302 4348 non
3344 4285 3507 4347 hahet
3532 4282 3587 4340 in
3619 4278 3690 4338 luo

2201 4386 2335 4448 vita
2367 4383 2787 4462 ferventiorem
2845 4385 3067 4445 actum.
3094 4411 3179 4426 —
3200 4378 3327 4441 Sed
3380 4376 3523 4457 quid
3571 4373 3609 4432 si
3652 4386 3689 4426 m

2204 4483 2334 4538 toto
2364 4477 2500 4538 vitae
2528 4481 2811 4554 tempore
2860 4475 3047 4534 homo
3082 4491 3211 4533 non
3248 4472 3334 4533 ita
3382 4489 3447 4532 se
3472 4463 3689 4562 disponat

2202 4587 2324 4631 nec
2372 4573 2739 4648 prorumpat
2786 4568 2851 4628 in
2894 4565 3341 4626 ferventiorem
3366 4563 3591 4624 actum?
3612 4555 3689 4616 Ah·

2205 4664 2315 4743 qui
2370 4661 2669 4741 Theologi
2724 4661 3120 4730 existimant,
3158 4661 3337 4739 juxta
3390 4653 3687 4751 sententian

2204 4759 2277 4818 D.
2312 4756 2592 4825 Thomas,
2624 4754 2775 4815 illud
2808 4759 3219 4830 augmentum
3258 4767 3563 4830 nunquam
3599 4745 3687 4804 dan
3765 4761 3766 4778 l

2203 4850 2269 4910 in
2288 4849 2405 4909 hac
2432 4849 2581 4916 vita,
2616 4865 2825 4926 neque
2870 4847 2929 4906 in
2978 4843 3212 4917 futura,
3265 4851 3393 4905 tam
3428 4845 3487 4903 in
3528 4837 3685 4900 merito

2206 4949 2459 5004 actuum
2486 4941 2912 5010 remissorum,
2954 4955 3143 5017 quam
3190 4938 3254 4998 in
3290 4937 3515 4998 meritis
3538 4929 3686 4992 morti·

2202 5035 2427 5110 ficatis,
2462 5041 2523 5095 et
2546 5033 2901 5106 vivificatis3
2928 5033 3075 5112 quia
3114 5033 3165 5092 si
3200 5032 3461 5092 durante
3484 5023 3685 5088 bacula

2202 5131 2393 5191 homo
2418 5146 2547 5188 non
2602 5145 2669 5188 se
2706 5126 3001 5206 disponit,
3034 5145 3161 5186 non
3190 5125 3406 5204 recipit
3432 5120 3562 5182 illud
3586 5133 3683 5190 aug-

2203 5229 2489 5284 mentum
2512 5221 2577 5281 in
2606 5222 2725 5281 hac
2766 5223 2925 5292 vita3
2969 5219 3321 5280 intermino
3350 5221 3543 5278 autem
3568 5210 3679 5272 vitm.
3763 5295 3764 5300 η

2204 5315 2457 5397 quando
2492 5315 2627 5393 jam
2670 5314 2879 5374 anima
2906 5331 3033 5372 non
3064 5311 3254 5372 estin
3300 5323 3560 5388 corpore,
3598 5314 3677 5360 1¹⁰¹]
3763 5305 3764 5370 l

2202 5413 2471 5489 augetur
2516 5407 2715 5487 gratia
2750 5412 2859 5468 aut
2888 5405 3179 5478 charitas,
3220 5403 3329 5465 sed
3352 5401 3531 5481 gloria
3554 5395 3679 5456 datur

553 5501 885 5576 Thnmam,
915 5501 1061 5563 licet
1090 5501 1505 5575 subobscure,
1537 5503 1874 5580 cajetanus
1901 5503 2006 5578 ibi,
2054 5503 2120 5563 in
2194 5503 2377 5582 juxta
2434 5519 2797 5562 mensuram
2843 5499 3179 5561 habitualis
3250 5493 3547 5558 charitatis
3583 5500 3677 5547 cnm

556 5593 878 5666 notatione
909 5595 1072 5657 circa
1115 5595 1290 5658 artie.
1323 5597 1397 5669 53
1439 5596 1796 5688 Capreolus,
1843 5595 2115 5667 distinct.

2202 5613 2328 5688 qua
2364 5596 2554 5662 homo
2580 5594 2930 5668 inveniturz
2962 5609 3113 5676 ergo
3158 5591 3313 5660 illud
3348 5587 3674 5676 augmentum
