3850 6225
519 388 598 447 ⁶24

518 513 590 556 re
629 513 743 555 sua
773 495 1140 557 auctoritate
1171 496 1535 569 videantur;
1589 518 1717 561 non
1767 504 1979 561 tamen
2020 498 2086 557 in

523 606 716 649 sensu
771 605 897 666 quo
927 589 1096 650 citati
1139 594 1428 651 auctores
1479 592 1845 672 loquuntur,
1877 590 2085 653 sedin

523 679 804 741 secundo
831 698 1024 741 sensu
1053 699 1092 741 a
1117 682 1300 743 nobis
1328 682 1668 746 declarato.
1696 686 1897 764 Negat
1917 685 2085 745 enim

521 774 743 835 Scotus
773 790 1028 834 causam
1055 774 1322 853 primam
1347 776 1583 855 aliquid
1624 778 1926 858 praevium
1976 778 2087 839 im·

525 866 802 945 primere
855 884 1058 928 causae
1113 869 1404 930 secundae
1457 888 1568 932 seu
1609 871 1938 945 voluntati,
1973 888 2089 950 per

522 959 783 1020 modum
827 978 1166 1021 concursus
1209 963 1542 1038 generalis,
1577 970 1646 1025 ut
1673 971 1822 1045 agat
1842 979 1964 1025 ‘seu
1982 982 2087 1024 ve·

523 1053 628 1125 lit;
663 1053 974 1115 affirmare
1001 1061 1215 1116 autem
1239 1056 1485 1119 videtur
1510 1059 1734 1134 Deum,
1764 1059 2085 1121 voluntate

526 1164 640 1207 sua
669 1146 928 1221 efficaci,
980 1148 1530 1227 proedeteminare
1575 1151 1834 1214 effectus
1863 1168 2088 1213 omnes

521 1240 859 1302 voluntatis
905 1246 966 1302 et
1009 1241 1273 1303 aliarum
1303 1262 1666 1317 causarum3
1717 1246 1947 1325 illaque
1972 1263 2089 1305 sua

523 1333 758 1394 efficaci
801 1335 1118 1408 mistione,
1165 1342 1228 1397 et
1284 1354 1656 1399 concurrere
1705 1358 1848 1401 cum
1897 1356 2087 1400 causa

525 1425 907 1500 secunda,'et
931 1428 1102 1489 illam
1127 1430 1462 1491 efficaciter
1488 1433 1877 1511 pertrahere,
1896 1437 1967 1494 ut
1994 1450 2089 1493 se-

525 1536 668 1579 cum
697 1528 1088 1599 cooperetur.
1123 1524 1296 1584 Hanc
1325 1529 1536 1585 autem
1561 1542 1700 1585 esse
1751 1526 2091 1588 scoti-scn-

525 1612 788 1673 tentiam
823 1632 900 1674 ex
924 1615 1112 1677 variis
1142 1618 1279 1695 ejus
1323 1617 1620 1677 doetrinae
1659 1619 1811 1679 locis
1845 1618 1935 1680 sic
1965 1619 2089 1679 col·

527 1704 676 1784 ligo.
715 1706 990 1767 Primum
1045 1710 1236 1783 enim,
1289 1710 1458 1789 quod
1487 1730 1678 1771 causa
1704 1712 1903 1791 prima
1934 1713 2089 1773 nihil

524 1798 839 1877 imprimat
863 1800 928 1861 in
953 1802 1317 1876 secundam,
1358 1803 1612 1882 quando
1641 1822 1786 1866 cum
1811 1805 1916 1866 illa
1945 1822 2090 1865 con-

526 1891 737 1966 currit,
789 1900 1002 1971 aperte
1037 1895 1220 1957 docet
1258 1896 1322 1955 in
1365 1898 1424 1969 4,
1470 1897 1611 1958 dist.
1655 1901 1712 1971 1,
1747 1904 1967 1977 quaest.
2024 1902 2084 1971 1,

527 1990 646 2045 art.
680 1986 789 2046 ult.
825 1987 1004 2049 Ponit
1028 1988 1196 2049 enim
1223 1988 1640 2052 differentiam
1666 1992 1830 2051 inter
1857 1992 2090 2052 instru-

529 2085 810 2139 mentum
853 2086 916 2141 et
965 2100 1221 2143 causam
1259 2083 1624 2157 secundam,
1668 2084 1838 2163 quod
1862 2084 2087 2145 instru-

529 2178 812 2233 mentum
847 2174 1046 2255 magis
1083 2176 1214 2253 agit
1243 2176 1308 2237 in
1335 2177 1560 2238 virtute
1589 2176 1864 2252 alteriuS‚
1897 2196 2087 2257 quam

531 2283 723 2325 causa
754 2268 1066 2340 secunda;
1117 2269 1262 2346 quia
1307 2269 1449 2348 plus
1487 2271 1736 2350 (inquit)
1774 2270 2090 2351 dependet

527 2360 609 2419 ab
625 2366 851 2439 agente
877 2362 1204 2439 superiori,
1223 2362 1377 2424 illud
1403 2364 1574 2443 quod
1592 2382 1723 2425 non
1751 2364 1943 2425 habet
1968 2364 2091 2425 for-

529 2468 696 2511 mam
721 2452 986 2515 activam
1012 2455 1080 2515 in
1113 2474 1250 2516 esse
1291 2457 1520 2536 quicto,
1569 2456 1680 2517 sed
1703 2460 1953 2517 tantum
1994 2475 2092 2519 re-

529 2546 678 2623 cipit
704 2545 767 2606 in
793 2548 1020 2609 actuali
1049 2550 1342 2623 motione,
1378 2568 1570 2629 quam
1597 2550 1752 2611 illud
1779 2550 1952 2630 quod
1979 2550 2091 2611 ha-

529 2638 635 2700 het
662 2638 932 2701 formam
954 2642 1220 2703 activam
1245 2642 1310 2703 in
1333 2660 1472 2704 esse
1502 2644 1748 2722 quieto:
1784 2650 1846 2704 et
1877 2643 2092 2722 hujus-

531 2731 703 2793 modi
731 2733 878 2795 dicit
907 2752 1044 2795 esse
1073 2753 1330 2797 causam
1378 2736 1742 2809 secundam,
1785 2754 1926 2817 quae
1962 2755 2095 2798 non

533 2827 664 2905 agit
689 2828 756 2886 in
773 2827 998 2889 virtute
1029 2830 1308 2905 alterius,
1329 2831 1476 2911 quia
1505 2838 1654 2892 tunc
1679 2830 1914 2911 aliquid
1942 2830 2095 2891 reci·

531 2920 662 2998 piat
686 2918 768 2980 ab
785 2920 914 2991 illc,
935 2921 1047 2983 scd
1075 2923 1278 2984 solum
1309 2925 1452 3003 quia
1479 2924 1672 2985 habet
1702 2924 1985 2986 ordinem
2004 2924 2095 2983 in·

529 3011 774 3073 ferioris
799 3012 878 3074 ad
906 3014 1082 3088 illud,
1107 3016 1250 3077 licet
1269 3017 1332 3077 in
1361 3035 1475 3078 suo
1504 3018 1722 3079 ordine
1743 3017 1927 3078 simul
1950 3034 2094 3077 cum

528 3106 636 3168 illo
667 3117 1018 3172 concurrat.
1067 3113 1156 3172 Ac
1188 3111 1444 3174 tandem
1480 3116 1566 3174 ita
1591 3113 1941 3175 concludit:
1983 3111 2095 3176 ΕΦ

532 3201 628 3264 his
637 3206 812 3282 patet
840 3205 1000 3283 quod
1032 3221 1231 3268 eausoe
1249 3205 1470 3287 prima·
1498 3206 1566 3268 in
1603 3223 1850 3270 causam
1885 3223 2093 3270 seeun-

530 3295 670 3358 dum
687 3296 938 3376 proprie
965 3298 1211 3371 dicem,
1241 3299 1478 3378 quando
1502 3299 1690 3361 simul
1717 3303 1929 3378 ayunt,
1970 3315 2091 3361 non

528 3393 620 3450 est
643 3387 972 3466 influentia
997 3407 1168 3464 nova,
1197 3407 1330 3471 φια-
1356 3391 1445 3455 sit
1463 3391 1688 3454 creatio
1707 3391 1979 3471 alieujws
1996 3389 2093 3454 in·

533 3479 820 3544 ltoerentis
849 3499 1052 3546 cause
1085 3484 1378 3558 secuudoe,
1413 3485 1520 3547 sed
1541 3485 1870 3563 influentia
1887 3485 1977 3548 ibi
2003 3489 2097 3548 eet

529 3575 961 3639 determinatus
979 3577 1120 3639 ordo
1137 3577 1404 3639 istarum
1427 3594 1754 3642 eumenem
1773 3577 1843 3638 in
1867 3578 2093 3660 ayendo

523 3668 800 3747 effectum
829 3686 1212 3732 communem.
1257 3671 1333 3731 Et
1359 3669 1426 3731 in
1458 3673 1520 3744 4,
1552 3670 1694 3732 dist.
1726 3671 1830 3743 49,
1863 3689 1927 3749 q.
1962 3671 2023 3743 6,
2056 3669 2095 3750 ξ

525 3759 678 3824 Dico
692 3777 851 3842 eryo,
877 3761 1096 3823 versic.
1128 3761 1232 3825 Ad
1245 3765 1648 3844 propositum,
1675 3763 1826 3824 dicit
1845 3762 2094 3824 liberta-

521 3857 652 3913 tem
681 3854 1014 3916 voluntatis
1039 3854 1192 3928 tolli,
1225 3855 1382 3916 siah
1401 3855 1614 3935 aliquo
1645 3855 1865 3918 habitu
1893 3855 2095 3917 inhae-

524 3952 702 4007 rente
732 3948 1316 4025 praedeterminetur
1339 3949 1420 4010 ad
1449 3967 1665 4010 unum.
1692 3948 1957 4011 Nomine
1984 3969 2093 4010 au-

521 4043 652 4098 tem
693 4041 944 4103 habitus
970 4041 1218 4104 videtur
1244 4043 1592 4122 intelligere
1621 4061 2094 4122 quamcumque

521 4151 656 4194 rem
671 4134 1084 4198 inhaerentem
1103 4137 1429 4220 voluntati,
1449 4153 1596 4196 nam
1617 4154 1840 4198 revera
1863 4136 1944 4198 de
1966 4153 2095 4198 om-

521 4226 708 4287 nibus
738 4233 832 4288 est
856 4229 1078 4291 eadem
1105 4229 1300 4302 ratio;
1335 4229 1449 4290 sed
1475 4229 1560 4290 ita
1591 4228 1750 4291 forte
1791 4229 2088 4310 loquitur,

521 4320 666 4398 quia
695 4325 919 4400 praeter
945 4328 1122 4384 actus
1151 4341 1280 4384 non
1303 4324 1585 4400 agnoscit
1613 4340 1750 4384 rem
1779 4322 1971 4384 aliam
1994 4323 2092 4384 in-

523 4414 866 4476 hoerentem
893 4415 1220 4490 voluntati,
1243 4416 1359 4478 nisi
1388 4417 1662 4478 habitus.
1699 4417 2093 4478 Determina-

521 4507 758 4568 tionem
807 4515 1019 4570 autem
1071 4509 1264 4570 solius
1307 4509 1646 4572 voluntatis
1697 4510 1807 4571 Dei
1831 4511 1921 4572 ait
1962 4529 2091 4571 non

520 4600 739 4662 tollere
789 4600 1162 4664 libertatem.
1207 4602 1418 4674 Qualis
1459 4609 1672 4664 autem
1703 4603 1782 4663 sit
1818 4603 1951 4664 haec
1981 4602 2094 4664 de-
2134 4595 2139 4602 ’

516 4694 870 4756 terminatio
921 4713 1130 4756 causoe
1167 4695 1460 4757 secundae
1498 4714 1618 4775 per
1671 4695 1952 4757 divinam
1980 4715 2093 4757 vo-

517 4787 848 4861 luntatem,
869 4807 1001 4850 non
1023 4788 1174 4849 satis
1206 4788 1484 4850 declarat
1511 4789 1757 4860 Scotus,
1775 4807 1926 4850 nam
1954 4789 2094 4868 qui·

519 4879 783 4940 busdam
814 4879 966 4942 locis
997 4881 1080 4960 (1,
1100 4881 1371 4942 distinct.
1403 4883 1504 4954 39,
1529 4881 1566 4962 ξ
1593 4883 1684 4946 De
1705 4882 1828 4944 tiso
1859 4881 2093 4946 contiu-

517 4975 741 5051 qmtia,
779 4978 841 5035 et
871 4975 1014 5036 dist.
1046 4977 1148 5047 41,
1177 4975 1216 5055 ξ
1259 4975 1388 5038 Sed
1423 4981 1656 5049 eontra,
1683 4981 1768 5047 et,
1803 4975 2083 5054 quodlib.

519 5069 619 5138 14,
651 5067 740 5129 lit.
773 5068 816 5129 S
846 5073 909 5128 et
933 5069 1030 5148 T),
1057 5068 1366 5150 significat
1393 5086 1533 5130 esse
1563 5087 1678 5149 per
1699 5069 2087 5130 voluntatem

516 5159 628 5220 Dei
653 5160 1004 5222 absolutam
1033 5179 1110 5223 ac
1131 5161 1786 5241 praedeteminantem
1805 5162 2081 5224 secundo

513 5252 703 5314 modo
757 5271 794 5314 a
855 5253 1039 5315 nobis
1089 5255 1403 5332 exposito;
1455 5254 1603 5316 dicit
1660 5254 1830 5315 enim
1883 5271 2077 5334 saepe,

514 5347 735 5417 Deum,
773 5349 918 5409 ante
959 5347 1412 5425 proescientiam
1441 5346 1793 5408 futurorum
1845 5347 2083 5408 contin·

513 5439 816 5517 gentium,
851 5457 964 5500 sua
993 5439 1230 5502 efficaci
1258 5441 1578 5502 voluntate
1619 5441 1832 5502 omnia
1861 5447 1926 5502 et
1952 5441 2081 5502 sin-

513 5531 661 5611 gula
685 5529 1141 5612 praedefinisse3
1173 5538 1237 5595 et
1257 5532 1324 5594 in
1344 5533 1463 5594 hac
1498 5533 1818 5596 voluntate
1845 5551 1920 5594 ea
1948 5550 2081 5596 om·

1263 396 1472 450 CPUSC.
1508 398 1547 459 1,
1585 398 1698 451 Lm.
1737 399 1774 450 1.
1811 398 1892 450 DE
1927 396 2247 449 CONCL'RSU
2282 397 2383 449 um
2417 396 2540 449 CUM
2574 397 2966 451 VOLUNTATE.

2167 498 2270 557 nia
2296 498 2585 578 praescire
2626 515 2767 577 quae
2796 498 3004 559 futura
3035 500 3202 570 sunt,
3248 500 3556 575 quatenus
3610 496 3725 557 scit

2168 609 2246 651 ex
2270 590 2330 652 vi
2366 592 2530 653 illius
2581 591 2917 653 voluntatis
2958 608 3027 651 se
3056 590 3139 651 ad
3178 607 3399 651 omnes
3446 588 3583 649 illos
3637 588 3727 649 ef-

2165 683 2364 745 fectus
2416 702 2889 757 concursurum,
2934 690 2999 747 et
3048 687 3506 761 consequenter
3535 682 3725 741 etiam

2166 795 2613 839 concursuram
2668 796 2923 839 causam
2978 777 3347 849 secundam,
3380 776 3515 836 sine
3542 776 3723 855 cujus

2167 890 2477 939 concursu
2502 890 2631 933 non
2659 877 2865 951 potest
2892 870 2995 933 ille
3023 871 3131 932 Dei
3162 887 3507 932 concursus
3534 868 3718 948 poni;

2166 964 2314 1043 quia
2340 964 2475 1044 ipse
2499 983 2629 1025 non
2672 964 2805 1025 sola
2836 983 2951 1025 sua
2976 964 3057 1037 vi,
3088 963 3201 1025 sed
3224 980 3369 1025 cum
3408 980 3599 1023 causa
3628 979 3727 1020 se-

2167 1057 2373 1119 cunda
2400 1058 2693 1120 effectum
2728 1057 2937 1120 facere
2978 1055 3288 1129 decrevit3
3330 1055 3501 1136 quod
3530 1054 3727 1114 maxi-

2166 1168 2269 1211 me
2308 1150 2493 1213 docet
2520 1150 2599 1212 de
2630 1151 2870 1212 actibus
2896 1150 3123 1211 nostris
3158 1148 3393 1223 liberie,
3426 1147 3617 1211 etiam
3650 1148 3727 1207 de

2166 1244 2647 1323 peccaminosiS‚
2682 1244 2896 1323 quoad
2929 1242 3343 1305 substantiam
3382 1258 3628 1313 eorum,
3664 1246 3732 1300 ut

2168 1342 2341 1415 patet
2390 1355 2468 1397 ex
2520 1336 2641 1411 hie,
2701 1354 2842 1415 quae
2890 1336 3077 1397 tradit
3123 1336 3187 1396 in
3244 1340 3303 1409 1,
3350 1335 3493 1397 dist.
3533 1338 3640 1407 41,
3692 1334 3727 1412 ἓ

2168 1428 2453 1494 Primum
2480 1432 2762 1505 istorum,
2803 1437 2863 1492 et
2901 1430 3043 1493 dist.
3076 1432 3179 1503 47,
3211 1430 3277 1491 in
3312 1429 3459 1491 fine.
3490 1430 3730 1489 Rursus

2170 1522 2307 1585 aliis
2331 1524 2394 1584 in
2423 1523 2575 1585 locis
2601 1523 2783 1585 docet
2810 1523 3031 1586 Scotus
3076 1524 3163 1601 (in
3189 1526 3250 1595 1,
3286 1521 3349 1584 d.
3384 1526 3443 1589 1.
3475 1540 3537 1600 q.
3578 1526 3637 1593 1,
3666 1520 3728 1581 d.

2170 1618 2231 1693 8,
2265 1634 2328 1695 q.
2354 1620 2417 1687 9,
2448 1617 2511 1678 d.
2548 1619 2647 1691 38,
2676 1636 2739 1695 q.
2788 1620 2847 1689 3,
2881 1616 2945 1677 d.
2992 1618 3092 1688 39,
3124 1616 3163 1695 g
3193 1615 3519 1689 Quantum,
3550 1614 3639 1707 ad
3678 1620 3731 1687 1,

2168 1708 2235 1769 in
2264 1712 2325 1781 2,
2368 1710 2429 1770 d.
2488 1712 2547 1783 1,
2586 1728 2647 1789 q.
2674 1706 2750 1789 3),
2787 1708 2957 1788 quod
2994 1708 3043 1768 si
3068 1710 3235 1769 Deus
3264 1726 3341 1767 ex
3384 1707 3733 1768 necessita-

2168 1806 2230 1865 te
2260 1810 2495 1864 naturae
2522 1806 2761 1881 ageret,
2792 1802 3035 1863 tolleret
3062 1819 3315 1863 omnem
3361 1801 3735 1879 contingen-

2168 1898 2320 1961 tiam
2368 1914 2697 1960 causarum
2728 1896 3171 1969 secundarum,
3214 1914 3292 1957 ex
3314 1896 3374 1955 vi
3404 1896 3567 1955 illius
3604 1912 3733 1955 mo·

2120 2044 2137 2065 ,
2166 1992 2354 2053 tionis
2386 2008 2511 2071 qua
2536 2008 2705 2051 nunc
2732 2008 2875 2051 cum
2906 1989 3025 2051 illis
3052 1989 3385 2051 concurrit.
3440 1990 3515 2050 Et
3539 1990 3733 2051 utitur

2169 2086 2273 2145 illo
2304 2084 2629 2165 principio,
2662 2085 2807 2164 quia
2832 2102 3023 2146 causa
3050 2084 3328 2146 secunda
3358 2102 3483 2144 non
3521 2090 3733 2144 movet

2170 2180 2287 2239 nisi
2334 2185 2501 2239 mota
2551 2197 2589 2239 a
2617 2179 2855 2258 prima;
2888 2177 3059 2239 unde
3100 2178 3151 2239 si
3189 2176 3393 2258 prima
3420 2194 3615 2238 causa
3660 2196 3733 2237 ex

2170 2272 2541 2333 necessitate
2570 2278 2805 2351 ageret,
2828 2278 3109 2333 moveret
3130 2270 3487 2332 necessario
3508 2288 3732 2331 secun·

2172 2365 2351 2437 dam;
2402 2366 2570 2427 unde
2622 2370 2685 2426 et
2718 2365 2852 2427 haec
2896 2366 3255 2426 necessario
3282 2371 3647 2427 moveretur
3672 2370 3733 2425 et

2172 2461 2419 2538 ageret;
2460 2459 2648 2520 sentit
2674 2474 2827 2537 ergo
2862 2458 3087 2519 Scotus
3140 2458 3365 2530 Deum,
3406 2458 3730 2519 voluntate

2172 2570 2287 2613 sua
2306 2551 2917 2631 proedeterminante,
2942 2568 3194 2612 movere
3224 2556 3287 2612 et
3310 2550 3733 2613 determinare

2170 2662 2427 2705 causam
2470 2644 2813 2705 secundam
2864 2644 2947 2705 ad
2994 2643 3334 2721 agendum.
3390 2646 3599 2723 Atque
3652 2646 3735 2705 ita

2172 2737 2617 2815 interpretatur
2644 2738 2921 2812 Scotum,
2954 2754 3225 2816 eumque
3278 2738 3563 2817 sequitur
3588 2738 3737 2799 Bas-

2176 2831 2344 2903 solis‚
2378 2830 2441 2890 in
2472 2833 2532 2904 1,
2567 2830 2629 2891 d.
2664 2832 2765 2903 38,
2818 2835 2934 2891 art.
2966 2831 3029 2904 2,
3073 2830 3137 2891 d.
3172 2831 3273 2903 39,
3306 2836 3425 2891 art.
3468 2832 3531 2903 2,
3562 2849 3734 2892 vers.

2174 2924 2325 2987 Dico
2358 2924 2573 3005 igitur.
2605 2922 2845 2985 Iudicat
2872 2924 3063 2985 etiam
3106 2922 3400 2996 Mairon.,
3426 2926 3485 2997 1,
3524 2923 3591 2983 d.
3638 2926 3734 2997 38,

2178 3034 2239 3095 q.
2278 3019 2333 3089 1,
2368 3024 2484 3078 art.
2536 3018 2599 3091 4,
2650 3022 2713 3078 et
2740 3034 2803 3095 q.
2836 3018 2895 3078 3.
2924 3018 3004 3077 At
3034 3034 3183 3077 vero
3224 3015 3361 3077 aliis
3387 3014 3538 3077 locis
3566 3016 3739 3077 idem

2175 3110 2397 3172 Scotus
2443 3110 2653 3190 aliqua
2682 3109 2887 3184 docet,
2920 3110 3148 3190 quibus
3174 3108 3406 3172 indicat
3434 3110 3600 3171 hanc
3630 3110 3741 3172 de-

2171 3205 2676 3266 terminationem
2732 3205 2845 3265 Dei
2887 3223 3017 3266 non
3068 3223 3209 3266 esse
3260 3203 3741 3288 antecedentem

2171 3295 2283 3357 sed
2312 3297 2865 3372 concomitantem;
2898 3305 2959 3358 et
2980 3297 3123 3359 ideo
3152 3315 3283 3359 non
3315 3297 3739 3378 praedetermi-

2172 3389 2518 3463 nationem,
2565 3390 2679 3452 sed
2728 3391 3321 3452 determinationem
3360 3409 3499 3452 eam
3530 3397 3735 3454 vocat.

2172 3481 2353 3546 Unde
2406 3483 2471 3544 in
2501 3485 2569 3557 2,
2609 3484 2673 3545 d.
2720 3485 2819 3558 37,
2860 3483 2899 3564 ἑ
2939 3482 3043 3548 Aa
3070 3483 3425 3548 solutionem
3450 3485 3737 3557 istorum,

2173 3583 2365 3656 negat
2398 3594 2653 3638 causam
2688 3578 2963 3658 primam
3000 3578 3177 3659 prius
3204 3581 3431 3639 natura
3454 3577 3521 3637 in
3548 3577 3743 3638 effec-

2172 3671 2308 3729 tum
2338 3669 2624 3744 influere,
2664 3687 2857 3750 quam
2898 3671 3263 3744 secundam,
3294 3671 3413 3731 nisi
3440 3687 3515 3732 eo
3544 3687 3741 3732 sensu

2175 3779 2300 3841 quo
2337 3761 2422 3834 id,
2456 3764 2628 3842 quod
2680 3771 2775 3827 est
2814 3764 3170 3844 perfectius,
3226 3763 3451 3827 dicitur
3509 3771 3741 3826 natura

2173 3857 2367 3936 priuS.
2404 3857 2479 3917 Et
2508 3856 2741 3918 ibidem
2772 3859 2879 3932 ait,
2901 3875 3149 3922 causam
3176 3857 3501 3922 secumdam
3526 3857 3744 3921 habere

2173 3949 2243 4012 in
2266 3953 2566 4030 potestate
2592 3967 2711 4013 swa
2744 3967 3108 4014 concausam
3140 3955 3201 4013 et
3230 3965 3351 4012 m
3378 3967 3743 4014 concausare

2176 4061 2374 4106 eausa·
2392 4043 2652 4124 prima-,-
2682 4047 2741 4106 et
2776 4045 2835 4106 εἰ
2860 4061 2983 4104 non
3012 4047 3334 4106 concaua
3358 4047 3431 4106 ut
3474 4048 3737 4116 tenetur,

2172 4134 2309 4198 inde
2324 4137 2463 4215 fieri
2483 4141 2555 4200 ut
2574 4153 2694 4198 non
2714 4137 2802 4200 sit
2817 4137 3113 4200 rectitudo
3136 4136 3205 4196 in
3229 4137 3443 4215 effectu
3476 4153 3741 4198 eommu-

2174 4229 2243 4290 πὶ
2264 4229 2590 4292 ambonem.
2620 4231 2693 4290 In
2726 4228 2821 4289 his
2844 4245 2996 4308 ergo
3030 4227 3237 4289 verbis
3274 4226 3583 4308 significat
3622 4227 3743 4287 Dei

2174 4339 2547 4384 concursum
2568 4339 2645 4384 ex
2672 4339 2737 4384 se
2763 4321 3223 4384 indifferentem
3248 4337 3413 4394 esse,
3440 4320 3745 4381 determi-

2171 4415 2306 4476 nari
2338 4421 2551 4476 autem
2579 4434 2617 4476 a
2656 4433 2849 4476 causa
2890 4415 3192 4487 secunda,
3228 4431 3371 4493 quae
3408 4431 3537 4474 non
3574 4431 3743 4491 prae-

2172 4507 2629 4570 determinatur
2674 4527 2713 4570 a
2754 4509 3073 4570 voluntate
3114 4508 3227 4568 Dei
3270 4505 3352 4568 ad
3391 4505 3737 4588 agendum,

2174 4600 2285 4663 sed
2324 4601 2639 4686 integrum
2674 4601 2761 4662 illi
2790 4607 2885 4662 est
2934 4601 3257 4681 cooperari
3284 4599 3385 4660 vel
3432 4617 3561 4660 non
3590 4615 3743 4658 coo-

2171 4693 2377 4772 perari
2407 4695 2563 4767 Deo,
2596 4695 2648 4755 si
2676 4693 2907 4773 alioqui
2944 4693 3080 4774 ipsa
3122 4699 3219 4754 est
3258 4693 3479 4754 libera.
3535 4691 3743 4753 Sentit

2172 4803 2323 4866 ergo
2350 4789 2553 4848 Deum
2580 4806 2709 4848 non
2751 4787 3169 4849 determinare
3198 4786 3393 4858 illam,
3424 4783 3545 4845 nisi
3584 4802 3741 4846 con-

2172 4879 2541 4941 comitanter
2568 4881 2999 4943 concurrendo
3028 4898 3169 4942 cum
3198 4879 3337 4952 illa;
3370 4877 3545 4941 etita
3584 4895 3739 4938 eum

2172 4973 2425 5052 exponit
2478 4975 2811 5053 Lychetus,
2864 4975 2931 5036 in
2975 4978 3034 5048 1,
3074 4973 3219 5036 dist.
3278 4975 3379 5047 37,
3414 4971 3571 5034 etin
3609 4971 3738 5032 hoc

2168 5066 2356 5128 etiam
2372 5067 2631 5129 inclinat
2655 5067 3021 5144 Maii-onim,
3046 5067 3109 5128 in
3130 5067 3191 5139 2,
3209 5065 3351 5126 dist.
3376 5067 3479 5138 43,
3504 5070 3732 5144 quaest.

2164 5160 2227 5232 4,
2256 5177 2454 5239 agens
2478 5159 2557 5222 de
2584 5179 2895 5223 concursu
2926 5159 3037 5223 Dei
3076 5160 3155 5222 ad
3202 5164 3413 5220 actum
3460 5158 3731 5237 peccati.

2162 5253 2239 5313 Et
2271 5252 2535 5316 fortasse
2590 5254 2814 5316 eodem
2868 5253 3056 5314 modo
3098 5252 3325 5332 exponi
3368 5256 3581 5331 posset
3626 5251 3731 5312 Ri-

2162 5346 2409 5420 chard.,
2434 5347 2501 5410 in
2526 5352 2584 5421 1,
2616 5347 2760 5410 dist.
2788 5347 2890 5421 38,
2909 5365 2971 5428 q.
3002 5349 3064 5421 3,
3090 5345 3243 5410 dum
3272 5346 3359 5408 ait
3384 5347 3585 5408 Deum
3626 5345 3729 5406 fu-

2160 5448 2301 5502 tura
2329 5439 2751 5520 contingentia
2780 5457 3161 5520 cognoscere
3187 5439 3249 5499 in
3284 5457 3415 5500 suae
3442 5438 3732 5500 volunta·

2158 5534 2239 5596 tis
2265 5533 2807 5598 determinatione.
2833 5535 3129 5608 Quamvis
3146 5533 3239 5614 (ut
3264 5549 3485 5596 verum
3501 5531 3729 5612 fatear)
