3850 6225
593 411 763 465 SEC'I'.
799 412 837 465 1.
874 410 1053 467 sl‘rNE
1086 413 1147 465 m
1182 412 1303 466 DEO
1336 413 1502 466 VERA
1534 412 1830 475 Jusrrrm,
1866 412 1986 465 PER
2017 412 2191 477 QUAu
2223 413 2342 466 PRO
2373 414 2638 477 ussnl'rls,
2674 412 2809 467 mc.

66 513 143 569 ut
172 516 511 573 ostensum
548 516 671 582 est,
703 511 783 575 sit
818 512 1183 573 attributum
1225 511 1581 575 distinctum
1610 531 1649 573 a

64 603 389 667 fidelitate
432 611 494 667 et
532 605 700 679 aliis,
748 606 899 685 quin
940 606 1287 667 secundum
1326 608 1649 687 proprium

67 704 461 779 conceptum
486 698 720 761 habeat
751 699 1023 779 aliquam
1066 700 1425 781 specificam
1458 702 1650 763 ratio-

67 809 227 851 nem
252 791 537 871 justitiae.

151 887 266 946 25.
304 884 487 947 Alius
508 904 723 950 sensus
753 886 929 951 illiue
958 888 1363 968 responsionis
1388 888 1649 969 explica-

71 982 203 1039 tur.
231 1010 325 1025 --
349 978 541 1043 Nota.
569 1010 649 1027 —-
676 981 753 1041 Et
798 984 893 1043 est
930 980 1185 1059 quidem
1225 980 1347 1043 hoc
1394 982 1649 1043 evidens

66 1070 407 1150 loquendo
428 1072 509 1133 de
536 1072 639 1133 illa
660 1072 923 1151 justitia,
948 1078 1259 1153 quatenus
1279 1074 1414 1155 jem
1440 1074 1650 1137 conci-

68 1166 249 1245 pitur
280 1184 425 1228 esse
450 1166 705 1245 propria
722 1166 985 1246 justitia,
1014 1168 1111 1229 vel
1130 1168 1453 1247 proprium
1483 1168 1653 1229 attri-

68 1260 309 1321 butum
346 1260 499 1332 Dei3
548 1259 954 1323 nihilominus
991 1265 1209 1323 tamen
1240 1262 1421 1325 aliter
1464 1262 1653 1324 inter-

68 1353 393 1432 pretando
440 1353 621 1414 illum
674 1371 931 1415 sensum
962 1397 979 1427 ,
1025 1359 1229 1433 potest
1280 1354 1649 1415 nonnullam

70 1447 591 1526 probabilitatem
625 1453 687 1508 et
710 1447 1195 1509 controversiam
1216 1436 1477 1523 habere,
1506 1465 1646 1528 quie

70 1560 245 1603 nunc
294 1540 477 1603 nobis
504 1539 825 1602 tractanda
856 1547 1161 1621 superest.
1206 1542 1313 1603 Est
1338 1543 1509 1607 enim
1538 1542 1650 1604 ad·-

68 1634 457 1697 vertendum
497 1634 911 1714 perfectiones
954 1634 1335 1713 simpliciter,
1373 1653 1529 1714 quas
1570 1654 1649 1697 ex

71 1728 395 1791 creaturis
422 1728 502 1789 ad
530 1729 731 1789 Deum
760 1727 848 1788 ita
888 1727 1341 1802 transferimus,
1368 1734 1438 1789 ut
1479 1729 1541 1789 in
1570 1746 1647 1789 eo

70 1822 431 1884 formaliter
450 1827 513 1884 et
530 1822 779 1902 proprie
804 1840 943 1885 esse
964 1822 1411 1902 intelligantur,
1436 1830 1651 1903 quate-

70 1936 193 1977 nus
226 1916 305 1975 in
330 1918 463 1977 Deo
488 1922 649 1991 sunt,
684 1934 904 1977 omnes
944 1932 1081 1977 esse
1112 1916 1433 1997 specificas
1460 1923 1524 1979 et
1546 1915 1651 1979 de-

70 2008 453 2071 terminatas
479 2008 561 2069 ad
584 2008 1170 2071 excellentissimum
1194 2010 1461 2089 gradum
1484 2010 1651 2071 illius

69 2102 509 2181 perfectionis,
566 2108 635 2163 ut
684 2101 1005 2165 discursus
1048 2094 1253 2165 factus
1292 2104 1539 2184 probat,
1588 2109 1651 2165 et

70 2194 448 2256 inductione
490 2196 639 2257 satis
676 2199 963 2258 constare
1004 2202 1230 2276 potest.
1264 2198 1343 2259 At
1368 2214 1539 2270 vero,
1580 2202 1653 2257 ut

70 2290 235 2349 tales
270 2286 693 2366 perfectiones
726 2294 869 2350 sunt
899 2289 963 2349 in
1002 2289 1327 2363 creaturis,
1358 2290 1651 2369 quaedam

74 2381 523 2461 intelliguntur
560 2386 805 2443 tantum
848 2399 987 2443 esse
1028 2382 1378 2445 secundum
1410 2382 1651 2464 generi·

76 2494 181 2535 cas
224 2475 537 2548 rationes,
586 2480 657 2535 ut
698 2480 797 2537 est
844 2476 1003 2537 ratio
1054 2476 1435 2550 substantiae,
1490 2476 1649 2539 ratio

78 2570 365 2649 spiritus,
396 2568 767 2642 intellectae,
798 2574 863 2631 et
905 2570 1171 2644 similes;
1214 2571 1351 2632 aliae
1379 2589 1529 2632 vero
1556 2570 1652 2631 di-

79 2668 319 2723 cuntur
345 2680 483 2723 esse
520 2662 587 2723 in
623 2664 757 2723 Deo
799 2662 988 2725 etiam
1018 2664 1365 2727 secundum
1406 2663 1651 2742 specifi-

79 2774 181 2816 cas
210 2754 523 2828 rationes„
554 2773 713 2833 quas
738 2755 976 2818 habent
1009 2757 1077 2817 in
1115 2757 1437 2833 creaturis,
1468 2757 1655 2817 nimi-

78 2866 219 2909 rum
279 2846 491 2927 quoad
540 2848 827 2934 feu-maiia
884 2849 1129 2929 objecta
1156 2896 1173 2923 ,
1226 2856 1297 2913 ut
1356 2857 1450 2913 est
1492 2850 1652 2913 ratio

78 2941 530 3003 misericordiae
566 2941 761 3019 (verbi
802 2944 1027 3022 gratia)
1068 2942 1168 3005 vel
1214 2945 1483 3019 amoris3
1536 2943 1655 3005 dif-

78 3034 253 3097 ferre
284 3040 523 3109 autem,
556 3037 702 3116 quia
730 3036 797 3097 in
819 3037 953 3098 Deo
986 3044 1133 3099 sunt
1158 3037 1549 3099 eminentiori
1590 3044 1655 3099 et

78 3130 451 3210 simpliciori
476 3131 687 3192 modo.
732 3129 827 3192 Ad
848 3131 1017 3194 hunc
1048 3151 1199 3212 ergo
1238 3149 1491 3194 sensum
1530 3131 1653 3192 dici

79 3228 317 3302 potest,
348 3223 659 3284 rationem
694 3224 951 3304 justitiis
990 3225 1243 3305 proprie
1277 3230 1341 3288 et
1379 3224 1651 3286 formali-

82 3325 173 3380 ter
194 3319 529 3380 transferri
556 3319 621 3380 in
650 3321 873 3394 Deum,
916 3331 1031 3382 seu
1072 3320 1165 3381 illi
1194 3320 1382 3382 tribui
1428 3338 1651 3382 secun-

80 3413 237 3474 dum
278 3411 643 3490 genericam
674 3418 921 3475 tantum
958 3414 1269 3476 rationem
1292 3413 1547 3493 justitiae
1586 3413 1651 3472 in

78 3504 395 3568 creaturis
424 3505 775 3578 inventam,
816 3507 1103 3585 quamvis
1140 3507 1205 3567 in
1244 3509 1375 3568 Deo
1422 3506 1653 3567 habeat

80 3617 267 3660 suam
298 3599 619 3678 propriam
640 3599 951 3663 rationem
972 3599 1330 3678 specificam
1350 3600 1537 3678 longe
1560 3600 1651 3660 al-

76 3693 257 3753 tioris
300 3691 586 3767 rationis,
618 3691 983 3772 nullamque
1013 3693 1509 3754 convenientiam
1536 3694 1652 3754 ha-

70 3787 337 3848 bentem
362 3804 507 3848 cum
532 3787 907 3866 specialibus
920 3787 1175 3868 justitiis
1195 3789 1263 3848 in
1290 3788 1649 3849 hominibus

70 3879 373 3942 inventis.
400 3880 515 3942 Hic
534 3884 745 3942 antem
764 3897 1012 3954 sensns,
1037 3881 1165 3942 sive
1186 3898 1371 3942 verus
1391 3881 1491 3954 sit,
1516 3882 1647 3942 sive

70 3973 293 4046 falsus,
328 3991 459 4034 non
494 3979 589 4034 est
616 3979 835 4034 contra
862 3993 939 4036 ea
968 3991 1111 4054 qnae
1154 3976 1457 4036 hactenus
1490 3975 1647 4036 dixi-

70 4086 239 4138 ῐῑιιιε,
272 4066 447 4145 quia,
470 4084 549 4126 ex
566 4066 929 4129 definitione
948 4067 1203 4148 petitia
1231 4085 1423 4148 quam
1446 4067 1647 4130 addu-

71 4162 307 4233 ximus,
334 4165 397 4220 et
414 4177 493 4220 ex
514 4163 645 4221 toto
658 4159 942 4223 discursu
966 4163 1031 4222 in
1062 4161 1165 4222 illa
1184 4161 1469 4235 fundato,
1492 4161 1647 4222 nihil

73 4253 247 4315 aliud
272 4253 783 4333 probaturquam
804 4255 1111 4316 rationem
1122 4253 1453 4316 formalem
1472 4254 1651 4334 justi-

73 4348 195 4420 tiae,
238 4352 315 4408 ut
344 4346 453 4418 sic,
486 4345 552 4407 in
584 4347 719 4407 Deo
758 4347 1103 4410 formaliter
1142 4347 1438 4427 reperiri;
1480 4346 1647 4408 addo

70 4459 227 4500 vero
267 4439 745 4519 intelligendum
784 4457 921 4502 esse
960 4441 1041 4502 de
1080 4441 1371 4521 generice
1404 4440 1647 4502 ratione

65 4533 351 4613 justitiae,
382 4549 513 4593 non
538 4538 783 4594 tantum
810 4540 881 4595 ut
910 4533 1313 4614 distinguitur
1340 4551 1377 4594 a
1408 4533 1649 4594 fortitu-

71 4626 223 4686 dine
247 4631 313 4686 et
335 4626 773 4705 temperantia,
792 4631 857 4688 et
874 4627 1225 4688 communis
1246 4631 1343 4687 est
1356 4625 1647 4686 omnibus

70 4719 431 4792 virtutibus,
464 4737 605 4797 quai
628 4719 841 4798 aliquo
866 4721 1057 4780 modo
1084 4719 1167 4780 ad
1190 4703 1457 4780 alterum
1484 4719 1647 4780 ordi-

70 4821 335 4885 nantur,
356 4817 421 4874 et
438 4811 728 4874 dieantur
747 4817 959 4892 partes
976 4813 1346 4892 potentiales
1352 4811 1607 4891 justitioe
1622 4831 1639 4884 ;

70 4907 189 4968 sed
256 4906 449 4968 etiam
510 4905 857 4968 secundum
920 4907 1278 4986 gener-icam
1338 4905 1645 4966 rationem

64 4999 329 5080 justitioe
357 5001 607 5079 proprie
634 5000 843 5073 dictae,
888 5005 953 5062 et
978 4999 1403 5062 condistinctoe
1440 4999 1523 5060 ab
1548 4998 1647 5058 his

72 5093 367 5172 partibus
391 5092 851 5171 potentialibus.
886 5094 1045 5156 Nam
1086 5099 1409 5154 ostensum
1446 5098 1541 5154 est
1582 5091 1647 5152 in

72 5189 209 5248 Deo
254 5203 397 5246 esse
424 5186 738 5265 peculiare
761 5187 1121 5250 attriBatum
1146 5185 1399 5267 justitie
1430 5203 1467 5246 a
1490 5181 1649 5244 fide-

73 5280 251 5341 litate
276 5278 667 5352 distinetum;
706 5297 857 5360 ergo
884 5279 1045 5342 ratio
1065 5279 1339 5359 justitiae,
1368 5295 1511 5359 quse
1553 5295 1646 5340 se-

78 5373 363 5434 cundum
390 5372 545 5434 illud
580 5373 947 5435 attributum
980 5373 1113 5436 Deo
1154 5373 1469 5445 convenit,
1520 5388 1647 5432 non

80 5472 175 5528 est
210 5469 297 5530 ita
338 5467 713 5539 communis,
758 5471 829 5528 ut
862 5465 1357 5545 comprehendat
1382 5464 1648 5526 fidelita-

78 5567 235 5640 tem,
266 5565 329 5622 et
359 5565 823 5644 consequenter
860 5577 1069 5645 neque
1111 5559 1267 5621 alias
1293 5563 1505 5644 partes
1540 5575 1647 5642 po-

1727 511 2019 575 tentiales
2046 512 2320 592 justitiis,
2374 530 2516 592 quas
2558 512 2766 574 minus
2807 514 3056 594 proprie
3101 512 3292 577 ratio-

1729 624 1877 667 nem
1920 606 2176 684 ,iustitioe
2226 606 2620 685 participant.
2679 605 2858 667 Addo
2907 607 3166 687 insuper
3212 627 3292 670 ex

1729 700 2014 761 discursu
2052 699 2235 775 facte,
2267 707 2328 762 et
2356 719 2433 762 ex
2457 700 2772 763 concessis
2801 699 2882 761 ab
2911 700 3052 774 illis,
3085 702 3289 783 colligi

1728 794 1893 855 hanc
1927 794 2120 855 etiam
2144 793 2444 873 justitiam
2475 793 2751 855 divinam
2795 792 3032 855 habere
3061 812 3293 857 conve-

1728 886 2028 949 nientiam
2063 887 2339 965 aliquam
2377 905 2519 949 cum
2559 886 2798 966 justitia
2839 886 3036 963 (verbi
3067 886 3290 966 gratia)

1728 980 2172 1042 commutativa
2195 980 2476 1042 humana
2506 981 2572 1041 in
2603 980 2834 1059 alique,
2865 978 3035 1058 quod
3061 980 3120 1041 ei
3149 996 3293 1041 con-

1728 1074 1901 1136 venit
1929 1074 2276 1137 secundum
2301 1074 2656 1155 specificam
2687 1074 2824 1153 ejus
2847 1072 3288 1145 differentiam,

1731 1168 2028 1230 nimirum
2055 1170 2118 1231 in
2147 1170 2266 1230 hoc
2291 1168 2483 1247 quod,
2510 1169 2574 1230 in
2599 1166 2920 1230 reddendo
2949 1164 3128 1227 alteri
3149 1167 3292 1247 jure

1732 1280 1869 1334 suo,
1894 1262 2148 1343 respicit
2169 1268 2232 1325 et
2257 1268 2464 1325 servat
2501 1261 2944 1341 aequalitatem,
2997 1278 3110 1321 seu
3151 1278 3292 1341 pro-

1728 1356 2078 1435 portionem
2109 1355 2202 1417 rei
2223 1354 2305 1417 ad
2327 1372 2484 1419 rem.
2511 1356 2664 1416 Nam
2685 1354 2842 1417 sicut
2861 1354 3103 1433 justitia
3127 1370 3294 1415 com-

1729 1448 2032 1511 mutativa
2065 1449 2336 1511 hominis
2371 1448 2576 1509 reddit
2621 1448 3012 1509 mercenario
3059 1447 3294 1527 stipen-

1728 1542 1904 1604 dium
1935 1558 2120 1603 suum
2155 1560 2270 1622 pro
2297 1542 2538 1605 ratione
2583 1541 2838 1616 laboris,
2883 1542 2970 1602 ita
3015 1546 3080 1603 et
3125 1542 3292 1601 Deus

1728 1635 1936 1698 reddit
1975 1636 2512 1715 proportionatum
2565 1634 2889 1713 praemium
2931 1652 3046 1713 pro
3091 1632 3294 1713 digni-

1732 1734 1857 1790 tate
1899 1730 2287 1803 meritorum,
2327 1746 2466 1809 quse
2519 1744 2742 1790 revera
2787 1744 2916 1789 non
2963 1732 3058 1789 cst
3099 1731 3294 1789 meta-

1733 1822 1990 1901 phorica
2024 1821 2370 1895 translatio,
2415 1820 2528 1883 sed
2554 1821 2832 1882 formalis
2861 1820 3294 1883 convenientia

1734 1923 1796 1979 et
1822 1916 2182 1979 similitudo.
2217 1918 2310 1977 An
2335 1934 2485 1977 vero
2511 1915 2590 1976 sit
2613 1916 2762 1977 satis
2779 1921 2850 1976 ut
2869 1914 3106 1994 justitia
3129 1932 3295 1975 com-

1732 2009 2032 2071 mutativa
2059 2010 2302 2071 dicatur
2323 2009 2386 2071 in
2413 2010 2544 2071 Deo
2571 2008 2914 2071 formaliter
2941 2026 3016 2069 ac
3041 2008 3294 2087 proprie

1730 2105 2012 2185 reperiri,
2045 2104 2252 2166 statim
2275 2102 2664 2179 videbimus3
2705 2120 2874 2165 nunc
2904 2102 3170 2163 sufficiat
3199 2120 3296 2161 os-

1728 2196 2008 2259 tendisse
2031 2196 2348 2276 propriam
2375 2196 2684 2258 rationem
2705 2194 2959 2276 justitian
2985 2194 3294 2276 praedietis

1732 2290 1938 2353 modis
1963 2289 2028 2350 in
2057 2290 2188 2351 Deo
2213 2288 2498 2351 inveniri.

2143 2536 2234 2599 De
2255 2536 2464 2601 divina
2485 2534 2872 2601 liberalitate.

1808 2759 1917 2821 ⁴26.
1945 2760 2296 2838 Antequam
2316 2777 2465 2821 vero
2495 2759 2578 2822 ad
2605 2760 2846 2840 species
2865 2758 3120 2839 justitiae
3151 2758 3294 2821 des-

1734 2853 2098 2925 cendamuS,
2132 2852 2210 2913 de
2241 2852 2378 2913 aliis
2406 2854 2730 2935 exemplis,
2763 2853 2990 2933 quibus
3017 2842 3294 2931 praedicti

1734 2952 2022 3009 auctores
2057 2947 2392 3008 utebantur
2419 2948 2500 3010 ad
2541 2948 3027 3011 declarationem
3071 2946 3294 3007 doctri·

1732 3059 1833 3102 nse
1866 3058 2022 3109 suae,
2048 3039 2350 3101 nonnulla
2377 3041 2650 3103 breviter
2675 3046 2978 3102 annotare
3007 3056 3287 3113 necesse,

1732 3153 1811 3196 ne
1836 3135 2146 3214 quispiam
2175 3134 2438 3196 fortasse
2469 3135 2833 3216 decipiatur.
2868 3135 3072 3196 Primo
3104 3135 3294 3215 igitur

1730 3228 1809 3290 de
1860 3227 2236 3290 liberalitate
2264 3273 2279 3302 ,
2327 3235 2584 3308 propter
2631 3231 2770 3291 leve
2811 3229 3290 3290 fundamentum

1731 3327 1949 3383 contra
1971 3322 2045 3381 D.
2067 3320 2324 3380 Thomoe
2355 3323 2730 3384 sententiam
2752 3321 3170 3384 communiter
3192 3337 3292 3383 re-

1732 3422 2003 3494 ceptam,
2035 3419 2272 3493 negant
2305 3413 2372 3474 in
2396 3417 2528 3476 Deo
2559 3430 2702 3476 esse
2730 3415 3052 3494 proprium
3077 3420 3138 3475 et
3163 3414 3292 3474 for-

1730 3508 1897 3570 male
1951 3507 2318 3568 attributum
2365 3507 2775 3584 liberalitatis,
2833 3507 3064 3569 scilicet
3082 3551 3099 3579 ‚
3141 3507 3288 3585 quia

1730 3601 2070 3664 liberalitas
2119 3607 2407 3663 versatur
2467 3603 2628 3664 circa
2685 3603 2965 3682 pecuniis
3015 3600 3292 3680 largitio·

1730 3711 1901 3766 nem,
1924 3693 2028 3756 vel
2045 3695 2320 3774 cujusvis
2341 3695 2457 3767 rei,
2483 3696 2662 3776 cujus
2687 3697 3014 3758 oestimatio
3029 3711 3292 3754 nummo

1726 3791 2148 3862 mensuratur,
2173 3792 2332 3849 teste
2359 3789 2711 3863 Aristotele,
2741 3791 2784 3850 4
2805 3789 3030 3862 Ethic„
3057 3807 3111 3849 c.
3143 3791 3201 3860 1,
3229 3791 3294 3848 et

1724 3881 2079 3954 D.Thoma,
2111 3887 2331 3960 qnoest.
2367 3885 2506 3956 117,
2533 3889 2650 3945 art.
2683 3885 2744 3944 2.
2772 3884 2930 3944 Nam
2960 3881 3287 3960 imprimis,

1728 3974 1841 4035 etsi
1868 3975 1988 4035 hoc
2035 3974 2436 4044 concedatur,
2471 3994 2594 4037 non
2645 3981 2978 4054 propterea
3017 3973 3290 4035 excludi·

1724 4073 1827 4128 tur
1877 4067 2138 4130 affectus
2187 4067 2573 4130 liberalitatis
2629 4087 2666 4128 a
2726 4069 2852 4128 Deo
2883 4115 2898 4140 ,
2949 4067 3094 4146 quia
3155 4067 3290 4146 ipse

1728 4161 1917 4222 etiam
1964 4160 2304 4223 liberaliter
2353 4161 2614 4239 largitur
2653 4160 2970 4240 pecunias,
3022 4166 3084 4220 et
3111 4159 3292 4239 quid·

1728 4253 1879 4332 quid
1906 4255 2174 4333 pecunia
2225 4254 2589 4316 aestimabile
2643 4261 2758 4316 est.
2801 4255 2880 4314 Et
2925 4271 3290 4333 quanquam

1728 4363 1857 4407 non
1884 4363 1954 4406 se
1985 4347 2185 4425 privet
2207 4347 2484 4408 dominio
2505 4346 2748 4406 illarum
2773 4363 3007 4421 rerum,
3033 4346 3290 4426 quando

1728 4439 1865 4500 illas
1912 4440 2048 4500 aliis
2087 4441 2341 4519 praebet,
2385 4441 2452 4500 in
2491 4459 2614 4519 quo
2653 4441 2735 4502 ab
2771 4441 3024 4502 homine
3055 4440 3286 4513 differt,

1726 4551 1853 4594 non
1882 4536 2096 4594 tamen
2137 4539 2470 4613 propterea
2499 4551 2624 4592 non
2663 4533 2887 4595 retinet
2919 4533 3122 4594 altiori
3159 4549 3292 4594 mo-

1728 4624 1809 4686 do
1864 4625 2253 4687 liberalitatis
2309 4627 2600 4688 affectum
2661 4632 2723 4687 et
2744 4643 2952 4687 „nsum
2975 4671 2992 4699 ,
3033 4625 3182 4704 quia
3223 4624 3294 4685 il-

1724 4718 1837 4780 lud
1884 4737 2014 4780 non
2061 4727 2154 4781 est
2199 4718 2278 4780 de
2321 4719 2660 4781 intrinseco
2711 4719 3098 4781 liberalitatis
3143 4736 3296 4780 con-

1726 4814 1934 4891 ceptu,
1981 4811 2096 4874 sed
2129 4813 2416 4892 provenit
2453 4829 2529 4873 ex
2559 4812 2924 4874 limitatione
2963 4816 3028 4873 et
3059 4812 3294 4890 imper-

1724 4903 1996 4968 sectione
2031 4905 2222 4966 nostri
2267 4904 2546 4966 dominii.
2581 4905 2758 4978 Quod
2787 4911 2958 4986 patet
2983 4949 3001 4979 ,
3047 4923 3124 4966 ex
3169 4903 3296 4964 for·

1726 4997 1874 5060 mali
1894 5015 2180 5070 munere,
2211 4997 2380 5077 quod
2399 4999 2472 5059 D.
2495 4999 2788 5072 Thomas,
2813 4999 3035 5060 eadem
3063 5003 3286 5078 quaest.

1691 5121 1704 5134 ·
1730 5095 1868 5165 117,
1900 5097 2018 5152 art.
2055 5095 2112 5173 1,
2150 5091 2250 5152 his
2285 5091 2494 5153 verbis
2537 5091 2890 5154 liberalitati
2928 5091 3164 5164 tribuit,
3197 5089 3296 5150 ni·-

1722 5187 1980 5259 mirum,
2011 5187 2146 5250 hm
2173 5187 2272 5248 uti
2297 5183 2392 5248 Itis
2424 5185 2589 5249 bonis
2612 5187 2874 5250 externis
2901 5203 2973 5250 ea
2997 5185 3292 5268 clav-qim·

1728 5281 1820 5342 do.
1855 5278 2034 5351 Quod
2071 5285 2282 5340 antem
2312 5279 2414 5340 hic
2451 5296 2606 5340 usus
2647 5280 2726 5340 sit
2757 5297 2899 5340 cnm
2941 5277 3292 5358 privatione

1728 5371 2281 5450 propriidonn'nii,
2317 5389 2544 5445 necne,
2583 5373 2702 5432 hoc
2747 5388 2874 5432 non
2911 5371 3184 5450 pertinet
3209 5369 3294 5431 ad

1725 5463 2054 5526 formalem
2083 5465 2393 5526 rationem
2423 5464 2761 5537 libertatis;
2783 5465 3026 5524 constat
3052 5469 3288 5537 autem,

1714 5551 1875 5623 ⁷cum
1906 5559 2074 5622 Deus
2105 5559 2236 5622 haec
2279 5558 2446 5622 bona
2489 5556 2772 5638 largitur,
2819 5557 3052 5639 optime
3093 5563 3158 5622 et
3179 5557 3294 5622 bo-
