3850 6225
701 422 870 475 SECT.
907 423 972 474 11.
1003 422 1088 473 AN
1122 422 1494 475 NECESSITAS
1528 424 1614 476 Ex
1645 422 2085 477 surrosl'rlouss
2116 422 2239 477 vm.
2272 424 2516 487 pennu,
2552 422 2687 477 E‘rc,

118 527 232 585 sive
262 542 469 603 opera,
497 524 698 602 ipsam
719 524 1180 605 justificationis
1218 528 1487 606 gratiam
1517 546 1660 607 pro-

117 625 401 678 meretur:
441 617 520 681 Si
545 619 701 680 enim
739 618 948 701 qratia
977 625 1066 684 est
1106 619 1215 697 (ait
1241 620 1412 681 idem
1441 620 1661 683 Conci-

113 712 294 789 lium),
305 713 442 791 Jam
463 730 580 775 non
618 729 692 774 ea·
729 714 1037 795 operibus;
1076 714 1366 795 alioquin,
1410 720 1482 777 ut
1505 714 1661 777 idem

113 802 412 885 Apostolus
452 796 672 885 iuquit,
721 806 932 889 ,qratia
951 806 1092 885 jam
1128 822 1248 866 non
1289 810 1380 870 est
1423 808 1654 887 qratia.

115 900 231 957 Non
267 898 461 975 potuit
487 915 638 958 sane
681 898 1022 959 Concilium
1055 898 1420 960 clarioribus
1453 902 1658 962 verbis

115 991 434 1051 doctrinam
474 996 533 1051 et
577 992 1032 1071 expositionem
1073 992 1283 1053 datam
1332 992 1658 1055 confirma-

115 1103 192 1144 re.

183 1178 270 1236 50.
323 1176 598 1239 Debitum
642 1195 715 1241 ea:
759 1194 930 1259 opere
978 1179 1284 1263 condiano,
1342 1183 1652 1265 supposito

107 1272 283 1350 pacto,
313 1270 515 1350 majus
549 1273 640 1333 est
661 1288 837 1351 quam
879 1277 1077 1335 ortum
1108 1292 1183 1335 ece
1204 1292 1370 1355 pura
1387 1276 1653 1357 promis-

111 1362 272 1422 sione.
292 1394 370 1407 -
388 1361 590 1440 Atque
621 1363 765 1423 hinc
793 1364 1050 1426 tandem
1067 1364 1247 1428 facile
1271 1368 1515 1429 ostendi
1539 1388 1653 1448 po-

112 1460 216 1515 test
261 1456 704 1534 consequentia
751 1458 1110 1539 principalis
1151 1462 1442 1535 rationis;
1477 1481 1647 1537 nam,

107 1566 230 1606 cum
267 1548 393 1609 haec
432 1549 560 1610 duo
589 1550 798 1611 debita
844 1552 1141 1631 simplicis
1187 1555 1644 1634 promissioniS,

110 1640 192 1701 vel
242 1642 395 1719 pacti
450 1642 668 1717 dlviai,
722 1650 852 1704 tam
898 1644 1172 1708 diversos
1227 1648 1488 1709 effectus
1537 1650 1652 1709 ha-

111 1734 296 1807 beant,
328 1740 392 1795 ut
435 1754 634 1796 unum
665 1756 792 1798 non
824 1744 1138 1819 repugnet
1183 1742 1396 1820 gratiae
1447 1742 1512 1802 in
1554 1762 1651 1803 ra-

109 1827 254 1886 tione
287 1827 520 1905 gratiae,
555 1830 618 1890 id
647 1834 764 1903 est,
799 1834 1047 1911 gratuiti
1079 1834 1250 1907 doni,
1299 1834 1470 1895 aliud
1505 1853 1652 1895 vero

107 1920 420 1981 formaliter
467 1921 558 1981 illi
605 1931 936 2003 repugnet,
980 1931 1050 1987 ut
1097 1926 1484 1988 declaratum
1532 1933 1648 2003 est,

105 2030 334 2073 necesse
377 2018 476 2074 est
505 2020 574 2075 ut
600 2015 736 2095 ipsa
777 2017 988 2079 dehita
1017 2018 1180 2079 inter
1221 2038 1288 2080 se
1329 2039 1654 2101 compara-

103 2110 155 2163 ta
192 2105 574 2167 diversarum
615 2109 932 2170 rationum
971 2110 1128 2187 sint;
1160 2131 1288 2173 non
1339 2102 1506 2174 enim
1540 2132 1652 2194 po-

106 2204 202 2259 test
238 2198 329 2258 illa
377 2201 651 2261 varietas
689 2201 942 2264 aliunde
985 2206 1338 2283 provenire.
1389 2208 1480 2267 Ex
1524 2224 1651 2285 quo

106 2292 268 2350 etiam
291 2294 694 2354 manifestum
717 2314 854 2357 esse
875 2296 1127 2359 videtur
1147 2318 1223 2359 ex
1247 2317 1480 2377 genere
1509 2319 1646 2375 suc,

105 2402 201 2442 seu
229 2403 300 2445 ex
327 2386 574 2448 ratione
605 2406 720 2449 sua
748 2387 1016 2463 formali,
1049 2392 1256 2469 majus
1299 2410 1438 2453 esse
1475 2392 1652 2453 dehi-

105 2481 216 2535 tum
255 2478 588 2539 fundatum
619 2480 686 2541 in
716 2500 906 2561 opere
951 2483 1264 2563 condigno
1306 2502 1384 2545 ex
1415 2503 1648 2565 suppo-

109 2570 304 2630 sitione
349 2572 519 2651 pacti
570 2592 684 2634 seu
725 2575 1157 2655 promissionis
1213 2578 1648 2640 conditionatae

110 2664 210 2721 sub
235 2666 333 2724 tali
374 2685 593 2746 opere,
645 2685 835 2746 quam
882 2668 1162 2730 debitum
1198 2688 1273 2731 ex
1309 2671 1480 2732 nuda
1508 2692 1652 2751 pro-

113 2758 400 2832 missione,
447 2760 962 2839 quandoquidem
1024 2762 1176 2823 illud
1233 2764 1502 2825 excludit
1552 2784 1652 2825 ra-

113 2851 319 2911 tionem
365 2854 618 2933 gratiae;
671 2855 791 2916 hoc
844 2874 992 2917 vero
1037 2858 1316 2918 minime.
1359 2858 1649 2919 Debitum

111 2943 255 3003 enim
285 2951 343 3006 et
371 2946 578 3025 gratia
609 2965 962 3027 repugnare
991 2947 1280 3011 videntur
1305 2952 1650 3012 secundum

108 3039 414 3113 quamdam
443 3042 940 3120 proportionem,
971 3041 1056 3103 ita
1097 3046 1164 3104 ut
1207 3050 1511 3124 quantum
1551 3045 1648 3105 in-

109 3131 340 3193 tercedit
395 3133 645 3207 debiti,
703 3140 943 3195 tantum
1001 3136 1214 3216 gratiae
1275 3139 1644 3215 minuatur,

109 3225 332 3301 quando
354 3245 506 3306 ergo
529 3227 812 3288 debitum
839 3248 966 3290 non
995 3230 1265 3292 excludit
1295 3231 1645 3292 absolutam

106 3318 382 3378 rationem
427 3321 645 3399 gratiae
671 3367 686 3392 ‚
739 3321 990 3401 signum
1035 3329 1130 3384 est
1184 3342 1324 3384 esse
1365 3324 1645 3386 debitum

3180 418 3295 479 431

1823 529 1922 589 5-2.
1981 528 2127 588 Haec
2164 528 2333 589 enim
2360 526 2685 607 responsio
2714 529 3019 605 punctum
3047 523 3305 587 difficul-

1743 620 1885 680 tatis
1923 638 2051 682 non
2097 621 2365 699 attingit,
2416 638 2589 695 nam,
2628 619 2773 679 licet
2804 618 2867 679 in
2912 620 3043 679 Deo
3072 636 3198 679 non
3228 617 3307 679 sit

1741 711 2066 791 pluralitas
2104 713 2402 774 virtutum
2442 711 2789 774 secundum
2819 710 3303 785 distinctionem,

1742 824 1882 885 quae
1921 806 1986 866 in
2024 824 2093 867 re
2133 813 2275 868 actu
2326 806 2437 880 sit,
2480 824 2557 867 eo
2594 810 2803 866 tamen
2844 802 3031 864 modo
3070 821 3193 880 quo
3238 802 3307 863 in

1739 901 1845 961 illo
1893 900 2333 979 distinguimus
2388 900 2569 980 plura
2623 898 2943 971 attributa,
2982 895 3306 977 distingui-

1739 1012 1880 1053 mus
1924 994 2115 1054 etiam
2162 994 2377 1073 plures
2418 992 2703 1067 virtuteS,
2748 1008 2889 1071 quae
2942 1008 3089 1051 suos
3130 992 3307 1051 actus

1739 1085 2023 1165 proprios
2060 1086 2317 1159 habent,
2363 1092 2424 1147 et
2462 1086 2713 1165 propria
2744 1084 2991 1162 objecta
3020 1082 3305 1143 formalia

1732 1179 1974 1240 ratione
2020 1179 2332 1241 distincta.
2374 1181 2473 1241 Sic
2519 1179 2708 1259 igitur
2734 1177 3000 1239 reddere
3049 1177 3167 1237 hoc
3198 1175 3305 1237 de-

1733 1272 1955 1346 bitum,
1992 1273 2339 1334 secundum
2359 1272 2677 1351 propriam
2707 1270 3015 1331 rationem
3034 1287 3163 1329 non
3191 1287 3307 1348 po-
3362 1334 3370 1341 ,

1731 1372 1850 1426 test
1899 1385 2041 1427 esse
2085 1373 2263 1428 actus
2296 1366 2551 1445 justitiae
2588 1365 2969 1445 generaliter
3008 1370 3300 1443 sumptas,

1733 1458 1798 1519 id
1841 1465 1954 1534 est,
2014 1458 2221 1521 omnis
2266 1459 2533 1531 virtutiS,
2580 1458 2693 1519 sed
2728 1456 2992 1537 alicujus
3024 1455 3303 1517 attributi

1732 1552 2043 1631 specialis,
2078 1554 2225 1633 quia
2262 1553 2380 1613 sub
2429 1570 2505 1613 ea
2542 1552 2785 1614 ratione
2830 1568 2958 1611 non
2990 1556 3083 1611 est
3124 1555 3301 1610 actus

1731 1645 2145 1722 liberalitatis,
2186 1664 2306 1707 nec
2340 1644 2809 1715 misericordiae,
2854 1662 2975 1705 nec
3008 1643 3200 1703 solius
3228 1640 3303 1702 fi-

1735 1738 2033 1815 delitatiS,
2066 1746 2131 1801 ut
2158 1745 2479 1801 ostensum
2508 1745 2636 1811 est3
2677 1756 2827 1817 ergo
2859 1743 2955 1800 est
2992 1743 3169 1798 actus
3216 1735 3303 1795 al·

1735 1833 1929 1893 terius
1962 1832 2239 1893 attributi
2284 1832 2526 1892 ratione
2574 1830 2843 1892 distincti
2883 1830 2964 1891 ab
3014 1829 3305 1891 omnibus

1735 1925 1855 1999 his,
1889 1926 2059 2003 quod
2095 1944 2223 1987 non
2260 1929 2467 2006 potest
2504 1942 2641 1985 esse
2686 1924 2805 1985 nisi
2841 1922 3113 2003 justitia3
3151 1940 3301 2001 ergo

1737 2024 1832 2079 est
1883 2019 2173 2097 specialis
2203 2017 2445 2097 justitia
2470 2066 2485 2091 ,
2518 2036 2649 2077 non
2692 2034 3139 2096 quaecumque,
3190 2014 3305 2075 sed

1737 2112 1969 2173 divina.
2001 2113 2160 2173 Item
2191 2116 2285 2171 est
2311 2110 2398 2171 ibi
2437 2111 2709 2189 speciale
2748 2109 3031 2171 debitum
3060 2108 3303 2169 habens

1735 2205 2073 2285 specialem
2104 2205 2410 2265 rationem
2442 2202 2825 2276 honestatis;
2859 2220 3008 2282 ergo
3038 2200 3297 2280 justitia,

1732 2318 1872 2378 quae
1901 2298 2061 2359 illud
2092 2298 2363 2377 respicit,
2407 2302 2503 2358 est
2546 2296 2834 2376 specialis
2861 2296 3147 2374 quaedam
3170 2295 3305 2374 jus-

1731 2393 1885 2454 titia.
1933 2394 2017 2453 De
2076 2410 2201 2469 qua
2248 2391 2497 2452 videtur
2554 2391 2801 2451 locutus
2848 2388 3186 2464 Paulinus,
3236 2388 3301 2447 in

1733 2486 1898 2547 dicta
1941 2484 2119 2565 epist.
2168 2483 2248 2545 ad
2276 2484 2553 2558 Victi-ic„
2586 2484 2801 2544 dicens
2836 2501 2849 2541 :
2886 2482 3161 2545 warum
3191 2480 3304 2543 tibi

1724 2578 1987 2659 proemia
2015 2597 2078 2641 se
2104 2578 2303 2641 debere
2321 2578 2623 2640 virtutum
2639 2577 2837 2657 judex
2848 2576 3066 2655 justus
3086 2592 3301 2655 aquos-

1735 2677 1862 2742 cet,·
1883 2677 1946 2731 et
1962 2670 2338 2740 BernarduS‚
2364 2670 2429 2729 in
2460 2669 2567 2731 lib.
2604 2668 2683 2729 de
2704 2668 2871 2729 Grat.
2908 2672 2970 2728 et
2994 2666 3101 2727 lib.
3136 2664 3298 2740 arb.‚

1735 2764 1898 2824 circa
1926 2764 2143 2837 finem,
2182 2762 2293 2822 ubi
2332 2768 2609 2823 tractans
2648 2760 2800 2822 illud
2834 2762 2873 2821 2
2906 2759 2988 2819 ad
3027 2759 3184 2819 Tim.
3228 2761 3296 2818 1:

1737 2855 1881 2919 Scio
1903 2854 2003 2919 cui
2028 2856 2277 2931 credidi,
2309 2858 2367 2917 et
2394 2859 2592 2917 certus
2622 2872 2780 2926 mam,
2812 2851 2954 2934 quia
2974 2857 3187 2933 potens
3212 2856 3305 2913 est

1733 2948 2063 3029 depositum
2098 2966 2293 3009 meum
2335 2964 2575 3010 serrare
2602 2948 2669 3008 in
2700 2946 2879 3008 illum
2909 2944 3061 3008 diem
3081 2945 3303 3024 justus

1718 3044 1937 3123 judex,
1968 3040 2167 3120 inquit
2218 3059 2231 3099 :
2266 3040 2381 3103 Dei
2409 3040 2787 3122 promissum
2828 3038 3096 3121 appellat
3124 3054 3303 3099 suum

1727 3137 2082 3217 depositum,
2100 3136 2465 3216 promissum
2498 3134 2733 3216 quidem
2752 3151 2825 3196 σω
2846 3130 3294 3204 misericordia,

1724 3231 1832 3292 sed
1839 3229 1983 3308 jam
2011 3229 2353 3307 exjustitia
2366 3227 2857 3308 persolvendum;
2868 3227 3112 3305 justum
3131 3224 3303 3305 quip—

1732 3340 1808 3404 pe
1829 3325 1943 3398 est,
1968 3328 2039 3385 ut
2072 3323 2286 3385 reddat
2312 3323 2471 3402 qvod
2490 3321 2671 3384 debet.
2698 3319 2918 3382 Subdit
2944 3336 3091 3380 vero
3123 3317 3302 3378 dein-

109 3411 428 3472 secundum
458 3412 613 3492 quid
657 3413 1124 3492 comparatione
1178 3417 1455 3492 alterius,
1489 3418 1659 3496 quod
1739 3415 1816 3476 de
1855 3415 2020 3476 hanc
2061 3415 2367 3495 justitiam
2408 3431 2544 3475 esse
2574 3412 3055 3493 promissionem
3096 3412 3301 3490 ipsam

107 3501 386 3565 rationem
415 3505 637 3582 gratiae
666 3506 1028 3585 simpliciter
1055 3508 1345 3571 excludit.

176 3599 264 3657 51.
309 3599 592 3661 Debitum
629 3603 828 3661 ortum
863 3617 935 3662 ex
954 3603 1360 3683 promissione
1387 3606 1496 3668 sub
1523 3623 1658 3668 con-

104 3691 300 3752 ditione
326 3691 610 3772 condigni
636 3693 853 3772 open's,
872 3695 1150 3773 justitiae
1187 3698 1435 3776 proprie
1471 3695 1650 3761 αἰσία)

105 3781 334 3846 debitum
361 3783 923 3866 est—Aliquorum
947 3791 1098 3868 fuya
1125 3789 1546 3866 praecluditur.
1566 3823 1650 3837 —

105 3879 282 3954 Atque
311 3879 456 3938 hinc
483 3877 747 3938 tandem
779 3879 1171 3941 concluditur
1206 3882 1326 3943 hoc
1365 3883 1647 3944 debitum

105 3987 222 4029 esse
245 3971 497 4048 justitiae
544 3971 792 4050 proprie
829 3971 1009 4033 dictoe
1055 3979 1116 4036 et
1155 3976 1464 4054 specialis,
1497 3977 1646 4056 quia

105 4069 184 4122 est
210 4063 482 4125 debitum
510 4063 767 4125 alterius
793 4065 1052 4126 rationis
1081 4085 1118 4127 a
1149 4067 1358 4129 debito
1389 4068 1651 4131 fidelita-

103 4154 168 4214 tis
191 4161 246 4216 et
271 4159 475 4236 majus
505 4157 637 4232 illo,
681 4165 745 4218 et
783 4176 913 4220 non
951 4164 1050 4220 est
1087 4160 1367 4222 debitum
1399 4163 1650 4243 religio-

101 4248 186 4307 nis
212 4255 314 4310 aut
353 4250 776 4330 gratitudiniS‚
837 4251 938 4312 vel
991 4252 1248 4314 alterius
1289 4254 1651 4334 hujusmodi

101 4339 356 4416 virtutis3
399 4360 554 4402 nam
580 4343 716 4403 haec
744 4344 810 4403 in
838 4345 970 4405 Deo
999 4345 1208 4406 locum
1233 4366 1360 4408 non
1387 4349 1644 4425 hahent,

101 4441 358 4516 utsupra
384 4437 773 4498 declaratum
804 4444 931 4513 est;
969 4457 1120 4521 ergo
1147 4459 1276 4502 non
1303 4449 1508 4523 potest
1549 4463 1648 4506 es·

99 4547 156 4588 se
203 4531 314 4592 uisi
339 4533 636 4612 justitiae;
670 4535 915 4595 nullum
959 4535 1128 4596 enim
1183 4537 1354 4598 aliud
1399 4541 1647 4620 excogi-

99 4623 200 4682 tari
247 4629 470 4704 potest.
525 4627 650 4687 Nec
704 4626 1131 4688 difficultatem
1191 4629 1442 4708 expedit
1495 4649 1646 4710 quo-

100 4719 370 4780 rumdam
405 4720 768 4799 responsio,
800 4723 904 4801 qui
949 4722 1164 4784 dicunt
1212 4743 1349 4786 esse
1391 4726 1647 4804 quidem

103 4809 206 4870 hoc
244 4813 520 4875 debitum
540 4814 796 4893 justitiae
819 4816 1070 4896 proprie
1113 4825 1396 4897 sumptae,
1427 4825 1488 4879 et
1517 4838 1645 4880 non

101 4905 324 4964 tantum
351 4907 804 4986 metaphorice,
833 4915 902 4971 ut
929 4909 1247 4989 Scriptura
1283 4917 1496 4989 aperte
1524 4913 1644 4973 ela-

99 5003 248 5069 mat;
292 4999 698 5060 nihilominus
743 5019 874 5062 non
917 5021 1054 5064 esse
1086 5003 1368 5066 debitum
1389 5005 1646 5084 justitia».

99 5089 390 5164 specialiS,
420 5091 534 5152 sed
563 5094 900 5172 generalis,
931 5112 1042 5154 seu
1069 5102 1483 5156 communiter
1519 5095 1648 5157 dic-

99 5185 200 5252 tae3
242 5183 397 5246 sicut
423 5182 811 5260 AristoteleS,
849 5187 1067 5266 quinto
1089 5188 1314 5261 Ethic.,
1347 5208 1485 5269 cap.
1521 5193 1552 5251 1
1586 5196 1648 5252 et

99 5273 152 5346 2,
181 5273 325 5337 dixit
366 5295 622 5338 omnem
675 5279 990 5354 virtutem,
1037 5281 1384 5342 secundum
1432 5299 1648 5359 quam-

98 5365 230 5428 dam
274 5388 672 5433 communem
725 5375 1059 5447 rationem,
1109 5391 1248 5435 esse
1298 5373 1604 5453 justitiam
1625 5421 1640 5450 ,

99 5461 230 5534 quia
259 5463 678 5542 aequalitatem
715 5467 1056 5544 quamdam
1091 5485 1166 5527 ac
1199 5467 1471 5528 debitam
1501 5487 1646 5548 pro-

98 5555 434 5630 portionem
465 5557 529 5616 in
555 5559 806 5640 propria
836 5559 1098 5622 materia
1123 5566 1396 5622 servant.

1737 3509 1884 3580 Dei;
1917 3509 1997 3570 de
2041 3527 2165 3587 qua
2200 3527 2349 3569 vero
2379 3505 2791 3586 promissione
2828 3512 2890 3567 et
2928 3523 3051 3585 quo
3108 3523 3299 3565 sensu

1739 3601 2055 3680 loquatur,
2086 3601 2294 3664 statim
2338 3600 2637 3674 declarat,
2676 3597 2892 3661 dicens
2924 3618 2939 3659 :
2979 3597 3174 3677 Cujus
3204 3600 3303 3660 tw-

1728 3713 1862 3756 men
1889 3713 2016 3757 suoe
2030 3695 2305 3774 justitia·
2331 3695 2532 3774 ipsum
2568 3692 2667 3770 (id
2702 3697 2795 3753 est
2825 3692 3109 3770 Paulum)
3134 3691 3299 3752 Deus

1728 3788 1921 3851 voluit
1970 3787 2180 3876 kqbere
2229 3791 2580 3858 consortem,
2609 3790 2682 3847 vt
2718 3789 2776 3848 et
2811 3801 3042 3848 ooronoe
3074 3787 3299 3862 faceret

1717 3881 2176 3961 promeritorem
2190 3906 2217 3954 ,·
2260 3878 2325 3939 id
2371 3885 2486 3953 est,
2518 3878 2710 3940 talem
2738 3878 2931 3938 voluit
2970 3895 3109 3938 esse
3150 3893 3297 3954 pro-

1729 3973 2116 4047 missionem,
2152 3989 2295 4052 quae
2328 3991 2487 4053 opus
2512 3971 2767 4052 aliquod
2798 3977 3069 4051 exparte
3099 3970 3297 4030 homi-

1729 4067 1827 4126 nis
1853 4067 2226 4146 requireret,
2258 4067 2323 4127 in
2356 4083 2481 4146 quo
2509 4070 2721 4145 posset
2751 4064 2877 4126 tale
2911 4063 3019 4142 jus
3039 4062 3293 4142 justitiae

1730 4159 2002 4220 fundari.

1813 4255 1913 4316 53.
1958 4255 2037 4316 Et
2062 4255 2198 4316 haec
2232 4255 2329 4315 est
2354 4251 2607 4332 propria
2650 4251 2811 4313 ratio
2836 4251 2899 4312 in
2928 4267 3055 4329 qua
3091 4248 3299 4310 differt

1731 4349 1860 4408 haec
1881 4347 2121 4427 justitia
2166 4365 2203 4408 a
2246 4345 2568 4419 fidelitate,
2601 4336 2991 4406 et'debitum
3040 4341 3229 4403 unius
3258 4360 3297 4402 a

1729 4443 1940 4504 debito
1976 4443 2264 4515 alterius3
2299 4441 2441 4521 quia
2476 4459 2592 4520 per
2638 4439 2981 4520 simplicem
3036 4439 3297 4518 promis·

1729 4538 1969 4598 sionem
1998 4554 2125 4596 non
2166 4535 2431 4615 acquirit
2472 4536 2661 4595 homo
2706 4532 2961 4612 aliquod
2997 4533 3102 4613 jus
3154 4550 3296 4611 pro-

1727 4629 1932 4710 prium
1982 4630 2067 4691 ad
2105 4647 2243 4691 rem
2290 4628 2690 4708 promissam,
2726 4633 2789 4688 et
2830 4625 2971 4687 ideo
3011 4626 3297 4688 debitum

1727 4741 1979 4802 semper
2002 4721 2303 4783 fundatur
2318 4723 2385 4782 in
2412 4721 2543 4782 sola
2562 4721 2847 4792 veritate,
2878 4724 2941 4781 et
2966 4720 3296 4781 honestate

1725 4816 2181 4896 promittentis;
2230 4821 2295 4877 at
2342 4833 2514 4890 ver0,
2548 4814 2801 4893 quando
2830 4814 3159 4893 promissio
3202 4817 3299 4873 est

1725 4910 1842 4970 sub
1889 4909 2244 4971 conditione
2284 4908 2734 4988 proportionati
2784 4909 3015 4988 operiS,
3055 4925 3170 4987 per
3208 4905 3297 4985 ip·

1729 5021 1866 5063 sum
1893 5020 2075 5083 opus,
2106 5003 2347 5063 habens
2377 5001 2864 5080 condignitatem
2894 5007 2959 5063 et
2991 5002 3291 5072 valorem,

1729 5097 1995 5175 acquirit
2039 5097 2229 5157 homo
2269 5097 2372 5176 jus
2418 5096 2498 5157 ad
2528 5115 2662 5156 rem
2702 5098 3093 5176 promissam,
3126 5091 3299 5174 quod

1730 5195 1823 5250 est
1849 5188 2015 5249 illius
2058 5189 2147 5259 ita
2176 5189 2499 5269 proprium
2530 5195 2591 5250 et
2622 5189 3053 5266 intrinsecum,
3080 5193 3149 5247 ut
3190 5205 3300 5248 ve-

1727 5301 1866 5342 rum
1893 5283 1972 5342 sit
2001 5282 2209 5343 dicere
2238 5283 2480 5344 ratione
2520 5283 2661 5344 talis
2690 5281 2897 5362 operis
2928 5281 3141 5342 deberi
3171 5281 3297 5341 tale

1727 5374 2141 5454 promissum;
2175 5374 2345 5454 quod
2366 5374 2501 5454 jam
2544 5379 2639 5436 est
2666 5373 3130 5453 quodammodo
3170 5371 3297 5433 fac-

1725 5473 1856 5528 tum
1885 5467 2080 5545 ipsius
2132 5468 2447 5546 operantis
2492 5467 2735 5528 ratione
2772 5465 2933 5543 juris
2982 5463 3287 5544 acquisiti.

1726 5560 1905 5632 Quod
1934 5561 2287 5640 ponderant
2314 5561 2519 5621 Sancti
2552 5561 2619 5620 in
2654 5559 2771 5619 illis
2811 5557 3015 5620 verbis
3046 5557 3287 5636 Christi,
