3850 6225
771 447 908 498 CAP.
943 447 1073 500 xm.
1111 445 1530 500 VOLUNTATEn
1561 443 1814 498 nonnus
1843 443 1967 496 NON
2000 443 2579 508 PRAEDETERMINAM,
2615 445 2747 496 m‘e.

167 547 384 609 nei-alis
415 551 528 610 est.
573 549 646 610 nt
675 548 959 624 inferiuS,
1018 569 1155 630 cap.
1208 552 1308 624 16,
1354 549 1712 612 notabimus

165 641 510 714 nonnuIIOS‚
559 643 666 722 qui
703 659 831 703 non
873 643 1080 704 solnm
1117 643 1713 724 praedeterminatio-

165 733 298 796 nrm
339 735 402 796 in
443 741 652 798 nostra
693 735 1038 811 voluntate,
1083 737 1196 798 sed
1226 737 1412 800 etiam
1442 735 1712 817 praefini-

163 831 384 890 tionem
426 828 490 889 in
519 825 726 890 divina
775 829 936 891 circa
981 829 1158 892 ac'tus
1203 830 1711 910 supernaturales

165 927 403 1001 negant.
455 920 584 982 Hoc
635 925 846 984 autem
879 923 1019 985 loco
1073 924 1328 986 notandi
1376 930 1521 985 sunt
1565 923 1710 985 novi

165 1014 516 1094 scriptor-etz,
561 1015 667 1094 qui
721 1016 1074 1095 specialiter
1125 1017 1444 1096 disputant
1497 1022 1712 1078 contra

166 1109 470 1170 haereticos
497 1115 806 1189 negantes
839 1107 1190 1172 libertatem
1219 1109 1552 1172 voluntatis
1575 1127 1714 1189 pro-

161 1209 289 1280 pter
316 1201 655 1262 efficaciam
695 1199 938 1282 gratiae,
985 1211 1146 1281 quos
1181 1205 1245 1264 in
1294 1205 1463 1264 hunc
1502 1203 1710 1264 locum

163 1293 624 1373 reservavimus,
671 1293 818 1373 quia
854 1311 1074 1355 revera
1119 1295 1456 1376 plurimum
1497 1293 1713 1356 favent

163 1385 293 1446 hnic
329 1393 559 1448 nostrae
597 1387 944 1462 sententiae,
985 1407 1410 1469 magnamque
1439 1389 1528 1450 illi
1568 1405 1712 1451 anc-

162 1479 457 1540 toritatem
505 1481 874 1554 conciliant;
908 1499 1054 1542 nam
1107 1481 1242 1544 fere
1299 1501 1519 1544 omnes
1565 1501 1712 1562 pro-

161 1573 292 1632 fessi
333 1579 483 1633 sunt
507 1591 640 1635 non
668 1593 853 1654 posse
893 1576 960 1635 se
991 1573 1171 1636 aliter
1195 1575 1504 1637 haereticis
1531 1575 1712 1637 satis-

161 1665 347 1725 facere
376 1710 392 1737 ,
451 1683 648 1746 seque
709 1667 790 1728 ab
849 1683 1066 1728 eorum
1119 1667 1447 1730 calumniis
1492 1667 1710 1732 defen-

164 1757 317 1819 dere.

229 1851 294 1912 Id
325 1855 570 1914 constat
623 1873 700 1915 ex
751 1854 1077 1917 waldensi
1097 1904 1112 1929 ‚
1153 1855 1262 1918 lib.
1317 1859 1344 1918 1
1398 1855 1707 1918 Doctrinae

161 1945 290 2007 fidei
317 1947 512 2026 antiq.
521 1993 542 2024 ,
573 1953 610 2008 a
645 1966 782 2029 cap.
813 1951 895 2012 23
925 1949 1004 2012 ad
1029 1949 1134 2028 28,
1155 1951 1262 2012 ubi
1300 1951 1584 2032 pluribus
1611 1969 1712 2012 ra·

121 2109 126 2114 ,
163 2039 416 2100 tionibus
461 2046 521 2101 et
563 2043 934 2105 testimoniis
961 2045 1126 2106 hanc
1160 2045 1534 2106 sententiam
1567 2062 1711 2106 con-

164 2133 370 2206 firmat,
401 2139 462 2195 et
507 2135 859 2213 specialiter
887 2138 1072 2216 capit.
1105 2140 1207 2212 25,
1237 2138 1324 2200 ait
1355 2138 1706 2218 periculose

167 2245 384 2288 errasse
416 2229 726 2308 quosdam
761 2231 1108 2312 Magistros,
1139 2237 1444 2310 ponentes
1485 2231 1551 2292 in
1591 2233 1711 2291 hu·-

164 2321 344 2381 manis
373 2319 670 2400 operibus
719 2325 1154 2386 necessitatem
1191 2323 1706 2400 antecedentem,

167 2415 332 2475 etiam
373 2431 453 2476 ex
491 2405 812 2478 voluntate
853 2417 989 2479 Dei.
1034 2419 1188 2478 Item
1227 2417 1557 2492 RoffensiS,
1589 2421 1705 2479 art.

168 2508 464 2588 trigesimo
503 2516 702 2587 sextO,
741 2511 852 2572 nbi
891 2514 1078 2573 etiam'
1105 2513 1286 2592 plura
1317 2529 1393 2572 ex
1425 2511 1713 2573 Patribus

167 2601 447 2681 congerit,
493 2605 559 2664 et
595 2605 949 2682 specialiter
982 2604 1065 2666 ait
1097 2651 1112 2678 ,
1160 2603 1319 2666 sicut
1347 2623 1473 2665 non
1506 2607 1715 2684 scqui-

166 2702 281 2754 tnr:
313 2695 512 2756 Homo
543 2685 695 2757 nihil
724 2702 928 2777 potest
958 2699 1117 2759 velle
1135 2698 1372 2778 absque
1389 2699 1500 2759 Del
1528 2699 1714 2759 assis·

167 2789 340 2848 tentia
387 2793 448 2848 et
501 2791 782 2868 generali
831 2791 1188 2865 influentia3
1245 2811 1395 2871 ergo
1441 2807 1569 2852 non
1619 2795 1714 2852 est

165 2881 340 2953 libem
391 2881 474 2941 ita
517 2893 647 2943 non
703 2883 911 2964 sequi,
961 2903 1038 2946 ex
1081 2885 1450 2947 necessitate
1501 2883 1710 2944 auxilii

168 2975 382 3052 gratiae,
408 2975 730 3038 bominem
771 2996 900 3038 non
950 2995 1090 3039 esse
1116 2976 1408 3049 liberum,
1453 2977 1598 3056 quia
1629 2977 1712 3037 si-

170 3073 256 3127 cut
279 3068 602 3130 influentia
631 3070 736 3131 illa
766 3078 1017 3151 semper
1061 3071 1241 3133 adest
1267 3070 1590 3147 voluntati,
1623 3069 1710 3131 ita

173 3168 222 3221 et
246 3162 538 3223 auxilinm
565 3161 789 3226 divinae
817 3167 1030 3245 gratiae
1061 3164 1300 3226 cunctis
1330 3163 1411 3225 ad
1450 3171 1710 3225 manum

175 3260 252 3315 est
302 3272 620 3335 prensens:
667 3256 728 3318 e't
766 3257 1003 3318 ibidem
1059 3276 1136 3319 ex
1198 3256 1468 3318 Luthero
1519 3256 1714 3318 refert

171 3349 288 3409 haec
317 3350 500 3409 verba
533 3368 548 3409 ε
582 3350 788 3413 Periit
821 3350 1026 3431 itaque
1065 3350 1162 3414 la‘e
1201 3350 1381 3413 etiam
1409 3350 1714 3429 aeneo-alis

173 3438 264 3503 illa
291 3442 631 3521 influentia,
681 3460 803 3524 qua
840 3444 1132 3525 qam-iant
1155 3462 1282 3506 esee
1320 3444 1385 3505 in
1415 3447 1714 3524 potestate

173 3538 362 3599 nostra
391 3536 705 3599 naturales
736 3536 1106 3618 operationes
1146 3537 1405 3619 operari.
1437 3536 1547 3597 Cui
1575 3538 1710 3616 ipse

173 3625 482 3705 respondet
540 3643 557 3687 τ
619 3626 984 3711 Gooperatur
1029 3630 1232 3711 itaque
1279 3630 1447 3693 Dens
1503 3630 1712 3711 cuique

175 3722 442 3783 ereatnroe
465 3738 584 3800 per
632 3720 977 3803 hujumodi
1026 3722 1336 3802 inflantem
1382 3722 1464 3787 ad
1504 3742 1712 3804 opera-

175 3814 342 3875 tiones
377 3812 659 3894 einyulae
680 3862 695 3889 ,
739 3820 800 3880 et
846 3833 962 3898 per
997 3818 1261 3879 eumdem
1310 3832 1578 3880 exercere
1611 3832 1712 3878 vo—

175 3906 360 3971 lantes
385 3915 586 3972 aotwm
611 3926 789 3972 enum
805 3913 1005 3991 potest
1018 3933 1046 3980 ,·
1060 3914 1122 3971 et
1148 3908 1308 3970 infra
1336 3928 1349 3970 :
1376 3907 1527 3983 Quis
1555 3910 1713 3972 enim

177 4018 276 4061 non
313 4002 848 4084 compen-tissimum
893 4004 1085 4078 habet,
1135 4020 1198 4067 se
1238 4018 1418 4083 posse
1461 4021 1577 4085 per
1616 4004 1714 4065 in-

178 4094 465 4171 fluentiam
490 4095 670 4159 illam
693 4095 1050 4177 yeneralm,
1083 4112 1218 4158 cnm
1242 4094 1523 4172 voluerit,
1548 4101 1714 4159 stare

178 4186 256 4248 vel
283 4188 485 4263 sedere,
527 4188 708 4251 silere
749 4188 842 4251 vel
883 4188 1090 4270 loqui?
1128 4191 1199 4250 In
1237 4189 1530 4251 eamdem
1577 4208 1713 4250 sen-

179 4281 408 4341 tentiam
455 4280 669 4343 scribit
703 4280 1006 4343 latissime
1047 4282 1300 4357 Dried0,
1343 4282 1422 4344 de
1452 4282 1713 4361 Captivi-

181 4378 286 4436 tate
325 4381 381 4436 et
421 4374 856 4455 redemptione
888 4378 1138 4456 generis
1168 4376 1455 4453 humani,
1483 4380 1713 4437 tracta-

181 4474 236 4527 tu
274 4470 328 4542 4,
359 4488 490 4549 cap.
520 4472 584 4546 2,
613 4470 680 4530 in
703 4472 742 4531 5
762 4476 921 4548 part.
965 4470 1151 4545 illius,
1182 4477 1244 4532 et
1266 4476 1446 4532 tract.
1474 4472 1534 4543 5,
1569 4488 1708 4549 cap.

183 4564 232 4633 4,
259 4564 583 4641 praesertim
611 4563 694 4624 ad
716 4562 1002 4624 ultimam
1046 4563 1584 4625 confirmationem
1614 4580 1712 4623 se·

185 4656 342 4716 cundi
381 4654 754 4737 argumenti.
805 4653 962 4717 Item
1007 4656 1165 4717 libro
1215 4655 1294 4718 de
1344 4657 1710 4729 Concordia,

185 4751 494 4826 praesertim
523 4770 578 4811 e.
623 4752 684 4821 3,
712 4750 774 4809 in
813 4750 998 4810 solut.
1031 4755 1385 4828 argument.
1429 4748 1714 4810 Ruardus

187 4842 384 4903 multus
407 4848 498 4905 est
525 4843 590 4903 in
619 4840 741 4904 hac
773 4834 1083 4904 sententia
1113 4840 1480 4921 explicanda
1519 4848 1581 4903 et
1604 4842 1716 4903 de-

185 4934 485 5009 fendenda,
525 4938 707 5016 cujus
758 4935 948 4997 verba
986 4933 1196 4996 omnia
1247 4935 1482 4996 referre
1509 4980 1525 5007 ,
1571 4952 1712 5013 quae

187 5028 237 5087 in
271 5034 373 5091 art.
401 5030 438 5090 7
465 5034 682 5091 contra
712 5030 1057 5091 Lutherum
1096 5028 1176 5090 de
1203 5028 1324 5089 hac
1364 5046 1432 5089 re
1479 5027 1711 5101 scribit,

188 5137 484 5199 operosum
526 5128 712 5183 esset.
755 5122 1027 5203 Legatur
1051 5122 1363 5201 praecipue
1393 5139 1536 5201 pag.
1569 5124 1713 5196 207,

190 5220 239 5273 et
259 5214 518 5289 inferius,
553 5234 590 5275 a
618 5234 765 5295 pag.
796 5218 938 5288 2⁴23,
973 5214 1252 5276 conclus.
1279 5216 1339 5288 4,
1363 5216 1422 5290 6,
1457 5218 1493 5276 7
1526 5222 1586 5276 et
1611 5218 1710 5276 ¹0.

190 5304 286 5366 Pro
314 5308 520 5369 eadem
561 5308 872 5370 sententia
913 5308 1109 5368 multa
1149 5308 1310 5367 sumi
1343 5314 1608 5386 possunt
1638 5327 1716 5369 ex

193 5398 554 5478 Stapletonio,
593 5400 754 5463 libro
787 5402 825 5462 4
855 5400 936 5461 de
959 5400 1434 5473 Justiticatione,
1477 5419 1614 5479 cap.
1651 5402 1710 5475 8,

196 5494 384 5571 quibus
414 5496 552 5559 lieet
590 5496 937 5575 adjungere
964 5494 1264 5556 Didacum
1313 5494 1517 5567 Paiva,
1555 5494 1712 5556 libro

195 5588 226 5647 4
247 5588 553 5651 Orthodox.
589 5588 905 5669 explicat„
945 5604 1020 5649 eo
1051 5587 1223 5668 quod
1251 5586 1336 5647 ibi
1366 5586 1716 5667 specialiter

3234 431 3355 500 219

1793 553 2017 627 arguat
2034 547 2380 621 Calvinum,
2414 556 2477 610 et
2516 547 2598 608 ab
2630 548 2765 627 ejus
2788 545 3115 609 calumniis
3141 545 3353 608 Patres

1795 641 2118 705 Societatis
2169 640 2486 702 defendat.
2532 640 2821 703 Calvinus
2872 639 3041 702 enlm
3082 639 3353 702 Jesuitas

1793 734 2161 814 Pelagianos
2190 734 2508 814 appellare
2540 733 2881 806 consuevit,
2907 741 2981 795 e‘o'
3006 733 3176 813 quod
3200 734 3355 814 phy-

1792 826 1987 892 sicam
2012 827 2729 908 praedeterminationem
2764 827 3097 888 voluntatis
3126 845 3356 907 perne-

1793 925 2038 1001 garent,
2102 939 2181 982 ex
2244 939 2371 1000 qua
2423 920 2609 1002 plane
2666 919 2963 982 videbant
3016 921 3193 1001 sequi
3244 939 3355 983 ne-

1795 1015 2148 1076 cessitatem
2208 1011 2628 1075 humanarum
2707 1010 3025 1076 actionum
3086 1013 3351 1076 libertati

1791 1114 2274 1188 repugnantem,
2304 1125 2494 1186 quam
2517 1109 2651 1187 ipse
2678 1107 2968 1169 Calvinus
2996 1106 3356 1169 introduce-

1791 1219 1860 1262 re
1893 1202 2203 1263 studebat.
2256 1202 2443 1264 Paiva
2470 1202 2662 1281 igitur
2702 1201 2973 1263 ostendit
3004 1202 3351 1275 Calvinum,

1793 1299 1862 1356 ut
1889 1311 2074 1355 suum
2105 1311 2382 1357 errorem
2427 1294 2815 1367 defenderet,
2850 1294 3041 1355 alium
3066 1295 3215 1356 viris
3242 1295 3358 1356 Ca-

1791 1388 2038 1450 tholicis
2095 1388 2465 1469 imposuisse
2534 1388 2669 1449 sine
2721 1387 2847 1450 ullo
2903 1388 3313 1450 fundamento
3334 1433 3349 1462 ,

1792 1481 1939 1560 quia
1990 1481 2069 1542 ad
2122 1481 2569 1561 perfectionem
2616 1487 2677 1542 et
2732 1481 3074 1544 efficaciam
3127 1480 3351 1542 divinae

1794 1577 2007 1656 gratiae
2046 1593 2175 1636 non
2204 1577 2475 1656 pertinet
2501 1575 2769 1637 liberum
2798 1574 3123 1637 arbitrium
3154 1575 3352 1656 ligare

1792 1669 1882 1748 (ut
1913 1669 2047 1750 ipse
2100 1669 2421 1749 loquitur),
2470 1687 2585 1732 seu
2632 1667 2887 1749 physice
2935 1667 3355 1749 praedetermi-

1790 1779 1965 1837 nare,
2000 1761 2169 1840 quod
2192 1761 2359 1823 idem
2390 1769 2517 1834 est,
2548 1761 2661 1824 sed
2680 1780 3057 1842 praeparare,
3082 1762 3353 1826 excitare

1793 1861 1855 1918 et
1885 1857 2183 1937 adjuvare
2212 1875 2227 1930 ;
2263 1858 2384 1918 hoc
2414 1857 2579 1919 enim
2608 1858 2917 1937 posterius
2958 1857 3023 1920 in
3066 1857 3131 1920 S.
3161 1857 3357 1919 Patri-

1790 1951 1910 2012 bus
1948 1951 2239 2030 legimuS,
2280 1968 2406 2012 non
2464 1969 2614 2012 vero
2670 1951 2825 2012 illud
2870 1951 3064 2031 prius.
3114 1950 3351 2012 Eadem

1793 2045 2103 2106 sententia
2142 2044 2303 2105 sumi
2343 2050 2547 2124 potest
2590 2063 2667 2106 ex
2710 2045 2964 2106 Altonso
3000 2046 3079 2106 de
3112 2046 3349 2118 Castro,

1792 2143 2009 2200 contra
2040 2139 2343 2210 Haereses,
2366 2138 2537 2199 verb.
2562 2137 2793 2212 Gratia,
2827 2138 2981 2200 haer.
3014 2143 3070 2212 1,
3092 2144 3155 2200 et
3174 2140 3349 2200 verb.

1792 2231 2091 2304 LibertaS,
2140 2232 2292 2291 haer.
2348 2234 2406 2303 1,
2443 2230 2508 2290 in
2537 2235 2842 2310 quantum
2894 2249 3060 2311 saepe
3092 2230 3241 2293 dicit
3290 2231 3352 2291 in

1794 2325 2065 2386 hominis
2094 2327 2399 2403 potestate
2420 2322 2689 2404 positum
2723 2343 2861 2386 esse
2882 2327 3081 2386 Deum
3104 2325 3356 2386 trahen-

1795 2425 1921 2480 tem
1946 2417 2146 2496 sequi‚
2173 2417 2362 2478 antei
2388 2418 2714 2490 resistere3
2740 2424 2799 2478 et
2824 2435 2900 2479 ex
2919 2418 3090 2497 Vega
3117 2417 3354 2497 (quam-

1793 2512 1886 2572 vis
1917 2512 2115 2572 soleat
2147 2513 2213 2571 in
2254 2512 2638 2572 contrarium
2668 2511 2889 2590 citari),
2923 2511 3029 2571 lib.
3063 2512 3102 2572 6
3141 2512 3205 2571 in
3224 2510 3357 2571 Tn-

1795 2605 1994 2677 dent.,
2028 2603 2213 2682 capit.
2244 2606 2305 2676 4,
2336 2621 2527 2683 quem
2568 2604 2778 2664 locum
2828 2621 3016 2682 supra
3064 2603 3352 2683 explicui,

1793 2697 1901 2759 lib.
1943 2700 2001 2773 1,
2034 2715 2171 2777 cap.
2196 2699 2307 2770 {43
2341 2698 2444 2759 hic
2472 2716 2623 2777 ergo
2644 2699 2897 2770 Auctor,
2922 2697 3101 2769 ibid„
3128 2715 3265 2776 cap.
3292 2700 3353 2770 7,

1793 2791 1980 2852 docet
2028 2790 2326 2851 auxilium
2357 2791 2852 2870 supernaturale,
2900 2790 3071 2869 quod
3098 2795 3193 2852 est
3242 2809 3357 2868 per

1792 2883 2052 2946 modum
2077 2901 2440 2958 concursus,
2478 2885 2648 2964 quod
2676 2885 2809 2964 ipse
2838 2889 3023 2946 vocat
3057 2884 3357 2945 auxilium

1792 2979 2063 3058 speciale
2094 2994 2219 3058 quo
2261 2977 2632 3058 adjuvamur
2660 2977 2741 3039 ad
2780 2984 2955 3040 actus
2984 2983 3357 3057 supernatu-

1779 3063 1977 3148 'raleS,
2010 3073 2130 3135 boc
2171 3073 2477 3153 (inquam)
2508 3071 2807 3133 auxilium
2852 3072 2937 3135 ita
2978 3089 3114 3135 esse
3144 3071 3209 3132 in
3242 3089 3357 3152 po-

1791 3174 2014 3229 testate
2058 3172 2298 3241 nostra,
2350 3168 2509 3229 sicut
2560 3166 2861 3228 auxilium
2913 3167 3205 3247 generale
3244 3184 3358 3247 per

1795 3279 2167 3323 concursum
2192 3260 2612 3323 universalem
2636 3282 2651 3335 ;
2683 3266 2745 3322 et
2770 3261 2891 3322 hoc
2916 3260 3224 3322 existimat
3250 3278 3357 3321 ne-

1795 3355 2161 3429 cessarium,
2210 3360 2281 3416 ut
2308 3355 2632 3416 conversio
2682 3354 2746 3415 in
2777 3354 2977 3415 Deum
3003 3401 3018 3428 ,
3060 3354 3161 3415 vel
3198 3354 3355 3415 alius

1793 3452 1968 3509 actus
2020 3446 2513 3527 supernaturalis
2552 3446 2913 3509 immediate
2964 3446 3161 3526 possit
3210 3446 3359 3507 sub-

1795 3558 1932 3603 esse
1972 3542 2257 3620 potestati
2321 3539 2631 3612 hominis;
2674 3540 2737 3601 in
2782 3557 2907 3619 quo
2936 3539 3123 3618 plane
3173 3537 3358 3599 docet

1792 3640 2070 3695 nostram
2116 3635 2489 3695 sententiam
2519 3653 2534 3706 3
2565 3634 2687 3694 hoc
2716 3634 2883 3693 enim
2914 3638 3009 3693 est
3046 3630 3215 3711 quod
3264 3630 3359 3690 in-

1791 3724 2143 3799 tendimuS,
2200 3726 2464 3800 scilicet,
2515 3726 2716 3805 posita
2758 3725 2821 3785 in
2870 3726 3125 3786 homine
3187 3724 3360 3785 suffi-

1793 3818 1995 3880 ciente
2024 3819 2416 3893 excitatione,
2448 3825 2511 3881 et
2538 3818 2835 3881 facultate
2864 3819 2927 3879 in
2956 3825 3097 3881 actu
3127 3817 3355 3899 primo,

1795 3930 1933 3974 esse
1963 3912 2025 3973 in
2050 3918 2359 3991 potestate
2402 3912 2538 3993 ejus
2576 3913 2812 3975 habere
2840 3928 3212 3973 concursum
3254 3930 3359 3972 ac-

1793 4006 2031 4068 tualem
2075 4005 2308 4086 gratiae,
2340 4024 2458 4067 nec
2496 4020 2683 4085 posse
2711 4006 2891 4067 aliter
2914 4004 3177 4084 intelligi
3208 4022 3359 4084 quo-

1793 4099 1984 4160 modo
2024 4098 2303 4178 operatio
2342 4100 2623 4179 proxime
2666 4098 2746 4159 sit
2801 4099 2865 4159 in
2912 4094 3217 4177 potestate
3244 4098 3360 4158 ho-

1793 4192 2018 4264 minis3
2056 4196 2118 4254 et
2154 4210 2291 4271 cap.
2323 4194 2385 4265 8,
2421 4192 2597 4272 ponit
2632 4192 2965 4254 discrimen
2995 4192 3159 4251 inter
3194 4190 3359 4252 exci-

1793 4290 2031 4345 tantem
2062 4291 2124 4346 et
2156 4285 2557 4365 adjuvantem
2588 4281 2875 4365 gratiam,
2908 4285 3075 4363 quod
3099 4282 3204 4344 illa
3230 4302 3360 4345 non

1795 4378 2077 4457 subjacet
2118 4379 2407 4458 potestati
2436 4384 2687 4452 nostrae,
2724 4378 2803 4439 de
2852 4378 2972 4437 hac
3012 4394 3167 4438 vero
3211 4376 3360 4438 sub-
3470 4404 3487 4411 ·

1795 4472 1882 4533 dit
1913 4470 2119 4534 :Sunt
2144 4474 2359 4535 etenim
2388 4476 2446 4535 et
2470 4490 2545 4534 ece
2562 4478 2747 4555 parte
2776 4488 2815 4535 a
2840 4468 3031 4543 nobis,
3059 4475 3117 4533 et
3135 4472 3362 4532 nostra·

1794 4563 2061 4628 libertati
2116 4581 2349 4647 semper
2388 4566 2721 4645 subjacent,
2760 4580 2894 4647 qna.»
2937 4581 3053 4646 per
3088 4563 3360 4646 qratiam

1796 4658 2186 4737 adjuvantem
2219 4660 2383 4721 Dens
2423 4660 2491 4721 in
2542 4657 2710 4721 nobis
2752 4658 2937 4736 facin
2976 4662 3037 4718 et
3070 4654 3229 4718 libro
3258 4657 3355 4730 13,

1797 4750 1981 4831 capit.
2016 4752 2115 4823 13,
2162 4748 2311 4814 dicit
2362 4750 2661 4811 auxillum
2708 4751 2928 4813 efficax
2958 4768 3095 4811 esse
3138 4749 3201 4809 in
3249 4766 3363 4829 po-

1795 4848 2021 4906 testate
2061 4844 2428 4923 peccatoris.
2480 4845 2657 4917 Quod
2698 4845 2872 4906 nullo
2926 4842 3117 4929 modo
3151 4846 3365 4923 posset

1798 4954 1936 4999 esse
1986 4956 2204 4998 verum
2233 4982 2249 5009 ,
2304 4938 2353 4997 si
2398 4937 2525 4999 tale
2560 4938 2860 4998 auxilium
2888 4936 3255 4999 consisteret
3296 4935 3361 4995 in

1797 5028 2451 5109 prae-determinatione
2484 5031 2741 5105 efficaci,
2798 5036 2869 5092 ut
2922 5045 3110 5111 supra
3154 5034 3364 5091 osten-

1799 5140 1938 5183 sum
1972 5128 2086 5185 est.
2120 5124 2338 5185 Posset
2374 5126 2584 5185 autem
2616 5123 2837 5203 aliquis
2861 5124 3102 5184 hoerere
3134 5120 3199 5181 in
3229 5120 3360 5200 qui-

1797 5216 2069 5277 busdam
2114 5218 2322 5278 verbis
2356 5218 2545 5297 hujus
2588 5217 2882 5289 auctoris,
2920 5216 3027 5279 lib.
3058 5220 3098 5278 6
3126 5216 3189 5276 in
3232 5214 3360 5277 Tri-

1796 5309 1996 5383 dent.,
2030 5310 2213 5390 capit.
2252 5311 2313 5383 6,
2356 5309 2464 5371 ubi
2494 5311 2580 5372 sic
2608 5310 2812 5390 inquit
2854 5326 2869 5371 :
2906 5308 3362 5373 Excitatnam-

1795 5420 1902 5483 que
1919 5405 2083 5466 Dens
2104 5404 2411 5467 vocatio-ne
2436 5421 2553 5467 saa
2581 5410 2795 5467 sancta
2816 5408 2875 5467 et
2892 5402 3353 5476 illuminatione,

1793 5503 1865 5559 at
1891 5514 2215 5581 surgamus
2250 5516 2289 5561 a
2310 5502 2571 5579 peceato.
2606 5498 2818 5577 Neque
2846 5500 3159 5560 contentus
3196 5496 3360 5559 emei-

1795 5594 1946 5664 tare,
1980 5592 2239 5672 quadam
2264 5590 2431 5653 nobie
2464 5592 2678 5671 iqnota
2716 5608 2845 5653 eme
2871 5588 3124 5653 virtutis
3156 5586 3361 5671 appli-
