3850 6225
760 386 893 438 cAP.
929 387 1059 439 xxl.
1095 385 1485 439 occunmwn
1518 384 1681 437 ALnS
1712 382 2182 435 OBJECTIONlBUS
2215 382 2476 445 CONTRA.
2511 384 2646 435 mc.

154 488 493 547 voluntatem
532 502 657 545 non
695 482 887 544 habet
926 502 1003 543 ex
1041 483 1173 544 sola
1203 502 1317 545 sua
1344 484 1661 557 libertate3

158 599 299 659 erge,
331 578 488 657 quod
526 578 703 637 aliter
734 595 801 639 se
846 577 1079 637 habeat
1124 594 1251 639 non
1295 583 1495 637 estex
1536 577 1671 637 sola

158 694 247 737 sua
276 672 561 743 libertate,
588 670 701 730 sed
724 688 801 731 ex
826 670 931 729 illa
959 688 1103 729 cum
1132 671 1331 748 gratia
1360 670 1493 731 Dei.
1522 671 1669 731 Dico

158 772 333 829 autem
359 763 707 842 simpliciter
730 768 793 824 et
818 763 1132 837 absolute,
1164 764 1389 842 primo,
1418 764 1565 842 quia
1594 781 1673 825 ex

157 858 531 939 suppositione
565 863 627 917 et
662 856 841 937 juxta
886 856 1281 935 subjunctam
1317 857 1666 927 materiam,

158 962 207 1017 et
240 954 419 1013 solum
456 952 797 1029 respective
844 950 1183 1029 loquendo,
1216 956 1421 1029 potest
1448 951 1555 1011 illa
1584 950 1671 1011 lo-

157 1049 289 1109 cutio
317 1065 349 1105 a
374 1044 633 1105 falsitate
665 1046 981 1117 excusari3
1005 1048 1095 1117 ut,
1123 1043 1173 1105 si
1194 1046 1331 1123 jam
1352 1062 1670 1123 suppona-

156 1150 236 1203 tur
264 1139 443 1219 gratia
488 1137 825 1210 sufficienS,
872 1144 933 1199 et
967 1138 1137 1217 quod
1184 1137 1469 1199 voluntas
1517 1137 1671 1197 nihil

156 1240 327 1315 potest
366 1233 917 1311 supernaturaliter
964 1232 1231 1311 operari,
1280 1232 1397 1293 nisi
1450 1249 1673 1310 coope-

153 1330 299 1389 rante
334 1325 545 1404 gratia,
578 1330 643 1387 et
680 1324 851 1402 quod
889 1326 1025 1386 haec
1058 1326 1413 1405 cooperatio
1456 1323 1671 1405 gratiae

155 1442 213 1483 ex
237 1439 315 1493 se,
338 1436 445 1481 seu
470 1436 545 1479 ex
575 1426 755 1497 parte
784 1420 895 1479 Dei
922 1426 1271 1499 praeparata
1300 1425 1415 1494 est,
1442 1418 1495 1479 si
1523 1418 1674 1477 libe-

153 1532 267 1576 rum
304 1512 614 1575 arbitrium
660 1530 843 1573 suam
892 1512 1401 1591 cooperationem
1456 1510 1672 1588 adjun-

152 1614 257 1688 gat,
299 1612 435 1667 tunc
482 1606 725 1665 clarum
780 1612 897 1674 est,
932 1606 997 1665 in
1048 1624 1199 1667 vero
1252 1610 1314 1666 et
1359 1603 1673 1667 Catholico

153 1721 329 1773 sensu,
350 1718 457 1778 pro
484 1700 617 1759 sola
641 1699 927 1759 libertate
950 1700 1120 1759 hunc
1148 1697 1427 1770 credere,
1456 1715 1675 1776 quam-

150 1797 223 1855 vis
246 1794 384 1855 alter
422 1812 545 1853 non
590 1793 835 1865 credat;
866 1798 996 1855 tum
1026 1791 1169 1871 quia
1202 1792 1264 1851 in
1294 1797 1424 1853 toto
1466 1790 1673 1870 rigore

151 1889 301 1949 dictio
338 1886 645 1947 exclusiva
686 1904 813 1947 non
860 1884 1134 1947 excludit
1164 1884 1667 1955 concomitantia,

148 1981 445 2061 praesertim
476 1978 735 2058 quando
754 1980 889 2057 jam
922 1986 1357 2058 supponuntur
1386 1996 1673 2039 necessa-

146 2077 249 2145 ria;
276 2080 395 2134 tum
418 2073 613 2135 etiam
643 2072 789 2151 quia
818 2079 1062 2135 constat
1104 2073 1187 2133 ibi
1234 2078 1478 2135 tantum
1524 2072 1669 2133 addi

148 2168 211 2227 ad
246 2166 683 2227 excludendam
718 2184 945 2227 novam
985 2165 1461 2245 praemetionem
1495 2184 1573 2225 ex
1602 2182 1669 2225 se

145 2261 627 2321 determinantem
658 2258 1064 2331 voluntatem,
1092 2264 1201 2319 aut
1228 2260 1433 2337 potius
1458 2276 1672 2319 neces-

146 2354 354 2413 sitatem
396 2353 483 2413 illi
532 2352 937 2425 inferentem3
996 2358 1057 2413 et
1108 2352 1191 2413 ad
1240 2351 1672 2413 denotandum

143 2446 509 2519 voluntatem,
556 2447 807 2507 ratione
850 2462 981 2505 suae
1030 2446 1371 2517 libertatis,
1420 2464 1559 2507 csse
1606 2446 1673 2505 in

144 2559 235 2599 suo
272 2558 489 2619 genere
516 2556 781 2599 causam
809 2540 1125 2617 propriam
1156 2557 1281 2599 suae
1309 2537 1519 2599 liberoe
1564 2537 1673 2599 de-

142 2632 583 2705 terminationiS,
616 2632 903 2710 quamvis
941 2632 1074 2693 sine
1108 2650 1413 2693 concursu
1454 2632 1669 2713 gratiae

146 2744 261 2785 eam
288 2726 523 2787 efficere
562 2744 698 2785 non
726 2726 942 2803 possit.
975 2725 1050 2785 Et
1088 2725 1153 2785 in
1198 2725 1319 2787 hoc
1362 2744 1551 2787 sensu
1583 2726 1674 2786 lo-

147 2820 245 2879 cuti
304 2826 441 2881 sunt
502 2822 799 2879 auctores
864 2818 1178 2878 Catholici.
1242 2818 1419 2880 Adde
1486 2819 1674 2879 etiam

147 2912 305 2989 quod,
337 2912 475 2972 licet
514 2917 719 2983 actus,
752 2916 821 2969 ut
850 2910 1339 2988 supernaturalis
1376 2917 1490 2985 est,
1526 2912 1602 2971 sit
1636 2930 1672 2971 a

146 3008 253 3065 Deo
278 3005 729 3083 principaliter,
768 3010 1005 3071 tamen,
1034 3010 1104 3064 ut
1148 3011 1244 3065 est
1274 3004 1455 3077 liber,
1485 3005 1675 3067 habet

147 3100 283 3160 hanc
311 3097 893 3161 determinationem
924 3118 958 3160 a
990 3098 1121 3160 solo
1154 3098 1347 3162 libero
1372 3100 1623 3161 arbitrio
1653 3120 1669 3175 ;

146 3194 279 3254 sicut
302 3200 493 3266 acme,
518 3199 591 3254 ut
617 3192 845 3263 vitalis»,
873 3192 1063 3254 habet
1102 3194 1265 3254 hanc
1298 3193 1678 3255 determina-

146 3288 349 3348 tionem
374 3305 452 3348 ex
474 3285 783 3365 peculiari
826 3285 1187 3347 habitudine
1216 3285 1299 3346 ad
1332 3287 1675 3364 potentiam

144 3379 381 3440 vitalem.

672 3593 923 3655 CAPUT
960 3593 1115 3652 XXI.

146 3824 467 3871 OCCURRITUR
498 3823 653 3870 auls
689 3821 1133 3868 oBJEGTIONmUs
1169 3821 1397 3868 CONTRA
1438 3821 1675 3868 nocuu-

483 3919 615 3964 ΚΑΜ
658 3917 993 3963 summor-ts
1048 3915 1295 3962 uAmTIS.

218 4134 267 4190 t.
296 4131 456 4194 B'nm
492 4131 601 4212 qui
642 4126 941 4192 consentit
966 4129 1229 4209 recipere
1254 4129 1459 4206 majm
1500 4128 1677 4190 auxi-

149 4224 297 4294 lium,
326 4226 523 4287 docent
550 4219 749 4304 aliqui
781 4267 794 4282 .
828 4255 907 4267 --
942 4221 1105 4295 Quid
1126 4221 1379 4302 probent
1411 4219 1678 4284 testimo-

150 4315 237 4378 nia
256 4335 379 4398 quoe
401 4335 513 4398 pro
538 4335 603 4379 se
640 4319 919 4396 afferunt
942 4317 1009 4378 Iti
1035 4316 1343 4378 Doctores.
1374 4345 1456 4359 —
1484 4315 1683 4394 Caput

152 4411 249 4472 hoc
273 4410 551 4490 praesenti
586 4409 761 4489 operi
806 4407 1152 4488 adjungere
1196 4409 1397 4469 visum
1442 4413 1558 4480 est,
1604 4428 1681 4470 eo

150 4505 295 4582 quod
319 4503 957 4566 denuointellexerim
998 4502 1215 4562 doctos
1238 4501 1483 4580 aliquos
1525 4503 1683 4564 Scri-

150 4603 333 4671 ptores
356 4598 711 4676 Theologos
734 4641 749 4668 ,
794 4597 903 4674 qui
934 4595 1259 4656 nobiscum
1288 4595 1494 4672 reipsa
1547 4595 1681 4656 fere

154 4691 497 4752 conveniunt
540 4691 608 4749 in
659 4687 1027 4767 explicanda
1072 4688 1311 4750 ratione
1364 4687 1577 4765 gratioe
1622 4690 1683 4748 et

154 4783 459 4844 vocationis
486 4783 785 4852 efficacia,
810 4782 1015 4842 adhuc
1048 4787 1257 4842 tamen
1284 4781 1450 4840 circa
1479 4799 1682 4859 quaes-

154 4873 359 4936 tionem
402 4883 633 4938 tactam
682 4877 745 4936 in
804 4874 1109 4953 superiori
1158 4874 1358 4953 capite
1406 4893 1441 4932 a
1499 4874 1681 4934 nobis

156 4965 449 5046 dissidere,
492 4970 558 5030 in
592 4969 777 5029 modo
796 4967 1095 5046 loquendi
1120 4967 1354 5038 nesci0,
1380 4986 1461 5026 an
1492 4966 1679 5027 etiam

156 5057 207 5118 in
232 5078 313 5121 re.
350 5061 579 5124 Volunt
628 5063 799 5122 enim
839 5079 1007 5133 eum,
1059 5059 1165 5138 qui
1206 5061 1513 5122 vocationi
1540 5079 1683 5121 con-

156 5155 335 5226 sentit,
365 5173 616 5234 semper
640 5156 919 5234 recipere
949 5173 983 5213 a
1014 5155 1143 5214 Deo
1188 5154 1251 5214 in
1292 5155 1559 5233 ipsamet
1580 5172 1685 5214 vo-

156 5249 393 5325 catione,
421 5269 551 5312 non
586 5251 789 5312 solum
830 5250 1135 5328 majorem
1172 5249 1461 5328 gratiam,
1494 5250 1685 5310 mise-

156 5339 491 5414 ricordiam,
548 5350 611 5404 et
645 5342 1055 5419 beneficium3
1106 5342 1220 5402 sed
1264 5343 1451 5403 etiam
1478 5343 1682 5420 majus

158 5435 425 5498 auxilium
461 5437 735 5498 excitans
774 5436 1211 5516 majoremque
1252 5435 1681 5508 vocationem;

160 5525 447 5609 citantque
489 5530 551 5591 in
596 5548 733 5592 eam
782 5529 1157 5592 sententiam
1200 5528 1544 5603 Ruardum,
1588 5547 1683 5590 ar-

3191 375 3312 437 283

1746 483 1849 543 tic.
1883 487 1944 556 7,
1975 492 2116 563 post
2141 482 2450 545 decimam
2473 482 2962 563 propositionem
2989 499 3004 553 ς
3039 488 3104 542 et
3137 481 3312 542 Drie-

1749 578 2006 649 donem,
2037 577 2116 639 de
2150 578 2512 657 captivitate
2544 581 2604 638 et
2639 575 3092 653 Redemptione
3123 592 3311 653 gene-

1750 672 1837 731 ris
1872 672 2153 742 humani,
2183 676 2365 732 tract.
2402 675 2464 743 4,
2509 689 2648 749 cap.
2695 672 2753 730 5.
2806 670 3011 747 Atque
3057 670 3140 729 ad
3191 670 3312 729 hoc

1753 763 2262 841 persuadendum
2314 767 2659 843 congerunt
2707 761 2904 822 multa
2959 761 3314 822 testimonia

1753 856 2084 936 Scripturoe
2141 876 2336 919 sacrae
2391 863 2454 918 et
2507 858 2911 927 Sanctorum,
2963 855 3312 934 praesertim

1752 952 2104 1031 Augustini,
2135 970 2276 1031 quae
2321 971 2492 1013 nunc
2529 968 3023 1013 commemorare
3063 950 3164 1011 vel
3207 968 3316 1010 ex-

1750 1047 1981 1126 plicare
2023 1046 2442 1107 necessarium
2492 1064 2618 1105 non
2661 1044 2959 1123 judicavi,
3005 1062 3152 1103 nam
3179 1043 3312 1104 fere

1752 1138 1962 1199 omnia
1986 1156 2063 1200 ex
2090 1139 2370 1217 professo
2397 1142 2659 1201 tractata
2687 1144 2836 1224 sunt.
2861 1156 2898 1197 a
2922 1137 3104 1197 nobis
3131 1155 3314 1216 supe·

1751 1232 1905 1305 rina,
1939 1250 2077 1311 cap.
2105 1236 2174 1293 11
2209 1238 2270 1292 et
2296 1236 2392 1293 14.
2413 1234 2488 1293 Et
2518 1237 2664 1292 sunt
2693 1231 2946 1310 quidem
2975 1232 3207 1308 optima
3232 1229 3314 1291 ad

1754 1325 2151 1405 probandum
2207 1325 2430 1386 efficax
2482 1324 2780 1385 auxilium
2835 1326 3047 1404 gratiae
3101 1324 3314 1403 (juxta

1754 1424 2036 1479 mentem
2064 1412 2415 1499 Augustini,
2457 1426 2518 1479 et
2559 1420 2888 1498 Scripturas
2916 1417 3316 1497 significatio-

1753 1514 1938 1591 nem)
1975 1530 2104 1573 non
2154 1513 2356 1574 solum
2384 1512 2748 1591 ponendum
2792 1528 2930 1573 esse
2977 1511 3042 1571 in
3091 1529 3316 1591 coope-

1752 1609 1932 1667 rante
1963 1605 2186 1685 gratia,
2221 1605 2332 1666 sed
2365 1606 2551 1667 etiam
2581 1606 2644 1665 in
2671 1605 2938 1683 ipsamet
2963 1604 3314 1678 vocatione,

1754 1717 1895 1778 quae
1922 1718 2002 1761 ex
2021 1700 2318 1779 peculiari
2347 1699 2769 1761 misericordia
2793 1698 2902 1758 Dei
2935 1696 3312 1776 quibusdam

1754 1811 2032 1873 congrua
2061 1800 2124 1854 ct
2151 1794 2372 1855 efficax
2421 1792 2628 1866 datur,
2663 1798 2724 1853 et
2775 1810 2903 1853 non
2947 1791 3112 1864 aliis;
3145 1790 3317 1869 quod

1751 1888 2020 1966 pertinet
2081 1886 2162 1947 ad
2221 1886 2556 1966 specialem
2608 1886 2872 1963 gratiam
2933 1884 3314 1956 electorum,

1752 1998 1942 2060 quam
1969 1981 2134 2041 Deus
2163 1981 2295 2041 sola
2325 1998 2440 2039 sua
2481 1980 2800 2039 voluntate
2851 1977 3111 2050 confert,
3139 1978 3314 2056 juxta

1750 2074 1903 2134 illud
1936 2092 1950 2133 :
1989 2072 2178 2152 Cuius
2200 2074 2335 2136 vult
2354 2073 2692 2147 miseretur,
2721 2076 2779 2135 et
2795 2090 2966 2151 quem
2987 2072 3118 2133 vult
3139 2071 3320 2133 indu-

1749 2173 1877 2241 rat,
1924 2184 2066 2228 cum
2123 2166 2448 2237 similibuS,
2495 2183 2632 2244 quae
2683 2163 2750 2225 in
2805 2164 2974 2225 hunc
3021 2162 3312 2225 eumdem

1753 2278 2010 2321 sensum
2034 2260 2362 2321 referenda
2395 2265 2557 2319 suut.
2593 2259 2794 2337 Atque
2820 2257 2904 2318 ita
2946 2274 3022 2318 ex
3062 2256 3182 2318 illis
3208 2274 3318 2333 op-

1752 2354 1900 2415 time
1945 2354 2246 2432 probatur
2288 2370 2456 2425 eum,
2503 2352 2612 2432 qui
2655 2368 2998 2430 congruam
3043 2349 3316 2411 vocatio-

1751 2466 1897 2507 nem
1936 2447 2179 2525 accipit,
2224 2446 2430 2526 majus
2475 2445 2853 2507 beneficium
2879 2444 3312 2522 maj0remque

1753 2542 2018 2620 gratiam
2055 2560 2092 2601 a
2117 2542 2244 2601 Deo
2273 2540 2558 2619 accipere
2587 2545 2842 2618 propter
2869 2538 3068 2598 dictas
3103 2554 3314 2597 mora·

1752 2632 1845 2691 les
1874 2632 2440 2709 considerationes3
2489 2632 2744 2704 scilicet,
2793 2632 2940 2710 quia
2981 2648 3057 2690 ex
3093 2627 3314 2707 majori

1754 2726 2072 2787 voluntate
2101 2734 2164 2787 et
2187 2745 2424 2800 amore,
2459 2732 2522 2787 et
2550 2744 2694 2787 cum
2725 2724 2944 2804 majori
2977 2722 3320 2784 commodi-

1756 2825 1881 2881 tate
1908 2826 1970 2880 et
2000 2820 2286 2895 utilitate,
2311 2840 2348 2880 a
2369 2822 2498 2881 Deo
2528 2821 2690 2881 bene
2721 2818 3102 2898 praecognita
3133 2824 3195 2877 et
3225 2816 3318 2876 in-

1756 2918 1949 2985 tenta,
1983 2915 2320 2975 confertur.
2343 2916 2456 2975 -Est
2486 2914 2654 2975 enim
2675 2913 2933 2973 evidens
2957 2911 3215 2984 donum,
3251 2910 3317 2970 in

1754 3006 1996 3085 rati-one
2051 3007 2197 3067 doni
2249 3013 2358 3067 aut
2403 3006 2716 3077 beneficii,
2775 3005 3059 3085 quamvis
3097 3004 3160 3063 in
3205 3021 3318 3063 sua

1758 3100 2012 3162 entitate
2047 3119 2174 3161 non
2215 3101 2294 3161 sit
2335 3102 2574 3181 majuS,
2605 3101 2732 3162 imo
2778 3100 2924 3161 licet
2958 3100 3038 3160 sit
3081 3097 3314 3170 minu5‚

1758 3194 2104 3254 secundum
2148 3195 2622 3256 aestimationem
2677 3193 2980 3256 moralem
3037 3207 3318 3252 crescere

1758 3307 1837 3348 ex
1887 3288 2200 3366 praedictis
2253 3289 2755 3362 circumstantiiS‚
2812 3295 2948 3349 tum
3009 3305 3083 3348 ex
3141 3290 3320 3365 parto

1757 3381 1986 3456 danti5‚
2012 3388 2148 3442 tum
2183 3401 2261 3444 ex
2298 3389 2476 3463 parte
2506 3381 2886 3461 recipientia,
2929 3387 2993 3442 et
3023 3398 3101 3442 ex
3138 3397 3322 3440 occa-

1758 3473 1932 3535 sione
1963 3479 2024 3536 et
2049 3477 2510 3555 opportunitate
2535 3475 2600 3535 in
2641 3493 2768 3554 qua
2809 3475 2996 3536 datur
3027 3493 3042 3533 ι
3075 3477 3322 3535 constat

1755 3573 1970 3628 autem
2011 3585 2086 3630 ex
2125 3568 2326 3642 dictis,
2363 3571 2476 3630 has
2519 3569 3020 3630 circumstantias
3061 3568 3322 3628 interce-

1758 3661 1909 3721 dere
1939 3661 2004 3721 in
2042 3662 2161 3723 hoc
2193 3662 2359 3724 dono
2399 3663 2742 3725 vocationis
2785 3679 3097 3743 congruae.
3130 3663 3320 3721 Recte

1755 3752 1946 3832 igitur
1993 3754 2114 3814 illis
2179 3756 2552 3818 testimoniis
2603 3757 2903 3836 probatur
2957 3756 3122 3815 hanc
3182 3769 3320 3814 esse

1756 3845 2064 3924 majorem
2104 3849 2370 3927 gratiam
2401 3857 2462 3911 et
2491 3849 3004 3912 misericordiam.
3049 3847 3324 3919 Quomo-

1758 3938 1839 3998 do
1880 3945 2092 4000 autem
2118 3941 2222 4002 illa
2255 3943 2612 4005 testimonia
2648 3943 2917 4023 probent
2953 3959 3092 4002 esse
3135 3941 3322 4000 etiam

1757 4035 2064 4112 majorem
2087 4037 2478 4098 vocationem
2499 4039 2596 4099 vel
2619 4037 2939 4109 auxilium,
2963 4053 3092 4095 non
3113 4033 3318 4106 video,

1760 4127 1904 4205 quia
1935 4145 2142 4206 neque
2171 4129 2516 4190 soi-maliter
2541 4130 2606 4191 id
2629 4130 2846 4191 dicunt
2866 4175 2881 4202 ,
2911 4145 3118 4205 neque
3135 4144 3213 4188 ex
3229 4127 3326 4186 his

1759 4239 1897 4300 quae
1926 4219 2142 4282 dicunt
2183 4229 2352 4282 recte
2385 4222 2593 4283 inferri
2633 4229 2858 4303 potest,
2895 4226 2963 4283 ut
2992 4217 3321 4280 ostendam

1766 4333 1843 4374 ex
1870 4315 2134 4375 aliarum
2163 4316 2474 4404 ratipnum
2505 4307 2936 4377 solutionibus.

1845 4409 1906 4467 Ξ.
1953 4408 2173 4470 Prima
2209 4409 2458 4471 illorum
2507 4411 2690 4472 ratio.
2719 4441 2802 4454 —-
2833 4409 3092 4469 Ratione
3137 4407 3327 4486 igitur

1764 4502 2187 4579 argumentari
2228 4519 2602 4580 possumus:
2637 4501 2862 4582 primo,
2895 4500 3042 4582 quia
3083 4499 3325 4561 vocatio

1763 4592 1999 4672 aliquid
2024 4595 2338 4672 peculiare
2367 4596 2560 4656 habet
2597 4611 2849 4673 semper
2878 4613 2954 4654 ex
2982 4597 3158 4673 parte
3187 4593 3322 4663 Dei,

1760 4687 1827 4745 in
1860 4705 1936 4746 eo
1965 4688 2071 4766 qui
2101 4690 2431 4765 consentit,
2472 4691 2640 4768 quod
2669 4707 2796 4748 non
2820 4689 3012 4749 habet
3031 4688 3093 4748 in
3115 4705 3192 4750 eo
3221 4687 3324 4766 qui

1762 4797 1891 4838 non
1929 4781 2274 4854 consentit;
2317 4800 2468 4862 ergo
2498 4789 2592 4843 est
2618 4781 2978 4860 simpliciter
2994 4782 3197 4860 major
3224 4799 3350 4841 vo-·

1764 4872 1925 4932 catio
1976 4875 2310 4953 majusque
2343 4876 2663 4936 auxilium.
2707 4875 3102 4935 Antecedens
3129 4878 3323 4952 patet,

1763 4968 1911 5052 quia
1952 4967 2204 5045 quando
2233 4969 2398 5029 Deus
2425 4974 2606 5030 vocat
2641 4969 2916 5047 aliquem
2943 4972 3014 5028 ut
3062 4965 3330 5028 efficaci-

1764 5072 1859 5126 ter
1882 5065 2301 5131 convertatur‚
2332 5069 2613 5124 removet
2639 5063 2851 5124 omnia
2881 5062 3328 5142 impedimenta

1766 5175 1903 5237 quae
1963 5160 2223 5233 possunt
2274 5155 2578 5234 impedire
2621 5174 2700 5217 ne
2741 5155 3096 5216 consentiat
3148 5169 3330 5212 voca-

1764 5251 1943 5321 tioni,
1975 5257 2086 5308 aut
2113 5267 2194 5309 ne
2224 5254 2353 5309 tam
2388 5254 2624 5310 attente
2673 5255 2736 5310 et
2784 5246 3114 5309 commode
3154 5245 3328 5305 illam

1764 5343 2000 5415 audiat,
2033 5348 2141 5404 aut
2191 5362 2270 5404 ne
2327 5343 2618 5421 cogitatio
2651 5343 2770 5402 alia
2809 5341 3110 5419 insurgat,
3158 5336 3326 5416 quod

1766 5455 2144 5499 consensum
2172 5435 2475 5516 impedire
2492 5435 2695 5496 valeat
2713 5457 2730 5509 3
2763 5453 2838 5493 na
2850 5451 2910 5492 m
2927 5433 2978 5493 si
3004 5434 3164 5492 Deus
3191 5431 3327 5491 liaec

1766 5531 1976 5591 omnia
2016 5547 2144 5590 non
2175 5530 2537 5608 prteveniat‚
2573 5545 2694 5588 non
2729 5531 2934 5606 potest
2961 5543 3100 5587 esse
3131 5523 3330 5586 omni-
