3850 6225
529 411 644 471 166

605 519 666 578 2.
713 514 954 594 Dipieio
983 512 1205 577 auxilii
1250 513 1318 576 in
1349 511 1645 584 excitans,
1679 517 1735 575 et
1762 511 2083 592 adfixam.

525 608 866 670 -Omissa
911 605 1211 667 habituali
1250 606 1470 685 gratia,
1523 605 1782 665 actualis
1833 603 2089 664 ulterius

525 701 930 780 distinguitur
979 717 1055 760 ex
1095 698 1374 759 doctrina
1429 697 1684 759 Concilii
1723 695 2087 768 Tridentini,

528 813 681 855 sess,
719 797 778 867 6,
813 795 876 853 in
905 791 1282 853 excitantem
1312 797 1374 852 et
1401 790 1826 870 adjuvantem.
1861 788 2093 860 Quam·

527 888 619 948 vis
635 887 770 947 haec
791 886 1010 948 divisio
1033 885 1114 945 ita
1139 883 1441 944 declarari
1467 869 1685 960 possit,
1701 888 1774 942 ut
1791 879 2093 941 auxilium

529 982 718 1042 etiam
751 978 1092 1059 habituale,
1119 978 1247 1038 imo
1278 983 1339 1038 et
1365 975 1662 1038 auxilium.
1691 993 1807 1054 per
1833 973 2093 1033 modum

527 1091 868 1134 concursus
919 1070 1433 1150 comprehendat,
1485 1075 1554 1129 ut
1605 1068 1813 1128 statim
1859 1067 2087 1127 dicam.

528 1167 840 1226 Auxilium
871 1165 1080 1242 itaque
1104 1164 1404 1236 excitans,
1425 1163 1608 1242 juxta
1631 1166 1908 1220 mentem
1933 1158 2093 1218 Con-

528 1261 672 1333 cilii,
701 1260 854 1320 nihil
891 1258 1063 1318 aliud
1100 1263 1192 1318 est
1217 1275 1410 1334 quam
1437 1255 1694 1316 interior
1723 1253 1935 1331 aliqua
1956 1252 2095 1329 Spi-

527 1356 684 1416 ritus
736 1355 945 1416 Sancti
996 1352 1368 1413 illuminatio
1419 1356 1526 1412 aut
1576 1348 1920 1427 inspiratio,
1968 1365 2093 1426 qua

528 1450 695 1510 Deus
725 1448 924 1528 tangit
952 1466 1060 1508 cor
1093 1445 1382 1520 hominiS‚
1411 1444 1687 1524 illudque
1729 1443 1975 1514 excitat,
2027 1447 2096 1503 ut

530 1547 952 1613 convertatur,
997 1540 1097 1601 vel
1143 1541 1223 1600 ad
1259 1539 1474 1610 fidem,
1521 1538 1622 1598 vel
1673 1536 1754 1597 ad
1787 1535 2095 1614 poeuiten·

530 1635 702 1710 tiam,
731 1635 830 1695 vel
860 1635 940 1694 ad
969 1651 1248 1694 amorem
1277 1638 1384 1693 aut
1412 1630 1756 1710 quemlibet
1773 1630 1967 1688 alium
1990 1647 2095 1688 su-

527 1729 996 1807 pernaturalem
1045 1731 1252 1787 actum
1299 1723 1740 1786 exercendum.
1774 1723 1904 1782 Hoc
1944 1739 2095 1780 con-

531 1826 652 1880 stat
675 1839 750 1880 ex
771 1821 934 1881 dicto
956 1819 1248 1891 Concilio,
1282 1837 1437 1879 sess·
1465 1819 1526 1888 6,
1559 1834 1694 1894 cap.
1715 1819 1754 1876 5
1775 1815 1913 1886 et6,
1940 1821 2094 1874 etex

531 1933 669 1974 can.
691 1915 729 1972 3
761 1919 822 1974 et
843 1915 905 1982 4,
925 1913 1230 1992 inquibus
1251 1913 1369 1972 hoc
1397 1910 1718 1981 auxilium,
1743 1926 1910 1968 nunc
1938 1925 2095 1986 prae·

529 2005 888 2068 venientem
904 2006 1168 2084 Spiritus
1187 2005 1392 2066 Sancti
1409 2001 1905 2082 inspirationem,
1923 2017 2093 2060 nunc

531 2101 904 2163 excitantem
949 2101 1212 2178 gratiam
1233 2145 1248 2172 ‚
1307 2116 1473 2158 nunc
1529 2101 1760 2156 tactum
1816 2094 2097 2154 divinum

529 2215 645 2274 per
677 2194 938 2273 Spiritus
975 2196 1178 2256 Sancti
1225 2192 1766 2260 illuminationem,
1800 2207 1971 2248 nunc
2004 2188 2098 2249 di-

529 2289 740 2348 vinam
768 2289 1158 2348 vocationem
1196 2285 1489 2364 appellat.
1519 2286 1732 2362 Neque
1773 2283 1906 2340 haec
1955 2279 2097 2340 doc-

531 2381 693 2440 trina
730 2380 982 2441 Concilii
1030 2397 1192 2439 nova
1240 2385 1355 2451 est,
1389 2376 1502 2437 sed
1547 2373 1999 2454 antiquissima,
2030 2375 2097 2432 ut

531 2480 776 2534 constat
801 2492 878 2533 ex
902 2473 1173 2534 Concilio
1205 2471 1586 2533 Arausicano
1617 2470 1691 2542 11,
1721 2468 1852 2528 fere
1877 2466 1942 2526 in
1968 2483 2097 2526 om-

531 2567 716 2628 nibus
743 2567 1049 2645 capituliS,
1085 2565 1189 2626 ubi
1229 2583 1342 2644 per
1365 2565 1528 2623 hanc
1577 2561 2097 2621 illuminationem

533 2665 596 2720 et
637 2662 1106 2740 inspirationem
1147 2662 1230 2721 ait
1269 2661 1466 2718 Deum
1515 2657 1765 2718 trahere
1811 2655 2099 2714 homines

533 2753 616 2814 ad
649 2773 742 2826 se,
773 2759 834 2814 et
863 2754 1108 2832 operari
1135 2753 1196 2814 in
1228 2753 1408 2813 nobis
1439 2756 1502 2811 et
1523 2751 1680 2810 velle
1712 2755 1773 2808 et
1795 2745 2098 2826 perficere

533 2865 648 2926 pro
686 2847 856 2907 bona
901 2847 1242 2907 voluntate.
1288 2843 1466 2908 Unde
1505 2842 1873 2904 Coelestinus
1905 2841 2095 2918 Papa,

538 2940 606 2999 in
637 2939 829 3018 Epist.
869 2943 893 2999 1
945 2939 1024 2998 ad
1065 2939 1404 3017 Episcopos
1431 2936 1668 3009 Galliae,
1716 2953 1853 3013 cap.
1887 2935 1949 3006 8,
1999 2951 2100 2992 re-

531 3033 652 3094 fert
681 3032 1018 3111 quamdam
1041 3031 1380 3110 Epistolam
1405 3029 1849 3108 Episcoporum
1881 3027 2100 3086 Africae

535 3127 618 3187 ad
645 3126 962 3188 Zozimum
984 3127 1238 3204 Papam,
1263 3125 1328 3184 in
1351 3142 1474 3203 qua
1491 3121 1834 3182 laudabant
1853 3126 1914 3181 et
1942 3138 2099 3197 pon-

535 3220 844 3281 derabant
871 3220 1085 3290 verba,
1121 3236 1258 3297 quoe
1279 3218 1344 3277 in
1375 3216 1646 3295 quadam
1683 3234 1794 3273 sua
1822 3213 2097 3290 Epistola

537 3314 890 3391 scripserat,
937 3313 1191 3384 scilicet,
1237 3330 1302 3369 se
1347 3308 1646 3373 instinctu
1693 3306 1806 3370 Dei
1853 3306 1935 3366 ad
1988 3324 2097 3365 eos

534 3406 884 3485 scripsisse;
917 3406 1035 3483 ipsi
1057 3422 1204 3465 vero
1234 3404 1555 3483 inquiunt:
1583 3402 1744 3476 Quid
1769 3404 1894 3463 tam
1914 3400 2097 3462 libero

531 3500 766 3576 teci-stis
781 3498 1056 3573 arbitrie,
1088 3516 1267 3580 quam
1293 3498 1450 3579 quod
1469 3499 1754 3559 universa
1781 3496 1850 3557 in
1871 3502 2099 3559 nostroe

537 3594 907 3656 humilitatis
946 3589 1362 3656 conscientiam
1403 3588 1748 3653 retulistis?
1777 3590 1872 3651 Et
1897 3593 2099 3652 tamen

533 3686 830 3749 instinctu
853 3685 967 3748 Dei
983 3690 1211 3757 factum
1231 3702 1378 3757 esse,
1393 3684 1654 3764 fideliter
1682 3683 2101 3764 sapienterque

536 3780 802 3843 vidistis.
828 3778 971 3841 Ideo
993 3781 1223 3858 utique,
1245 3779 1390 3858 quia
1401 3780 1796 3857 proeparatur
1819 3776 2100 3837 voluntas

538 3890 579 3934 a
615 3872 901 3943 Domino,
938 3876 998 3933 ec
1031 3876 1102 3933 wc
1141 3870 1276 3933 boni
1316 3870 1551 3951 aliquid
1575 3874 1784 3949 ayant,
1817 3867 2099 3949 paternis

536 3964 1040 4045 inspirationibus
1068 3980 1315 4027 suorwm
1349 3963 1479 4043 ipse
1517 3963 1722 4044 tanyit
1751 3962 1933 4023 eorda
1952 3960 2101 4039 fide-

536 4056 709 4119 lium.
757 4058 846 4117 Ex
891 4057 1116 4135 quibus
1155 4056 1362 4118 verbis
1397 4056 1688 4134 colligere
1735 4054 1903 4127 licet,
1951 4070 2102 4132 quo-

537 4148 654 4210 ties
686 4151 1067 4228 Augustinus
1103 4149 1190 4210 ait
1239 4148 1578 4228 praeparari
1627 4146 2015 4207 voluntatem
2064 4164 2101 4205 a

537 4243 826 4307 Domino.
857 4248 922 4303 et
961 4244 1160 4303 Deum
1189 4242 1252 4301 in
1281 4240 1463 4301 nobis
1505 4240 1801 4317 incipere,
1835 4257 1953 4299 nos
1992 4258 2102 4299 vo-

539 4336 764 4411 cando,
788 4342 848 4397 et
871 4336 954 4396 ad
983 4354 1049 4395 se
1077 4333 1409 4405 trahendo,
1444 4338 1506 4393 et
1532 4333 1596 4392 in
1623 4333 1806 4393 nobis
1839 4350 2103 4411 operan-

539 4428 621 4488 do
651 4434 720 4488 ut
746 4428 1034 4499 velimuS,
1066 4446 1178 4489 seu
1207 4425 1532 4487 efficiendo
1557 4426 1620 4485 in
1653 4426 1834 4486 nobis
1857 4425 2015 4485 velle
2042 4430 2103 4485 et

541 4522 840 4599 perficere
871 4538 982 4599 pro
1027 4520 1194 4581 bona
1235 4518 1577 4593 voluntate,
1607 4518 1686 4578 de
1737 4518 1854 4579 bac
1902 4518 2103 4596 gratia

541 4616 848 4675 excitante
907 4630 1258 4673 sermonem
1316 4612 1550 4672 habere
1578 4631 1594 4683 ;
1651 4628 1900 4689 semper
1934 4610 2101 4671 enim

541 4727 656 4787 per
675 4709 1169 4786 inspirationem,
1199 4707 1715 4767 illuminationem
1741 4712 1802 4765 et
1833 4706 2103 4765 vocatio-

539 4819 711 4875 nem,
757 4801 918 4861 banc
957 4800 1068 4860 Dei
1105 4798 1532 4877 operationem
1569 4798 1867 4870 declarat,
1903 4804 1971 4857 ut
2018 4798 2104 4857 vi-

541 4894 690 4953 dere
731 4893 870 4953 licet
897 4893 975 4952 de
1013 4892 1218 4970 Spirit.
1251 4897 1313 4952 et
1347 4892 1488 4966 litt„
1521 4908 1660 4969 cap.
1697 4892 1774 4951 33
1803 4898 1864 4951 et
1899 4892 2000 4963 34,
2042 4896 2104 4949 et

537 4988 647 5047 lib.
679 4986 758 5045 de
791 4986 1148 5046 Praedestin.
1185 4986 1494 5053 Sanctor.‚
1525 5002 1664 5063 cap.
1699 4986 1808 5055 19,
1841 4989 1905 5044 et
1930 4984 2105 5061 Epis-

539 5080 648 5141 tol.
682 5080 820 5149 107,
851 5084 912 5139 et
939 5079 1045 5138 lib.
1083 5082 1111 5137 1
1159 5078 1240 5138 ad
1270 5078 1571 5156 Simplic.,
1605 5082 1830 5155 quaest.
1859 5078 1921 5137 2.
1956 5076 2105 5147 Quae

541 5174 679 5234 loca
723 5190 866 5233 cum
897 5172 1106 5231 multis
1136 5172 1270 5231 aliis
1319 5171 1380 5229 in
1435 5170 1842 5247 sequentibus
1878 5187 2107 5247 expen-

542 5267 786 5327 demus.
847 5266 1208 5342 Eodemque
1269 5264 1456 5325 modo
1513 5263 1788 5342 loquitur
1843 5262 2105 5340 Cyrillus

542 5359 744 5431 Alex„
771 5358 876 5419 lib.
909 5359 950 5419 4
976 5358 1042 5417 in
1067 5359 1276 5427 Joan.‚
1313 5376 1452 5437 cap.
1481 5360 1556 5427 73
1587 5360 1650 5417 et
1679 5356 1920 5434 hosp„
1948 5357 1987 5415 2
2024 5356 2101 5417 de

541 5453 752 5513 Vocat.
785 5452 995 5526 Gent.,
1019 5469 1156 5531 cap.
1189 5455 1250 5525 9,
1281 5452 1435 5513 alias
1467 5452 1567 5511 26.

1347 413 1558 466 OPL'SC.
1593 415 1633 472 l,
1669 413 1783 463 Lm.
1821 413 1902 462 nl.
1941 411 2021 462 ΒΕ
2058 411 2325 464 ΑΠΧΙΗΙὸ
2360 410 2589 463 131leAE
2620 407 2869 460 GRATIAE

2542 613 2811 691 Quies&
2836 612 3046 696 qratia
3073 609 3369 673 excitans.

2255 794 2313 853 3.
2360 792 2516 852 Hinc
2551 805 2700 868 ergo
2724 785 3023 865 Theologi
3044 782 3374 855 definiunt,
3406 783 3565 842 hanc
3594 799 3711 860 gra·

2174 889 2327 949 tiam
2362 883 2517 944 nihil
2562 879 2733 942 aliud
2760 897 2923 952 esse,
2958 895 3149 957 qnam
3188 881 3435 937 motum
3460 875 3709 952 aliquem
3811 883 3815 938 ἶ

2174 979 2527 1042 intellectus
2548 977 2648 1038 vel
2686 973 3021 1036 voluntatis
3062 971 3337 1033 infusum
3368 989 3407 1030 a
3440 971 3591 1040 Deo,
3630 971 3709 1028 vol
3811 969 3815 1052 }

2174 1074 2563 1136 illuminante
2612 1067 3019 1138 intellectum,
3049 1072 3111 1126 et
3140 1071 3422 1126 sanctam
3460 1065 3711 1140 aliquam

2176 1167 2619 1247 cogitationem
2645 1163 2709 1222 in
2751 1180 2827 1222 eo
2864 1165 3165 1238 operante
3204 1158 3371 1219 cirea
3418 1157 3713 1236 objectum
3811 1173 3815 1232 ξ

2174 1260 2428 1339 aliquod
2463 1257 2565 1318 vel
2598 1257 2925 1316 veritatem
2954 1254 3035 1314 ad
3062 1252 3331 1313 salutem
3351 1251 3573 1312 animae
3602 1271 3717 1328 pm·-
3811 1281 3815 1298 =

2174 1358 2503 1428 tinentem,
2537 1351 2639 1412 vel
2668 1368 2782 1429 per
2822 1367 2963 1408 eam
3010 1346 3351 1407 motionem
3392 1346 3717 1423 inspirante

2176 1447 2501 1520 voluntati,
2531 1451 2593 1506 et
2622 1441 2929 1504 excitante
2958 1441 3023 1500 in
3060 1441 3165 1500 illa
3204 1439 3601 1500 affectionem
3630 1439 3720 1496 ali-

2177 1561 2367 1622 quam
2402 1539 2655 1610 amoris,
2682 1535 2946 1606 timoriS,
2982 1538 3091 1596 aut
3114 1533 3370 1594 alterius
3396 1531 3611 1592 similis
3642 1531 3719 1590 af·
3812 1531 3815 1534 ⁴

2176 1636 2395 1706 fectae,
2444 1628 2935 1711 supernaturalis
2976 1627 3261 1706 quidem,
3294 1625 3409 1686 sed
3450 1625 3515 1682 in
3542 1642 3617 1684 eo
3640 1643 3718 1682 or-
3812 1637 3815 1640 ⁴

2176 1729 2321 1789 diue
2352 1725 2719 1806 impeffecti,
2750 1730 2811 1784 et
2834 1741 2964 1782 non
2994 1720 3193 1792 liberi,
3222 1718 3337 1778 sed
3372 1717 3715 1782 necessarii,

2176 1818 2632 1884 accommodati
2670 1824 2885 1877 tamen
2932 1820 2999 1874 ut
3028 1831 3141 1892 per
3180 1830 3327 1872 eum
3358 1815 3719 1890 praeparetur

2174 1915 2481 1986 voluntas,
2516 1919 2577 1973 et
2616 1910 2919 1990 paulatim
2966 1908 3327 1969 sublevetur
3373 1903 3457 1964 ad
3502 1904 3717 1982 perfec-

2176 2015 2309 2070 tum
2340 2011 2403 2068 et
2444 2003 2985 2084 supernaturalem
3030 2015 3409 2061 consensum
3444 2005 3721 2075 praestan-

2178 2103 2349 2164 dum.
2380 2099 2505 2162 Sed
2538 2101 2659 2158 hoc
2684 2095 3160 2174 intelligendum
3186 2099 3300 2165 est,
3330 2090 3584 2170 quando
3610 2090 3718 2148 lnaec

2178 2196 2377 2272 gratia
2412 2199 2506 2255 est
2548 2211 2703 2271 pure
2748 2192 3046 2264 excitans,
3079 2193 3265 2267 prout
3310 2205 3481 2247 nunc
3528 2185 3605 2244 de
3638 2185 3719 2244 illa

2176 2289 2525 2368 loquimur;
2560 2285 2729 2366 quod
2756 2290 3089 2364 propterea
3132 2282 3294 2353 dieo,
3324 2281 3473 2360 quia
3508 2278 3719 2338 contin-

2179 2383 2267 2462 git
2299 2399 2497 2440 unum
2531 2385 2741 2440 actum
2778 2375 3343 2455 supernaturalem,
3390 2373 3717 2451 perfectum

2178 2484 2240 2537 et
2279 2474 2726 2553 deliberatum,
2778 2471 3049 2532 excitare
3098 2468 3377 2528 animam
3406 2465 3489 2526 ad
3526 2464 3718 2526 alium.

2178 2574 2249 2629 ut
2278 2565 2662 2629 voluntarius
2692 2571 2868 2625 actus
2894 2562 3041 2623 fidei
3071 2561 3301 2622 excitat
3338 2559 3420 2619 ad
3452 2577 3647 2636 spem,
3674 2565 3721 2616 et

2181 2665 2355 2723 actus
2378 2661 2514 2739 spei
2554 2659 2637 2719 ad
2666 2673 2968 2728 amorem,
3000 2662 3063 2716 et
3094 2654 3212 2715 sub
3246 2671 3321 2713 ea
3348 2652 3591 2712 ratione
3628 2669 3721 2728 po-

2180 2761 2300 2816 test
2346 2753 2467 2814 dici
2516 2752 2715 2833 gratia
2760 2751 3060 2818 excitanS,
3108 2747 3221 2808 sed
3262 2765 3391 2806 non
3442 2751 3537 2805 est
3586 2761 3721 2823 pure

2180 2849 2478 2920 excitanS,
2512 2865 2655 2907 cum
2696 2843 2929 2921 alioqui
2966 2843 3107 2903 talis
3146 2847 3323 2903 actus
3370 2839 3449 2900 sit
3482 2839 3723 2898 effectus

2180 2942 2435 3002 alterius
2464 2940 2679 3020 gratiae
2710 2938 3033 2998 excitantis
3064 2942 3125 2998 et
3154 2933 3531 3014 adjuvantis.
3566 2931 3721 3002 Quod

2181 3053 2329 3113 ergo
2372 3034 2437 3093 in
2488 3033 2667 3093 dictis
2714 3031 2989 3092 motibus
3032 3031 3167 3090 haec
3218 3027 3416 3108 gratia
3466 3025 3721 3085 excitans

2180 3128 2499 3198 consistat,
2547 3128 2819 3206 primum
2855 3144 2929 3186 ex
2974 3124 3235 3185 vocibus
3280 3122 3430 3201 ipsis
3476 3120 3721 3197 inspira-

2177 3220 2387 3287 tionis,
2418 3219 2785 3295 vocationis‚
2828 3222 2889 3278 et
2931 3216 3257 3287 similibus,
3308 3220 3403 3274 est
3444 3212 3717 3273 manifes-

2179 3321 2334 3377 tum.
2369 3312 2629 3383 Deinde,
2662 3310 2809 3389 quia
2838 3312 2969 3371 haec
2995 3310 3195 3387 gratia
3231 3313 3325 3369 est
3342 3306 3575 3385 aliquid
3604 3306 3717 3363 aui-

2178 3428 2297 3470 mae
2336 3408 2675 3479 inhaerens,
2724 3406 2871 3484 quia
2924 3422 3039 3485 per
3080 3424 3179 3478 ea,
3214 3420 3351 3483 quae
3394 3408 3537 3463 sunt
3564 3406 3715 3460 extra

2178 3504 2477 3573 animam,
2526 3518 2651 3560 non
2712 3499 3017 3560 excitatur
3070 3498 3302 3568 anima,
3362 3495 3483 3555 nisi
3530 3493 3717 3553 media

2179 3598 2387 3675 aliqua
2412 3612 2479 3655 re
2507 3612 2647 3673 quae
2668 3592 2785 3671 ipsi
2816 3593 3039 3651 animae
3066 3590 3390 3651 inhaereat.
3422 3587 3619 3656 Unde,
3662 3587 3719 3643 li·

2181 3696 2279 3751 cet
2307 3706 2532 3759 causae,
2564 3686 2663 3746 vel
2700 3684 2945 3764 objecta
2988 3684 3373 3744 extrinsecus
3410 3680 3717 3741 excitantia

2179 3781 2419 3861 possint
2443 3796 2581 3840 esse
2614 3785 2787 3839 extra
2828 3778 3124 3851 animam,
3156 3782 3367 3837 tamen
3400 3776 3531 3855 ipsa
3574 3774 3718 3834 exci-

2180 3875 2331 3936 tatio
2358 3872 2635 3933 formalis
2658 3870 3011 3932 necessario
3057 3869 3247 3930 debet
3284 3868 3509 3929 animae
3546 3867 3721 3925 inhae-

2180 3985 2353 4040 rere3
2406 3965 2552 4043 quia
2594 3981 2853 4024 necesse
2906 3968 2999 4022 est
3048 3966 3115 4021 ut
3164 3961 3335 4021 illam
3375 3958 3716 4022 formaliter,

2181 4060 2309 4119 imo
2344 4065 2406 4119 et
2448 4055 2716 4118 vitaliter
2758 4056 3020 4126 afficiat;
3056 4059 3117 4115 et
3142 4054 3275 4113 boec
3304 4053 3582 4115 excitatio
3612 4052 3721 4111 for·

2182 4152 2363 4213 malis
2424 4155 2683 4211 vocatur
2738 4149 3039 4209 auxilium
3100 4147 3313 4225 gratiae
3372 4144 3717 4206 excitantis:

2182 4264 2333 4306 nam
2380 4244 2656 4305 excitans
2704 4242 2987 4303 effective
3034 4241 3296 4319 Spiritus
3332 4241 3587 4301 Sanctus
3618 4242 3715 4303 est,

2184 4340 2289 4419 qui
2311 4338 2419 4398 ubi
2448 4338 2581 4397 vult
2628 4334 2843 4415 spirat',
2898 4342 3084 4396 utens
3132 4335 3321 4395 etiam
3360 4334 3579 4412 quibus
3606 4330 3718 4389 vult

2184 4430 2613 4492 instrumentis
2656 4429 2737 4489 ad
2792 4446 2933 4489 eam
2986 4428 3427 4488 excitationem
3470 4425 3721 4487 efficit-n-

2184 4524 2352 4593 dam,
2410 4528 2481 4582 ut
2534 4523 2854 4601 eleganter
2904 4520 3181 4581 declarat
3216 4520 3609 4597 Augustinus,
3652 4516 3719 4575 dv

2184 4618 2393 4695 Spirit.
2425 4622 2484 4676 ct
2511 4615 2655 4684 litt„
2676 4634 2813 4693 cap.
2840 4615 2919 4674 33
2946 4620 3009 4674 et
3034 4616 3111 4674 34
3132 4633 3147 4686 ;
3168 4614 3275 4673 lib.
3311 4617 3368 4673 1.
3394 4613 3473 4673 ad
3498 4611 3721 4688 Simpli-
3808 4662 3810 4683 ἒ

2184 4711 2373 4783 cian.,
2401 4716 2619 4788 quaest.
2648 4710 2707 4769 2.
2738 4708 2953 4785 Neque
2986 4708 3255 4767 multum
3286 4707 3365 4766 ad
3406 4724 3535 4766 rem
3576 4722 3721 4782 prw·
3808 4684 3810 4751 f

2186 4806 2429 4863 sentem
2484 4801 2671 4861 refert
2724 4801 3103 4861 Scholastica
3152 4800 3438 4879 quaestiO,
3488 4816 3563 4857 an
3603 4798 3717 4855 haes·

2186 4896 2319 4973 ipsa
2366 4894 2651 4982 ercitatio
2692 4893 2801 4953 fiat
2840 4894 3121 4953 effective
3163 4893 3245 4953 ab
3272 4892 3483 4952 anima
3510 4910 3615 4969 per
3638 4890 3719 4947 in-

2187 4988 2505 5048 tellectum
2553 4992 2613 5047 et
2654 4986 3068 5058 voluntatem;
3116 5002 3477 5065 quanquam
3524 4982 3715 5063 proba·

2186 5081 2372 5141 bilius
2397 5080 2473 5141 sit
2496 5080 2751 5159 physice
2773 5078 2909 5139 fieri
2935 5079 3015 5139 ab
3040 5080 3137 5139 his
3172 5078 3486 5157 potentiiS‚
3526 5094 3719 5155 quam-

2188 5174 2280 5234 vis
2308 5190 2437 5233 non
2477 5170 2799 5232 moraliter
2840 5188 2953 5231 seu
2994 5172 3213 5243 libere,
3262 5176 3331 5231 ut
3374 5190 3449 5230 ex
3482 5188 3619 5229 mox
3642 5168 3719 5226 di-

2190 5265 2405 5327 cendis
2434 5264 2759 5325 constabit.
2814 5264 2959 5325 Haec
3003 5265 3193 5343 igitur
3242 5264 3529 5327 excitatio
3558 5264 3721 5321 iuba*-

2183 5376 2330 5419 rens
2359 5358 2583 5418 animae
2614 5376 2741 5418 uon
2766 5362 2861 5418 est
2886 5358 3135 5419 habitus
3166 5359 3338 5437 ejus;
3386 5376 3555 5430 nam,
3594 5356 3719 5416 dum

2184 5452 2391 5512 anima
2416 5455 2511 5512 est
2563 5456 2801 5511 tantum
2854 5450 2919 5510 in
2964 5452 3204 5523 habitu,
3260 5458 3357 5513 est
3400 5450 3577 5530 quasi
3604 5450 3719 5509 dor·

2186 5546 2407 5619 miens,
2448 5550 2516 5604 ut
2546 5545 2905 5606 Aristoteles
2934 5543 3119 5618 dixit3
3156 5563 3267 5625 per
3317 5546 3481 5606 hane
3532 5550 3715 5604 autem
