3850 6225
716 422 852 475 CAP.
888 422 1014 475 ΧΙΧ.
1052 420 1330 473 8ΑΤ18ΕΙΤ
1362 420 1715 483 Qumusmu
1748 419 1932 472 Nov1s
1965 419 2434 477 OBJECTIONIBUS
2467 424 2730 487 CONTRA,
2763 424 2898 477 mc,

3284 420 3404 481 267

180 524 305 603 ligi
352 524 435 584 de
464 520 849 584 beatitudine
878 521 1133 581 alterius
1157 521 1319 593 vitae,
1351 538 1502 580 nam
1529 538 1647 600 per
1670 538 1773 579 sa-
1851 519 2182 583 destinatio
2235 525 2330 583 est
2377 524 2444 583 in
2499 524 2842 598 voluntate,
2884 523 3037 585 nihil
3091 522 3262 584 aliud
3315 529 3409 585 est

182 615 401 675 lutem
444 622 744 677 aeternam
784 614 1129 695 intelligere
1173 631 1509 693 possumus
1547 612 1770 691 justifi-

184 710 519 771 cationem
578 714 641 771 et
694 708 1223 788 perseverantiam
1264 707 1329 767 in
1385 707 1583 785 gratia
1610 751 1626 777 ,
1686 706 1769 765 ad

184 820 395 881 quam
414 803 583 861 Deus
612 802 803 881 elegit
829 801 1137 880 quosdam
1160 818 1287 879 prae
1312 800 1471 861 aliis.
1502 799 1627 862 Sed
1656 798 1769 859 im-

184 896 423 975 primis
442 895 577 975 jam
607 912 797 975 supra
836 896 963 957 dixi
988 896 1219 956 frustra
1254 893 1552 973 distingui
1588 892 1769 972 justi-

186 988 561 1050 ficationem
586 994 647 1051 et
680 989 1210 1068 perseverantiam
1238 987 1301 1046 in
1340 986 1469 1060 illa,
1499 1004 1537 1046 a
1566 986 1767 1065 gratia

186 1090 636 1145 consummata
668 1090 731 1145 et
756 1083 1165 1157 beatitudine,
1207 1099 1350 1144 cum
1394 1082 1525 1141 liaec
1553 1080 1769 1140 intrin-

186 1194 343 1240 sece
368 1196 655 1240 connexa
674 1178 821 1251 sint,
852 1184 917 1239 et
943 1176 1167 1239 eadem
1196 1176 1275 1237 sit
1298 1175 1579 1235 omnium
1607 1173 1765 1235 ratio

186 1278 513 1351 quantum
547 1272 627 1333 ad
654 1272 799 1345 hoc,
842 1270 1013 1352 quod
1052 1271 1117 1332 in
1164 1268 1605 1331 consecutione
1652 1285 1767 1329 seu

186 1366 571 1427 executione
596 1366 871 1445 pendent
902 1384 941 1426 a
968 1365 1169 1425 libero
1202 1380 1513 1424 consensu
1552 1360 1767 1420 volun-

186 1460 363 1521 tatis.
398 1461 557 1533 Imo,
591 1459 871 1539 proxime
896 1458 1097 1538 magis
1118 1456 1459 1536 requiritur
1484 1454 1587 1517 hic
1616 1470 1768 1515 con-

184 1571 427 1615 sensus
470 1552 553 1613 ad
603 1553 867 1632 gratiam
918 1557 981 1613 et
1030 1549 1563 1630 perseverantiam
1611 1546 1767 1608 obti-

182 1646 524 1719 nendam;
584 1662 733 1706 nam
783 1650 1002 1724 postea
1051 1642 1371 1705 beatitudo
1417 1642 1551 1703 sine
1602 1658 1766 1701 nova

182 1740 645 1819 cooperatione
670 1737 867 1799 libera
896 1737 1099 1799 datur.
1134 1736 1260 1798 Sed
1303 1734 1624 1797 declarant
1650 1751 1767 1812 per

184 1835 492 1915 gratiam,
542 1840 605 1895 et
644 1830 1175 1914 perseverantiam
1212 1830 1279 1891 in
1320 1828 1582 1908 justitia,
1634 1846 1767 1889 non

180 1928 459 2005 intelligi
492 1927 823 1989 formalem
866 1926 1069 2006 ipsam
1121 1923 1518 1985 sanctitatem
1549 1938 1767 2002 perse-

177 2020 459 2081 verandi
496 2038 697 2099 usque
752 2018 835 2080 ad
884 2018 1081 2078 finem
1122 2015 1263 2078 vitae
1289 2062 1305 2090 ,
1364 2015 1479 2076 sed
1532 2012 1765 2074 auxilia

182 2132 501 2193 congrua,
532 2114 597 2173 in
622 2112 849 2193 quibus
877 2112 1102 2174 virtute
1122 2107 1586 2190 quodammodo
1618 2124 1763 2169 con-

180 2208 435 2267 tinetur
466 2207 597 2267 haec
618 2206 859 2286 justitia
898 2210 961 2266 et
1002 2202 1491 2285 perseverantia,
1534 2204 1761 2280 quate·

180 2318 315 2359 nus
350 2300 519 2359 Deus
541 2299 809 2378 praescit,
842 2297 892 2358 si
918 2315 995 2358 ea
1017 2296 1320 2369 conferat,
1353 2294 1672 2355 hominem
1698 2298 1761 2353 et

174 2391 625 2469 justificationi
662 2397 725 2453 et
759 2390 1241 2471 perseverantias
1280 2404 1754 2449 consensurum.

184 2484 379 2547 Unde
426 2484 695 2563 fingunt,
742 2486 913 2563 prius
950 2482 1299 2543 secundum
1331 2481 1664 2563 rationem,
1698 2485 1761 2541 et

188 2583 345 2637 ante
380 2579 643 2655 praevisa
674 2577 920 2653 merita,
960 2576 1257 2637 babuisse
1284 2575 1407 2634 hoc
1436 2573 1759 2634 decretum

184 2671 363 2731 circa
385 2670 880 2748 praedestinawS,
906 2668 1100 2731 dandi
1138 2668 1257 2728 illis
1286 2667 1497 2729 omnia
1528 2664 1759 2725 auxilia

186 2763 647 2841 praevenientia
706 2780 1005 2843 congrua,
1058 2760 1283 2841 quibus
1336 2758 1755 2839 cooperandO,

190 2857 355 2917 sicut
386 2857 549 2917 Deus
571 2857 703 2935 ipse
732 2856 990 2930 sciebat,
1016 2856 1281 2916 salutem
1304 2870 1761 2931 consequeren-

186 2956 319 3009 tur.
352 2950 427 3009 Et
452 2949 517 3009 in
550 2950 669 3011 hoc
710 2949 961 3011 decreto
998 2949 1213 3010 dicunt
1252 2946 1592 3009 consistere
1633 2946 1760 3025 pri-

186 3060 373 3103 mum
422 3043 599 3103 illum
652 3062 934 3104 amorem
980 3040 1340 3122 specialem,
1398 3058 1525 3119 quo
1593 3040 1759 3100 Deus

189 3135 431 3196 amavit
454 3137 929 3215 praedestinatos
957 3155 1085 3217 prae
1113 3135 1283 3207 aliis;
1316 3141 1379 3196 et
1407 3135 1485 3196 de
1515 3133 1637 3194 hoc
1657 3151 1758 3194 ex-

188 3235 440 3308 ponunt
490 3231 558 3290 D.
591 3231 919 3304 Thomam,
969 3249 1115 3293 cum
1154 3230 1303 3291 dicit
1329 3229 1754 3301 dilectionem,

188 3321 540 3384 secundum
586 3323 915 3396 rationem,
954 3323 1313 3404 praecedere
1349 3321 1755 3402 praedestina-

186 3415 451 3490 tionem,
482 3417 633 3495 quia
657 3421 795 3496 post
820 3416 989 3476 illam
1018 3415 1437 3477 universalem
1464 3415 1756 3475 volunta·-

188 3517 321 3572 tem
352 3510 665 3589 sigillatim
694 3509 971 3570 decrevit
1016 3511 1177 3570 Deus
1206 3527 1320 3589 per
1348 3507 1755 3589 praedestina-

184 3604 429 3664 tionem
464 3603 613 3663 talia
642 3603 899 3675 auxilia;
948 3603 1062 3664 sed
1090 3605 1245 3675 haec,
1280 3602 1441 3664 sicut
1469 3601 1661 3680 gratis
1693 3605 1755 3662 et

186 3694 325 3756 sine
348 3693 755 3757 fundamento
784 3695 1095 3769 dicuntur,
1124 3696 1211 3756 ita
1234 3713 1347 3775 per
1374 3713 1513 3755 sese
1544 3695 1752 3756 statim

186 3787 536 3866 displicent.
582 3790 740 3850 Nam
788 3789 1093 3869 imprimis
1136 3789 1241 3850 illa
1274 3789 1567 3849 voluntas
1620 3787 1753 3847 uni-

188 3881 471 3955 versalis,
526 3881 579 3942 si
633 3881 1016 3961 intelligatur
1063 3882 1354 3943 distincta
1400 3879 1753 3942 secundum

186 3975 497 4037 rationem
525 3994 563 4034 a
590 3976 909 4037 voluntate
934 3974 1128 4036 dandi
1155 3974 1399 4054 singula
1430 3973 1658 4034 auxilia
1684 3991 1750 4033 in

190 4069 569 4150 particulari,
598 4077 693 4131 cst
719 4070 1161 4150 impertinens3
1182 4073 1315 4131 tum
1348 4072 1496 4147 quia
1525 4069 1589 4128 in
1620 4069 1749 4128 Deo

190 4181 319 4223 non
361 4168 455 4224 est
502 4163 790 4224 voluntas
837 4163 1097 4224 confusa
1145 4181 1221 4224 ex
1266 4167 1445 4242 parte
1496 4161 1743 4241 objecti,

191 4255 303 4316 sed
353 4255 639 4318 distincte
681 4255 815 4316 vult
868 4256 1171 4336 quidquid
1210 4256 1377 4328 vult,
1420 4255 1579 4316 sicut
1626 4253 1750 4314 dis-

190 4349 377 4409 tincte
430 4349 585 4410 illud
623 4349 947 4427 intellig-in
998 4355 1136 4409 tum
1194 4350 1383 4410 etiam
1445 4348 1593 4426 quia
1642 4347 1749 4407 illa

190 4459 393 4519 neque
434 4448 529 4503 est
570 4443 861 4503 voluntas
898 4442 1042 4503 finis
1070 4461 1187 4504 seu
1234 4441 1513 4502 formalis
1545 4442 1751 4502 inten-

190 4535 271 4594 tio
304 4534 459 4613 ejus,
488 4541 557 4595 ut
594 4553 710 4614 per
742 4553 809 4596 se
854 4539 1119 4607 constat,
1169 4553 1377 4615 neque
1426 4534 1612 4595 etiam
1656 4537 1751 4594 est

190 4629 538 4688 necessaria
567 4634 673 4689 aut
699 4627 865 4689 utilis
900 4627 981 4688 ad
1024 4629 1241 4700 finem,
1274 4627 1421 4706 quia
1451 4627 1603 4687 satis
1648 4644 1750 4686 su-

190 4739 423 4799 perque
478 4727 625 4782 sunt
664 4722 1021 4782 voluntates
1066 4720 1459 4799 singulorum
1508 4719 1749 4780 medio-

190 4831 349 4886 rum,
390 4831 505 4874 seu
542 4813 918 4875 auxiliorum
943 4813 1009 4874 in
1060 4813 1441 4894 particulari.
1488 4813 1550 4874 Si
1594 4829 1745 4873 vero
1856 4845 1861 4852 ·

190 4907 289 4968 illa
324 4907 613 4969 voluntas
660 4909 1025 4970 universalis
1057 4926 1187 4969 non
1219 4912 1316 4968 est
1351 4906 1523 4967 aliud
1554 4923 1745 4984 quam

190 5000 471 5062 voluntas
497 5002 685 5063 totius
708 5000 1091 5063 collectionis
1116 5019 1540 5080 congr-uorum
1572 4999 1743 5060 auxi-

191 5097 437 5168 liorum,
484 5115 625 5175 quae
654 5096 719 5156 in
748 5097 879 5157 Deo
922 5103 1019 5157 est
1041 5096 1229 5156 unica
1265 5099 1327 5156 et
1362 5095 1649 5171 simplex,
1682 5098 1743 5154 et

192 5189 465 5250 distincte
508 5189 879 5250 terminatur
915 5189 996 5249 ad
1034 5188 1281 5268 singula
1322 5187 1550 5248 auxilia
1596 5205 1742 5248 con-

193 5301 337 5362 grua
366 5302 442 5344 ex
480 5284 541 5343 vi
595 5284 759 5344 illius
804 5283 1205 5358 conferenda,
1262 5283 1327 5344 in
1375 5285 1495 5344 hoc
1550 5299 1737 5344 sensu

188 5376 405 5436 falsum
454 5382 550 5437 est
594 5381 737 5455 post
788 5377 951 5436 hanc
1004 5376 1389 5438 voluntatem
1438 5373 1737 5454 subsequi

190 5469 813 5550 praedestinationem,
860 5487 974 5549 per
1018 5487 1213 5548 quam
1252 5469 1611 5532 decernitur
1657 5467 1737 5529 de

192 5563 440 5643 singulis
482 5562 728 5624 auxiliis
777 5562 842 5624 iu
880 5563 1261 5643 particulari.
1316 5565 1471 5626 Nam
1502 5563 1553 5624 si
1578 5581 1737 5643 prae-

1851 631 2042 692 quam
2066 614 2172 675 illa
2199 615 2522 690 voluntas3
2557 617 2608 677 si
2649 635 2798 679 vero
2831 616 3020 678 estin
3062 615 3401 690 intellectu,

1850 725 1978 767 non
2010 713 2105 769 est
2131 709 2478 770 secundum
2507 728 2574 770 se
2619 714 2814 772 totam
2844 708 3152 787 posterior
3179 709 3284 769 illa
3305 728 3410 769 vo-

1846 799 2110 873 luntate,
2145 802 2258 863 scd
2287 809 2455 875 sunt,
2493 810 2564 863 ut
2595 803 2678 863 ita
2706 803 2934 875 dicam,
2971 802 3308 880 firmistae,
3345 808 3408 863 et

1848 899 2298 971 comparantur
2340 903 2412 956 ut
2453 896 2624 975 prior
2651 902 2714 957 et
2751 895 3059 975 posterior
3081 895 3145 954 in
3189 893 3406 955 ordine

1848 986 1930 1047 ad
1971 987 2215 1049 diversa
2241 989 2470 1049 auxilia
2501 1008 2614 1050 seu
2639 988 2868 1051 media.
2904 987 3080 1060 Quia,
3119 987 3264 1048 licet
3303 986 3410 1047 illa

1846 1080 2136 1141 voluntas
2173 1082 2240 1143 in
2275 1100 2346 1142 re
2377 1082 2453 1143 sit
2480 1102 2630 1157 una,
2663 1088 2875 1143 tamen
2905 1087 3090 1161 prout
3114 1081 3410 1141 termina-

1846 1178 1952 1235 tur
1970 1173 2054 1235 ad
2072 1174 2318 1235 diversa
2345 1174 2595 1249 auxilia,
2625 1174 2870 1235 ratione
2898 1174 3316 1254 distinguitur,
3347 1178 3410 1235 et

1846 1270 2021 1348 prius
2049 1270 2420 1331 terminatur
2439 1270 2520 1332 ad
2539 1289 2735 1332 unum
2765 1288 2958 1350 quam
2987 1270 3068 1331 ad
3095 1269 3286 1343 aliud,
3313 1288 3410 1331 se·

1848 1361 2124 1423 cundum
2153 1363 2428 1443 aliquem
2457 1364 2742 1425 ordinem
2770 1363 3171 1437 causalitatis,
3218 1380 3408 1441 quem

1845 1455 2010 1518 inter
2035 1474 2102 1517 se
2125 1456 2380 1518 habent.
2411 1459 2487 1519 Et
2510 1458 2736 1519 eodem
2777 1457 2966 1519 modo
3001 1456 3161 1517 ratio
3186 1456 3408 1517 talium

1846 1548 2221 1623 mediorum,
2269 1558 2454 1630 prout
2504 1558 2598 1613 est
2636 1552 2702 1611 in
2751 1552 3090 1625 intellectu,
3145 1556 3207 1611 et
3250 1566 3408 1628 prae-

1846 1642 2180 1705 destinatio
2207 1642 2456 1719 dicitur,
2486 1644 2660 1723 prius
2692 1646 3064 1705 terminatur
3096 1642 3180 1703 ad
3209 1660 3406 1702 unum

1845 1736 2124 1797 medium
2152 1754 2344 1816 quam
2375 1737 2458 1798 ad
2497 1738 2688 1815 aliud,
2727 1743 2789 1799 et
2833 1737 3162 1798 comitatur
3188 1735 3408 1797 volun-

1844 1834 2062 1902 tatem,
2093 1830 2180 1891 ita
2207 1837 2280 1892 ut
2307 1831 2454 1893 licet
2485 1837 2772 1911 respectu
2803 1831 2990 1891 unius
3019 1835 3084 1891 et
3120 1827 3404 1909 ejusdem

1846 1922 2058 1983 auxilii
2099 1924 2230 1985 haec
2284 1924 2440 1985 ratio
2500 1929 2771 1986 existens
2822 1925 2890 1984 in
2941 1922 3294 1997 intellectu,
3335 1926 3405 1983 ut

1844 2016 2118 2097 practice
2148 2017 2457 2095 applicata
2482 2035 2598 2096 per
2635 2015 3048 2090 voluntatem,
3091 2016 3168 2076 sit
3195 2020 3406 2094 poste-

1842 2111 1971 2173 rior
1992 2155 2008 2184 ,
2064 2117 2277 2172 tamen
2330 2118 2620 2191 respectu
2673 2109 2984 2172 ulterioris
3043 2108 3252 2170 auxilii
3309 2113 3406 2170 est

1841 2206 2015 2284 prior
2058 2222 2250 2283 quam
2297 2205 2586 2267 voluntas
2627 2204 2817 2265 dandi
2861 2202 3035 2265 illud.
3091 2203 3203 2265 Illa
3249 2220 3401 2281 ergo

1841 2298 2129 2358 voluntas
2157 2295 2522 2359 universalis
2553 2299 2834 2359 omnium
2863 2296 3232 2358 auxiliorum
3261 2295 3404 2355 nul-

1840 2388 1901 2450 lo
1931 2390 2118 2450 modo
2145 2396 2350 2469 potest
2377 2390 2750 2453 antecedere
2773 2396 2970 2451 totam
2995 2388 3402 2469 praedestina-

1838 2484 2096 2545 tionem.
2132 2484 2458 2557 Praeterea,
2482 2484 2653 2563 quod
2680 2484 2761 2545 ad
2787 2484 2862 2544 D.
2893 2484 3198 2544 Thomam
3226 2498 3400 2559 spee-

1838 2581 1952 2647 tat,
1975 2577 2038 2635 in
2061 2594 2186 2655 quo
2209 2576 2637 2652 versabamur,
2672 2576 2927 2638 evidens
2956 2581 3049 2637 est
3074 2576 3246 2636 illum
3271 2593 3400 2634 non

1839 2670 2010 2750 loqui
2039 2669 2118 2731 de
2147 2671 2266 2730 hac
2285 2670 2626 2742 voluntate,
2665 2688 2816 2730 nam
2845 2669 3117 2749 loquitur
3145 2686 3396 2748 expres-

1842 2780 1909 2823 se
1939 2762 2018 2824 de
2045 2763 2364 2824 voluntate
2387 2763 2550 2837 finis,
2582 2780 2768 2843 quam
2805 2762 3100 2842 supponit
3128 2760 3400 2840 pruden-

1840 2855 1949 2929 tia,
2009 2862 2080 2915 ut
2127 2861 2225 2916 est
2281 2856 2658 2935 praeceptiva
2714 2856 3106 2928 mediorum;
3157 2860 3399 2917 constat

1842 2953 2054 3009 autem
2082 2948 2480 3027 prudentiam
2512 2967 2629 3029 per
2649 2968 2716 3010 se
2753 2968 2882 3009 non
2909 2965 3262 3027 supponere
3286 2966 3399 3009 vo-

1838 3042 2148 3105 luntatem
2175 3044 2499 3105 confusam
2526 3044 2899 3116 mediorum,
2937 3044 3056 3105 nisi
3085 3050 3396 3124 quatenus

1838 3139 2064 3200 virtute
2094 3138 2432 3200 includitur
2459 3139 2522 3200 in
2551 3139 2788 3200 efficaci
2818 3138 3158 3200 intentione
3201 3137 3395 3218 ipsius

1836 3231 2002 3292 finis.
2050 3231 2229 3304 item,
2283 3232 2432 3312 quia
2477 3237 2936 3310 consequenter
2987 3231 3263 3310 loquitur
3316 3230 3394 3291 de

1838 3325 2038 3386 salute
2080 3331 2338 3393 aeterna.
2369 3333 2440 3386 ut
2479 3333 2572 3387 est
2603 3325 2747 3388 finis
2775 3325 2857 3388 ad
2898 3343 3090 3404 quem
3129 3324 3396 3386 tendunt

1832 3419 2297 3498 praedestinati3
2331 3419 2560 3480 auxilia
2587 3424 2798 3480 autem
2827 3437 3128 3499 congrua,
3159 3419 3286 3478 sive
3318 3417 3395 3477 si-

1834 3513 2118 3592 gillatim,
2146 3513 2274 3575 sive
2303 3515 2643 3576 universim
2672 3520 2941 3592 sumpta,
2963 3532 3092 3575 non
3119 3518 3262 3573 sunt
3281 3514 3393 3572 hu-

1827 3607 2316 3687 jusmodi-tinea,
2359 3609 2472 3668 sed
2500 3608 2729 3669 media.
2763 3609 3182 3686 Praeterquam
3221 3606 3392 3685 quod

1834 3715 2159 3779 nunquam
2201 3700 2372 3780 apud
2407 3704 2480 3762 D.
2534 3703 2843 3763 'rhomam
2887 3701 3236 3791 reperietur
3285 3699 3390 3759 illa

1832 3794 2078 3875 phrasis
2121 3795 2474 3868 locutioniS,
2521 3795 2692 3874 quod
2743 3796 2878 3874 ipsa
2929 3793 3156 3854 auxilia
3212 3798 3393 3853 vocet

1834 3894 2135 3948 oeternam
2177 3890 2402 3949 animoe
2446 3887 2734 3949 salutem.
2773 3888 3076 3965 Denique,
3121 3887 3186 3946 in
3231 3885 3390 3946 solu-

1833 3981 2001 4041 tione
2029 3981 2108 4040 ad
2135 3981 2436 4060 primum,
2471 3999 2764 4060 expresse
2805 3980 3079 4041 declarat
3116 3997 3182 4039 se
3219 3979 3390 4057 loqui

1832 4073 1910 4134 de
1945 4073 2248 4135 electione
2277 4073 2361 4134 ad
2399 4075 2664 4153 gratiam
2705 4080 2766 4134 et
2793 4072 3075 4152 gloriam,
3115 4071 3392 4149 loquitur

1831 4171 2044 4227 autem
2075 4167 2152 4228 de
2205 4167 2428 4228 eadem
2475 4167 2775 4228 electione
2821 4183 2960 4244 quae
2989 4163 3392 4243 praedestina-

1828 4259 2067 4322 tionem
2109 4260 2438 4322 antecedit.
2469 4261 2577 4321 Est
2623 4277 2774 4338 ergo
2820 4258 2969 4318 satis
3001 4257 3169 4318 clara
3209 4275 3390 4318 mens

1830 4353 1905 4414 D.
1947 4354 2226 4426 Thomas,
2269 4360 2434 4426 ct‚ex
2476 4353 2580 4414 illo
2609 4351 2904 4426 articu10,
2939 4357 3098 4412 etex
3127 4349 3388 4412 articulo

1832 4446 2099 4526 septimo
2151 4445 2435 4526 ejusdem
2495 4446 2874 4527 quaestioniS,
2939 4451 3008 4505 ut
3058 4443 3181 4505 alia
3249 4443 3388 4505 loca

1832 4539 2137 4601 omittam.

1827 4739 2051 4802 Prima
2090 4739 2250 4803 ratio
2289 4757 2410 4822 qua
2437 4745 2722 4824 pugnant
2763 4747 2975 4804 contra
3021 4742 3388 4806 voluntalem

2067 4831 2242 4896 illam
2284 4833 2583 4914 efficacem
2622 4851 2802 4915 quam
2835 4837 3143 4916 ponimus.

1905 5007 2003 5066 12.
2047 5005 2348 5070 Solvitur.
2379 5037 2462 5054 —
2487 5006 2738 5080 Quart0,
2773 5007 3199 5088 principaliter
3230 5011 3387 5072 affe-

1820 5102 2046 5159 runtur
2082 5099 2269 5160 varioe
2303 5101 2576 5161 rationes
2611 5107 2828 5162 contra
2857 5103 3266 5164 assertionem
3295 5104 3386 5182 ip-

1822 5211 1980 5253 sam.
2012 5193 2216 5254 Prima
2245 5197 2359 5267 est,
2394 5195 2540 5274 quia
2567 5195 2858 5256 voluntas
2880 5195 3071 5256 dandi
3094 5196 3380 5276 gloriam,

1821 5291 1891 5347 ut
1920 5286 2106 5347 estin
2134 5288 2264 5348 Deo
2294 5293 2439 5348 ante
2471 5289 2728 5366 praevisa
2759 5290 3001 5362 merita,
3035 5293 3130 5350 est
3165 5290 3386 5350 volun-

1826 5384 1917 5440 tas
1945 5379 2362 5453 antecedens3
2411 5380 2522 5442 sed
2563 5382 2682 5442 hac
2709 5381 3027 5442 voluntate
3057 5383 3219 5444 Deus
3254 5381 3386 5443 vult

1822 5491 2042 5534 omnes
2081 5473 2366 5533 homines
2403 5473 2606 5535 salvos
2643 5474 2876 5546 facere,
2919 5481 3050 5535 tam
3080 5474 3382 5554 reprobos

1820 5583 2012 5646 quam
2057 5567 2546 5646 praedestinatoS,
2595 5573 2662 5628 ut
2705 5573 2798 5628 est
2843 5567 2910 5628 in
2953 5585 3060 5630 ore
3103 5568 3382 5630 omnium
