3850 6225
694 430 829 482 cAP.
865 427 1016 483 xvu.
1053 425 1397 482 nnsomrlo
1428 426 1651 480 Torius
1682 423 2012 478 DOCTMNAE
2043 427 2104 479 IN
2139 424 2598 489 summumne&
2635 424 2768 478 mc.

140 534 323 596 ctiam
366 533 451 594 ibi
488 532 712 595 virtute
752 533 1071 594 invenitur
1110 533 1403 612 quoedam
1444 530 1687 603 electio,

136 627 375 688 ratione
422 627 597 707 eujus
653 631 821 688 recte
868 625 993 688 dici
1034 631 1239 706 potest
1282 625 1573 688 voluntas
1624 639 1691 684 se

136 738 383 781 movere
410 739 483 780 ac
510 719 927 781 determinare
949 720 1015 781 in
1048 738 1125 782 eo
1152 726 1316 782 actu.

150 865 439 934 Voluntas
477 882 515 928 a
562 865 736 930 nulla
780 882 968 930 causa
998 865 1248 950 physico
1278 866 1693 948 praedetermi-

526 964 715 1022 παίειν
736 961 820 1024 ad
842 966 1017 1025 actus
1040 961 1278 1024 liberos.

207 1099 266 1154 7.
302 1091 584 1179 Secunda
594 1094 955 1175 propositio.
984 1125 1069 1140 -
1093 1095 1185 1156 Ex
1206 1095 1325 1156 hac
1353 1094 1563 1174 priore
1592 1113 1691 1156 as-

134 1186 423 1259 sertione,
464 1203 605 1264 quae
640 1204 781 1247 esse
809 1186 999 1248 dehet
1028 1189 1347 1267 prtecipua
1380 1194 1441 1249 et
1466 1188 1695 1249 funda-

135 1271 421 1340 mentalis
440 1279 507 1339 in
545 1279 665 1340 hac
692 1279 980 1353 materia,
1013 1280 1295 1359 sequitur
1335 1281 1479 1354 alia,
1529 1281 1695 1341 scili-

135 1377 247 1438 cet,
284 1371 673 1433 voluntatem
708 1389 837 1432 non
868 1373 1403 1451 praedeteminari
1430 1374 1691 1454 physice

136 1465 209 1525 ad
231 1483 375 1525 suos
400 1471 582 1527 actus
608 1465 863 1540 liberoS,
892 1483 1011 1527 nec
1041 1484 1078 1526 a
1110 1468 1239 1528 Deo
1286 1468 1439 1543 solo,
1480 1485 1689 1547 neque

137 1559 209 1618 ab
246 1559 365 1618 alio
408 1564 643 1638 agente
686 1559 1056 1631 extrinsece,
1100 1559 1185 1620 ita
1220 1566 1289 1622 ut
1318 1559 1457 1622 talis
1488 1559 1692 1622 deter-

136 1653 375 1712 minatio
405 1670 539 1712 non
572 1653 653 1714 sit
688 1653 753 1712 in
778 1657 1089 1731 potestate
1124 1655 1323 1714 activa
1354 1658 1417 1715 et
1444 1654 1693 1715 indiffe-

136 1754 295 1807 rente
332 1745 531 1825 ipsius
570 1747 927 1808 voluntatis.
970 1749 1118 1809 Haec
1147 1749 1433 1823 assertio,
1458 1753 1529 1809 ut
1557 1749 1692 1828 opi-

138 1858 259 1910 nor,
282 1845 410 1899 tam
437 1844 539 1898 est
566 1857 741 1914 vera,
774 1841 935 1901 sicut
958 1842 1341 1918 praecedenS‚
1376 1847 1437 1903 et
1466 1841 1691 1902 eodem

140 1933 304 1993 modo
352 1932 641 2011 sequitur
682 1951 761 1995 ex
801 1934 1023 1994 iisdem
1066 1934 1406 2014 principiis
1446 1936 1601 1996 Nam
1638 1935 1689 1995 si

140 2026 557 2088 determinatio
578 2031 675 2088 est
693 2027 775 2087 ab
802 2028 947 2100 alio,
972 2033 1035 2088 et
1052 2047 1180 2088 non
1202 2030 1283 2089 ab
1310 2029 1445 2108 ipsa
1474 2029 1693 2090 volun-

142 2124 271 2194 tate,
298 2119 543 2181 etiamsi
570 2120 649 2180 sit
675 2139 713 2180 a
735 2121 866 2182 Deo
890 2119 1047 2194 solo,
1076 2139 1205 2182 non
1232 2127 1327 2184 est
1346 2121 1545 2182 libera
1570 2120 1689 2201 ipsi

144 2211 443 2286 voluntati,
466 2212 622 2292 quia
639 2217 927 2292 respectu
946 2213 1109 2274 illius
1130 2215 1333 2276 solum
1354 2215 1599 2295 passive
1620 2233 1689 2275 se

144 2305 337 2375 habet;
358 2322 511 2384 ergo
536 2305 827 2366 voluntas
851 2325 929 2368 ex
952 2306 1347 2379 necessitate,
1372 2313 1437 2369 et
1456 2325 1585 2370 non
1613 2326 1690 2368 ex

143 2398 401 2460 libertate
442 2400 905 2462 determinatur
949 2401 1029 2462 ad
1070 2420 1299 2476 unum;
1356 2419 1506 2482 ergo
1560 2421 1689 2462 non

144 2491 495 2552 determinat
528 2511 601 2553 se
626 2492 967 2564 moraliter,
1002 2495 1180 2573 cujus
1209 2495 1563 2574 oppositum
1588 2513 1691 2555 os-

152 2589 377 2645 tensum
404 2591 525 2646 est.
564 2587 822 2658 RursuS,
854 2587 951 2646 vel
980 2603 1095 2664 per
1115 2587 1285 2647 illam
1314 2587 1689 2649 determina·

143 2676 353 2738 tionem
406 2678 491 2738 ab
546 2677 671 2738 alio
721 2684 1039 2758 receptam
1061 2724 1077 2752 ,
1123 2679 1413 2740 voluntas
1464 2679 1689 2742 amittit

141 2770 463 2848 proximam
510 2770 1006 2831 indifferentiam
1047 2771 1313 2833 activam
1354 2773 1437 2834 ad
1475 2773 1689 2834 volen-

142 2861 273 2922 dum
298 2869 357 2924 et
382 2863 759 2935 nolendum,
784 2863 885 2924 vel
907 2864 1115 2925 adhuc
1140 2867 1367 2927 retinet
1396 2867 1589 2927 illam.
1623 2867 1689 2928 Si

143 2955 343 3016 amittit
361 3001 383 3031 ‚
434 2974 595 3036 ergo
636 2955 861 3017 amittit
914 2957 1401 3020 indifferentiam
1448 2961 1689 3040 absque

142 3065 245 3106 usu
282 3047 589 3109 libertatis
636 3067 753 3129 per
802 3067 1044 3111 meram
1092 3053 1449 3131 passionem
1487 3059 1549 3115 et
1588 3073 1691 3116 re-

140 3142 461 3221 ceptionem
484 3144 577 3205 ab
603 3142 761 3215 ali03
806 3160 956 3224 ergo
998 3144 1087 3205 sic
1131 3146 1354 3207 affecta
1386 3151 1447 3206 et
1482 3146 1689 3207 deter-

140 3236 347 3295 minata
386 3237 525 3315 jam
584 3239 713 3297 n'on
758 3242 1055 3315 operatur
1096 3238 1319 3311 libere,
1366 3240 1515 3319 quia
1557 3258 1687 3301 non

145 3334 407 3406 operatur
450 3330 845 3392 indifferens,
901 3332 965 3393 Si
1010 3351 1161 3394 vero
1212 3332 1417 3394 adhuc
1458 3334 1687 3395 retinet

144 3420 625 3498 indifferentiam,
660 3443 809 3505 ergo
832 3443 961 3485 non
990 3429 1085 3487 est
1108 3426 1542 3501 determinata,
1572 3428 1687 3489 sed

142 3514 209 3573 ad
230 3534 535 3577 summum
574 3536 889 3598 propensa
918 3520 1123 3599 magis
1150 3520 1251 3581 vel
1278 3520 1573 3581 inclinata
1604 3522 1686 3582 ad

143 3625 309 3669 unam
350 3617 602 3689 partem
654 3630 845 3691 quam
895 3612 977 3673 ad
1022 3612 1230 3685 aliam,
1280 3614 1451 3692 quod
1496 3616 1685 3676 etiam

140 3700 253 3761 fieri
289 3710 484 3783 potest
530 3724 655 3785 per
696 3705 1018 3778 habitum3
1076 3706 1249 3767 unde
1286 3714 1381 3768 est
1410 3707 1687 3788 imperti-

141 3812 277 3855 nens
302 3796 379 3857 ad
400 3815 539 3859 rem
572 3799 652 3859 de
682 3817 807 3878 qua
836 3799 1115 3879 agimus3
1144 3800 1293 3879 quia
1320 3800 1423 3861 illa
1446 3818 1566 3863 nec
1595 3807 1689 3863 est

144 3886 549 3951 determinatio
588 3890 876 3969 physica,
917 3910 1039 3953 nec
1072 3910 1185 3971 per
1222 3910 1291 3954 se
1330 3894 1688 3953 necessaria

146 3980 215 4039 ad
236 3998 601 4044 concursum
636 4002 841 4044 causae
872 3985 1107 4065 primae.

212 4074 265 4133 8.
290 4075 491 4139 Tertia
505 4077 851 4161 propositio
873 4103 895 4138 .·
917 4079 1080 4141 Deus
1102 4079 1465 4143 determinat
1480 4079 1687 4143 volun-

148 4171 327 4243 tatem,
354 4188 472 4231 non
504 4176 711 4235 tamen
746 4164 878 4234 sino
914 4172 1051 4235 illa.
1085 4208 1165 4219 —-
1196 4172 1305 4235 His
1348 4190 1498 4234 vero
1538 4172 1683 4233 addi

147 4265 358 4335 potest,
406 4263 772 4343 simpliciter
822 4266 1236 4327 asserendum
1292 4284 1431 4329 esse
1484 4268 1683 4329 Deum

149 4351 533 4418 determinare
580 4357 995 4431 voluntatem,
1043 4378 1171 4420 non
1224 4359 1361 4421 sine
1396 4360 1522 4435 illa,
1569 4361 1680 4421 sed

150 4462 271 4505 cum
305 4448 423 4509 illa.
462 4450 639 4524 Haec,
674 4457 979 4529 quantum
1016 4452 1097 4513 ad
1130 4470 1264 4514 rem
1294 4456 1557 4534 spectat,
1583 4456 1683 4514 est

151 4538 314 4613 clara,
344 4544 484 4621 quia
514 4543 820 4623 quidquid
850 4545 977 4623 agit
1000 4564 1191 4606 causa
1218 4546 1519 4622 secunda,
1554 4546 1685 4626 agit

150 4632 358 4707 prima;
406 4637 455 4697 si
508 4638 679 4699 enim
725 4638 887 4717 ignis
926 4638 1230 4713 calefacit,
1278 4640 1466 4701 etiam
1513 4642 1681 4701 Deus

153 4724 423 4805 ealefacit,
442 4730 614 4810 quia,
632 4734 703 4792 ut
728 4749 915 4811 supra
946 4732 1183 4793 dictum
1206 4737 1319 4805 est,
1350 4732 1510 4793 actio
1533 4736 1681 4793 cau-

156 4833 227 4875 8oe
248 4822 517 4885 secundoe
558 4825 761 4904 magis
808 4828 903 4885 est
934 4843 973 4885 a
1015 4826 1216 4904 prima
1262 4844 1451 4886 causa
1490 4843 1679 4905 quam

160 4926 189 4966 a
208 4916 453 4977 secunda
475 4933 495 4992 ;
526 4917 641 4978 sed
664 4918 957 4979 voluntas
980 4918 1355 4980 determinat
1376 4938 1442 4980 se
1462 4940 1477 4993 3
1524 4938 1679 4999 ergo

158 5000 294 5063 Deus
320 5006 685 5071 determinat
714 5010 937 5090 ipsam.
970 5011 1127 5072 Item
1162 5012 1327 5073 Deus
1356 5014 1543 5075 efficit
1570 5014 1680 5074 de-

164 5099 623 5165 terminationem
669 5104 1027 5179 voluntatis,
1074 5124 1221 5167 nam
1251 5106 1355 5167 illa
1384 5108 1679 5168 determi-

160 5190 301 5251 natio
332 5194 557 5275 aliquid
590 5204 705 5272 est,
753 5200 927 5279 quod
952 5218 1081 5261 non
1109 5206 1315 5279 potest
1356 5200 1491 5263 fieri
1542 5202 1675 5263 sine

160 5280 297 5357 Deo;
344 5290 451 5351 sed
484 5292 897 5359 determinare
938 5296 1322 5357 voluntatem
1347 5341 1367 5372 ‚
1419 5314 1549 5359 non
1583 5302 1679 5357 est

160 5373 324 5455 aliud,
361 5400 545 5462 quam
578 5387 819 5449 efficere
870 5389 1459 5451 determinationem
1498 5390 1671 5470 ejus;

162 5484 312 5547 ergo.
348 5478 615 5540 Tandem
649 5482 809 5542 Deus
838 5482 1141 5543 convertit
1169 5482 1576 5557 voluntatem,
1608 5490 1678 5546 ut

165 5558 443 5643 Scriptura
467 5570 760 5651 loquitur;
794 5592 947 5655 ergo
974 5575 1349 5638 determinat
1376 5576 1570 5639 illam.

3261 420 3342 486 89

1788 565 1793 568 -
1854 530 2186 612 Objoctioni
2225 533 2638 612 respondet-ur.
2687 562 2770 578 —
2815 528 2994 603 Quod
3021 529 3072 590 si
3101 527 3244 608 quis
3275 528 3342 590 in

1772 625 1944 685 hunc
1970 625 2230 686 modum
2254 625 2507 704 objiciat
2547 643 2563 685 :
2605 625 2895 686 voluntas
2923 626 3117 695 amat,
3149 625 3213 682 et
3246 627 3344 682 ta-

1772 736 1921 779 men
1949 719 2114 779 Deus
2141 737 2272 778 non
2301 722 2472 779 amat
2497 717 2600 778 illo
2629 735 2868 792 amore,
2895 716 3180 796 quamvis
3209 715 3342 776 effi-

1708 845 1712 850 ·
1772 813 1897 873 ciat
1924 811 2100 872 illum
2131 831 2274 874 cum
2313 812 2660 884 voluntate;
2709 829 2898 891 ergn,
2940 809 3086 871 licet
3115 808 3342 870 efficiat

1772 905 2388 982 determinationem,
2416 923 2546 966 non
2572 904 3014 966 determinabit
3055 903 3342 963 volunta-

1772 1005 1939 1060 tem:
1979 999 2395 1078 respondetur
2420 1017 2548 1059 non
2572 1017 2711 1060 esse
2733 998 2968 1070 simile3
2993 1015 3143 1057 nam
3171 1013 3342 1056 ama-

1772 1109 1841 1152 re
1864 1110 1994 1153 non
2015 1100 2110 1155 est
2133 1098 2374 1154 tantum
2403 1093 2652 1154 efficere
2682 1109 2985 1162 amorem,
3011 1089 3124 1150 sed
3150 1087 3344 1148 infor-

1774 1187 1933 1246 mari
1961 1204 2199 1259 amore,
2226 1187 2396 1265 quod
2425 1186 2713 1248 convenit
2737 1184 3040 1246 voluntati
3071 1181 3342 1244 elicienti

1774 1296 2080 1354 amorem,
2118 1298 2246 1341 non
2273 1298 2424 1341 vero
2449 1280 2580 1340 Deo
2611 1297 2752 1341 cum
2783 1278 2888 1339 illa
2916 1275 3337 1338 concurrenti.

1773 1374 1851 1433 At
1886 1391 2038 1434 vero
2082 1372 2504 1434 determinare
2540 1373 2928 1434 voluntatem
2965 1370 3168 1432 solum
3193 1369 3343 1430 dicit

1773 1483 1988 1545 agere,
2023 1472 2086 1527 et
2111 1465 2254 1528 ideo
2292 1467 2540 1548 proprie
2569 1466 2794 1529 dicitur
2822 1466 2902 1526 de
2943 1465 3110 1537 De03
3156 1469 3220 1525 et
3253 1461 3340 1524 ita

1769 1575 1871 1618 res
1896 1565 1992 1620 cst
2019 1559 2208 1620 clara.

1849 1655 1910 1714 9.
1959 1653 2340 1732 Explicatur
2387 1655 2596 1717 modus
2646 1655 2932 1718 tenendus
2975 1651 3041 1714 in
3091 1649 3337 1713 locutio-

1769 1763 1841 1808 ne
1871 1747 1940 1808 de
1979 1748 2470 1810 determinatione
2519 1748 2877 1812 voluntatis.
2906 1779 2991 1792 —
3018 1744 3194 1817 Quod
3233 1761 3340 1804 ve-

1770 1856 1841 1899 ro
1898 1844 2140 1918 spectat
2200 1840 2279 1900 ad
2339 1840 2720 1902 locutionem
2748 1887 2764 1914 ‚
2816 1839 3064 1901 videtur
3124 1835 3341 1916 impri-

1770 1931 1890 1992 mis
1944 1933 2601 1994 convenientissimum
2657 1950 2910 2012 semper
2965 1931 3198 1992 addere
3264 1928 3340 1990 il-

1770 2021 1899 2084 lam
1947 2023 2532 2087 determinationem
2559 2071 2576 2101 ,
2637 2026 2874 2088 scilicet
2916 2023 3336 2086 determinare

1770 2119 1970 2180 Deum
2022 2120 2406 2182 voluntatem
2454 2139 2584 2182 non
2633 2122 2770 2182 sine
2817 2120 2948 2194 illa,
2988 2137 3070 2180 ne
3121 2116 3340 2178 videa·

1771 2218 1873 2274 tur
1927 2217 2060 2274 tota
2107 2213 2437 2274 efficientia
2479 2214 2634 2288 Deo,
2681 2213 2987 2274 voluntati
3028 2229 3176 2272 vero
3235 2227 3338 2271 so·-

1770 2306 1901 2366 lum
1945 2306 2219 2386 receptio
2259 2306 2796 2368 determinationis
2835 2306 3057 2379 tribui,
3092 2323 3170 2366 ex
3207 2319 3336 2383 quo

1771 2398 2054 2477 sequitur
2090 2399 2237 2459 laedi
2285 2399 2658 2461 libertatem.
2709 2399 2948 2462 Deinde
2992 2403 3089 2461 est
3125 2397 3338 2458 obser-

1768 2491 2048 2553 vandum
2065 2509 2194 2552 non
2219 2511 2356 2553 esse
2383 2492 2680 2554 eumdem
2701 2511 2980 2564 sensnm,
3007 2492 3058 2552 si
3086 2493 3340 2551 utamur

1769 2585 1964 2646 verbo
2011 2584 2500 2660 determinandi,
2546 2604 2672 2664 quo
2713 2605 2828 2648 nos
2874 2586 2971 2646 usi
3020 2603 3236 2647 sumus
3273 2584 3339 2642 in

1767 2678 2060 2758 praedicta
2107 2681 2452 2741 assertione
2477 2725 2494 2752 ,
2541 2699 2614 2740 ac
2665 2680 2718 2740 si
2777 2685 3096 2753 uteremur
3144 2677 3338 2739 verbo

1770 2771 2404 2851 praedeterminandi3
2448 2791 2598 2833 nam
2643 2775 2948 2854 particula
2992 2773 3130 2846 illa,
3175 2789 3334 2853 proe‚

1768 2864 2016 2926 videtur
2056 2865 2265 2926 dicere
2305 2865 2652 2927 efficaciam
2685 2867 2907 2927 divinas
2936 2867 3196 2928 actionis
3225 2884 3339 2926 an-

1767 2957 2165 3019 tecedentem
2205 2958 2285 3019 ad
2323 2959 2660 3021 voluntatis
2689 2977 3089 3033 consensum,
3141 2965 3204 3020 et
3241 2977 3338 3019 so-

1768 3052 1831 3113 la
1871 3070 1986 3113 sua
2029 3052 2393 3115 efficacitate
2428 3053 2954 3115 determinantem
3008 3053 3215 3127 illam;
3275 3058 3338 3116 et

1769 3147 1911 3208 ideo
1959 3147 2076 3208 sub
2109 3148 2228 3207 illis
2257 3148 2464 3208 verbis
2492 3148 2743 3209 videtur
2768 3147 2974 3227 potius
3017 3148 3336 3229 neganda,

1768 3258 1960 3321 quam
1989 3240 2374 3301 admittenda
2396 3242 2760 3322 propositio.
2789 3242 3084 3313 Quamvis
3107 3242 3171 3302 in
3202 3260 3341 3302 ver-

1765 3334 1863 3394 bis
1891 3352 2020 3394 non
2061 3334 2139 3394 sit
2157 3332 2426 3395 multum
2453 3335 2846 3408 haerendum,
2881 3335 2933 3395 si
2961 3336 3111 3396 satis
3143 3335 3341 3413 expli-

1766 3429 1944 3485 catur
1961 3425 2132 3486 illam
2149 3427 2872 3506 praedeterminationem
2895 3448 3024 3490 non
3046 3447 3182 3491 esse
3200 3429 3339 3488 abs-

1767 3538 1890 3599 que
1941 3520 2315 3581 simultaneo
2358 3540 2670 3583 consensu
2712 3522 3090 3596 voluntatis3
3133 3528 3195 3583 et
3223 3540 3339 3601 per

1766 3613 1938 3673 illam
1969 3613 2361 3693 particulam,
2409 3632 2573 3697 prce,
2613 3633 2744 3677 non
2781 3615 3120 3695 significari
3150 3616 3338 3676 actio-

1768 3726 1918 3768 nem
1973 3706 2250 3786 aliquam
2291 3726 2432 3787 quae
2474 3708 2548 3769 fit
2583 3728 2620 3769 a
2661 3709 2796 3771 solo
2833 3712 2962 3771 Deo
2981 3756 3002 3786 ,
3037 3715 3102 3771 et
3131 3727 3262 3770 non
3299 3728 3338 3769 a

1768 3800 2119 3874 voluntate;
2167 3820 2285 3862 nec
2325 3801 2661 3882 significari
2716 3805 3187 3883 proemotionem
3234 3820 3338 3863 ex-

1766 3895 2110 3956 trinsecam
2151 3894 2499 3957 effectivam
2539 3896 2736 3975 ipsius
2784 3898 2923 3969 Dei;
2964 3897 3079 3957 sed
3106 3894 3338 3974 signifi-

1768 3989 1897 4049 cari
1926 3988 2130 4048 solum
2160 4006 2536 4049 concursum
2562 3989 2672 4051 Dei
2703 3990 2766 4049 in
2795 3990 2900 4051 illa
2925 3990 3168 4050 actione
3198 4006 3336 4049 esse
3366 4007 3370 4012 ’

1765 4081 2292 4161 principaliorem,
2337 4087 2400 4143 et
2437 4081 2648 4161 aliquo
2677 4082 2866 4144 modo
2916 4083 3189 4161 priorem
3219 4099 3336 4141 na-

1762 4178 1927 4249 tura,
1971 4175 2318 4237 secundum
2367 4175 2924 4255 independentiam
2945 4222 2960 4251 ,
2998 4182 3060 4237 et
3101 4176 3339 4236 subsis-

1762 4269 1935 4330 tendi
1986 4270 2525 4348 consequentiam,
2584 4276 2654 4331 ut
2707 4290 2897 4350 supra
2954 4270 3334 4350 explicatum

1765 4364 1879 4423 est.
1922 4361 2150 4425 Ultimo
2181 4362 2644 4423 observandum
2675 4368 2789 4436 est,
2823 4382 2966 4443 quoe
2997 4364 3160 4425 dicta
3189 4371 3338 4427 sunt

1763 4454 1843 4516 de
1884 4455 2079 4516 verbo
2123 4453 2609 4531 determinandi,
2641 4456 2839 4517 multo
2865 4456 3070 4537 magis
3098 4456 3334 4518 habere

1762 4566 1983 4611 verum
2017 4549 2080 4608 in
2121 4549 2313 4610 verbo
2347 4550 2642 4611 movendi
2671 4570 2687 4622 ς
2721 4568 2892 4623 nam,
2935 4551 3094 4612 sicut
3122 4551 3336 4612 volun-

1761 4650 1861 4704 tas
1898 4662 1966 4704 se
1992 4646 2244 4718 movet,
2289 4644 2374 4705 ita
2417 4662 2566 4705 vere
2597 4644 2824 4706 dicitur
2861 4646 3026 4706 Deus
3077 4665 3334 4708 movere

1761 4735 1930 4796 illam
1971 4754 2047 4797 ex
2083 4736 2143 4795 vi
2186 4738 2496 4816 generalis
2539 4756 2904 4811 concursus,
2953 4739 3102 4817 quia
3149 4739 3338 4801 efficit

1760 4829 1934 4889 illum
1972 4834 2184 4889 actum
2223 4830 2288 4889 in
2328 4830 2670 4906 voluntate,
2711 4832 2816 4910 qui
2869 4831 3092 4894 dicitur
3126 4838 3335 4895 motus

1762 4922 1935 5001 ejus;
1984 4926 2046 4982 et
2093 4940 2222 4982 non
2273 4928 2368 4983 est
2421 4923 2591 4984 aliud
2640 4942 2894 4985 movere
2943 4943 3080 4985 rem
3144 4926 3333 4987 aliam

1759 5034 1949 5095 quam
1980 5016 2226 5076 efficere
2259 5016 2324 5076 in
2353 5016 2455 5076 illa
2493 5023 2755 5078 motum.
2805 5020 3198 5081 Praemovere
3247 5022 3332 5081 si-

1758 5108 1988 5168 militer
2015 5113 2222 5186 potest
2259 5109 2596 5185 dicineus,
2639 5115 2712 5172 ut
2752 5130 2942 5173 causa
2981 5113 3184 5191 prima
3211 5117 3328 5185 est,

1758 5222 1887 5263 non
1910 5204 2186 5265 motione
2214 5220 2404 5282 quam
2442 5205 2576 5285 ipse
2619 5206 2790 5267 solus
2823 5206 3030 5279 faciat,
3063 5206 3162 5268 vel
3187 5224 3328 5285 quae

1760 5296 2122 5358 causalitate
2165 5298 2494 5359 antecedat
2543 5300 2938 5361 effectionem
2985 5300 3180 5379 ipsius
3223 5318 3336 5360 vo-

1758 5389 2048 5463 luntatis;
2078 5390 2190 5451 sed
2219 5392 2424 5451 solum
2445 5392 2508 5452 in
2534 5411 2726 5453 sensu
2757 5394 3076 5473 praedicto,
3104 5392 3187 5453 ad
3217 5393 3328 5454 de·-

1758 5483 2105 5543 notandam
2133 5484 2518 5564 prioritatem
2544 5491 2786 5546 naturas
2813 5487 2876 5546 in
2912 5485 3154 5547 ratione
3184 5505 3330 5565 per-

1756 5574 2064 5651 fectionis,
2101 5576 2628 5658 independentiae,
2661 5584 2784 5640 etc,
2821 5578 2994 5653 Dic0,
3039 5582 3110 5639 ut
3138 5598 3332 5643 causa
