3850 6225
535 423 656 487 568

535 526 864 608 sapientia,
893 523 996 588 cui
1038 543 1106 586 se
1135 523 1548 587 conformavit
1573 523 1784 586 divina
1819 522 2111 586 voluntas

537 637 614 682 ex
657 619 934 701 perfecta
961 619 1389 693 inclinatione,
1421 625 1484 680 et
1511 616 1738 680 virtute
1789 635 1926 690 sua,
1970 635 2110 696 qum

531 731 662 774 non
689 716 1060 793 potestesse
1083 711 1230 788 alia,
1261 711 1612 774 secundnm
1627 712 1934 773 rationem
1964 727 2110 792 spe-

533 805 778 868 cilicem
807 809 1132 886 concepta,
1155 806 1273 867 nisi
1285 804 1546 886 justitia.

617 906 682 964 11
701 947 714 962 .
757 903 832 963 Et
851 901 932 962 ad
947 901 1114 963 hunc
1139 901 1394 964 modum
1411 901 1760 964 discurrere
1770 917 2107 981 possumus

535 995 600 1056 in
623 995 917 1077 operibus
932 995 1144 1076 gratiae
1173 1000 1421 1075 gratum
1449 993 1753 1058 facientis.
1785 995 1862 1056 Et
1889 993 1955 1054 in
1982 994 2113 1072 pri--

533 1089 676 1164 mis,
739 1088 790 1150 si
839 1087 945 1150 illa
995 1089 1464 1150 consideremus
1509 1093 1696 1168 prout
1733 1085 2107 1150 ordinantur

534 1184 724 1245 etiam
743 1182 826 1245 ad
853 1183 1154 1245 unionem
1188 1183 1668 1264 hypostaticam,
1713 1182 2004 1262 quamvis
2042 1182 2111 1243 in

534 1277 672 1338 aliis
716 1277 1002 1356 personis
1045 1283 1218 1339 extra
1275 1278 1550 1339 Verbum
1591 1275 1766 1350 fiant,
1811 1273 1896 1336 ad
1946 1275 2111 1338 hanc

532 1369 824 1433 virtutem
869 1369 1058 1432 etiam
1110 1374 1415 1450 spectant.
1473 1369 1554 1434 Ut
1607 1367 1779 1451 quod
1821 1367 2105 1444 foemiua,

534 1481 675 1544 quoe
721 1463 930 1527 futura
969 1469 1104 1526 erat
1133 1468 1336 1526 mater
1377 1464 1513 1539 Dei,
1559 1463 1886 1542 condignis
1919 1481 2108 1524 orna-

533 1558 762 1620 mentis
843 1558 1060 1639 gratite
1143 1559 1617 1638 praeveniretur,
1703 1575 1776 1618 sc
1843 1556 2109 1636 pertice-

531 1655 728 1722 retur,
762 1651 884 1712 huc
929 1652 1270 1731 spectavit;
1315 1653 1407 1724 ut,
1451 1651 1624 1714 verbi
1669 1651 1892 1731 gratia,
1932 1649 2107 1730 quod

529 1745 770 1824 absque
807 1750 1064 1825 peccato
1109 1745 1394 1826 originali
1423 1745 1896 1825 conciperetur;
1925 1763 2101 1821 nam,

531 1839 678 1900 licet
731 1837 854 1900 alia
923 1839 1164 1900 ratione
1227 1838 1381 1901 illud
1435 1839 1625 1900 fuerit
1674 1855 1834 1918 opus
1881 1838 2099 1918 gratiae

531 1939 824 2012 respectu
869 1932 1158 2012 Virginis,
1229 1937 1292 1995 et
1337 1935 1454 1995 sub
1509 1934 1630 1994 alia
1695 1933 1884 1994 fuerit
1926 1949 2091 2012 opus

533 2025 830 2106 rigorosas
854 2025 1106 2106 justitiae
1135 2033 1424 2108 respectu
1451 2027 1819 2089 meritorum
1849 2025 2097 2098 Christi,

533 2135 652 2199 per
691 2137 760 2180 se
813 2125 1024 2181 tamen
1075 2126 1508 2202 comparatum
1563 2125 1628 2182 et
1682 2119 1764 2180 ad
1821 2117 2101 2180 Verbum

533 2213 1013 2286 incarnandum,
1049 2220 1110 2276 et
1161 2214 1242 2275 ad
1287 2214 1654 2296 dignitatem
1707 2213 1920 2276 Matris
1963 2213 2099 2288 Dei,

533 2305 652 2368 fuit
677 2323 837 2386 opus
887 2308 1140 2388 justitiae
1183 2307 1692 2388 providentialis3
1723 2308 1870 2386 quia
1915 2307 1981 2366 in
2024 2323 2101 2368 eo

537 2405 632 2462 est
671 2400 881 2462 debita
931 2402 1250 2483 proportio
1287 2409 1352 2464 et
1399 2401 1856 2476 convenientia,
1910 2416 2103 2480 quam

537 2493 748 2556 divina
789 2495 1093 2575 sapientia
1133 2496 1428 2576 proponit
1477 2499 1548 2556 ut
1587 2513 1702 2576 per
1735 2513 1876 2556 sese
1903 2495 2105 2556 maxi-

537 2605 642 2649 me
669 2587 1021 2662 decentem,
1057 2595 1122 2651 et
1171 2607 1286 2650 suo
1337 2588 1526 2651 modo
1571 2589 1848 2650 debitam
1889 2589 2103 2650 Verbo

537 2681 948 2756 incarnando,
979 2689 1042 2745 et
1081 2681 1290 2744 divina
1336 2683 1626 2744 voluntas
1667 2701 1746 2744 ex
1795 2683 1856 2743 vi
1911 2683 2102 2763 hujus

535 2775 780 2836 virtutis
803 2775 974 2838 illam
1016 2775 1431 2856 amplectitur.
1462 2778 1540 2838 Et
1565 2775 1747 2837 simili
1769 2774 1983 2850 modo,
2018 2793 2101 2836 ne

535 2869 836 2949 prolixior
858 2870 997 2943 sim,
1029 2875 1234 2952 potest
1263 2871 1406 2950 quis
1451 2869 1804 2932 discurrere
1855 2869 1922 2930 in
1964 2867 2103 2930 aliis

537 2962 834 3042 operibus
861 2970 924 3026 et
949 2963 1128 3026 donis
1157 2965 1396 3046 gratim,
1423 2969 1550 3025 tam
1581 2962 1822 3025 collatis
1863 2963 2102 3046 specia-

535 3057 680 3121 liter
705 3057 1018 3139 aliquibus
1071 3059 1380 3139 personis‚
1413 3075 1604 3139 quam
1645 3055 2100 3138 praedestinatis

537 3152 851 3225 omnibus,
895 3152 998 3215 vel
1039 3154 1226 3215 etiam
1271 3152 1575 3234 reprobis,
1641 3170 1754 3213 seu
1809 3151 2101 3213 omnibus

537 3246 974 3321 communiter,
1005 3264 1154 3307 nam
1203 3246 1268 3307 in
1311 3246 1604 3307 omnibus
1637 3244 1918 3306 invenire
1954 3262 2102 3323 pos-

537 3358 756 3403 sumus
781 3340 1056 3420 aliquam
1083 3340 1392 3403 rationem
1417 3340 1608 3419 hujus
1641 3338 1895 3419 justitias¹
1921 3356 1939 3410 ;
1974 3338 2101 3399 hnc

537 3434 705 3497 enim
734 3439 995 3515 spectat,
1025 3434 1196 3514 quod
1221 3435 1387 3495 Deus
1443 3432 1552 3495 det
1597 3432 1888 3494 omnibns
1930 3430 2103 3493 suffi-

539 3530 809 3590 cientem
849 3528 1138 3609 gratiam,
1171 3544 1315 3589 cnm
1363 3542 1584 3587 omnes
1634 3525 1720 3586 ad
1769 3523 2105 3587 beatitudi-

537 3640 686 3685 nem
713 3626 1013 3683 aeternam
1056 3620 1322 3696 ordinet,
1349 3624 1654 3699 quantum
1697 3618 1761 3681 in
1801 3620 1937 3699 ipso
1978 3622 2099 3693 est,

539 3714 712 3777 etsie
739 3712 818 3776 de
853 3712 990 3775 aliis
1005 3736 1023 3791 3
1051 3713 1190 3775 haee
1219 3712 1386 3774 enim
1403 3712 1644 3793 justitia
1671 3730 1800 3773 non
1831 3712 2105 3775 excludit

535 3807 1032 3871 misericordiam
1091 3813 1154 3869 et
1178 3806 1511 3889 gratuitam
1559 3806 1991 3881 donationem,
2038 3812 2105 3869 et

535 3902 680 3966 ideo
706 3903 896 3965 etiam
923 3900 1084 3963 circa
1109 3906 1470 3982 peccatores
1499 3900 1776 3961 exerceri
1804 3904 2033 3978 potest.

617 3996 926 4059 Praeterea
955 3994 1022 4055 in
1051 3993 1346 4074 operibus
1381 3992 1572 4055 etiam
1609 3997 1850 4053 natum
1877 3991 2102 4053 intelli·

535 4089 706 4173 gitur
747 4088 928 4151 facile
967 4088 1070 4149 hic
1103 4086 1330 4149 modus
1351 4084 1630 4165 justitie,
1663 4091 1726 4147 et
1753 4086 1818 4145 in
1847 4084 1939 4147 eis
1967 4086 2099 4166 ple-

535 4200 804 4265 rumque
851 4186 1097 4265 ponunt
1137 4178 1424 4260 exempla
1467 4178 1536 4240 D.
1563 4179 1840 4240 Thomas
1889 4183 1953 4241 et
1994 4178 2099 4241 alii

531 4276 854 4359 Theologi.
901 4274 1116 4338 Solum
1151 4274 1488 4336 observare
1516 4276 1785 4353 oportet,
1809 4290 1940 4335 non
1962 4276 2099 4335 tan-

531 4374 668 4432 turn
731 4369 798 4431 in
847 4368 1144 4449 operibus
1203 4372 1442 4428 naturai
1487 4364 1878 4447 particularis
1905 4410 1922 4439 ,
1982 4364 2098 4427 sed

533 4460 722 4523 etiam
775 4461 1144 4523 universalis
1179 4506 1196 4534 ‚
1239 4466 1310 4523 nt
1351 4458 1710 4539 Philosophi
1747 4458 2092 4539 appellant,

525 4554 830 4635 justitiam
873 4554 1038 4615 hanc
1073 4552 1464 4617 intercedere
1493 4572 1510 4627 ;
1545 4570 1696 4613 nam
1728 4551 1899 4631 quod
1925 4556 2097 4613 terra

529 4646 610 4709 sit
637 4647 818 4728 aquis
847 4645 1262 4727 discooperta,
1295 4666 1422 4709 non
1446 4645 1805 4726 particulari
1825 4650 2092 4719 naturae,

529 4738 642 4801 sed
671 4738 1010 4802 universali
1039 4740 1319 4802 debitum
1342 4746 1436 4803 est
1461 4758 1478 4814 ;
1507 4744 1568 4802 et
1595 4740 1897 4813 similiter,
1925 4738 2097 4819 quod

527 4850 694 4915 aqua
725 4834 1025 4896 ascendat
1073 4834 1154 4897 ad
1193 4834 1564 4915 replendum
1591 4850 1903 4906 vacuum;
1960 4834 2097 4895 haec

527 4944 680 5007 ergo
711 4931 773 4990 et
803 4926 1028 4989 similia
1079 4928 1162 4990 ita
1190 4926 1519 5009 providere
1549 4946 1628 4988 ex
1659 4933 1836 5007 parte
1869 4926 2096 4989 divinoe

524 5019 860 5081 voluntatis
887 5020 966 5081 ad
995 5020 1160 5083 hanc
1185 5020 1492 5100 justitiam
1515 5026 1775 5100 spectat.
1805 5020 2089 5099 Denique

525 5113 575 5175 si
603 5113 907 5176 moralem
943 5114 1036 5195 (ut
1059 5114 1144 5176 ita
1171 5114 1400 5195 dicam)
1427 5113 1886 5193 providentiam
1916 5132 2090 5194 spec-

525 5213 751 5282 temus,
781 5208 1174 5270 inveniemus
1227 5208 1512 5287 exempla
1561 5225 1692 5269 non
1735 5206 2082 5269 dissimilia.

522 5301 701 5375 Nam,
741 5300 910 5380 quod
957 5302 1125 5365 Deus
1177 5302 1462 5383 imponat
1507 5300 1867 5363 hominibus
1923 5318 2087 5380 prae·

523 5398 706 5475 cepta
751 5413 881 5458 non
941 5394 1145 5458 solum
1195 5400 1368 5457 recta
1389 5440 1405 5469 ,
1455 5401 1518 5457 et
1567 5394 1887 5476 possibilia
1913 5438 1931 5468 ,
1974 5394 2087 5456 sed

1485 423 1696 479 owse.
1733 425 1814 477 Vl.
1851 421 2337 477 msrcnuo‘nss
2366 423 2645 479 marma
2676 426 2797 480 nat.

2188 541 2271 585 ne
2298 522 2543 585 nullum
2570 543 2729 604 opus
2746 526 2983 588 honum
3012 528 3531 593 irremuneratum
3550 535 3699 599 telin.

2188 623 2363 697 quat,
2392 617 2579 680 etiam
2606 620 2673 680 in
2702 620 3061 682 hominibus
3094 623 3253 685 alias
3280 625 3503 702 pravis,
3522 633 3584 687 ‘at
3604 631 3699 690 Au-

2188 713 2477 790 gustinus
2506 713 2661 790 vult,
2694 720 2755 777 et
2794 715 2871 775 D.
2904 715 3175 779 Thomas
3204 717 3460 798 egregie
3484 721 3701 800 explicat

2192 807 2251 866 1.
2282 809 2347 878 2,
2384 811 2603 886 quast.
2634 809 2739 880 21,
2778 813 2897 868 art.
2934 809 2995 869 4.
3028 808 3207 882 Quod
3252 810 3403 872 item
3428 829 3561 872 cnm
3588 832 3700 893 prn-

2188 897 2473 978 portione
2526 898 2735 962 locum
2781 901 2974 965 habet
3018 902 3083 963 in
3134 903 3449 965 malorum
3486 923 3701 986 operum

2188 992 2535 1070 punitione,
2566 994 2873 1056 utstatim
2918 995 3204 1058 dicimus.

2267 1087 2365 1147 12.
2408 1087 2501 1148 Ex
2538 1087 2637 1149 his
2664 1089 2829 1168 'ergo
2868 1089 3021 1150 satis
3070 1095 3319 1152 constat
3356 1108 3572 1152 munus
3610 1093 3703 1156 hoc

2182 1179 2458 1260 justitias,
2504 1186 2569 1242 et
2608 1183 2951 1244 necessitas
2989 1183 3153 1263 ejus,
3196 1190 3265 1246 et
3299 1185 3561 1246 maxima
3590 1205 3703 1266 pro-

2188 1274 2393 1354 portio
2428 1291 2619 1354 quam
2666 1275 2859 1338 habet
2888 1277 2971 1339 ad
3017 1278 3243 1352 Deum,
3272 1283 3347 1340 ut
3390 1295 3701 1358 supremum

2189 1366 2677 1448 gubernatorem
2732 1375 2797 1433 et
2848 1371 3240 1451 provisorem
3302 1373 3605 1446 omninm;
3648 1384 3701 1438 ut

2188 1461 2379 1522 etiam
2416 1463 2491 1524 D.
2524 1463 2803 1525 Thomas
2856 1465 3231 1545 significavit
3276 1465 3419 1528 loco
3472 1468 3701 1546 proxime

2184 1556 2373 1618 citato
2405 1602 2422 1632 ,
2480 1563 2671 1636 atque
2718 1557 2909 1620 etiam
2943 1562 2972 1619 1
3019 1577 3112 1638 p.,
3144 1577 3209 1640 q.
3262 1561 3339 1621 21
3370 1605 3389 1632 ,
3422 1565 3531 1622 art.
3560 1565 3581 1622 1
3608 1582 3623 1635 ;
3654 1570 3701 1624 et

2184 1649 2511 1730 eleganter
2542 1652 2986 1726 Tertullianus,
3020 1654 3063 1715 1.
3096 1657 3137 1716 2
3158 1660 3385 1716 eontm
3422 1654 3698 1732 Marcion„

2184 1761 2239 1806 c.
2268 1748 2334 1806 11
2372 1750 2435 1806 et
2458 1761 2621 1824 seq„
2650 1745 2755 1807 ubi
2787 1746 2867 1808 de
2894 1747 3013 1808 hac
3034 1747 3283 1827 justitia
3298 1747 3467 1828 loqui
3480 1748 3697 1824 videtur,

2182 1855 2325 1898 cnm
2354 1837 2443 1898 ait
2460 1838 2767 1918 justitiam
2795 1858 2935 1902 esse
2962 1841 3227 1904 tutelam
3258 1842 3565 1918 bonitatis»,
3588 1845 3701 1921 quia

2180 1929 2451 2004 bonitas,
2484 1931 2605 1992 nisi
2643 1933 2885 2012 justitia
2926 1941 3207 2015 regatur,
3242 1951 3373 1996 non
3406 1936 3519 1996 erit
3562 1937 3701 1997 boui-

2180 2028 2277 2084 tas
2306 2041 2322 2096 ;
2356 2027 2421 2085 et
2448 2041 2665 2085 rursus
2697 2043 2716 2085 τ
2744 2025 3007 2090 Bonitas
3044 2027 3161 2091 Dei
3184 2031 3445 2108 operata
3464 2032 3703 2092 mnas·

2182 2117 2347 2190 dum,
2362 2117 2626 2196 justitia
2650 2121 2963 2184 modulam
2996 2128 3091 2185 est
3108 2147 3135 2194 ,·
3162 2120 3343 2201 quod
3376 2121 3495 2183 late
3532 2141 3701 2202 prose·

2184 2209 2416 2290 quitur.
2448 2213 2523 2272 nt
2544 2217 2764 2291 postea
2792 2213 3143 2276 concludit:
3174 2215 3293 2279 Ita
3330 2232 3495 2277 onae
3516 2217 3701 2295 koejn-

2181 2305 2375 2368 etitioe
2410 2323 2559 2388 opus
2588 2307 2941 2389 procuratio
2980 2307 3277 2372 bonitatis
3324 2313 3439 2381 est,
3474 2313 3617 2382 etc.;
3654 2317 3699 2372 et

2184 2395 2385 2458 infra:
2420 2399 2691 2462 Iustitia
2734 2401 2917 2462 etiam
2948 2401 3269 2484 plenitudo
3316 2406 3411 2465 est
3460 2402 3699 2465 mactis

2182 2491 2383 2572 ipsius
2398 2491 2677 2555 mmm
2702 2492 2893 2556 Deum
2910 2497 3271 2576 permotum.
3300 2494 3395 2556 De
3418 2495 3534 2556 hac
3550 2497 3695 2556 etiam

2175 2583 2417 2664 justitia
2442 2589 2648 2664 potest
2672 2583 2900 2665 erponi
2942 2587 3283 2648 Anselmns
3310 2587 3377 2648 in
3402 2589 3691 2669 Prosolog„

2184 2695 2243 2739 c.
2274 2681 2375 2751 11,
2402 2695 2549 2740 cnm
2576 2679 2659 2740 ad
2684 2680 2885 2740 Deum
2912 2681 3045 2742 ait:
3086 2681 3359 2744 Iustum
3392 2683 3591 2765 quipp
3628 2691 3695 2748 est

2182 2777 2241 2836 te
2276 2773 2369 2836 sic
2396 2790 2523 2837 esee
2549 2773 2821 2855 justum,
2862 2779 2935 2838 ut
2957 2775 3201 2855 ,iustior
3226 2793 3483 2858 nequeas
3518 2778 3695 2860 cofin-

2178 2865 2282 2938 ri:
2324 2867 2485 2946 quod
2518 2884 2891 2948 nequaquam
2926 2884 3117 2942 uses,
3174 2869 3237 2931 ss·
3290 2875 3523 2933 mutua
3566 2871 3695 2932 bouis

2180 2959 2561 3035 bonumeam
2584 2960 2769 3023 ndis
2796 2960 2965 3024 mala
2988 2963 3269 3026 redderes
3289 2963 3693 3044 &meniu

2180 3058 2275 3117 est
2308 3051 2414 3137 qu·
2444 3058 2505 3117 et
2534 3050 2697 3116 bonis
2741 3053 3037 3131 atmiis,
3068 3057 3695 3139 quamquibouistw

2182 3152 2313 3209 tum
2338 3148 2559 3211 merita
2583 3140 2889 3212 retr-ibici&
2912 3148 3295 3229 Quanquam
3322 3152 3489 3213 enim
3508 3152 3583 3213 ihi
3604 3154 3693 3213 An-

2182 3240 2419 3301 selmus
2445 3240 2527 3301 de
2548 3240 2789 3320 justitia
2833 3242 3137 3307 latissime
3174 3244 3491 3325 loquatur,
3519 3245 3607 3306 illa
3628 3251 3691 3305 ta-

2180 3352 2331 3395 men
2374 3334 2571 3395 verba
2620 3336 2855 3413 optime
2908 3336 3055 3399 huic
3100 3338 3365 3418 ,iustitiae
3412 3339 3688 3418 quadrant.

2180 3430 2257 3491 Et
2290 3428 2463 3507 quod
2502 3430 2635 3509 ipse
2682 3429 2833 3493 dicit
2870 3428 2951 3493 de
2994 3432 3409 3493 retributione
3434 3433 3689 3495 bonorum

2180 3528 2247 3583 et
2294 3522 2605 3583 malorum
2626 3568 2643 3595 ,
2704 3540 3041 3603 possumus
3088 3542 3207 3586 nos
3262 3528 3583 3588 extendere
3630 3526 3691 3585 ad

2180 3632 2437 3677 omnem
2484 3616 2899 3679 redditionem
2958 3636 3036 3679 ex
3086 3618 3307 3698 aliquo
3366 3618 3561 3681 debito
3618 3618 3691 3679 vel

2185 3710 2611 3789 proportione,
2634 3712 2814 3791 juxta
2848 3712 3137 3793 exempla
3184 3714 3475 3793 superius
3510 3714 3687 3792 posita.

2182 3804 2314 3865 Imo
2342 3803 2397 3863 si
2424 3802 2531 3863 illa
2568 3804 2725 3865 ratio
2771 3810 2941 3867 recte
2966 3804 3359 3887 inspiciatur,
3390 3807 3469 3868 ad
3512 3804 3689 3867 confir-

2181 3894 2415 3957 manda
2442 3896 2653 3957 omnia
2682 3912 2823 3977 quie
2840 3896 2921 3959 de
2948 3898 3157 3961 divina
3177 3900 3423 3980 justitia
3446 3900 3685 3972 diximus,

2180 3988 2390 4050 valere
2430 3994 2656 4069 potest.

2258 4236 2447 4301 Dicta
2470 4234 2737 4319 jutitia
2780 4256 2889 4305 our
2930 4242 3233 4327 aenei-alis
3274 4244 3399 4309 dici
3410 4242 3605 4329 poerit.

2262 4454 2361 4517 43.
2410 4456 2501 4517 Ex
2562 4455 2661 4519 his
2720 4456 2911 4519 etiam
2952 4458 3133 4522 facile
3186 4460 3543 4541 intelligitur
3584 4476 3681 4539 quo

2180 4568 2373 4613 sensu
2400 4556 2465 4613 et
2488 4550 2667 4613 titulo
2696 4551 2833 4613 haec
2858 4552 3100 4632 justitia
3124 4554 3434 4634 generalis
3462 4552 3683 4634 appelle·

2176 4650 2314 4717 tnr3
2344 4660 2473 4706 non
2502 4644 2673 4705 enim
2710 4644 2799 4709 ita
2818 4652 3103 4720 vocatur,
3136 4646 3289 4728 quia
3336 4665 3569 4709 omnem
3590 4647 3680 4705 vir-

2176 4742 2375 4800 tutem
2414 4736 2759 4800 formaliter
2784 4740 3279 4820 comprehendat
3324 4742 3389 4803 in
3436 4756 3539 4800 suo
3560 4755 3679 4817 pre-

2176 4832 2307 4893 ciso
2340 4838 2673 4912 conceptu,
2716 4839 2787 4897 ut
2838 4840 3013 4915 patet
3064 4852 3143 4897 ex
3190 4834 3370 4897 dictis
3414 4834 3489 4895 de
3524 4830 3678 4911 signi-

2174 4924 2467 4987 ficatione
2523 4926 2711 5006 hujus
2734 4928 2905 4989 vocis
2956 4928 3021 4989 in
3050 4928 3329 4991 secunda
3364 4928 3495 5008 ejus
3528 4921 3677 5003 signi·

2170 5018 2459 5081 flectione
2486 5038 2502 5093 ;
2554 5036 2633 5081 ex
2658 5018 2755 5081 his
2782 5021 2975 5083 etiam
3008 5040 3149 5101 qum
3184 5022 3269 5085 de
3306 5022 3529 5083 ratione
3554 5034 3673 5095 ope-

2168 5112 2349 5175 randi
2390 5114 2580 5194 hujus
2630 5114 2875 5175 virtutis
2908 5114 3202 5190 diximus,
3238 5110 3594 5177 ostendendo
3622 5108 3669 5167 in

2166 5206 2271 5269 illa
2296 5207 2565 5287 speciale
2612 5207 2917 5269 motivum
2944 5208 3289 5270 honestatis
3314 5214 3375 5269 et
3399 5202 3667 5268 rectitudi-

2168 5300 2265 5361 nis
2284 5300 2645 5362 distinctum
2660 5320 2697 5360 a
2722 5300 2998 5379 reliquia.
3020 5301 3199 5365 Unde
3216 5300 3559 5383 perturbare
3580 5312 3667 5357 ne-

2164 5394 2403 5456 minem
2448 5394 2659 5467 debet,
2686 5394 2861 5475 quod
2896 5394 2961 5455 in
2996 5400 3145 5457 actu
3172 5396 3272 5457 vel
3302 5391 3539 5455 materia
3576 5391 3661 5451 hu-

523 5488 712 5551 ctiam
759 5488 880 5550 illis
929 5487 1402 5551 accommodata
1445 5494 1508 5550 et
1561 5488 2035 5569 proportionata
2062 5533 2080 5562 ,
2157 5489 2263 5569 jus
2304 5488 2579 5568 justitia,
2622 5504 2816 5569 saepc,
2850 5492 2960 5549 aut
3006 5488 3199 5551 etiarn
3256 5504 3493 5568 semper
3522 5486 3661 5545 inve·

521 5580 710 5659 hujus
730 5582 986 5661 justitias
1021 5600 1181 5663 opus
1211 5588 1344 5656 est;
1387 5588 1450 5645 et
1486 5581 1569 5644 ad
1601 5600 1742 5645 eam
1786 5582 2079 5661 pertinet,
2162 5580 2283 5642 niri
2316 5580 2513 5661 possit
2559 5580 2681 5641 alia
2716 5580 2876 5642 ratio
2904 5582 3237 5661 operandi,
3272 5580 3559 5661 pertinens
3594 5572 3656 5634 ad
