3850 6225
675 407 855 468 sEcT.
891 417 931 468 1.
971 413 1118 478 QUID
1149 403 1644 468 smmrlcavssm‘r
1677 403 1941 470 PAULUS,
1976 401 2195 463 mur-:ns
2228 407 2397 466 DEUM
2428 409 2717 476 OPERARI,
2750 411 2887 468 ETC.

187 513 386 576 ferens
409 513 532 576 dici
571 521 776 595 potest
801 517 886 578 ad
905 516 1244 578 videndum
1285 522 1348 578 et
1374 535 1504 578 non
1528 515 1741 577 viden-

187 607 352 678 dum,
383 607 528 686 quia
555 615 890 687 utrumque
920 627 1212 671 exercere
1241 613 1482 689 potest;
1535 609 1598 670 id
1647 613 1741 669 ta·

187 719 324 762 men
352 701 502 762 satis
541 721 666 762 non
695 709 791 764 est
819 707 890 764 ut
924 703 1120 766 libere
1151 704 1376 777 videat,
1425 703 1594 782 quia,
1627 720 1741 782 po·

187 794 294 856 sita
323 793 838 858 determinatione
879 797 1130 876 objecti,
1161 797 1414 858 omnino
1443 794 1741 856 naturali-

185 895 276 948 ter
303 887 382 948 ad
417 889 760 950 videndum
779 890 1255 952 determinatur.
1291 891 1392 952 Sic
1421 908 1574 968 ergo
1625 888 1741 950 erit

187 981 361 1058 plane
383 981 450 1042 in
477 982 818 1060 voluntate,
851 984 902 1044 si
931 1002 1048 1063 per
1069 983 1456 1045 intellectum
1482 982 1738 1043 omnino

188 1074 622 1136 determinatur
649 1076 731 1137 ad
757 1094 988 1137 unum:
1017 1094 1168 1136 nam
1191 1075 1360 1155 quod
1380 1075 1604 1136 modus
1635 1074 1741 1136 de-

189 1167 628 1229 terminationis
656 1168 940 1230 diversus
970 1169 1070 1245 sit,
1101 1187 1326 1248 parum
1353 1168 1564 1238 refert,
1592 1185 1742 1228 nam

189 1259 431 1339 quilibet
469 1261 695 1322 sufficit
739 1261 822 1322 ad
849 1261 1334 1324 indifferentiam
1374 1260 1736 1323 tollendam.

189 1355 512 1432 Possetque
543 1353 806 1414 similius
837 1355 1194 1435 exemplum
1236 1370 1376 1417 esse
1404 1355 1470 1415 in
1499 1354 1740 1434 appeti-

187 1449 270 1518 tu,
299 1445 402 1524 qui
427 1463 506 1506 ex
535 1447 1040 1526 apprehensione
1087 1449 1312 1528 objecti
1359 1448 1740 1510 determina-

188 1544 298 1613 tur,
329 1539 459 1599 sine
475 1557 606 1618 qua
622 1547 920 1620 appetere
946 1559 1076 1602 non
1089 1545 1302 1620 posset
1318 1587 1334 1614 ‚
1359 1547 1422 1604 et
1447 1541 1534 1602 ita
1553 1540 1744 1602 etiam

188 1637 376 1710 potest
399 1631 524 1692 dici
555 1651 633 1694 ex
665 1651 732 1694 se
767 1633 1154 1709 indifferens,
1199 1653 1327 1696 non
1356 1640 1568 1696 tamen
1600 1653 1743 1714 sup-

188 1724 372 1802 posita
399 1725 508 1785 tali
531 1727 1069 1806 apprehensione3
1103 1733 1166 1789 et
1191 1728 1396 1790 adhuc
1425 1728 1543 1790 erit
1575 1728 1743 1788 simi-

189 1819 294 1880 lius
321 1820 680 1898 exemplum
723 1820 791 1880 in
817 1821 1138 1884 voluntate
1179 1828 1413 1895 nostra,
1447 1840 1614 1901 quae,
1645 1839 1743 1882 se-

189 1913 446 1976 cundum
472 1931 540 1974 se
573 1917 638 1974 et
660 1914 832 1975 nude
853 1920 1154 1992 spectata,
1181 1915 1302 1978 dici
1327 1922 1533 1994 potest
1555 1913 1742 1976 indif-

187 2005 378 2067 t'erens
408 2004 489 2066 ad
517 2007 862 2068 amandum
887 2013 950 2069 et
970 2026 1098 2069 non
1126 2008 1468 2069 amandum
1495 2009 1734 2080 Deum3

187 2105 404 2174 tamen,
439 2101 767 2179 supposita
794 2101 901 2162 tali
929 2102 1188 2164 scientia
1217 2100 1294 2163 de
1321 2102 1474 2174 Deo,
1507 2101 1742 2163 scilicet

185 2193 406 2253 visione
445 2193 588 2273 ejus
639 2193 831 2267 clara,
863 2195 1000 2274 jam
1042 2213 1172 2255 non
1214 2200 1310 2256 est
1350 2194 1736 2268 indifferenS,

187 2287 320 2364 quia
347 2305 460 2365 per
505 2304 654 2348 eam
679 2287 1007 2350 scientiam
1032 2288 1119 2348 ita
1149 2287 1628 2363 determinatur,
1671 2292 1742 2349 ut

189 2398 305 2440 non
342 2380 536 2459 possit
567 2399 698 2442 non
738 2380 898 2443 velle
929 2401 945 2452 ;
975 2389 1040 2444 et
1082 2382 1227 2444 ideo
1273 2382 1338 2442 in
1383 2383 1488 2442 illo
1525 2399 1740 2443 amore

189 2491 302 2532 non
341 2478 431 2534 est
467 2473 751 2534 libertas.
789 2475 888 2535 Sic
927 2492 1077 2554 ergo
1115 2463 1192 2537 'se
1239 2475 1495 2536 habebit
1533 2473 1742 2536 divina

189 2565 456 2626 voluntas
501 2566 720 2644 quoad
748 2567 1334 2630 determinationem
1377 2568 1574 2647 (verbi
1606 2586 1744 2648 gra-

189 2658 282 2734 tia)
319 2659 570 2719 volendi
613 2677 828 2721 creare
867 2661 1174 2722 mundum
1191 2677 1210 2740 3
1259 2679 1408 2722 nam
1451 2679 1529 2722 ex
1572 2679 1640 2722 se
1681 2666 1745 2722 et

191 2750 406 2829 absque
447 2752 694 2830 judicio
744 2753 1004 2814 rationis
1049 2773 1176 2814 non
1220 2759 1426 2833 potest
1463 2754 1542 2814 ad
1595 2771 1742 2815 eum

193 2850 380 2906 actum
403 2844 850 2920 determinari3
884 2847 938 2908 si
962 2865 1136 2927 ergO,
1169 2853 1370 2909 stante
1400 2848 1654 2910 scientia
1681 2855 1744 2911 et

188 2936 400 3014 judicio
461 2958 590 3018 quo
642 2942 810 3002 Deus
861 2942 1076 3002 statuit
1132 2943 1437 3020 optimum
1499 2959 1636 3002 esse
1679 2947 1743 3005 et

193 3036 670 3094 consentaneum
707 3052 834 3096 suae
861 3034 1122 3096 bonitati
1160 3053 1374 3098 creare
1407 3035 1738 3108 mundum,

193 3124 264 3183 ab
288 3126 399 3185 hoc
421 3127 666 3206 judicio
692 3128 1148 3190 determinatur
1175 3130 1428 3191 omnino
1453 3130 1742 3191 voluntas

192 3224 252 3279 ut
297 3220 469 3294 velit,
533 3221 711 3281 nulla
763 3221 1138 3300 relinquitur
1175 3222 1592 3285 indifferentia
1641 3223 1742 3284 vel

191 3311 424 3373 libertas
445 3314 510 3374 in
533 3314 646 3375 illo
677 3320 854 3386 actu;
889 3315 1034 3394 quia
1048 3316 1355 3394 judicium
1384 3315 1538 3377 illud
1564 3322 1742 3377 natu-

189 3405 306 3465 rale
333 3411 425 3467 est
463 3414 526 3469 et
556 3410 1013 3484 necessarium,
1047 3415 1108 3470 et
1149 3410 1438 3471 voluntas
1471 3411 1606 3490 pari
1633 3428 1740 3471 ne-

192 3500 456 3561 cessitate
478 3546 494 3573 ,
556 3508 622 3561 et
665 3501 938 3563 naturali
986 3502 1354 3567 habitudine
1405 3504 1740 3565 conformis

192 3598 278 3651 est
301 3592 381 3653 illi
402 3594 678 3672 judicio;
701 3613 852 3674 ergo
878 3594 1050 3656 nulla
1071 3603 1164 3658 est
1192 3597 1275 3657 ibi
1295 3596 1735 3671 indifferentia,

195 3684 294 3745 sed
321 3688 493 3765 quasi
521 3687 732 3749 fatalis
759 3688 952 3749 series
985 3707 1068 3751 ae
1087 3690 1448 3751 necessitas,
1482 3691 1740 3769 Propter

195 3780 344 3854 quod
367 3782 590 3843 merito
613 3781 768 3843 dixit
783 3784 856 3843 D.
887 3784 1183 3856 Thomas,
1225 3788 1254 3845 1
1295 3791 1482 3863 part„
1513 3791 1736 3863 quaest.

193 3874 281 3945 14,
307 3879 418 3933 art.
453 3876 514 3946 8,
541 3876 871 3937 scientiam
895 3878 1007 3938 Dei
1031 3878 1380 3939 secundum
1405 3896 1474 3939 se
1495 3896 1632 3939 esse
1652 3879 1742 3939 in-

193 3963 566 4029 differentem
603 3968 666 4029 in
706 3969 924 4031 ordine
966 3971 1046 4033 ad
1091 3972 1522 4049 operationem
1565 3976 1738 4033 extra

195 4076 273 4129 se,
323 4058 731 4123 determinari
782 4070 994 4125 autem
1043 4083 1162 4143 per
1200 4065 1618 4139 voluntatem3
1675 4071 1736 4127 et

193 4160 394 4228 quaest.
429 4158 528 4230 19,
573 4158 752 4217 artic.
785 4159 845 4230 3,
884 4157 966 4219 ad
995 4164 1288 4236 quartum
1321 4165 1384 4221 et
1421 4160 1730 4238 quintum,

194 4246 271 4305 ait
291 4249 672 4312 voluntatem
711 4251 986 4313 divinam
1021 4270 1160 4314 sese
1190 4252 1609 4331 determinare
1652 4252 1735 4313 ad

193 4338 420 4417 objecta
456 4349 692 4417 creata,
743 4362 894 4405 nam
935 4344 1040 4406 illa
1085 4364 1200 4426 per
1227 4364 1368 4408 sese
1395 4363 1524 4407 non
1569 4345 1740 4407 suffi-

193 4433 348 4494 ciunt
387 4435 554 4496 illam
599 4437 1020 4499 determinare
1073 4438 1156 4501 ob
1203 4438 1738 4518 imperfectionem

195 4543 380 4601 suam,
410 4529 582 4608 quod
599 4548 818 4593 verum
845 4537 938 4592 est
961 4531 1042 4593 de
1069 4531 1188 4593 illis
1215 4532 1496 4611 objectiS,
1532 4537 1605 4592 ut
1631 4549 1738 4593 co-

195 4618 364 4696 gnitis
403 4622 518 4701 per
565 4624 894 4685 scientiam
929 4624 1062 4687 Dei.
1108 4626 1305 4704 Igitur
1353 4644 1482 4687 non
1513 4625 1737 4686 dicitur

193 4710 340 4773 Deus
367 4715 576 4777 omnia
605 4718 850 4796 operari
893 4718 1242 4781 secundum
1279 4719 1605 4781 consilium
1633 4734 1738 4779 vo-

193 4801 430 4869 luntatis
477 4828 631 4882 suae,
675 4810 822 4891 quia
863 4811 1192 4875 consilium
1239 4813 1444 4890 ipsum
1483 4811 1562 4871 sit
1605 4814 1736 4871 tota

195 4898 338 4960 ratio
366 4900 588 4963 divinae
621 4902 1158 4967 determinationis
1183 4904 1252 4965 in
1275 4904 1566 4967 omnibus
1591 4920 1737 4982 ope-

195 4990 352 5053 ribus
377 4994 533 5073 ejus.

267 5086 323 5147 8.
351 5089 766 5171 Impugnatur
811 5109 884 5153 em
930 5091 1534 5169 contemta—Neque
1557 5090 1734 5169 juxta

197 5184 457 5241 mentem
486 5182 658 5244 Pauli
692 5184 1117 5263 interpretatio
1147 5184 1384 5245 habere
1415 5187 1622 5263 potest
1641 5184 1756 5244 lo-.

197 5284 359 5344 cum;
391 5273 522 5355 ipse
553 5278 722 5339 enim
748 5277 852 5339 illa
879 5279 1071 5339 verba
1098 5278 1490 5356 interposuit,
1528 5282 1602 5337 ut
1641 5282 1736 5338 ta-

199 5362 306 5425 cite
329 5368 630 5431 rationem
658 5370 981 5446 indicaret,
1009 5372 1092 5433 ob
1114 5389 1306 5451 quam
1345 5372 1512 5432 Deus
1538 5370 1734 5431 homi-

201 5470 303 5517 nes
323 5460 512 5524 veluti
549 5469 712 5525 sorte
753 5465 1028 5544 quadam
1066 5471 1270 5539 vocat,
1305 5464 1728 5543 praedestinat,

203 5556 259 5613 et
283 5554 517 5619 ordinat
541 5558 604 5619 in
629 5560 820 5621 vitam
843 5564 1165 5633 aeternam,
1204 5558 1550 5621 secundum
1587 5574 1732 5636 pro-

3270 407 3387 478 397

1821 511 2094 592 positum
2117 515 2451 577 voluntatis
2486 535 2635 579 suae.
2674 517 2864 596 Cujus
2900 517 3059 580 ratio
3096 535 3173 580 ex
3210 526 3389 598 parte

1819 605 2015 684 ipsius
2046 606 2317 670 scientiae
2341 609 2589 681 divium,
2622 616 2731 671 aut
2757 610 3014 685 consilii,
3064 611 3243 674 reddi
3276 631 3389 692 po-

1819 704 1943 760 test
1985 700 2177 760 nulla.
2230 700 2408 775 Quia,
2454 709 2520 763 ut
2566 703 2713 764 alibi
2764 703 2820 781 (1
2875 723 2963 784 p.,
3012 710 3230 783 quaest.
3282 708 3384 780 25,

1820 798 1937 852 art.
1970 794 2030 865 5,
2080 793 2163 854 ad
2189 795 2249 872 3)
2288 794 2441 858 dixit
2482 795 2661 857 divus
2701 797 2997 870 Thomas,
3040 796 3095 857 si
3131 799 3388 876 praecise

1821 891 2177 964 spectemus
2220 886 2499 949 divinam
2547 889 2875 952 scientiam
2912 895 2981 951 ut
3012 891 3391 952 anteceden-

1819 983 1951 1040 tem
1998 979 2081 1039 ad
2108 980 2491 1042 voluntatem
2534 983 2693 1062 ejus,
2746 982 2919 1042 nulla
2962 989 3057 1045 est
3095 984 3251 1044 ratio
3306 984 3388 1046 ob

1821 1067 2013 1150 quam
2042 1072 2233 1135 dictet
2261 1075 2465 1153 potius
2492 1076 2608 1136 hos
2654 1077 2941 1138 homines
2984 1095 3123 1138 esse
3174 1095 3389 1140 crean-

1823 1164 1939 1225 dos
1966 1183 2158 1244 quam
2191 1166 2351 1240 illos,
2380 1175 2491 1229 aut
2523 1169 2639 1229 hos
2668 1187 2805 1230 esse
2838 1169 3159 1248 eligendos
3182 1170 3389 1250 potius

1823 1275 2013 1337 quam
2056 1258 2230 1320 alioS.
2288 1261 2459 1323 Sicut
2498 1261 2688 1322 etiam
2737 1264 2803 1323 in
2846 1263 3261 1338 naturalibus,
3310 1281 3388 1324 ex

1820 1357 2001 1429 parte
2057 1353 2248 1414 solius
2301 1353 2655 1416 intellectus
2697 1355 2887 1416 divini
2946 1355 3119 1416 nulla
3184 1361 3391 1436 potest

1823 1445 2003 1506 reddi
2040 1447 2197 1508 ratio
2229 1465 2343 1508 cur
2378 1447 2515 1509 haec
2563 1467 2711 1528 pars
2750 1449 3031 1510 materiae
3061 1456 3270 1510 creata
3310 1447 3391 1512 sit

1823 1538 1943 1598 sub
1970 1538 2172 1601 forma
2199 1539 2387 1620 igniS,
2418 1547 2480 1602 et
2503 1541 2609 1602 illa
2647 1540 2766 1602 sub
2788 1540 2991 1603 forma
3015 1547 3221 1616 terrae,
3252 1561 3390 1602 ma-

1824 1631 1919 1712 gis
1946 1650 2139 1712 quam
2168 1651 2201 1694 e
2230 1652 2556 1708 converso,
2588 1652 2731 1694 cum
2762 1634 2895 1714 ipsa
2922 1635 3187 1720 materia
3218 1653 3295 1696 ex
3319 1653 3387 1698 se

1821 1724 2149 1787 uniformis
2174 1726 2272 1786 sit.
2308 1727 2643 1806 Propterea
2684 1745 2837 1806 ergo
2866 1727 3095 1788 Paulus
3138 1745 3390 1806 semper

1822 1818 2108 1898 adjungit
2130 1819 2517 1882 voluntatem
2564 1821 2697 1894 Dei,
2742 1820 2955 1882 dicens
2990 1839 3003 1880 :
3040 1820 3389 1886 Seoaemdwm

1821 1910 2143 1976 consilium
2194 1913 2527 1976 voluntatis
2574 1915 2749 1992 ejm;
2795 1913 2943 1992 quia
2996 1931 3127 1976 uon
3180 1919 3389 1992 potest

1820 2005 1978 2075 ratio
2008 2005 2226 2067 talium
2254 2024 2519 2086 operum
2546 2006 2660 2068 Dei
2686 2006 2941 2068 aliunde
2976 2006 3157 2081 sumi,
3194 2025 3387 2086 quam

1820 2116 1857 2159 a
1908 2097 2229 2160 voluntate
2280 2100 2455 2177 ejus;
2510 2117 2663 2178 ergo
2707 2099 2774 2159 in
2819 2099 3047 2160 talibus
3092 2100 3387 2179 operibus

1819 2209 1949 2252 non
1974 2192 2061 2252 ita
2086 2197 2382 2273 operatur
2405 2193 2519 2254 Dei
2543 2192 2832 2254 voluntas
2866 2191 3215 2254 secundum
3242 2212 3389 2254 con-

1793 2285 2029 2346 ·silium
2059 2286 2218 2365 ejuS,
2266 2291 2337 2347 ut
2364 2285 2617 2346 omnino
2650 2304 2687 2346 a
2722 2285 2979 2347 consilio
3016 2285 3388 2347 determine-

1821 2384 1945 2453 tur,
1985 2379 2099 2442 sed
2125 2380 2331 2459 potius
2374 2380 2448 2458 (si
2478 2379 2563 2441 ita
2589 2379 2759 2459 loqui
2790 2379 2955 2458 licet)
2998 2385 3066 2440 ut
3110 2379 3244 2457 ipsa
3278 2379 3389 2441 de-

1820 2473 2115 2536 terminet
2155 2473 2506 2535 consilium.
2551 2475 2709 2534 Nam
2755 2472 3069 2534 interdum
3119 2490 3195 2533 ea
3248 2491 3385 2552 quoe

1821 2584 1937 2645 per
1960 2567 2289 2628 consilium
2310 2571 2840 2647 repraesentantur
2865 2584 2977 2626 seu
2999 2564 3383 2644 judicantur,

1825 2667 1971 2722 sunt
2010 2662 2095 2723 ita
2134 2661 2399 2739 aequalia
2430 2667 2499 2722 ut
2536 2661 2866 2722 consilium
2908 2659 3065 2720 nihil
3106 2659 3277 2720 aliud
3304 2659 3383 2722 de

1825 2756 1914 2816 eis
1944 2755 2139 2834 possit
2154 2754 2461 2834 judicare,
2492 2753 2612 2814 nisi
2643 2759 2981 2832 utrumque
3014 2758 3182 2814 esset
3217 2771 3389 2814 ama-

1821 2849 1947 2910 bile
1974 2849 2073 2910 vel
2115 2847 2409 2927 eligibile.
2444 2847 2625 2920 Quod
2668 2865 2817 2926 ergo
2859 2845 3149 2907 voluntas
3186 2865 3387 2908 unum

1824 2942 2033 3021 eligat,
2072 2941 2269 3002 altero
2301 2940 2745 3022 praetennissO,
2776 2958 2905 3001 non
2953 2943 3159 3018 potest
3197 2940 3387 3001 tribui

1823 3035 2327 3098 determinationi
2374 3033 2636 3106 consilii,
2688 3033 2803 3094 sed
2852 3033 2967 3095 soli
3012 3033 3383 3107 efficacitati,

1822 3130 2225 3209 dominioque
2250 3130 2445 3209 ipsius
2470 3128 2825 3192 voluntatis
2861 3127 3023 3199 Quin
3046 3128 3251 3207 potius
3272 3148 3387 3190 sae-

1821 3224 2076 3303 pissime
2105 3222 2351 3297 accidit,
2398 3228 2463 3283 et
2516 3221 2583 3282 in
2634 3221 2842 3282 divina
2892 3221 3212 3283 voluntate
3251 3221 3385 3283 fere

1824 3334 2095 3396 semper,
2127 3322 2221 3388 ut,
2272 3316 2416 3377 licet
2448 3314 2775 3375 consilium
2802 3317 3115 3393 proponat
3154 3314 3388 3393 aliquid

1819 3414 1890 3471 ut
1919 3409 2345 3481 excellentiuS,
2376 3415 2443 3470 et
2470 3427 2546 3469 ex
2582 3426 2650 3469 se
2693 3408 2937 3481 melius,
2984 3407 3388 3469 nihilominus

1821 3522 1934 3582 pro
1965 3522 2078 3564 sua
2120 3504 2407 3565 libertate
2452 3521 2582 3563 non
2625 3501 2780 3562 illud
2819 3501 3029 3581 eligat,
3078 3501 3187 3563 sed
3217 3502 3388 3563 aliud

1821 3595 2235 3675 quodminus
2283 3597 2525 3657 bonum
2574 3595 2673 3657 vel
2718 3594 3067 3675 perfectum
3117 3601 3229 3657 est.
3287 3595 3388 3658 Sic

1823 3691 1995 3751 enim
2023 3689 2239 3752 dicunt
2260 3689 2581 3768 Theologi,
2612 3689 2899 3768 quamvis
2922 3689 3227 3769 optimum
3252 3708 3387 3753 me-

1823 3781 1997 3843 dium
2029 3783 2110 3844 ad
2140 3781 2542 3845 redimendos
2570 3782 2857 3843 homines
2882 3782 3069 3843 fuerit
3096 3782 3387 3843 Incama-

1821 3876 2007 3937 tionis
2053 3876 2445 3956 mysterium,
2490 3881 2555 3937 et
2604 3876 2727 3937 hoc
2781 3875 2992 3953 ipsum
3024 3876 3383 3937 necessario

1820 3967 2142 4030 dictaverit
2180 3974 2487 4029 aeternum
2522 3967 2631 4029 Dei
2672 3967 3027 4039 consilium,
3066 3966 3385 4028 nihilomi-

1815 4079 1937 4121 nus
1961 4061 2235 4141 potuisse
2254 4063 2459 4121 Deum
2480 4077 2610 4120 non
2639 4059 2873 4139 eligere
2901 4058 3181 4119 medium
3204 4058 3379 4131 illud,

1816 4153 1929 4215 sed
1952 4154 2073 4215 alio
2094 4153 2283 4214 modo
2310 4152 2599 4213 homines
2624 4152 2889 4225 salvare,
2912 4150 3011 4213 vel
3038 4150 3227 4211 etiam
3254 4169 3383 4213 non

1815 4247 2081 4319 salvare,
2130 4246 2245 4307 sed
2294 4244 2589 4307 continuo
2638 4244 2943 4323 supplicio
2990 4244 3259 4305 afficere.
3306 4246 3385 4305 Et

1818 4340 1886 4400 in
1919 4340 2111 4401 rebus
2137 4337 2549 4411 naturalibus,
2583 4344 2824 4399 certum
2874 4343 2971 4399 est
3014 4338 3381 4415 cognovisse

1817 4434 2019 4495 Deum
2060 4431 2217 4493 alias
2262 4430 2677 4510 perfectiones
2718 4436 2781 4493 et
2823 4431 3062 4512 species
3108 4432 3383 4511 Angelo-

1815 4546 1959 4588 rum
2012 4526 2110 4588 vel
2160 4526 2463 4587 coelorum
2493 4569 2511 4599 ,
2566 4524 2793 4603 quibus
2844 4525 3165 4605 pulchrior
3215 4533 3383 4589 esset

1815 4619 2089 4681 mundus
2108 4664 2124 4693 ,
2178 4624 2239 4679 et
2279 4623 2493 4680 tamen
2534 4611 2919 4679 voluntatem
2963 4617 3235 4679 divinam
3266 4638 3379 4699 pro

1816 4712 2101 4773 libertate
2144 4729 2259 4771 sua
2312 4728 2419 4771 eas
2458 4726 2673 4771 creare
2715 4709 3017 4785 noluisse,
3066 4712 3181 4773 sed
3223 4713 3379 4773 alias

1815 4804 2024 4867 minus
2051 4803 2378 4883 perfectas,
2410 4804 2641 4881 Estque
2657 4803 2777 4863 hoc
2798 4802 2930 4864 fere
2952 4804 3379 4867 necessarium

1815 4897 1882 4959 in
1922 4898 2217 4977 operibus
2258 4897 2393 4973 Dei,
2437 4896 2587 4974 quia
2626 4914 2771 4957 cum
2798 4903 2973 4959 tanta
2996 4899 3075 4959 sit
3101 4904 3379 4978 potestas

1815 4993 1975 5072 ejus,
2005 4998 2077 5053 ut
2102 5007 2497 5069 quacumque
2519 5007 2589 5050 re
2614 4989 2759 5051 data
2790 4992 2989 5069 possit
3011 4991 3219 5055 facere
3242 5011 3378 5054 me·-

1813 5084 2056 5157 liorem,
2082 5084 2185 5145 vix
2222 5099 2505 5161 unquam
2532 5088 2737 5161 potest
2777 5084 3008 5163 eligere
3045 5084 3215 5163 quod
3240 5104 3377 5147 me-

1811 5178 1933 5240 lius
1956 5182 2073 5252 est,
2092 5194 2259 5251 cum,
2286 5174 2589 5256 quidquid
2608 5175 2815 5255 eligat,
2842 5194 3091 5256 semper
3105 5177 3273 5239 aliud
3292 5178 3375 5239 ab

1814 5290 1889 5334 eo
1916 5272 2141 5333 melius
2176 5274 2611 5349 cognoscatur,
2644 5269 2815 5347 quod
2851 5270 3013 5331 velle
3062 5273 3125 5331 et
3163 5271 3375 5333 facere

1811 5369 2047 5446 potest;
2072 5363 2304 5441 alioqui
2329 5361 2485 5422 nihil
2504 5360 2663 5423 velle
2683 5368 2793 5423 aut
2812 5362 3019 5424 facere
3044 5364 3370 5442 potuisset,

1811 5459 1933 5519 nisi
1972 5458 2139 5538 quod
2166 5456 2331 5527 fecit,
2364 5453 2529 5531 quod
2572 5459 2665 5515 est
2698 5454 2763 5513 in
2793 5455 3079 5517 Wicleffo
3116 5456 3373 5517 damna-

1811 5559 1967 5616 tum.
1990 5549 2249 5624 Quando
2271 5564 2419 5628 ergo
2436 5545 2649 5609 dicunt
2675 5547 2881 5609 Sancti
2911 5548 3107 5609 Deum
3122 5568 3375 5631 semper
