<?xml version="1.0" encoding="UTF-8"?>
<!DOCTYPE html PUBLIC "-//W3C//DTD XHTML 1.0 Transitional//EN"
    "http://www.w3.org/TR/xhtml1/DTD/xhtml1-transitional.dtd">
<html xmlns="http://www.w3.org/1999/xhtml" xml:lang="en" lang="en">
 <head>
  <title>
</title>
<meta http-equiv="Content-Type" content="text/html;charset=utf-8" />
  <meta name='ocr-system' content='tesseract 3.04.00' />
  <meta name='ocr-capabilities' content='ocr_page ocr_carea ocr_par ocr_line ocrx_word'/>
</head>
<body>
  <div class='ocr_page' id='page_1' title='image "./rpfranciscisuar01duvagoog_0254.png"; bbox 0 0 3850 6225; ppageno 0'>
   <div class='ocr_carea' id='block_1_1' title="bbox 531 313 656 376">
    <p class='ocr_par' dir='ltr' id='par_1_1' title="bbox 531 313 656 376">
     <span class='ocr_line' id='line_1_1' title="bbox 531 313 656 376; baseline 0 0"><span class='ocrx_word' id='word_1_1' title='bbox 531 313 656 376; x_wconf 68' lang='lat'><strong>2⁴0</strong></span> 
     </span>
    </p>
   </div>
   <div class='ocr_carea' id='block_1_2' title="bbox 522 420 2105 3018">
    <p class='ocr_par' dir='ltr' id='par_1_2' title="bbox 522 420 2105 2936">
     <span class='ocr_line' id='line_1_2' title="bbox 531 420 2103 503; baseline -0.004 -17"><span class='ocrx_word' id='word_1_2' title='bbox 531 423 810 486; x_wconf 77' lang='lat' dir='ltr'><strong>decrevit</strong></span> <span class='ocrx_word' id='word_1_3' title='bbox 829 468 844 496; x_wconf 94' lang='lat'><strong>,</strong></span> <span class='ocrx_word' id='word_1_4' title='bbox 883 440 1138 503; x_wconf 83' lang='lat' dir='ltr'><strong>semper</strong></span> <span class='ocrx_word' id='word_1_5' title='bbox 1161 429 1228 485; x_wconf 88' lang='lat' dir='ltr'><strong>et</strong></span> <span class='ocrx_word' id='word_1_6' title='bbox 1255 421 1658 484; x_wconf 77' lang='lat' dir='ltr'><strong>infallibiliter</strong></span> <span class='ocrx_word' id='word_1_7' title='bbox 1683 420 1920 482; x_wconf 86' lang='lat' dir='ltr'><strong>habent</strong></span> <span class='ocrx_word' id='word_1_8' title='bbox 1952 438 2103 482; x_wconf 86' lang='lat' dir='ltr'><strong>con-</strong></span> 
     </span>
     <span class='ocr_line' id='line_1_3' title="bbox 523 515 2101 597; baseline -0.003 -19"><span class='ocrx_word' id='word_1_9' title='bbox 523 519 818 597; x_wconf 87' lang='lat' dir='ltr'><strong>junctum</strong></span> <span class='ocrx_word' id='word_1_10' title='bbox 867 518 1184 580; x_wconf 88' lang='lat' dir='ltr'><strong>internum</strong></span> <span class='ocrx_word' id='word_1_11' title='bbox 1231 516 1530 578; x_wconf 83' lang='lat' dir='ltr'><strong>auxilium</strong></span> <span class='ocrx_word' id='word_1_12' title='bbox 1571 515 1878 594; x_wconf 79' lang='lat' dir='ltr'><strong>adjuvans</strong></span> <span class='ocrx_word' id='word_1_13' title='bbox 1909 559 1925 585; x_wconf 92' lang='lat'>‚</span> <span class='ocrx_word' id='word_1_14' title='bbox 1976 531 2101 592; x_wconf 91' lang='lat' dir='ltr'><strong>quo</strong></span> 
     </span>
     <span class='ocr_line' id='line_1_4' title="bbox 526 605 2105 693; baseline -0.005 -19"><span class='ocrx_word' id='word_1_15' title='bbox 526 613 798 693; x_wconf 83' lang='lat' dir='ltr'><strong>ipsamet</strong></span> <span class='ocrx_word' id='word_1_16' title='bbox 839 611 1098 673; x_wconf 87' lang='lat' dir='ltr'><strong>interior</strong></span> <span class='ocrx_word' id='word_1_17' title='bbox 1141 610 1479 671; x_wconf 82' lang='lat' dir='ltr'><strong>voluntatis</strong></span> <span class='ocrx_word' id='word_1_18' title='bbox 1524 609 1788 670; x_wconf 87' lang='lat' dir='ltr'><strong>mutatio</strong></span> <span class='ocrx_word' id='word_1_19' title='bbox 1835 605 2105 668; x_wconf 85' lang='lat' dir='ltr'><strong>efficitur</strong></span> 
     </span>
     <span class='ocr_line' id='line_1_5' title="bbox 525 699 2100 785; baseline -0.005 -17"><span class='ocrx_word' id='word_1_20' title='bbox 525 725 656 768; x_wconf 91' lang='lat' dir='ltr'><strong>non</strong></span> <span class='ocrx_word' id='word_1_21' title='bbox 687 706 822 766; x_wconf 87' lang='lat' dir='ltr'><strong>sine</strong></span> <span class='ocrx_word' id='word_1_22' title='bbox 851 706 1011 785; x_wconf 88' lang='lat' dir='ltr'><strong>ipsa,</strong></span> <span class='ocrx_word' id='word_1_23' title='bbox 1057 709 1127 765; x_wconf 89' lang='lat' dir='ltr'><strong>ut</strong></span> <span class='ocrx_word' id='word_1_24' title='bbox 1157 703 1636 766; x_wconf 76' lang='lat' dir='ltr'><strong>declaravimus,</strong></span> <span class='ocrx_word' id='word_1_25' title='bbox 1676 699 1914 762; x_wconf 80' lang='lat' dir='ltr'><strong>Deinde</strong></span> <span class='ocrx_word' id='word_1_26' title='bbox 1949 700 2100 761; x_wconf 88' lang='lat' dir='ltr'><strong>dici-</strong></span> 
     </span>
     <span class='ocr_line' id='line_1_6' title="bbox 527 795 2100 879; baseline -0.006 -17"><span class='ocrx_word' id='word_1_27' title='bbox 527 807 653 873; x_wconf 85' lang='lat' dir='ltr'><strong>tur,</strong></span> <span class='ocrx_word' id='word_1_28' title='bbox 679 801 858 879; x_wconf 79' lang='lat' dir='ltr'><strong>juxta</strong></span> <span class='ocrx_word' id='word_1_29' title='bbox 890 797 1167 878; x_wconf 83' lang='lat' dir='ltr'><strong>phrasim</strong></span> <span class='ocrx_word' id='word_1_30' title='bbox 1189 797 1543 877; x_wconf 85' lang='lat' dir='ltr'><strong>Augustini,</strong></span> <span class='ocrx_word' id='word_1_31' title='bbox 1566 795 1880 859; x_wconf 87' lang='lat' dir='ltr'><strong>interdum</strong></span> <span class='ocrx_word' id='word_1_32' title='bbox 1902 799 2100 854; x_wconf 87' lang='lat' dir='ltr'><strong>totam</strong></span> 
     </span>
     <span class='ocr_line' id='line_1_7' title="bbox 527 887 2097 956; baseline -0.006 0"><span class='ocrx_word' id='word_1_33' title='bbox 527 895 693 956; x_wconf 88' lang='lat' dir='ltr'><strong>hanc</strong></span> <span class='ocrx_word' id='word_1_34' title='bbox 735 894 1044 954; x_wconf 88' lang='lat' dir='ltr'><strong>internam</strong></span> <span class='ocrx_word' id='word_1_35' title='bbox 1081 891 1471 953; x_wconf 82' lang='lat' dir='ltr'><strong>vocationem</strong></span> <span class='ocrx_word' id='word_1_36' title='bbox 1507 890 1762 951; x_wconf 90' lang='lat' dir='ltr'><strong>nomine</strong></span> <span class='ocrx_word' id='word_1_37' title='bbox 1799 887 2097 950; x_wconf 81' lang='lat' dir='ltr'><strong>doctrinae</strong></span> 
     </span>
     <span class='ocr_line' id='line_1_8' title="bbox 531 981 2092 1066; baseline -0.007 -16"><span class='ocrx_word' id='word_1_38' title='bbox 531 985 1002 1066; x_wconf 81' lang='lat' dir='ltr'><strong>comprehendi,</strong></span> <span class='ocrx_word' id='word_1_39' title='bbox 1029 986 1206 1064; x_wconf 83' lang='lat' dir='ltr'><strong>juxta</strong></span> <span class='ocrx_word' id='word_1_40' title='bbox 1235 984 1340 1045; x_wconf 93' lang='lat' dir='ltr'><strong>illa</strong></span> <span class='ocrx_word' id='word_1_41' title='bbox 1367 983 1558 1046; x_wconf 81' lang='lat' dir='ltr'><strong>verba</strong></span> <span class='ocrx_word' id='word_1_42' title='bbox 1589 982 1832 1054; x_wconf 79' lang='lat' dir='ltr'><strong>Christi,</strong></span> <span class='ocrx_word' id='word_1_43' title='bbox 1863 981 2092 1044; x_wconf 85' lang='lat' dir='ltr'><strong>Joann.</strong></span> 
     </span>
     <span class='ocr_line' id='line_1_9' title="bbox 529 1073 2098 1161; baseline -0.005 -17"><span class='ocrx_word' id='word_1_44' title='bbox 529 1086 570 1144; x_wconf 87' lang='lat'><strong>6</strong></span> <span class='ocrx_word' id='word_1_45' title='bbox 605 1101 618 1142; x_wconf 91' lang='lat'>:</span> <span class='ocrx_word' id='word_1_46' title='bbox 671 1080 752 1144; x_wconf 76' lang='lat' dir='ltr'><strong>Si</strong></span> <span class='ocrx_word' id='word_1_47' title='bbox 785 1079 922 1161; x_wconf 73' lang='lat' dir='ltr'><strong>quis</strong></span> <span class='ocrx_word' id='word_1_48' title='bbox 959 1079 1200 1142; x_wconf 71' lang='lat' dir='ltr'><strong>audivit</strong></span> <span class='ocrx_word' id='word_1_49' title='bbox 1234 1097 1272 1141; x_wconf 90' lang='lat' dir='ltr'><strong>a</strong></span> <span class='ocrx_word' id='word_1_50' title='bbox 1311 1077 1526 1148; x_wconf 86' lang='lat' dir='ltr'><strong>Patre,</strong></span> <span class='ocrx_word' id='word_1_51' title='bbox 1570 1083 1629 1139; x_wconf 86' lang='lat' dir='ltr'><strong>et</strong></span> <span class='ocrx_word' id='word_1_52' title='bbox 1666 1073 1904 1148; x_wconf 76' lang='lat' dir='ltr'><strong>didicit,</strong></span> <span class='ocrx_word' id='word_1_53' title='bbox 1935 1073 2098 1136; x_wconf 76' lang='lat' dir='ltr'><strong>venit</strong></span> 
     </span>
     <span class='ocr_line' id='line_1_10' title="bbox 530 1169 2091 1253; baseline -0.009 -13"><span class='ocrx_word' id='word_1_54' title='bbox 530 1177 614 1240; x_wconf 84' lang='lat' dir='ltr'><strong>ad</strong></span> <span class='ocrx_word' id='word_1_55' title='bbox 636 1193 746 1250; x_wconf 84' lang='lat' dir='ltr'><strong>me,</strong></span> <span class='ocrx_word' id='word_1_56' title='bbox 779 1180 838 1235; x_wconf 89' lang='lat' dir='ltr'><strong>et</strong></span> <span class='ocrx_word' id='word_1_57' title='bbox 869 1192 1006 1253; x_wconf 81' lang='lat' dir='ltr'><strong>quae</strong></span> <span class='ocrx_word' id='word_1_58' title='bbox 1031 1171 1196 1234; x_wconf 88' lang='lat' dir='ltr'><strong>circa</strong></span> <span class='ocrx_word' id='word_1_59' title='bbox 1225 1171 1327 1232; x_wconf 88' lang='lat' dir='ltr'><strong>illa</strong></span> <span class='ocrx_word' id='word_1_60' title='bbox 1361 1170 1629 1231; x_wconf 85' lang='lat' dir='ltr'><strong>diximus</strong></span> <span class='ocrx_word' id='word_1_61' title='bbox 1659 1186 1871 1248; x_wconf 86' lang='lat' dir='ltr'><strong>supra,</strong></span> <span class='ocrx_word' id='word_1_62' title='bbox 1903 1185 1959 1228; x_wconf 93' lang='lat' dir='ltr'><strong>c.</strong></span> <span class='ocrx_word' id='word_1_63' title='bbox 1997 1169 2091 1228; x_wconf 80' lang='lat' dir='ltr'><strong>il.</strong></span> 
     </span>
     <span class='ocr_line' id='line_1_11' title="bbox 531 1259 2097 1348; baseline -0.008 -16"><span class='ocrx_word' id='word_1_64' title='bbox 531 1273 736 1348; x_wconf 81' lang='lat' dir='ltr'><strong>Atque</strong></span> <span class='ocrx_word' id='word_1_65' title='bbox 771 1269 892 1329; x_wconf 91' lang='lat' dir='ltr'><strong>hoc</strong></span> <span class='ocrx_word' id='word_1_66' title='bbox 922 1273 1016 1328; x_wconf 88' lang='lat' dir='ltr'><strong>est</strong></span> <span class='ocrx_word' id='word_1_67' title='bbox 1049 1263 1218 1344; x_wconf 90' lang='lat' dir='ltr'><strong>quod</strong></span> <span class='ocrx_word' id='word_1_68' title='bbox 1250 1263 1632 1344; x_wconf 81' lang='lat' dir='ltr'><strong>Augustinus</strong></span> <span class='ocrx_word' id='word_1_69' title='bbox 1661 1263 1768 1332; x_wconf 88' lang='lat' dir='ltr'><strong>ait,</strong></span> <span class='ocrx_word' id='word_1_70' title='bbox 1813 1262 1918 1322; x_wconf 89' lang='lat' dir='ltr'><strong>lib.</strong></span> <span class='ocrx_word' id='word_1_71' title='bbox 1958 1263 1983 1321; x_wconf 81' lang='lat'><strong>1</strong></span> <span class='ocrx_word' id='word_1_72' title='bbox 2018 1259 2097 1320; x_wconf 91' lang='lat' dir='ltr'><strong>de</strong></span> 
     </span>
     <span class='ocr_line' id='line_1_12' title="bbox 529 1353 2099 1440; baseline -0.009 -12"><span class='ocrx_word' id='word_1_73' title='bbox 529 1363 740 1428; x_wconf 85' lang='lat' dir='ltr'><strong>Gratia</strong></span> <span class='ocrx_word' id='word_1_74' title='bbox 769 1361 1014 1432; x_wconf 81' lang='lat' dir='ltr'><strong>Christi,</strong></span> <span class='ocrx_word' id='word_1_75' title='bbox 1045 1374 1184 1437; x_wconf 89' lang='lat' dir='ltr'><strong>cap.</strong></span> <span class='ocrx_word' id='word_1_76' title='bbox 1212 1359 1288 1419; x_wconf 69' lang='lat'><strong>14</strong></span> <span class='ocrx_word' id='word_1_77' title='bbox 1315 1375 1328 1416; x_wconf 90' lang='lat'>:</span> <span class='ocrx_word' id='word_1_78' title='bbox 1361 1356 1519 1419; x_wconf 70' lang='lat' dir='ltr'><strong>Ham</strong></span> <span class='ocrx_word' id='word_1_79' title='bbox 1535 1356 1768 1440; x_wconf 69' lang='lat' dir='ltr'><strong>qratia,</strong></span> <span class='ocrx_word' id='word_1_80' title='bbox 1798 1353 1855 1417; x_wconf 79' lang='lat' dir='ltr'><strong>ei</strong></span> <span class='ocrx_word' id='word_1_81' title='bbox 1879 1353 2099 1417; x_wconf 72' lang='lat' dir='ltr'><strong>docto-2·-</strong></span> 
     </span>
     <span class='ocr_line' id='line_1_13' title="bbox 529 1445 2101 1532; baseline -0.009 -10"><span class='ocrx_word' id='word_1_82' title='bbox 529 1477 612 1522; x_wconf 71' lang='grc' dir='ltr'><strong>πα</strong></span> <span class='ocrx_word' id='word_1_83' title='bbox 649 1455 897 1520; x_wconf 71' lang='lat' dir='ltr'><strong>dicenda</strong></span> <span class='ocrx_word' id='word_1_84' title='bbox 924 1457 1048 1528; x_wconf 74' lang='lat' dir='ltr'><strong>est,</strong></span> <span class='ocrx_word' id='word_1_85' title='bbox 1093 1457 1249 1532; x_wconf 83' lang='lat' dir='ltr'><strong>certe</strong></span> <span class='ocrx_word' id='word_1_86' title='bbox 1284 1450 1377 1512; x_wconf 75' lang='lat' dir='ltr'><strong>sic</strong></span> <span class='ocrx_word' id='word_1_87' title='bbox 1405 1449 1678 1522; x_wconf 76' lang='lat' dir='ltr'><strong>dicatur,</strong></span> <span class='ocrx_word' id='word_1_88' title='bbox 1727 1454 1798 1510; x_wconf 77' lang='lat' dir='ltr'><strong>ut</strong></span> <span class='ocrx_word' id='word_1_89' title='bbox 1822 1445 2013 1510; x_wconf 76' lang='lat' dir='ltr'><strong>actius</strong></span> <span class='ocrx_word' id='word_1_90' title='bbox 2042 1450 2101 1508; x_wconf 84' lang='lat' dir='ltr'><strong>et</strong></span> 
     </span>
     <span class='ocr_line' id='line_1_14' title="bbox 527 1539 2099 1624; baseline -0.009 -10"><span class='ocrx_word' id='word_1_91' title='bbox 527 1551 794 1616; x_wconf 74' lang='lat' dir='ltr'><strong>interim</strong></span> <span class='ocrx_word' id='word_1_92' title='bbox 819 1565 949 1610; x_wconf 86' lang='lat' dir='ltr'><strong>eam</strong></span> <span class='ocrx_word' id='word_1_93' title='bbox 975 1546 1137 1608; x_wconf 76' lang='lat' dir='ltr'><strong>Deus</strong></span> <span class='ocrx_word' id='word_1_94' title='bbox 1166 1562 1296 1608; x_wconf 76' lang='lat' dir='ltr'><strong>cum</strong></span> <span class='ocrx_word' id='word_1_95' title='bbox 1324 1539 1628 1624; x_wconf 75' lang='lat' dir='ltr'><strong>ineffabili</strong></span> <span class='ocrx_word' id='word_1_96' title='bbox 1649 1541 1951 1604; x_wconf 70' lang='lat' dir='ltr'><strong>suavitate</strong></span> <span class='ocrx_word' id='word_1_97' title='bbox 1977 1555 2099 1601; x_wconf 85' lang='lat' dir='ltr'><strong>ere-</strong></span> 
     </span>
     <span class='ocr_line' id='line_1_15' title="bbox 531 1631 2095 1720; baseline -0.01 -12"><span class='ocrx_word' id='word_1_98' title='bbox 531 1645 715 1708; x_wconf 76' lang='lat' dir='ltr'><strong>datm·</strong></span> <span class='ocrx_word' id='word_1_99' title='bbox 738 1641 1078 1720; x_wconf 73' lang='lat' dir='ltr'><strong>infundere,</strong></span> <span class='ocrx_word' id='word_1_100' title='bbox 1123 1642 1240 1698; x_wconf 88' lang='lat' dir='ltr'><strong>etc.</strong></span> <span class='ocrx_word' id='word_1_101' title='bbox 1291 1637 1368 1696; x_wconf 87' lang='lat' dir='ltr'><strong>Et</strong></span> <span class='ocrx_word' id='word_1_102' title='bbox 1403 1636 1521 1696; x_wconf 90' lang='lat' dir='ltr'><strong>hoc</strong></span> <span class='ocrx_word' id='word_1_103' title='bbox 1561 1634 1765 1713; x_wconf 89' lang='lat' dir='ltr'><strong>ipsum</strong></span> <span class='ocrx_word' id='word_1_104' title='bbox 1803 1631 2095 1702; x_wconf 84' lang='lat' dir='ltr'><strong>intendit,</strong></span> 
     </span>
     <span class='ocr_line' id='line_1_16' title="bbox 529 1729 2100 1816; baseline -0.01 -17"><span class='ocrx_word' id='word_1_105' title='bbox 529 1757 668 1816; x_wconf 89' lang='lat' dir='ltr'><strong>cap.</strong></span> <span class='ocrx_word' id='word_1_106' title='bbox 699 1737 804 1810; x_wconf 69' lang='lat'><strong>24,</strong></span> <span class='ocrx_word' id='word_1_107' title='bbox 835 1750 980 1794; x_wconf 88' lang='lat' dir='ltr'><strong>cum</strong></span> <span class='ocrx_word' id='word_1_108' title='bbox 1005 1731 1092 1792; x_wconf 87' lang='lat' dir='ltr'><strong>ait</strong></span> <span class='ocrx_word' id='word_1_109' title='bbox 1121 1747 1134 1792; x_wconf 77' lang='lat' dir='ltr'><strong>t</strong></span> <span class='ocrx_word' id='word_1_110' title='bbox 1169 1730 1561 1800; x_wconf 75' lang='lat' dir='ltr'><strong>Intueantwr,</strong></span> <span class='ocrx_word' id='word_1_111' title='bbox 1594 1731 1769 1807; x_wconf 79' lang='lat' dir='ltr'><strong>atque</strong></span> <span class='ocrx_word' id='word_1_112' title='bbox 1786 1729 2100 1802; x_wconf 74' lang='lat' dir='ltr'><strong>fateantur</strong></span> 
     </span>
     <span class='ocr_line' id='line_1_17' title="bbox 529 1817 2105 1910; baseline -0.009 -16"><span class='ocrx_word' id='word_1_113' title='bbox 529 1850 648 1894; x_wconf 71' lang='lat' dir='ltr'><strong>non</strong></span> <span class='ocrx_word' id='word_1_114' title='bbox 675 1830 800 1910; x_wconf 70' lang='lat' dir='ltr'><strong>leye</strong></span> <span class='ocrx_word' id='word_1_115' title='bbox 825 1833 1000 1908; x_wconf 73' lang='lat' dir='ltr'><strong>atque</strong></span> <span class='ocrx_word' id='word_1_116' title='bbox 1028 1821 1310 1887; x_wconf 75' lang='lat' dir='ltr'><strong>doctrina</strong></span> <span class='ocrx_word' id='word_1_117' title='bbox 1334 1827 1584 1884; x_wconf 71' lang='lat' dir='ltr'><strong>sonante</strong></span> <span class='ocrx_word' id='word_1_118' title='bbox 1607 1819 1967 1898; x_wconf 71' lang='lat' dir='ltr'><strong>forinsecae,</strong></span> <span class='ocrx_word' id='word_1_119' title='bbox 1995 1817 2105 1880; x_wconf 75' lang='lat' dir='ltr'><strong>sed</strong></span> 
     </span>
     <span class='ocr_line' id='line_1_18' title="bbox 528 1909 2099 2001; baseline -0.011 -14"><span class='ocrx_word' id='word_1_120' title='bbox 528 1927 797 1994; x_wconf 76' lang='lat' dir='ltr'><strong>interna,</strong></span> <span class='ocrx_word' id='word_1_121' title='bbox 843 1927 1018 2001; x_wconf 78' lang='lat' dir='ltr'><strong>atque</strong></span> <span class='ocrx_word' id='word_1_122' title='bbox 1057 1916 1312 1989; x_wconf 73' lang='lat' dir='ltr'><strong>occulta,</strong></span> <span class='ocrx_word' id='word_1_123' title='bbox 1353 1912 1646 1986; x_wconf 79' lang='lat' dir='ltr'><strong>mirabili,</strong></span> <span class='ocrx_word' id='word_1_124' title='bbox 1690 1929 1762 1974; x_wconf 86' lang='lat' dir='ltr'><strong>ao</strong></span> <span class='ocrx_word' id='word_1_125' title='bbox 1795 1909 2099 1990; x_wconf 75' lang='lat' dir='ltr'><strong>ineffabili</strong></span> 
     </span>
     <span class='ocr_line' id='line_1_19' title="bbox 522 2005 2094 2103; baseline -0.012 -22"><span class='ocrx_word' id='word_1_126' title='bbox 522 2019 818 2103; x_wconf 74' lang='lat' dir='ltr'><em>potestate</em></span> <span class='ocrx_word' id='word_1_127' title='bbox 845 2009 1084 2094; x_wconf 77' lang='lat' dir='ltr'><strong>operari</strong></span> <span class='ocrx_word' id='word_1_128' title='bbox 1121 2011 1311 2072; x_wconf 76' lang='lat' dir='ltr'><strong>Deum</strong></span> <span class='ocrx_word' id='word_1_129' title='bbox 1339 2008 1408 2068; x_wconf 75' lang='lat' dir='ltr'><strong>in</strong></span> <span class='ocrx_word' id='word_1_130' title='bbox 1441 2005 1716 2068; x_wconf 75' lang='lat' dir='ltr'><strong>cordibus</strong></span> <span class='ocrx_word' id='word_1_131' title='bbox 1748 2005 2054 2066; x_wconf 71' lang='lat' dir='ltr'><strong>hominum</strong></span> <span class='ocrx_word' id='word_1_132' title='bbox 2075 2048 2094 2077; x_wconf 95' lang='lat'><strong>,</strong></span> 
     </span>
     <span class='ocr_line' id='line_1_20' title="bbox 527 2097 2099 2174; baseline -0.009 -2"><span class='ocrx_word' id='word_1_133' title='bbox 527 2128 648 2174; x_wconf 73' lang='lat' dir='ltr'><strong>non</strong></span> <span class='ocrx_word' id='word_1_134' title='bbox 678 2107 874 2170; x_wconf 75' lang='lat' dir='ltr'><strong>solum</strong></span> <span class='ocrx_word' id='word_1_135' title='bbox 915 2120 1086 2167; x_wconf 78' lang='lat' dir='ltr'><strong>veras</strong></span> <span class='ocrx_word' id='word_1_136' title='bbox 1113 2101 1526 2169; x_wconf 73' lang='lat' dir='ltr'><strong>revelationes,</strong></span> <span class='ocrx_word' id='word_1_137' title='bbox 1566 2099 1673 2160; x_wconf 75' lang='lat' dir='ltr'><strong>sed</strong></span> <span class='ocrx_word' id='word_1_138' title='bbox 1703 2097 1886 2159; x_wconf 82' lang='lat' dir='ltr'><strong>etiam</strong></span> <span class='ocrx_word' id='word_1_139' title='bbox 1915 2097 2099 2158; x_wconf 74' lang='lat' dir='ltr'><strong>bonas</strong></span> 
     </span>
     <span class='ocr_line' id='line_1_21' title="bbox 529 2189 2097 2270; baseline -0.013 -3"><span class='ocrx_word' id='word_1_140' title='bbox 529 2203 888 2267; x_wconf 73' lang='lat' dir='ltr'><strong>voluntates.</strong></span> <span class='ocrx_word' id='word_1_141' title='bbox 943 2197 1089 2257; x_wconf 74' lang='lat' dir='ltr'><strong>Haec</strong></span> <span class='ocrx_word' id='word_1_142' title='bbox 1123 2194 1290 2255; x_wconf 90' lang='lat' dir='ltr'><strong>enim</strong></span> <span class='ocrx_word' id='word_1_143' title='bbox 1319 2193 1428 2252; x_wconf 87' lang='lat' dir='ltr'><strong>Dei</strong></span> <span class='ocrx_word' id='word_1_144' title='bbox 1461 2197 1736 2270; x_wconf 89' lang='lat' dir='ltr'><strong>potestas</strong></span> <span class='ocrx_word' id='word_1_145' title='bbox 1765 2207 1895 2250; x_wconf 90' lang='lat' dir='ltr'><strong>non</strong></span> <span class='ocrx_word' id='word_1_146' title='bbox 1923 2189 1989 2248; x_wconf 91' lang='lat' dir='ltr'><strong>in</strong></span> <span class='ocrx_word' id='word_1_147' title='bbox 2022 2206 2097 2248; x_wconf 86' lang='lat' dir='ltr'><strong>eo</strong></span> 
     </span>
     <span class='ocr_line' id='line_1_22' title="bbox 527 2282 2097 2370; baseline -0.011 -12"><span class='ocrx_word' id='word_1_148' title='bbox 527 2293 806 2358; x_wconf 76' lang='lat' dir='ltr'><strong>consistit</strong></span> <span class='ocrx_word' id='word_1_149' title='bbox 833 2290 1002 2370; x_wconf 91' lang='lat' dir='ltr'><strong>quod</strong></span> <span class='ocrx_word' id='word_1_150' title='bbox 1028 2289 1378 2350; x_wconf 86' lang='lat' dir='ltr'><strong>voluntates</strong></span> <span class='ocrx_word' id='word_1_151' title='bbox 1408 2284 1732 2345; x_wconf 87' lang='lat' dir='ltr'><strong>hominum</strong></span> <span class='ocrx_word' id='word_1_152' title='bbox 1757 2282 2097 2362; x_wconf 81' lang='lat' dir='ltr'><strong>praedeter-</strong></span> 
     </span>
     <span class='ocr_line' id='line_1_23' title="bbox 527 2375 2097 2450; baseline -0.01 0"><span class='ocrx_word' id='word_1_153' title='bbox 527 2389 725 2450; x_wconf 90' lang='lat' dir='ltr'><strong>minet</strong></span> <span class='ocrx_word' id='word_1_154' title='bbox 756 2385 1010 2446; x_wconf 89' lang='lat' dir='ltr'><strong>omnino</strong></span> <span class='ocrx_word' id='word_1_155' title='bbox 1045 2386 1188 2442; x_wconf 91' lang='lat' dir='ltr'><strong>ante</strong></span> <span class='ocrx_word' id='word_1_156' title='bbox 1219 2395 1596 2439; x_wconf 88' lang='lat' dir='ltr'><strong>consensum</strong></span> <span class='ocrx_word' id='word_1_157' title='bbox 1625 2377 1892 2436; x_wconf 87' lang='lat' dir='ltr'><strong>liberum</strong></span> <span class='ocrx_word' id='word_1_158' title='bbox 1919 2394 1935 2446; x_wconf 88' lang='grc'><strong>;</strong></span> <span class='ocrx_word' id='word_1_159' title='bbox 1982 2375 2097 2436; x_wconf 88' lang='lat' dir='ltr'><strong>sed</strong></span> 
     </span>
     <span class='ocr_line' id='line_1_24' title="bbox 528 2468 2096 2558; baseline -0.01 -14"><span class='ocrx_word' id='word_1_160' title='bbox 528 2484 593 2544; x_wconf 90' lang='lat' dir='ltr'><strong>in</strong></span> <span class='ocrx_word' id='word_1_161' title='bbox 619 2483 739 2542; x_wconf 91' lang='lat' dir='ltr'><strong>hoc</strong></span> <span class='ocrx_word' id='word_1_162' title='bbox 769 2476 938 2558; x_wconf 89' lang='lat' dir='ltr'><strong>quod</strong></span> <span class='ocrx_word' id='word_1_163' title='bbox 967 2475 1228 2536; x_wconf 87' lang='lat' dir='ltr'><strong>interius</strong></span> <span class='ocrx_word' id='word_1_164' title='bbox 1259 2489 1366 2534; x_wconf 89' lang='lat' dir='ltr'><strong>eas</strong></span> <span class='ocrx_word' id='word_1_165' title='bbox 1399 2471 1606 2542; x_wconf 79' lang='lat' dir='ltr'><strong>allicit,</strong></span> <span class='ocrx_word' id='word_1_166' title='bbox 1639 2476 1702 2530; x_wconf 90' lang='lat' dir='ltr'><strong>et</strong></span> <span class='ocrx_word' id='word_1_167' title='bbox 1725 2468 1993 2529; x_wconf 89' lang='lat' dir='ltr'><strong>mirabili</strong></span> <span class='ocrx_word' id='word_1_168' title='bbox 2022 2487 2096 2529; x_wconf 90' lang='lat' dir='ltr'><strong>ac</strong></span> 
     </span>
     <span class='ocr_line' id='line_1_25' title="bbox 528 2563 2096 2656; baseline -0.012 -17"><span class='ocrx_word' id='word_1_169' title='bbox 528 2572 990 2656; x_wconf 89' lang='lat' dir='ltr'><strong>sapientissimo</strong></span> <span class='ocrx_word' id='word_1_170' title='bbox 1020 2567 1206 2628; x_wconf 91' lang='lat' dir='ltr'><strong>modo</strong></span> <span class='ocrx_word' id='word_1_171' title='bbox 1235 2567 1321 2626; x_wconf 86' lang='lat' dir='ltr'><strong>ita</strong></span> <span class='ocrx_word' id='word_1_172' title='bbox 1351 2564 1487 2625; x_wconf 89' lang='lat' dir='ltr'><strong>illas</strong></span> <span class='ocrx_word' id='word_1_173' title='bbox 1515 2563 1753 2624; x_wconf 86' lang='lat' dir='ltr'><strong>inducit</strong></span> <span class='ocrx_word' id='word_1_174' title='bbox 1779 2569 1963 2641; x_wconf 88' lang='lat' dir='ltr'><strong>prout</strong></span> <span class='ocrx_word' id='word_1_175' title='bbox 1996 2580 2096 2622; x_wconf 87' lang='lat' dir='ltr'><strong>ex-</strong></span> 
     </span>
     <span class='ocr_line' id='line_1_26' title="bbox 526 2655 2089 2750; baseline -0.008 -20"><span class='ocrx_word' id='word_1_176' title='bbox 526 2669 744 2750; x_wconf 88' lang='lat' dir='ltr'><strong>pedire</strong></span> <span class='ocrx_word' id='word_1_177' title='bbox 775 2663 1106 2747; x_wconf 83' lang='lat' dir='ltr'><strong>praescivit,</strong></span> <span class='ocrx_word' id='word_1_178' title='bbox 1145 2666 1213 2721; x_wconf 93' lang='lat' dir='ltr'><strong>ut</strong></span> <span class='ocrx_word' id='word_1_179' title='bbox 1241 2657 1642 2720; x_wconf 78' lang='lat' dir='ltr'><strong>infallibiliter</strong></span> <span class='ocrx_word' id='word_1_180' title='bbox 1673 2655 2089 2728; x_wconf 79' lang='lat' dir='ltr'><strong>consentiant,</strong></span> 
     </span>
     <span class='ocr_line' id='line_1_27' title="bbox 528 2748 2095 2836; baseline -0.01 -12"><span class='ocrx_word' id='word_1_181' title='bbox 528 2768 590 2824; x_wconf 88' lang='lat' dir='ltr'><strong>et</strong></span> <span class='ocrx_word' id='word_1_182' title='bbox 619 2760 890 2822; x_wconf 87' lang='lat' dir='ltr'><strong>efficiant</strong></span> <span class='ocrx_word' id='word_1_183' title='bbox 913 2755 1083 2836; x_wconf 90' lang='lat' dir='ltr'><strong>quod</strong></span> <span class='ocrx_word' id='word_1_184' title='bbox 1107 2755 1240 2833; x_wconf 89' lang='lat' dir='ltr'><strong>ipse</strong></span> <span class='ocrx_word' id='word_1_185' title='bbox 1273 2749 1550 2813; x_wconf 86' lang='lat' dir='ltr'><strong>decrevit</strong></span> <span class='ocrx_word' id='word_1_186' title='bbox 1577 2748 1925 2811; x_wconf 90' lang='lat' dir='ltr'><strong>secundum</strong></span> <span class='ocrx_word' id='word_1_187' title='bbox 1954 2767 2095 2828; x_wconf 88' lang='lat' dir='ltr'><strong>pro-</strong></span> 
     </span>
     <span class='ocr_line' id='line_1_28' title="bbox 525 2850 1224 2936; baseline -0.014 -20"><span class='ocrx_word' id='word_1_188' title='bbox 525 2855 798 2936; x_wconf 89' lang='lat' dir='ltr'><strong>positum</strong></span> <span class='ocrx_word' id='word_1_189' title='bbox 830 2850 1043 2932; x_wconf 80' lang='lat' dir='ltr'><strong>gratioe</strong></span> <span class='ocrx_word' id='word_1_190' title='bbox 1075 2865 1224 2908; x_wconf 84' lang='lat' dir='ltr'><strong>suae.</strong></span> 
     </span>
    </p>

    <p class='ocr_par' dir='ltr' id='par_1_3' title="bbox 609 2936 2095 3018">
     <span class='ocr_line' id='line_1_29' title="bbox 609 2936 2095 3018; baseline -0.009 -8"><span class='ocrx_word' id='word_1_191' title='bbox 609 2951 706 3010; x_wconf 71' lang='lat'><strong>18.</strong></span> <span class='ocrx_word' id='word_1_192' title='bbox 769 2945 1149 3013; x_wconf 73' lang='lat' dir='ltr'><strong>Voluntatem</strong></span> <span class='ocrx_word' id='word_1_193' title='bbox 1179 2954 1529 3003; x_wconf 70' lang='lat' dir='ltr'><strong>eoaemere</strong></span> <span class='ocrx_word' id='word_1_194' title='bbox 1561 2936 1644 3000; x_wconf 80' lang='lat' dir='ltr'><strong>ad</strong></span> <span class='ocrx_word' id='word_1_195' title='bbox 1669 2940 1844 2999; x_wconf 68' lang='lat' dir='ltr'><strong>actae</strong></span> <span class='ocrx_word' id='word_1_196' title='bbox 1883 2953 2095 3018; x_wconf 75' lang='lat' dir='ltr'><strong>euper-</strong></span> 
     </span>
    </p>
   </div>
   <div class='ocr_carea' id='block_1_3' title="bbox 523 3026 2095 3202">
    <p class='ocr_par' dir='ltr' id='par_1_4' title="bbox 523 3026 2095 3202">
     <span class='ocr_line' id='line_1_30' title="bbox 523 3026 2095 3119; baseline -0.01 -15"><span class='ocrx_word' id='word_1_197' title='bbox 523 3039 837 3106; x_wconf 74' lang='lat' dir='ltr'><strong>naturales</strong></span> <span class='ocrx_word' id='word_1_198' title='bbox 872 3040 946 3099; x_wconf 74' lang='lat' dir='ltr'><strong>at</strong></span> <span class='ocrx_word' id='word_1_199' title='bbox 967 3033 1298 3119; x_wconf 77' lang='lat' dir='ltr'><strong>partialem</strong></span> <span class='ocrx_word' id='word_1_200' title='bbox 1335 3049 1606 3101; x_wconf 74' lang='lat' dir='ltr'><strong>causam,</strong></span> <span class='ocrx_word' id='word_1_201' title='bbox 1650 3029 1931 3092; x_wconf 70' lang='lat' dir='ltr'><strong>nonnulli</strong></span> <span class='ocrx_word' id='word_1_202' title='bbox 1970 3026 2095 3111; x_wconf 75' lang='lat' dir='ltr'><strong>opi-</strong></span> 
     </span>
     <span class='ocr_line' id='line_1_31' title="bbox 523 3123 2095 3202; baseline -0.009 -4"><span class='ocrx_word' id='word_1_203' title='bbox 523 3141 780 3201; x_wconf 71' lang='lat' dir='ltr'><strong>nantur.</strong></span> <span class='ocrx_word' id='word_1_204' title='bbox 809 3164 890 3179; x_wconf 89' lang='lat'>-</span> <span class='ocrx_word' id='word_1_205' title='bbox 919 3129 1014 3191; x_wconf 89' lang='lat' dir='ltr'><strong>Ad</strong></span> <span class='ocrx_word' id='word_1_206' title='bbox 1053 3128 1338 3189; x_wconf 81' lang='lat' dir='ltr'><strong>ultimam</strong></span> <span class='ocrx_word' id='word_1_207' title='bbox 1366 3124 1695 3185; x_wconf 88' lang='lat' dir='ltr'><strong>rationem.</strong></span> <span class='ocrx_word' id='word_1_208' title='bbox 1729 3123 1988 3202; x_wconf 78' lang='lat' dir='ltr'><strong>Propter</strong></span> <span class='ocrx_word' id='word_1_209' title='bbox 2020 3124 2095 3185; x_wconf 92' lang='lat' dir='ltr'><strong>il-</strong></span> 
     </span>
    </p>
   </div>
   <div class='ocr_carea' id='block_1_4' title="bbox 507 3217 2093 4982">
    <p class='ocr_par' dir='ltr' id='par_1_5' title="bbox 507 3217 2093 4982">
     <span class='ocr_line' id='line_1_32' title="bbox 523 3217 2093 3291; baseline -0.009 0"><span class='ocrx_word' id='word_1_210' title='bbox 523 3230 650 3291; x_wconf 90' lang='lat' dir='ltr'><strong>lam</strong></span> <span class='ocrx_word' id='word_1_211' title='bbox 679 3225 857 3289; x_wconf 88' lang='lat' dir='ltr'><strong>multi</strong></span> <span class='ocrx_word' id='word_1_212' title='bbox 887 3224 1174 3285; x_wconf 86' lang='lat' dir='ltr'><strong>doctores</strong></span> <span class='ocrx_word' id='word_1_213' title='bbox 1201 3219 1498 3281; x_wconf 82' lang='lat' dir='ltr'><strong>Catholici</strong></span> <span class='ocrx_word' id='word_1_214' title='bbox 1525 3223 1783 3279; x_wconf 89' lang='lat' dir='ltr'><strong>censent</strong></span> <span class='ocrx_word' id='word_1_215' title='bbox 1813 3217 2093 3278; x_wconf 85' lang='lat' dir='ltr'><strong>volunta-</strong></span> 
     </span>
     <span class='ocr_line' id='line_1_33' title="bbox 521 3313 2093 3391; baseline -0.009 -4"><span class='ocrx_word' id='word_1_216' title='bbox 521 3329 653 3387; x_wconf 89' lang='lat' dir='ltr'><strong>tem</strong></span> <span class='ocrx_word' id='word_1_217' title='bbox 681 3324 1026 3383; x_wconf 88' lang='lat' dir='ltr'><strong>humanam</strong></span> <span class='ocrx_word' id='word_1_218' title='bbox 1065 3332 1436 3376; x_wconf 80' lang='lat' dir='ltr'><strong>concurrere</strong></span> <span class='ocrx_word' id='word_1_219' title='bbox 1475 3313 1554 3373; x_wconf 85' lang='lat' dir='ltr'><strong>ad</strong></span> <span class='ocrx_word' id='word_1_220' title='bbox 1584 3318 1759 3373; x_wconf 86' lang='lat' dir='ltr'><strong>actus</strong></span> <span class='ocrx_word' id='word_1_221' title='bbox 1791 3330 2093 3391; x_wconf 89' lang='lat' dir='ltr'><strong>superna—</strong></span> 
     </span>
     <span class='ocr_line' id='line_1_34' title="bbox 521 3404 2087 3488; baseline -0.01 -8"><span class='ocrx_word' id='word_1_222' title='bbox 521 3416 781 3488; x_wconf 87' lang='lat' dir='ltr'><strong>turales,</strong></span> <span class='ocrx_word' id='word_1_223' title='bbox 807 3420 877 3474; x_wconf 90' lang='lat' dir='ltr'><strong>ut</strong></span> <span class='ocrx_word' id='word_1_224' title='bbox 898 3427 1155 3473; x_wconf 86' lang='lat' dir='ltr'><strong>causam</strong></span> <span class='ocrx_word' id='word_1_225' title='bbox 1177 3408 1244 3468; x_wconf 91' lang='lat' dir='ltr'><strong>in</strong></span> <span class='ocrx_word' id='word_1_226' title='bbox 1269 3424 1382 3467; x_wconf 88' lang='lat' dir='ltr'><strong>suo</strong></span> <span class='ocrx_word' id='word_1_227' title='bbox 1408 3406 1626 3467; x_wconf 86' lang='lat' dir='ltr'><strong>ordine</strong></span> <span class='ocrx_word' id='word_1_228' title='bbox 1655 3404 2087 3484; x_wconf 83' lang='lat' dir='ltr'><strong>principalem,</strong></span> 
     </span>
     <span class='ocr_line' id='line_1_35' title="bbox 522 3498 2090 3588; baseline -0.008 -16"><span class='ocrx_word' id='word_1_229' title='bbox 522 3529 653 3572; x_wconf 90' lang='lat' dir='ltr'><strong>non</strong></span> <span class='ocrx_word' id='word_1_230' title='bbox 684 3507 940 3588; x_wconf 89' lang='lat' dir='ltr'><strong>quidem</strong></span> <span class='ocrx_word' id='word_1_231' title='bbox 970 3504 1260 3585; x_wconf 85' lang='lat' dir='ltr'><strong>primam,</strong></span> <span class='ocrx_word' id='word_1_232' title='bbox 1311 3500 1424 3561; x_wconf 87' lang='lat' dir='ltr'><strong>sed</strong></span> <span class='ocrx_word' id='word_1_233' title='bbox 1457 3498 1839 3569; x_wconf 75' lang='lat' dir='ltr'><strong>secundam3</strong></span> <span class='ocrx_word' id='word_1_234' title='bbox 1883 3516 2090 3577; x_wconf 89' lang='lat' dir='ltr'><strong>neque</strong></span> 
     </span>
     <span class='ocr_line' id='line_1_36' title="bbox 523 3591 2092 3677; baseline -0.009 -11"><span class='ocrx_word' id='word_1_235' title='bbox 523 3606 588 3666; x_wconf 91' lang='lat' dir='ltr'><strong>in</strong></span> <span class='ocrx_word' id='word_1_236' title='bbox 621 3622 696 3665; x_wconf 90' lang='lat' dir='ltr'><strong>eo</strong></span> <span class='ocrx_word' id='word_1_237' title='bbox 729 3600 946 3663; x_wconf 90' lang='lat' dir='ltr'><strong>ordine</strong></span> <span class='ocrx_word' id='word_1_238' title='bbox 981 3598 1330 3677; x_wconf 81' lang='lat' dir='ltr'><strong>integram,</strong></span> <span class='ocrx_word' id='word_1_239' title='bbox 1369 3591 1483 3656; x_wconf 85' lang='lat' dir='ltr'><strong>sed</strong></span> <span class='ocrx_word' id='word_1_240' title='bbox 1514 3591 1842 3673; x_wconf 77' lang='lat' dir='ltr'><strong>partialem</strong></span> <span class='ocrx_word' id='word_1_241' title='bbox 1876 3598 1937 3653; x_wconf 91' lang='lat' dir='ltr'><strong>et</strong></span> <span class='ocrx_word' id='word_1_242' title='bbox 1976 3594 2092 3653; x_wconf 89' lang='lat' dir='ltr'><strong>mi-</strong></span> 
     </span>
     <span class='ocr_line' id='line_1_37' title="bbox 521 3684 2092 3765; baseline -0.009 -6"><span class='ocrx_word' id='word_1_243' title='bbox 521 3712 748 3758; x_wconf 87' lang='lat' dir='ltr'><strong>norem</strong></span> <span class='ocrx_word' id='word_1_244' title='bbox 771 3694 898 3755; x_wconf 79' lang='lat' dir='ltr'><strong>vim</strong></span> <span class='ocrx_word' id='word_1_245' title='bbox 925 3690 1268 3752; x_wconf 85' lang='lat' dir='ltr'><strong>habentem</strong></span> <span class='ocrx_word' id='word_1_246' title='bbox 1301 3706 1318 3759; x_wconf 72' lang='grc' dir='ltr'><strong>ς</strong></span> <span class='ocrx_word' id='word_1_247' title='bbox 1353 3704 1502 3747; x_wconf 86' lang='lat' dir='ltr'><strong>nam</strong></span> <span class='ocrx_word' id='word_1_248' title='bbox 1531 3684 1937 3765; x_wconf 86' lang='lat' dir='ltr'><strong>principalem</strong></span> <span class='ocrx_word' id='word_1_249' title='bbox 1966 3686 2092 3746; x_wconf 81' lang='lat' dir='ltr'><strong>vir-</strong></span> 
     </span>
     <span class='ocr_line' id='line_1_38' title="bbox 521 3777 2089 3857; baseline -0.008 -5"><span class='ocrx_word' id='word_1_250' title='bbox 521 3794 720 3854; x_wconf 88' lang='lat' dir='ltr'><strong>tutem</strong></span> <span class='ocrx_word' id='word_1_251' title='bbox 768 3787 956 3849; x_wconf 89' lang='lat' dir='ltr'><strong>etiam</strong></span> <span class='ocrx_word' id='word_1_252' title='bbox 1002 3784 1067 3845; x_wconf 90' lang='lat' dir='ltr'><strong>in</strong></span> <span class='ocrx_word' id='word_1_253' title='bbox 1111 3781 1354 3843; x_wconf 86' lang='lat' dir='ltr'><strong>ratione</strong></span> <span class='ocrx_word' id='word_1_254' title='bbox 1405 3796 1610 3841; x_wconf 79' lang='lat' dir='ltr'><strong>causae</strong></span> <span class='ocrx_word' id='word_1_255' title='bbox 1667 3777 1965 3857; x_wconf 83' lang='lat' dir='ltr'><strong>proximae</strong></span> <span class='ocrx_word' id='word_1_256' title='bbox 2008 3780 2089 3840; x_wconf 91' lang='lat' dir='ltr'><strong>ab</strong></span> 
     </span>
     <span class='ocr_line' id='line_1_39' title="bbox 521 3872 2086 3960; baseline -0.008 -13"><span class='ocrx_word' id='word_1_257' title='bbox 521 3883 752 3947; x_wconf 81' lang='lat' dir='ltr'><strong>auxilio</strong></span> <span class='ocrx_word' id='word_1_258' title='bbox 783 3878 994 3960; x_wconf 69' lang='lat' dir='ltr'><strong>gratiae</strong></span> <span class='ocrx_word' id='word_1_259' title='bbox 1028 3894 1166 3938; x_wconf 87' lang='lat' dir='ltr'><strong>esse</strong></span> <span class='ocrx_word' id='word_1_260' title='bbox 1203 3872 1574 3936; x_wconf 87' lang='lat' dir='ltr'><strong>concedunt.</strong></span> <span class='ocrx_word' id='word_1_261' title='bbox 1619 3872 1844 3933; x_wconf 88' lang='lat' dir='ltr'><strong>Dicunt</strong></span> <span class='ocrx_word' id='word_1_262' title='bbox 1870 3878 2086 3935; x_wconf 88' lang='lat' dir='ltr'><strong>tamen</strong></span> 
     </span>
     <span class='ocr_line' id='line_1_40' title="bbox 521 3967 2087 4043; baseline -0.006 -2"><span class='ocrx_word' id='word_1_263' title='bbox 521 3974 948 4040; x_wconf 89' lang='lat' dir='ltr'><strong>necessarium</strong></span> <span class='ocrx_word' id='word_1_264' title='bbox 997 3988 1156 4043; x_wconf 89' lang='lat' dir='ltr'><strong>esse,</strong></span> <span class='ocrx_word' id='word_1_265' title='bbox 1205 3974 1278 4029; x_wconf 89' lang='lat' dir='ltr'><strong>ut</strong></span> <span class='ocrx_word' id='word_1_266' title='bbox 1307 3968 1597 4029; x_wconf 82' lang='lat' dir='ltr'><strong>voluntas</strong></span> <span class='ocrx_word' id='word_1_267' title='bbox 1639 3982 1714 4027; x_wconf 85' lang='lat' dir='ltr'><strong>ex</strong></span> <span class='ocrx_word' id='word_1_268' title='bbox 1747 3984 1816 4027; x_wconf 84' lang='lat' dir='ltr'><strong>se</strong></span> <span class='ocrx_word' id='word_1_269' title='bbox 1855 3967 2087 4031; x_wconf 87' lang='lat' dir='ltr'><strong>habeat</strong></span> 
     </span>
     <span class='ocr_line' id='line_1_41' title="bbox 519 4060 2085 4151; baseline -0.007 -18"><span class='ocrx_word' id='word_1_270' title='bbox 519 4072 797 4151; x_wconf 81' lang='lat' dir='ltr'><strong>aliquam</strong></span> <span class='ocrx_word' id='word_1_271' title='bbox 823 4066 952 4128; x_wconf 86' lang='lat' dir='ltr'><strong>vim</strong></span> <span class='ocrx_word' id='word_1_272' title='bbox 979 4063 1516 4144; x_wconf 83' lang='lat' dir='ltr'><strong>proportionatam</strong></span> <span class='ocrx_word' id='word_1_273' title='bbox 1543 4060 1642 4121; x_wconf 88' lang='lat' dir='ltr'><strong>his</strong></span> <span class='ocrx_word' id='word_1_274' title='bbox 1670 4060 1934 4135; x_wconf 66' lang='lat' dir='ltr'><strong>actibus»,</strong></span> <span class='ocrx_word' id='word_1_275' title='bbox 1969 4062 2085 4123; x_wconf 88' lang='lat' dir='ltr'><strong>sal-</strong></span> 
     </span>
     <span class='ocr_line' id='line_1_42' title="bbox 519 4153 2081 4243; baseline -0.006 -16"><span class='ocrx_word' id='word_1_276' title='bbox 519 4172 649 4227; x_wconf 87' lang='lat' dir='ltr'><strong>tem</strong></span> <span class='ocrx_word' id='word_1_277' title='bbox 671 4160 1046 4243; x_wconf 78' lang='lat' dir='ltr'><strong>partialiter3</strong></span> <span class='ocrx_word' id='word_1_278' title='bbox 1067 4161 1201 4217; x_wconf 87' lang='lat' dir='ltr'><strong>tum</strong></span> <span class='ocrx_word' id='word_1_279' title='bbox 1225 4160 1480 4235; x_wconf 89' lang='lat' dir='ltr'><strong>propter</strong></span> <span class='ocrx_word' id='word_1_280' title='bbox 1501 4154 1806 4216; x_wconf 87' lang='lat' dir='ltr'><strong>rationem</strong></span> <span class='ocrx_word' id='word_1_281' title='bbox 1825 4153 2081 4231; x_wconf 84' lang='lat' dir='ltr'><strong>factam,</strong></span> 
     </span>
     <span class='ocr_line' id='line_1_43' title="bbox 517 4248 2083 4337; baseline -0.004 -16"><span class='ocrx_word' id='word_1_282' title='bbox 517 4265 586 4320; x_wconf 87' lang='lat' dir='ltr'><strong>ut</strong></span> <span class='ocrx_word' id='word_1_283' title='bbox 614 4256 811 4337; x_wconf 86' lang='lat' dir='ltr'><strong>possit</strong></span> <span class='ocrx_word' id='word_1_284' title='bbox 839 4255 902 4316; x_wconf 90' lang='lat' dir='ltr'><strong>in</strong></span> <span class='ocrx_word' id='word_1_285' title='bbox 937 4270 1052 4313; x_wconf 91' lang='lat' dir='ltr'><strong>suo</strong></span> <span class='ocrx_word' id='word_1_286' title='bbox 1082 4268 1311 4331; x_wconf 81' lang='lat' dir='ltr'><strong>genere</strong></span> <span class='ocrx_word' id='word_1_287' title='bbox 1350 4249 1648 4310; x_wconf 87' lang='lat' dir='ltr'><strong>inchoare</strong></span> <span class='ocrx_word' id='word_1_288' title='bbox 1677 4248 1989 4311; x_wconf 84' lang='lat' dir='ltr'><strong>actionem</strong></span> <span class='ocrx_word' id='word_1_289' title='bbox 2021 4258 2083 4314; x_wconf 87' lang='lat' dir='ltr'><strong>et</strong></span> 
     </span>
     <span class='ocr_line' id='line_1_44' title="bbox 517 4342 2083 4421; baseline -0.006 -7"><span class='ocrx_word' id='word_1_290' title='bbox 517 4346 1133 4416; x_wconf 79' lang='lat' dir='ltr'><strong>determinationem3</strong></span> <span class='ocrx_word' id='word_1_291' title='bbox 1168 4350 1300 4405; x_wconf 88' lang='lat' dir='ltr'><strong>tum</strong></span> <span class='ocrx_word' id='word_1_292' title='bbox 1325 4342 1511 4403; x_wconf 86' lang='lat' dir='ltr'><strong>etiam</strong></span> <span class='ocrx_word' id='word_1_293' title='bbox 1535 4343 1679 4421; x_wconf 87' lang='lat' dir='ltr'><strong>quia</strong></span> <span class='ocrx_word' id='word_1_294' title='bbox 1710 4360 1838 4404; x_wconf 88' lang='lat' dir='ltr'><strong>non</strong></span> <span class='ocrx_word' id='word_1_295' title='bbox 1861 4344 2083 4406; x_wconf 87' lang='lat' dir='ltr'><strong>intelli-</strong></span> 
     </span>
     <span class='ocr_line' id='line_1_45' title="bbox 515 4436 2081 4525; baseline -0.003 -19"><span class='ocrx_word' id='word_1_296' title='bbox 515 4451 672 4525; x_wconf 77' lang='lat' dir='ltr'><strong>gunt</strong></span> <span class='ocrx_word' id='word_1_297' title='bbox 705 4448 914 4503; x_wconf 87' lang='lat' dir='ltr'><strong>actum</strong></span> <span class='ocrx_word' id='word_1_298' title='bbox 947 4438 1200 4500; x_wconf 80' lang='lat' dir='ltr'><strong>vitalem</strong></span> <span class='ocrx_word' id='word_1_299' title='bbox 1232 4442 1294 4498; x_wconf 90' lang='lat' dir='ltr'><strong>et</strong></span> <span class='ocrx_word' id='word_1_300' title='bbox 1321 4436 1588 4497; x_wconf 89' lang='lat' dir='ltr'><strong>liberum</strong></span> <span class='ocrx_word' id='word_1_301' title='bbox 1617 4454 1800 4515; x_wconf 89' lang='lat' dir='ltr'><strong>posse</strong></span> <span class='ocrx_word' id='word_1_302' title='bbox 1833 4455 1969 4499; x_wconf 88' lang='lat' dir='ltr'><strong>esse</strong></span> <span class='ocrx_word' id='word_1_303' title='bbox 2000 4440 2081 4501; x_wconf 92' lang='lat' dir='ltr'><strong>ab</strong></span> 
     </span>
     <span class='ocr_line' id='line_1_46' title="bbox 517 4528 2079 4617; baseline -0.004 -18"><span class='ocrx_word' id='word_1_304' title='bbox 517 4539 727 4617; x_wconf 90' lang='lat' dir='ltr'><strong>aliqua</strong></span> <span class='ocrx_word' id='word_1_305' title='bbox 751 4532 1044 4595; x_wconf 81' lang='lat' dir='ltr'><strong>facultate</strong></span> <span class='ocrx_word' id='word_1_306' title='bbox 1062 4576 1077 4605; x_wconf 94' lang='lat'><strong>,</strong></span> <span class='ocrx_word' id='word_1_307' title='bbox 1113 4530 1232 4592; x_wconf 87' lang='lat' dir='ltr'><strong>nisi</strong></span> <span class='ocrx_word' id='word_1_308' title='bbox 1264 4535 1332 4591; x_wconf 88' lang='lat' dir='ltr'><strong>ut</strong></span> <span class='ocrx_word' id='word_1_309' title='bbox 1361 4548 1398 4589; x_wconf 88' lang='lat' dir='ltr'><strong>a</strong></span> <span class='ocrx_word' id='word_1_310' title='bbox 1424 4528 1726 4608; x_wconf 87' lang='lat' dir='ltr'><strong>principio</strong></span> <span class='ocrx_word' id='word_1_311' title='bbox 1755 4530 2079 4612; x_wconf 84' lang='lat' dir='ltr'><strong>principali</strong></span> 
     </span>
     <span class='ocr_line' id='line_1_47' title="bbox 514 4622 2079 4703; baseline -0.004 -11"><span class='ocrx_word' id='word_1_312' title='bbox 514 4631 580 4691; x_wconf 90' lang='lat' dir='ltr'><strong>in</strong></span> <span class='ocrx_word' id='word_1_313' title='bbox 611 4647 724 4691; x_wconf 89' lang='lat' dir='ltr'><strong>suo</strong></span> <span class='ocrx_word' id='word_1_314' title='bbox 751 4624 990 4688; x_wconf 87' lang='lat' dir='ltr'><strong>ordine.</strong></span> <span class='ocrx_word' id='word_1_315' title='bbox 1023 4625 1149 4684; x_wconf 89' lang='lat' dir='ltr'><strong>Nec</strong></span> <span class='ocrx_word' id='word_1_316' title='bbox 1172 4622 1238 4683; x_wconf 94' lang='lat' dir='ltr'><strong>in</strong></span> <span class='ocrx_word' id='word_1_317' title='bbox 1257 4622 1376 4683; x_wconf 92' lang='lat' dir='ltr'><strong>hoc</strong></span> <span class='ocrx_word' id='word_1_318' title='bbox 1399 4626 1621 4701; x_wconf 87' lang='lat' dir='ltr'><strong>putant</strong></span> <span class='ocrx_word' id='word_1_319' title='bbox 1642 4639 1709 4682; x_wconf 89' lang='lat' dir='ltr'><strong>se</strong></span> <span class='ocrx_word' id='word_1_320' title='bbox 1735 4623 2079 4703; x_wconf 82' lang='lat' dir='ltr'><strong>quidquam</strong></span> 
     </span>
     <span class='ocr_line' id='line_1_48' title="bbox 511 4714 2081 4797; baseline -0.004 -13"><span class='ocrx_word' id='word_1_321' title='bbox 511 4721 724 4783; x_wconf 83' lang='lat' dir='ltr'><strong>favere</strong></span> <span class='ocrx_word' id='word_1_322' title='bbox 757 4717 1030 4797; x_wconf 82' lang='lat' dir='ltr'><strong>Pelagio,</strong></span> <span class='ocrx_word' id='word_1_323' title='bbox 1061 4715 1208 4795; x_wconf 90' lang='lat' dir='ltr'><strong>quia</strong></span> <span class='ocrx_word' id='word_1_324' title='bbox 1235 4714 1450 4775; x_wconf 88' lang='lat' dir='ltr'><strong>dicunt</strong></span> <span class='ocrx_word' id='word_1_325' title='bbox 1478 4716 1644 4776; x_wconf 88' lang='lat' dir='ltr'><strong>hanc</strong></span> <span class='ocrx_word' id='word_1_326' title='bbox 1673 4716 1966 4778; x_wconf 78' lang='lat' dir='ltr'><strong>virtutem</strong></span> <span class='ocrx_word' id='word_1_327' title='bbox 1991 4724 2081 4779; x_wconf 90' lang='lat' dir='ltr'><strong>ta-</strong></span> 
     </span>
     <span class='ocr_line' id='line_1_49' title="bbox 509 4808 2079 4892; baseline -0.003 -15"><span class='ocrx_word' id='word_1_328' title='bbox 509 4815 638 4877; x_wconf 90' lang='lat' dir='ltr'><strong>lem</strong></span> <span class='ocrx_word' id='word_1_329' title='bbox 668 4832 825 4887; x_wconf 89' lang='lat' dir='ltr'><strong>esse,</strong></span> <span class='ocrx_word' id='word_1_330' title='bbox 862 4816 932 4872; x_wconf 87' lang='lat' dir='ltr'><strong>ut</strong></span> <span class='ocrx_word' id='word_1_331' title='bbox 955 4810 1089 4871; x_wconf 89' lang='lat' dir='ltr'><strong>sine</strong></span> <span class='ocrx_word' id='word_1_332' title='bbox 1117 4808 1314 4889; x_wconf 85' lang='lat' dir='ltr'><strong>gratia</strong></span> <span class='ocrx_word' id='word_1_333' title='bbox 1337 4808 1451 4869; x_wconf 90' lang='lat' dir='ltr'><strong>Dei</strong></span> <span class='ocrx_word' id='word_1_334' title='bbox 1477 4808 1786 4869; x_wconf 81' lang='lat' dir='ltr'><strong>excitante</strong></span> <span class='ocrx_word' id='word_1_335' title='bbox 1817 4816 1880 4872; x_wconf 89' lang='lat' dir='ltr'><strong>et</strong></span> <span class='ocrx_word' id='word_1_336' title='bbox 1904 4812 2079 4892; x_wconf 77' lang='lat' dir='ltr'><strong>adju-</strong></span> 
     </span>
     <span class='ocr_line' id='line_1_50' title="bbox 507 4902 2075 4982; baseline -0.002 -13"><span class='ocrx_word' id='word_1_337' title='bbox 507 4913 732 4981; x_wconf 83' lang='lat' dir='ltr'><strong>vante,</strong></span> <span class='ocrx_word' id='word_1_338' title='bbox 773 4922 904 4965; x_wconf 90' lang='lat' dir='ltr'><strong>non</strong></span> <span class='ocrx_word' id='word_1_339' title='bbox 947 4903 1143 4982; x_wconf 88' lang='lat' dir='ltr'><strong>possit</strong></span> <span class='ocrx_word' id='word_1_340' title='bbox 1194 4902 1384 4963; x_wconf 88' lang='lat' dir='ltr'><strong>talem</strong></span> <span class='ocrx_word' id='word_1_341' title='bbox 1427 4907 1636 4961; x_wconf 88' lang='lat' dir='ltr'><strong>actum</strong></span> <span class='ocrx_word' id='word_1_342' title='bbox 1684 4902 1965 4977; x_wconf 87' lang='lat' dir='ltr'><strong>efficere,</strong></span> <span class='ocrx_word' id='word_1_343' title='bbox 2013 4912 2075 4967; x_wconf 88' lang='lat' dir='ltr'><strong>et</strong></span> 
     </span>
    </p>
   </div>
   <div class='ocr_carea' id='block_1_5' title="bbox 1377 311 2921 382">
    <p class='ocr_par' dir='ltr' id='par_1_6' title="bbox 1377 311 2921 382">
     <span class='ocr_line' id='line_1_51' title="bbox 1377 311 2921 382; baseline -0.001 -12"><span class='ocrx_word' id='word_1_344' title='bbox 1377 315 1588 382; x_wconf 82' lang='lat' dir='ltr'><strong>OPUSC.</strong></span> <span class='ocrx_word' id='word_1_345' title='bbox 1625 319 1665 380; x_wconf 89' lang='lat' dir='ltr'><strong>l,</strong></span> <span class='ocrx_word' id='word_1_346' title='bbox 1701 316 1816 370; x_wconf 78' lang='lat' dir='ltr'><strong>Ltn.</strong></span> <span class='ocrx_word' id='word_1_347' title='bbox 1853 313 1940 370; x_wconf 86' lang='lat' dir='ltr'><strong>nt.</strong></span> <span class='ocrx_word' id='word_1_348' title='bbox 1974 317 2055 370; x_wconf 77' lang='lat' dir='ltr'><strong>nt:</strong></span> <span class='ocrx_word' id='word_1_349' title='bbox 2087 314 2361 372; x_wconf 68' lang='lat' dir='ltr'><strong>auxittts</strong></span> <span class='ocrx_word' id='word_1_350' title='bbox 2394 311 2625 370; x_wconf 74' lang='lat' dir='ltr'><strong>mvmAE</strong></span> <span class='ocrx_word' id='word_1_351' title='bbox 2656 311 2921 370; x_wconf 69' lang='lat' dir='ltr'><strong>annm.</strong></span> 
     </span>
    </p>
   </div>
   <div class='ocr_carea' id='block_1_6' title="bbox 2160 415 3766 4980">
    <p class='ocr_par' dir='ltr' id='par_1_7' title="bbox 2182 415 3763 870">
     <span class='ocr_line' id='line_1_52' title="bbox 2185 415 3655 494; baseline 0 -14"><span class='ocrx_word' id='word_1_352' title='bbox 2185 419 2496 481; x_wconf 85' lang='lat' dir='ltr'><strong>sententia</strong></span> <span class='ocrx_word' id='word_1_353' title='bbox 2539 437 2668 479; x_wconf 90' lang='lat' dir='ltr'><strong>non</strong></span> <span class='ocrx_word' id='word_1_354' title='bbox 2700 423 2796 479; x_wconf 88' lang='lat' dir='ltr'><strong>est</strong></span> <span class='ocrx_word' id='word_1_355' title='bbox 2830 415 3023 494; x_wconf 77' lang='lat' dir='ltr'><strong>digna</strong></span> <span class='ocrx_word' id='word_1_356' title='bbox 3052 415 3257 494; x_wconf 87' lang='lat' dir='ltr'><strong>aliqua</strong></span> <span class='ocrx_word' id='word_1_357' title='bbox 3300 434 3547 492; x_wconf 80' lang='lat' dir='ltr'><strong>censura,</strong></span> <span class='ocrx_word' id='word_1_358' title='bbox 3577 428 3655 488; x_wconf 74' lang='lat' dir='ltr'><strong>sed</strong></span> 
     </span>
     <span class='ocr_line' id='line_1_53' title="bbox 2184 508 3653 592; baseline 0.003 -18"><span class='ocrx_word' id='word_1_359' title='bbox 2184 529 2363 574; x_wconf 85' lang='lat' dir='ltr'><strong>suam</strong></span> <span class='ocrx_word' id='word_1_360' title='bbox 2390 512 2583 573; x_wconf 85' lang='lat' dir='ltr'><strong>habet</strong></span> <span class='ocrx_word' id='word_1_361' title='bbox 2610 508 3133 591; x_wconf 84' lang='lat' dir='ltr'><strong>probabilitatem.</strong></span> <span class='ocrx_word' id='word_1_362' title='bbox 3162 509 3444 570; x_wconf 82' lang='lat' dir='ltr'><strong>Videatur</strong></span> <span class='ocrx_word' id='word_1_363' title='bbox 3464 513 3653 592; x_wconf 70' lang='lat' dir='ltr'><strong>thiedo,</strong></span> 
     </span>
     <span class='ocr_line' id='line_1_54' title="bbox 2184 603 3763 684; baseline 0.001 -18"><span class='ocrx_word' id='word_1_364' title='bbox 2184 607 2263 667; x_wconf 91' lang='lat' dir='ltr'><strong>de</strong></span> <span class='ocrx_word' id='word_1_365' title='bbox 2294 605 2597 667; x_wconf 84' lang='lat' dir='ltr'><strong>concord.</strong></span> <span class='ocrx_word' id='word_1_366' title='bbox 2641 604 2749 665; x_wconf 91' lang='lat' dir='ltr'><strong>lib.</strong></span> <span class='ocrx_word' id='word_1_367' title='bbox 2788 603 2950 675; x_wconf 86' lang='lat' dir='ltr'><strong>arb.,</strong></span> <span class='ocrx_word' id='word_1_368' title='bbox 2982 607 3162 663; x_wconf 85' lang='lat' dir='ltr'><strong>tract.</strong></span> <span class='ocrx_word' id='word_1_369' title='bbox 3192 604 3254 675; x_wconf 72' lang='lat'><strong>4,</strong></span> <span class='ocrx_word' id='word_1_370' title='bbox 3286 621 3337 662; x_wconf 92' lang='lat' dir='ltr'><strong>c.</strong></span> <span class='ocrx_word' id='word_1_371' title='bbox 3368 604 3425 675; x_wconf 73' lang='lat'><strong>2,</strong></span> <span class='ocrx_word' id='word_1_372' title='bbox 3454 614 3579 684; x_wconf 85' lang='lat' dir='ltr'><strong>part.</strong></span> <span class='ocrx_word' id='word_1_373' title='bbox 3602 614 3653 682; x_wconf 82' lang='lat'><strong>3;</strong></span> <span class='ocrx_word' id='word_1_374' title='bbox 3761 645 3763 648; x_wconf 55' lang='lat'>&gt;</span> 
     </span>
     <span class='ocr_line' id='line_1_55' title="bbox 2182 697 3653 774; baseline 0.002 -12"><span class='ocrx_word' id='word_1_375' title='bbox 2182 703 2401 774; x_wconf 86' lang='lat' dir='ltr'><strong>Ruar.,</strong></span> <span class='ocrx_word' id='word_1_376' title='bbox 2448 705 2565 762; x_wconf 87' lang='lat' dir='ltr'><strong>art.</strong></span> <span class='ocrx_word' id='word_1_377' title='bbox 2600 702 2637 761; x_wconf 88' lang='lat'><strong>7</strong></span> <span class='ocrx_word' id='word_1_378' title='bbox 2676 718 2691 772; x_wconf 80' lang='lat'><em>3</em></span> <span class='ocrx_word' id='word_1_379' title='bbox 2740 697 3033 759; x_wconf 86' lang='lat' dir='ltr'><strong>Bellarm.</strong></span> <span class='ocrx_word' id='word_1_380' title='bbox 3056 743 3072 768; x_wconf 92' lang='lat'><strong>,</strong></span> <span class='ocrx_word' id='word_1_381' title='bbox 3106 697 3211 756; x_wconf 89' lang='lat' dir='ltr'><strong>lib.</strong></span> <span class='ocrx_word' id='word_1_382' title='bbox 3248 700 3414 758; x_wconf 83' lang='lat' dir='ltr'><strong>sexto</strong></span> <span class='ocrx_word' id='word_1_383' title='bbox 3446 699 3513 760; x_wconf 87' lang='lat' dir='ltr'><strong>de</strong></span> <span class='ocrx_word' id='word_1_384' title='bbox 3534 703 3653 765; x_wconf 69' lang='lat' dir='ltr'><strong>Grai.</strong></span> 
     </span>
     <span class='ocr_line' id='line_1_56' title="bbox 2184 791 3528 870; baseline -0.001 -16"><span class='ocrx_word' id='word_1_385' title='bbox 2184 798 2245 854; x_wconf 91' lang='lat' dir='ltr'><strong>et</strong></span> <span class='ocrx_word' id='word_1_386' title='bbox 2276 794 2473 854; x_wconf 88' lang='lat' dir='ltr'><strong>libero</strong></span> <span class='ocrx_word' id='word_1_387' title='bbox 2504 792 2784 867; x_wconf 88' lang='lat' dir='ltr'><strong>arbitri0,</strong></span> <span class='ocrx_word' id='word_1_388' title='bbox 2814 792 3017 870; x_wconf 88' lang='lat' dir='ltr'><strong>capite</strong></span> <span class='ocrx_word' id='word_1_389' title='bbox 3040 791 3287 852; x_wconf 88' lang='lat' dir='ltr'><strong>decimo</strong></span> <span class='ocrx_word' id='word_1_390' title='bbox 3319 792 3528 868; x_wconf 90' lang='lat' dir='ltr'><strong>quinto.</strong></span> 
     </span>
    </p>

    <p class='ocr_par' dir='ltr' id='par_1_8' title="bbox 2168 886 3766 3849">
     <span class='ocr_line' id='line_1_57' title="bbox 2264 886 3658 969; baseline -0.001 -18"><span class='ocrx_word' id='word_1_391' title='bbox 2264 891 2359 952; x_wconf 81' lang='lat'><strong>19.</strong></span> <span class='ocrx_word' id='word_1_392' title='bbox 2406 891 2649 951; x_wconf 72' lang='lat' dir='ltr'><strong>Horum</strong></span> <span class='ocrx_word' id='word_1_393' title='bbox 2666 889 2970 950; x_wconf 74' lang='lat' dir='ltr'><strong>doctorum</strong></span> <span class='ocrx_word' id='word_1_394' title='bbox 2996 886 3271 967; x_wconf 74' lang='lat' dir='ltr'><strong>loquendi</strong></span> <span class='ocrx_word' id='word_1_395' title='bbox 3308 888 3496 949; x_wconf 70' lang='lat' dir='ltr'><strong>modus</strong></span> <span class='ocrx_word' id='word_1_396' title='bbox 3516 890 3658 969; x_wconf 74' lang='lat' dir='ltr'><strong>rejici-</strong></span> 
     </span>
     <span class='ocr_line' id='line_1_58' title="bbox 2181 979 3659 1058; baseline -0.001 -13"><span class='ocrx_word' id='word_1_397' title='bbox 2181 988 2304 1046; x_wconf 70' lang='lat' dir='ltr'><strong>tur.</strong></span> <span class='ocrx_word' id='word_1_398' title='bbox 2332 1015 2417 1030; x_wconf 90' lang='lat'><strong>--</strong></span> <span class='ocrx_word' id='word_1_399' title='bbox 2440 981 2851 1043; x_wconf 87' lang='lat' dir='ltr'><strong>Nihilominus</strong></span> <span class='ocrx_word' id='word_1_400' title='bbox 2880 985 3095 1040; x_wconf 88' lang='lat' dir='ltr'><strong>tamen</strong></span> <span class='ocrx_word' id='word_1_401' title='bbox 3138 979 3434 1058; x_wconf 80' lang='lat' dir='ltr'><strong>(quamvis</strong></span> <span class='ocrx_word' id='word_1_402' title='bbox 3468 982 3659 1048; x_wconf 77' lang='lat' dir='ltr'><strong>fortasse</strong></span> 
     </span>
     <span class='ocr_line' id='line_1_59' title="bbox 2178 1072 3763 1156; baseline -0.001 -18"><span class='ocrx_word' id='word_1_403' title='bbox 2178 1076 2437 1156; x_wconf 81' lang='lat' dir='ltr'><strong>quoestio</strong></span> <span class='ocrx_word' id='word_1_404' title='bbox 2476 1076 2555 1136; x_wconf 89' lang='lat' dir='ltr'><strong>sit</strong></span> <span class='ocrx_word' id='word_1_405' title='bbox 2580 1074 2659 1135; x_wconf 89' lang='lat' dir='ltr'><strong>de</strong></span> <span class='ocrx_word' id='word_1_406' title='bbox 2696 1073 2886 1135; x_wconf 90' lang='lat' dir='ltr'><strong>modo</strong></span> <span class='ocrx_word' id='word_1_407' title='bbox 2921 1072 3241 1150; x_wconf 89' lang='lat' dir='ltr'><strong>loquendi)</strong></span> <span class='ocrx_word' id='word_1_408' title='bbox 3276 1091 3487 1133; x_wconf 88' lang='lat' dir='ltr'><strong>censeo</strong></span> <span class='ocrx_word' id='word_1_409' title='bbox 3508 1077 3660 1138; x_wconf 80' lang='lat' dir='ltr'><strong>volun·</strong></span> <span class='ocrx_word' id='word_1_410' title='bbox 3761 1075 3763 1082; x_wconf 85' lang='lat'>&#39;</span> 
     </span>
     <span class='ocr_line' id='line_1_60' title="bbox 2178 1166 3661 1243; baseline 0.001 -12"><span class='ocrx_word' id='word_1_411' title='bbox 2178 1175 2368 1232; x_wconf 87' lang='lat' dir='ltr'><strong>tatem</strong></span> <span class='ocrx_word' id='word_1_412' title='bbox 2396 1187 2525 1230; x_wconf 87' lang='lat' dir='ltr'><strong>non</strong></span> <span class='ocrx_word' id='word_1_413' title='bbox 2540 1184 2913 1229; x_wconf 85' lang='lat' dir='ltr'><strong>concurrere</strong></span> <span class='ocrx_word' id='word_1_414' title='bbox 2932 1166 3013 1228; x_wconf 87' lang='lat' dir='ltr'><strong>ad</strong></span> <span class='ocrx_word' id='word_1_415' title='bbox 3028 1171 3204 1227; x_wconf 86' lang='lat' dir='ltr'><strong>actus</strong></span> <span class='ocrx_word' id='word_1_416' title='bbox 3216 1172 3661 1243; x_wconf 73' lang='lat' dir='ltr'><strong>supernaturales,</strong></span> 
     </span>
     <span class='ocr_line' id='line_1_61' title="bbox 2178 1259 3763 1342; baseline -0.005 -18"><span class='ocrx_word' id='word_1_417' title='bbox 2178 1269 2249 1324; x_wconf 90' lang='lat' dir='ltr'><strong>ut</strong></span> <span class='ocrx_word' id='word_1_418' title='bbox 2294 1261 2671 1342; x_wconf 89' lang='lat' dir='ltr'><strong>principium</strong></span> <span class='ocrx_word' id='word_1_419' title='bbox 2698 1259 3065 1340; x_wconf 86' lang='lat' dir='ltr'><strong>principale,</strong></span> <span class='ocrx_word' id='word_1_420' title='bbox 3108 1263 3409 1338; x_wconf 88' lang='lat' dir='ltr'><strong>quantum</strong></span> <span class='ocrx_word' id='word_1_421' title='bbox 3446 1261 3514 1322; x_wconf 83' lang='lat' dir='ltr'><strong>ad</strong></span> <span class='ocrx_word' id='word_1_422' title='bbox 3542 1265 3663 1328; x_wconf 86' lang='lat' dir='ltr'><strong>illum</strong></span> <span class='ocrx_word' id='word_1_423' title='bbox 3761 1313 3763 1316; x_wconf 77' lang='grc'>,</span> 
     </span>
     <span class='ocr_line' id='line_1_62' title="bbox 2180 1353 3663 1435; baseline 0.002 -19"><span class='ocrx_word' id='word_1_424' title='bbox 2180 1357 2484 1417; x_wconf 84' lang='lat' dir='ltr'><strong>influxum</strong></span> <span class='ocrx_word' id='word_1_425' title='bbox 2530 1373 2720 1435; x_wconf 88' lang='lat' dir='ltr'><strong>quem</strong></span> <span class='ocrx_word' id='word_1_426' title='bbox 2749 1353 2985 1434; x_wconf 80' lang='lat' dir='ltr'><strong>praebet</strong></span> <span class='ocrx_word' id='word_1_427' title='bbox 3024 1371 3139 1432; x_wconf 88' lang='lat' dir='ltr'><strong>per</strong></span> <span class='ocrx_word' id='word_1_428' title='bbox 3162 1370 3342 1413; x_wconf 88' lang='lat' dir='ltr'><strong>suam</strong></span> <span class='ocrx_word' id='word_1_429' title='bbox 3382 1355 3663 1432; x_wconf 65' lang='lat' dir='ltr'><strong>entitatem</strong></span> 
     </span>
     <span class='ocr_line' id='line_1_63' title="bbox 2180 1447 3666 1530; baseline 0.003 -19"><span class='ocrx_word' id='word_1_430' title='bbox 2180 1457 2315 1512; x_wconf 88' lang='lat' dir='ltr'><strong>tum</strong></span> <span class='ocrx_word' id='word_1_431' title='bbox 2340 1451 2509 1530; x_wconf 90' lang='lat' dir='ltr'><strong>quia,</strong></span> <span class='ocrx_word' id='word_1_432' title='bbox 2540 1467 2685 1510; x_wconf 89' lang='lat' dir='ltr'><strong>cum</strong></span> <span class='ocrx_word' id='word_1_433' title='bbox 2712 1455 2889 1510; x_wconf 89' lang='lat' dir='ltr'><strong>actus</strong></span> <span class='ocrx_word' id='word_1_434' title='bbox 2912 1447 2991 1508; x_wconf 84' lang='lat' dir='ltr'><strong>sit</strong></span> <span class='ocrx_word' id='word_1_435' title='bbox 3018 1449 3495 1528; x_wconf 87' lang='lat' dir='ltr'><strong>supernaturalis</strong></span> <span class='ocrx_word' id='word_1_436' title='bbox 3518 1457 3666 1530; x_wconf 80' lang='lat' dir='ltr'><strong>quoad</strong></span> 
     </span>
     <span class='ocr_line' id='line_1_64' title="bbox 2182 1547 3667 1621; baseline 0.003 -12"><span class='ocrx_word' id='word_1_437' title='bbox 2182 1548 2615 1621; x_wconf 85' lang='lat' dir='ltr'><strong>substantiam,</strong></span> <span class='ocrx_word' id='word_1_438' title='bbox 2659 1552 2721 1608; x_wconf 90' lang='lat' dir='ltr'><strong>et</strong></span> <span class='ocrx_word' id='word_1_439' title='bbox 2760 1553 2955 1608; x_wconf 87' lang='lat' dir='ltr'><strong>totam</strong></span> <span class='ocrx_word' id='word_1_440' title='bbox 3002 1547 3325 1608; x_wconf 85' lang='lat' dir='ltr'><strong>entitatem</strong></span> <span class='ocrx_word' id='word_1_441' title='bbox 3366 1565 3543 1618; x_wconf 86' lang='lat' dir='ltr'><strong>suam,</strong></span> <span class='ocrx_word' id='word_1_442' title='bbox 3580 1570 3667 1614; x_wconf 85' lang='lat' dir='ltr'><strong>non</strong></span> 
     </span>
     <span class='ocr_line' id='line_1_65' title="bbox 2180 1639 3668 1722; baseline 0.001 -19"><span class='ocrx_word' id='word_1_443' title='bbox 2180 1645 2387 1722; x_wconf 85' lang='lat' dir='ltr'><strong>potest</strong></span> <span class='ocrx_word' id='word_1_444' title='bbox 2436 1642 2745 1714; x_wconf 79' lang='lat' dir='ltr'><strong>voluntaS,</strong></span> <span class='ocrx_word' id='word_1_445' title='bbox 2796 1656 2937 1719; x_wconf 82' lang='lat' dir='ltr'><strong>quae</strong></span> <span class='ocrx_word' id='word_1_446' title='bbox 2984 1645 3079 1700; x_wconf 87' lang='lat' dir='ltr'><strong>est</strong></span> <span class='ocrx_word' id='word_1_447' title='bbox 3120 1639 3399 1718; x_wconf 85' lang='lat' dir='ltr'><strong>potentia</strong></span> <span class='ocrx_word' id='word_1_448' title='bbox 3435 1640 3668 1704; x_wconf 73' lang='lat' dir='ltr'><strong>inferioris</strong></span> 
     </span>
     <span class='ocr_line' id='line_1_66' title="bbox 2180 1731 3669 1810; baseline 0.001 -16"><span class='ocrx_word' id='word_1_449' title='bbox 2180 1732 2439 1806; x_wconf 87' lang='lat' dir='ltr'><strong>ordinis,</strong></span> <span class='ocrx_word' id='word_1_450' title='bbox 2474 1734 2705 1794; x_wconf 89' lang='lat' dir='ltr'><strong>hahere</strong></span> <span class='ocrx_word' id='word_1_451' title='bbox 2736 1733 3028 1794; x_wconf 76' lang='lat' dir='ltr'><strong>virtutem</strong></span> <span class='ocrx_word' id='word_1_452' title='bbox 3056 1731 3335 1810; x_wconf 69' lang='lat' dir='ltr'><strong>aliquam</strong></span> <span class='ocrx_word' id='word_1_453' title='bbox 3378 1741 3669 1796; x_wconf 83' lang='lat' dir='ltr'><strong>connatura-</strong></span> 
     </span>
     <span class='ocr_line' id='line_1_67' title="bbox 2178 1825 3666 1906; baseline 0.001 -18"><span class='ocrx_word' id='word_1_454' title='bbox 2178 1828 2327 1901; x_wconf 90' lang='lat' dir='ltr'><strong>lem,</strong></span> <span class='ocrx_word' id='word_1_455' title='bbox 2359 1845 2499 1906; x_wconf 81' lang='lat' dir='ltr'><strong>quoe</strong></span> <span class='ocrx_word' id='word_1_456' title='bbox 2546 1834 2771 1888; x_wconf 87' lang='lat' dir='ltr'><strong>natura</strong></span> <span class='ocrx_word' id='word_1_457' title='bbox 2812 1843 2927 1886; x_wconf 88' lang='lat' dir='ltr'><strong>sua</strong></span> <span class='ocrx_word' id='word_1_458' title='bbox 2953 1825 3031 1886; x_wconf 89' lang='lat' dir='ltr'><strong>sit</strong></span> <span class='ocrx_word' id='word_1_459' title='bbox 3060 1825 3265 1886; x_wconf 74' lang='lat' dir='ltr'><strong>effecti</strong></span> <span class='ocrx_word' id='word_1_460' title='bbox 3277 1825 3339 1884; x_wconf 83' lang='lat' dir='ltr'><strong>ix</strong></span> <span class='ocrx_word' id='word_1_461' title='bbox 3376 1826 3503 1886; x_wconf 85' lang='lat' dir='ltr'><strong>talis</strong></span> <span class='ocrx_word' id='word_1_462' title='bbox 3526 1836 3666 1900; x_wconf 77' lang='lat' dir='ltr'><strong>actus,</strong></span> 
     </span>
     <span class='ocr_line' id='line_1_68' title="bbox 2180 1918 3668 1998; baseline 0.001 -16"><span class='ocrx_word' id='word_1_463' title='bbox 2180 1941 2295 1983; x_wconf 90' lang='lat' dir='ltr'><strong>nec</strong></span> <span class='ocrx_word' id='word_1_464' title='bbox 2325 1929 2393 1984; x_wconf 91' lang='lat' dir='ltr'><strong>ut</strong></span> <span class='ocrx_word' id='word_1_465' title='bbox 2424 1939 2615 1983; x_wconf 82' lang='lat' dir='ltr'><strong>causa</strong></span> <span class='ocrx_word' id='word_1_466' title='bbox 2642 1919 2873 1992; x_wconf 87' lang='lat' dir='ltr'><strong>totalis,</strong></span> <span class='ocrx_word' id='word_1_467' title='bbox 2908 1936 3115 1998; x_wconf 90' lang='lat' dir='ltr'><strong>neque</strong></span> <span class='ocrx_word' id='word_1_468' title='bbox 3160 1923 3230 1980; x_wconf 88' lang='lat' dir='ltr'><strong>ut</strong></span> <span class='ocrx_word' id='word_1_469' title='bbox 3257 1918 3541 1996; x_wconf 81' lang='lat' dir='ltr'><strong>partialis;</strong></span> <span class='ocrx_word' id='word_1_470' title='bbox 3578 1929 3668 1984; x_wconf 86' lang='lat' dir='ltr'><strong>tum</strong></span> 
     </span>
     <span class='ocr_line' id='line_1_69' title="bbox 2182 2012 3669 2095; baseline -0.001 -18"><span class='ocrx_word' id='word_1_471' title='bbox 2182 2017 2370 2077; x_wconf 86' lang='lat' dir='ltr'><strong>etiam</strong></span> <span class='ocrx_word' id='word_1_472' title='bbox 2400 2016 2571 2095; x_wconf 89' lang='lat' dir='ltr'><strong>quia,</strong></span> <span class='ocrx_word' id='word_1_473' title='bbox 2604 2014 2655 2074; x_wconf 89' lang='lat' dir='ltr'><strong>si</strong></span> <span class='ocrx_word' id='word_1_474' title='bbox 2694 2014 2985 2075; x_wconf 85' lang='lat' dir='ltr'><strong>voluntas</strong></span> <span class='ocrx_word' id='word_1_475' title='bbox 3014 2029 3091 2074; x_wconf 84' lang='lat' dir='ltr'><strong>ex</strong></span> <span class='ocrx_word' id='word_1_476' title='bbox 3136 2029 3203 2072; x_wconf 88' lang='lat' dir='ltr'><strong>se</strong></span> <span class='ocrx_word' id='word_1_477' title='bbox 3252 2012 3499 2074; x_wconf 85' lang='lat' dir='ltr'><strong>haberet</strong></span> <span class='ocrx_word' id='word_1_478' title='bbox 3536 2016 3669 2077; x_wconf 80' lang='lat' dir='ltr'><strong>talem</strong></span> 
     </span>
     <span class='ocr_line' id='line_1_70' title="bbox 2182 2104 3670 2178; baseline 0 -9"><span class='ocrx_word' id='word_1_479' title='bbox 2182 2109 2557 2170; x_wconf 85' lang='lat' dir='ltr'><strong>activitatem</strong></span> <span class='ocrx_word' id='word_1_480' title='bbox 2586 2106 2959 2178; x_wconf 83' lang='lat' dir='ltr'><strong>naturalem,</strong></span> <span class='ocrx_word' id='word_1_481' title='bbox 2999 2104 3269 2166; x_wconf 87' lang='lat' dir='ltr'><strong>haberet</strong></span> <span class='ocrx_word' id='word_1_482' title='bbox 3298 2105 3476 2166; x_wconf 87' lang='lat' dir='ltr'><strong>etiam</strong></span> <span class='ocrx_word' id='word_1_483' title='bbox 3504 2124 3670 2170; x_wconf 81' lang='lat' dir='ltr'><strong>conne-</strong></span> 
     </span>
     <span class='ocr_line' id='line_1_71' title="bbox 2180 2197 3673 2279; baseline -0.001 -15"><span class='ocrx_word' id='word_1_484' title='bbox 2180 2203 2428 2264; x_wconf 86' lang='lat' dir='ltr'><strong>xionem</strong></span> <span class='ocrx_word' id='word_1_485' title='bbox 2452 2219 2595 2262; x_wconf 92' lang='lat' dir='ltr'><strong>cum</strong></span> <span class='ocrx_word' id='word_1_486' title='bbox 2622 2200 2839 2262; x_wconf 87' lang='lat' dir='ltr'><strong>ordine</strong></span> <span class='ocrx_word' id='word_1_487' title='bbox 2868 2198 3081 2279; x_wconf 72' lang='lat' dir='ltr'><strong>gratiae</strong></span> <span class='ocrx_word' id='word_1_488' title='bbox 3110 2197 3553 2276; x_wconf 86' lang='lat' dir='ltr'><strong>quodammodo</strong></span> <span class='ocrx_word' id='word_1_489' title='bbox 3576 2221 3673 2262; x_wconf 85' lang='lat' dir='ltr'><strong>con-</strong></span> 
     </span>
     <span class='ocr_line' id='line_1_72' title="bbox 2180 2293 3675 2366; baseline -0.001 -8"><span class='ocrx_word' id='word_1_490' title='bbox 2180 2295 2555 2366; x_wconf 87' lang='lat' dir='ltr'><strong>naturalem,</strong></span> <span class='ocrx_word' id='word_1_491' title='bbox 2584 2294 2683 2355; x_wconf 80' lang='lat' dir='ltr'><strong>vel</strong></span> <span class='ocrx_word' id='word_1_492' title='bbox 2725 2293 2967 2355; x_wconf 89' lang='lat' dir='ltr'><strong>ratione</strong></span> <span class='ocrx_word' id='word_1_493' title='bbox 2997 2309 3127 2353; x_wconf 77' lang='lat' dir='ltr'><strong>suoe</strong></span> <span class='ocrx_word' id='word_1_494' title='bbox 3173 2297 3411 2353; x_wconf 81' lang='lat' dir='ltr'><strong>naturae</strong></span> <span class='ocrx_word' id='word_1_495' title='bbox 3436 2293 3537 2352; x_wconf 90' lang='lat' dir='ltr'><strong>sihi</strong></span> <span class='ocrx_word' id='word_1_496' title='bbox 3558 2294 3675 2356; x_wconf 82' lang='lat' dir='ltr'><strong>debi-</strong></span> 
     </span>
     <span class='ocr_line' id='line_1_73' title="bbox 2177 2383 3766 2468; baseline -0.001 -18"><span class='ocrx_word' id='word_1_497' title='bbox 2177 2395 2334 2462; x_wconf 89' lang='lat' dir='ltr'><strong>tam;</strong></span> <span class='ocrx_word' id='word_1_498' title='bbox 2362 2389 2507 2468; x_wconf 85' lang='lat' dir='ltr'><strong>quia</strong></span> <span class='ocrx_word' id='word_1_499' title='bbox 2530 2386 2733 2448; x_wconf 87' lang='lat' dir='ltr'><strong>omnis</strong></span> <span class='ocrx_word' id='word_1_500' title='bbox 2756 2386 2950 2447; x_wconf 84' lang='lat' dir='ltr'><strong>virtus</strong></span> <span class='ocrx_word' id='word_1_501' title='bbox 2966 2384 3271 2446; x_wconf 86' lang='lat' dir='ltr'><strong>naturalis</strong></span> <span class='ocrx_word' id='word_1_502' title='bbox 3293 2385 3500 2457; x_wconf 77' lang='lat' dir='ltr'><strong>activa,</strong></span> <span class='ocrx_word' id='word_1_503' title='bbox 3516 2389 3675 2448; x_wconf 82' lang='lat' dir='ltr'><strong>etiam·</strong></span> <span class='ocrx_word' id='word_1_504' title='bbox 3764 2383 3766 2390; x_wconf 50' lang='lat'><em>²</em></span> 
     </span>
     <span class='ocr_line' id='line_1_74' title="bbox 2180 2477 3673 2558; baseline -0.001 -16"><span class='ocrx_word' id='word_1_505' title='bbox 2180 2483 2227 2542; x_wconf 88' lang='lat' dir='ltr'><strong>si</strong></span> <span class='ocrx_word' id='word_1_506' title='bbox 2278 2482 2572 2542; x_wconf 86' lang='lat' dir='ltr'><strong>inchoata</strong></span> <span class='ocrx_word' id='word_1_507' title='bbox 2618 2480 2718 2555; x_wconf 88' lang='lat' dir='ltr'><strong>sit,</strong></span> <span class='ocrx_word' id='word_1_508' title='bbox 2776 2479 3047 2558; x_wconf 86' lang='lat' dir='ltr'><strong>postulat</strong></span> <span class='ocrx_word' id='word_1_509' title='bbox 3096 2477 3175 2538; x_wconf 86' lang='lat' dir='ltr'><strong>ab</strong></span> <span class='ocrx_word' id='word_1_510' title='bbox 3226 2483 3475 2538; x_wconf 88' lang='lat' dir='ltr'><strong>auctore</strong></span> <span class='ocrx_word' id='word_1_511' title='bbox 3498 2486 3673 2540; x_wconf 74' lang='lat' dir='ltr'><strong>natmae</strong></span> 
     </span>
     <span class='ocr_line' id='line_1_75' title="bbox 2179 2573 3677 2652; baseline -0.002 -16"><span class='ocrx_word' id='word_1_512' title='bbox 2179 2593 2553 2636; x_wconf 78' lang='lat' dir='ltr'><strong>concursum</strong></span> <span class='ocrx_word' id='word_1_513' title='bbox 2608 2579 2670 2633; x_wconf 87' lang='lat' dir='ltr'><strong>et</strong></span> <span class='ocrx_word' id='word_1_514' title='bbox 2720 2573 3253 2652; x_wconf 88' lang='lat' dir='ltr'><strong>complementum</strong></span> <span class='ocrx_word' id='word_1_515' title='bbox 3320 2574 3677 2651; x_wconf 77' lang='lat' dir='ltr'><strong>proportiona-</strong></span> 
     </span>
     <span class='ocr_line' id='line_1_76' title="bbox 2173 2665 3766 2748; baseline -0.003 -17"><span class='ocrx_word' id='word_1_516' title='bbox 2173 2678 2308 2731; x_wconf 89' lang='lat' dir='ltr'><strong>tum</strong></span> <span class='ocrx_word' id='word_1_517' title='bbox 2352 2675 2417 2731; x_wconf 87' lang='lat' dir='ltr'><strong>ut</strong></span> <span class='ocrx_word' id='word_1_518' title='bbox 2448 2667 2694 2748; x_wconf 87' lang='lat' dir='ltr'><strong>operari</strong></span> <span class='ocrx_word' id='word_1_519' title='bbox 2722 2669 2936 2748; x_wconf 88' lang='lat' dir='ltr'><strong>possit.</strong></span> <span class='ocrx_word' id='word_1_520' title='bbox 2976 2669 3177 2746; x_wconf 85' lang='lat' dir='ltr'><strong>Atque</strong></span> <span class='ocrx_word' id='word_1_521' title='bbox 3232 2667 3318 2727; x_wconf 87' lang='lat' dir='ltr'><strong>ita</strong></span> <span class='ocrx_word' id='word_1_522' title='bbox 3346 2665 3413 2726; x_wconf 82' lang='lat' dir='ltr'><strong>fit</strong></span> <span class='ocrx_word' id='word_1_523' title='bbox 3440 2673 3501 2727; x_wconf 88' lang='lat' dir='ltr'><strong>ut</strong></span> <span class='ocrx_word' id='word_1_524' title='bbox 3532 2669 3675 2744; x_wconf 69' lang='lat' dir='ltr'><strong>gratia</strong></span> <span class='ocrx_word' id='word_1_525' title='bbox 3765 2665 3766 2670; x_wconf 72' lang='grc'>’</span> 
     </span>
     <span class='ocr_line' id='line_1_77' title="bbox 2174 2759 3677 2840; baseline -0.002 -16"><span class='ocrx_word' id='word_1_526' title='bbox 2174 2783 2303 2824; x_wconf 88' lang='lat' dir='ltr'><strong>non</strong></span> <span class='ocrx_word' id='word_1_527' title='bbox 2328 2763 2583 2824; x_wconf 83' lang='lat' dir='ltr'><strong>omnino</strong></span> <span class='ocrx_word' id='word_1_528' title='bbox 2616 2761 2696 2822; x_wconf 89' lang='lat' dir='ltr'><strong>sit</strong></span> <span class='ocrx_word' id='word_1_529' title='bbox 2722 2761 2943 2840; x_wconf 86' lang='lat' dir='ltr'><strong>gratia,</strong></span> <span class='ocrx_word' id='word_1_530' title='bbox 2972 2759 3023 2821; x_wconf 91' lang='lat' dir='ltr'><strong>si</strong></span> <span class='ocrx_word' id='word_1_531' title='bbox 3054 2766 3151 2822; x_wconf 88' lang='lat' dir='ltr'><strong>est</strong></span> <span class='ocrx_word' id='word_1_532' title='bbox 3173 2759 3387 2838; x_wconf 85' lang='lat' dir='ltr'><strong>aliquo</strong></span> <span class='ocrx_word' id='word_1_533' title='bbox 3416 2761 3579 2821; x_wconf 89' lang='lat' dir='ltr'><strong>modo</strong></span> <span class='ocrx_word' id='word_1_534' title='bbox 3606 2763 3677 2821; x_wconf 84' lang='lat' dir='ltr'><strong>de·</strong></span> 
     </span>
     <span class='ocr_line' id='line_1_78' title="bbox 2172 2853 3678 2930; baseline -0.002 -13"><span class='ocrx_word' id='word_1_535' title='bbox 2172 2857 2323 2918; x_wconf 87' lang='lat' dir='ltr'><strong>hita.</strong></span> <span class='ocrx_word' id='word_1_536' title='bbox 2374 2854 2637 2928; x_wconf 87' lang='lat' dir='ltr'><strong>Deinde,</strong></span> <span class='ocrx_word' id='word_1_537' title='bbox 2684 2859 2757 2915; x_wconf 92' lang='lat' dir='ltr'><strong>ut</strong></span> <span class='ocrx_word' id='word_1_538' title='bbox 2786 2855 2940 2914; x_wconf 88' lang='lat' dir='ltr'><strong>alias</strong></span> <span class='ocrx_word' id='word_1_539' title='bbox 2967 2853 3260 2930; x_wconf 39' lang='lat' dir='ltr'><strong>rationes,</strong></span> <span class='ocrx_word' id='word_1_540' title='bbox 3288 2854 3553 2914; x_wconf 85' lang='lat' dir='ltr'><strong>omittam</strong></span> <span class='ocrx_word' id='word_1_541' title='bbox 3588 2855 3678 2930; x_wconf 78' lang='lat' dir='ltr'><strong>(de-</strong></span> 
     </span>
     <span class='ocr_line' id='line_1_79' title="bbox 2176 2946 3679 3028; baseline -0.001 -20"><span class='ocrx_word' id='word_1_542' title='bbox 2176 2949 2403 3028; x_wconf 90' lang='lat' dir='ltr'><strong>quibus</strong></span> <span class='ocrx_word' id='word_1_543' title='bbox 2448 2948 2569 3008; x_wconf 90' lang='lat' dir='ltr'><strong>alio</strong></span> <span class='ocrx_word' id='word_1_544' title='bbox 2600 2946 2738 3008; x_wconf 91' lang='lat' dir='ltr'><strong>loco</strong></span> <span class='ocrx_word' id='word_1_545' title='bbox 2765 2947 2938 3025; x_wconf 86' lang='lat' dir='ltr'><strong>dixi),</strong></span> <span class='ocrx_word' id='word_1_546' title='bbox 2973 2947 3263 3008; x_wconf 77' lang='lat' dir='ltr'><strong>voluntas</strong></span> <span class='ocrx_word' id='word_1_547' title='bbox 3292 2946 3358 3006; x_wconf 88' lang='lat' dir='ltr'><strong>in</strong></span> <span class='ocrx_word' id='word_1_548' title='bbox 3383 2947 3474 3006; x_wconf 88' lang='lat' dir='ltr'><strong>his</strong></span> <span class='ocrx_word' id='word_1_549' title='bbox 3500 2948 3679 3006; x_wconf 80' lang='lat' dir='ltr'><strong>actibus</strong></span> 
     </span>
     <span class='ocr_line' id='line_1_80' title="bbox 2176 3038 3680 3121; baseline -0.003 -19"><span class='ocrx_word' id='word_1_550' title='bbox 2176 3060 2305 3102; x_wconf 89' lang='lat' dir='ltr'><strong>non</strong></span> <span class='ocrx_word' id='word_1_551' title='bbox 2335 3047 2654 3121; x_wconf 86' lang='lat' dir='ltr'><strong>operatur,</strong></span> <span class='ocrx_word' id='word_1_552' title='bbox 2703 3039 2821 3102; x_wconf 88' lang='lat' dir='ltr'><strong>nisi</strong></span> <span class='ocrx_word' id='word_1_553' title='bbox 2852 3045 2921 3100; x_wconf 90' lang='lat' dir='ltr'><strong>ut</strong></span> <span class='ocrx_word' id='word_1_554' title='bbox 2963 3038 3205 3100; x_wconf 75' lang='lat' dir='ltr'><strong>elevata</strong></span> <span class='ocrx_word' id='word_1_555' title='bbox 3254 3039 3337 3099; x_wconf 87' lang='lat' dir='ltr'><strong>ad</strong></span> <span class='ocrx_word' id='word_1_556' title='bbox 3366 3041 3680 3119; x_wconf 82' lang='lat' dir='ltr'><strong>superiorem</strong></span> 
     </span>
     <span class='ocr_line' id='line_1_81' title="bbox 2175 3134 3681 3214; baseline -0.002 -18"><span class='ocrx_word' id='word_1_557' title='bbox 2175 3136 2461 3197; x_wconf 87' lang='lat' dir='ltr'><strong>ordinem</strong></span> <span class='ocrx_word' id='word_1_558' title='bbox 2488 3134 2923 3214; x_wconf 88' lang='lat' dir='ltr'><strong>operationum</strong></span> <span class='ocrx_word' id='word_1_559' title='bbox 2966 3139 3029 3195; x_wconf 89' lang='lat' dir='ltr'><strong>et</strong></span> <span class='ocrx_word' id='word_1_560' title='bbox 3058 3134 3421 3207; x_wconf 86' lang='lat' dir='ltr'><strong>effectuum,</strong></span> <span class='ocrx_word' id='word_1_561' title='bbox 3470 3134 3559 3211; x_wconf 87' lang='lat' dir='ltr'><strong>qui</strong></span> <span class='ocrx_word' id='word_1_562' title='bbox 3584 3135 3681 3193; x_wconf 89' lang='lat' dir='ltr'><strong>nul-</strong></span> 
     </span>
     <span class='ocr_line' id='line_1_82' title="bbox 2173 3226 3679 3305; baseline -0.001 -16"><span class='ocrx_word' id='word_1_563' title='bbox 2173 3229 2235 3289; x_wconf 94' lang='lat' dir='ltr'><strong>lo</strong></span> <span class='ocrx_word' id='word_1_564' title='bbox 2269 3228 2459 3289; x_wconf 88' lang='lat' dir='ltr'><strong>modo</strong></span> <span class='ocrx_word' id='word_1_565' title='bbox 2510 3226 2570 3287; x_wconf 87' lang='lat' dir='ltr'><strong>ei</strong></span> <span class='ocrx_word' id='word_1_566' title='bbox 2599 3226 2911 3288; x_wconf 86' lang='lat' dir='ltr'><strong>debentur</strong></span> <span class='ocrx_word' id='word_1_567' title='bbox 2944 3245 3021 3287; x_wconf 86' lang='lat' dir='ltr'><strong>ex</strong></span> <span class='ocrx_word' id='word_1_568' title='bbox 3066 3233 3297 3287; x_wconf 85' lang='lat' dir='ltr'><strong>natura</strong></span> <span class='ocrx_word' id='word_1_569' title='bbox 3348 3246 3479 3300; x_wconf 87' lang='lat' dir='ltr'><strong>sua,</strong></span> <span class='ocrx_word' id='word_1_570' title='bbox 3526 3245 3679 3305; x_wconf 80' lang='lat' dir='ltr'><strong>neque</strong></span> 
     </span>
     <span class='ocr_line' id='line_1_83' title="bbox 2176 3318 3679 3398; baseline -0.003 -15"><span class='ocrx_word' id='word_1_571' title='bbox 2176 3322 2365 3383; x_wconf 88' lang='lat' dir='ltr'><strong>etiam</strong></span> <span class='ocrx_word' id='word_1_572' title='bbox 2426 3336 2769 3383; x_wconf 87' lang='lat' dir='ltr'><strong>concursus</strong></span> <span class='ocrx_word' id='word_1_573' title='bbox 2829 3318 2912 3379; x_wconf 88' lang='lat' dir='ltr'><strong>ad</strong></span> <span class='ocrx_word' id='word_1_574' title='bbox 2970 3318 3128 3381; x_wconf 88' lang='lat' dir='ltr'><strong>tales</strong></span> <span class='ocrx_word' id='word_1_575' title='bbox 3192 3319 3475 3381; x_wconf 87' lang='lat' dir='ltr'><strong>actiones</strong></span> <span class='ocrx_word' id='word_1_576' title='bbox 3538 3338 3679 3398; x_wconf 78' lang='lat' dir='ltr'><strong>praes-</strong></span> 
     </span>
     <span class='ocr_line' id='line_1_84' title="bbox 2172 3413 3679 3493; baseline -0.004 -16"><span class='ocrx_word' id='word_1_577' title='bbox 2172 3415 2431 3488; x_wconf 86' lang='lat' dir='ltr'><strong>tandas;</strong></span> <span class='ocrx_word' id='word_1_578' title='bbox 2482 3414 2997 3493; x_wconf 89' lang='lat' dir='ltr'><strong>quotiescumque</strong></span> <span class='ocrx_word' id='word_1_579' title='bbox 3038 3418 3254 3473; x_wconf 88' lang='lat' dir='ltr'><strong>autem</strong></span> <span class='ocrx_word' id='word_1_580' title='bbox 3318 3418 3580 3475; x_wconf 84' lang='lat' dir='ltr'><strong>creatura</strong></span> <span class='ocrx_word' id='word_1_581' title='bbox 3620 3413 3679 3471; x_wconf 79' lang='lat' dir='ltr'><strong>sic</strong></span> 
     </span>
     <span class='ocr_line' id='line_1_85' title="bbox 2174 3506 3681 3588; baseline -0.003 -19"><span class='ocrx_word' id='word_1_582' title='bbox 2174 3514 2469 3588; x_wconf 87' lang='lat' dir='ltr'><strong>operatur</strong></span> <span class='ocrx_word' id='word_1_583' title='bbox 2495 3554 2511 3581; x_wconf 92' lang='lat'><strong>,</strong></span> <span class='ocrx_word' id='word_1_584' title='bbox 2577 3506 2705 3587; x_wconf 82' lang='lat' dir='ltr'><strong>agit</strong></span> <span class='ocrx_word' id='word_1_585' title='bbox 2759 3514 2829 3568; x_wconf 88' lang='lat' dir='ltr'><strong>ut</strong></span> <span class='ocrx_word' id='word_1_586' title='bbox 2894 3507 3389 3569; x_wconf 77' lang='lat' dir='ltr'><strong>instrumentum</strong></span> <span class='ocrx_word' id='word_1_587' title='bbox 3454 3506 3553 3567; x_wconf 90' lang='lat' dir='ltr'><strong>Dei</strong></span> <span class='ocrx_word' id='word_1_588' title='bbox 3574 3553 3587 3573; x_wconf 85' lang='grc'>,</span> <span class='ocrx_word' id='word_1_589' title='bbox 3641 3512 3681 3565; x_wconf 83' lang='lat' dir='ltr'><strong>et</strong></span> 
     </span>
     <span class='ocr_line' id='line_1_86' title="bbox 2172 3602 3679 3681; baseline -0.002 -20"><span class='ocrx_word' id='word_1_590' title='bbox 2172 3602 2455 3681; x_wconf 81' lang='lat' dir='ltr'><strong>quamvis</strong></span> <span class='ocrx_word' id='word_1_591' title='bbox 2473 3618 2589 3679; x_wconf 91' lang='lat' dir='ltr'><strong>per</strong></span> <span class='ocrx_word' id='word_1_592' title='bbox 2618 3618 2798 3661; x_wconf 89' lang='lat' dir='ltr'><strong>suam</strong></span> <span class='ocrx_word' id='word_1_593' title='bbox 2828 3602 3147 3661; x_wconf 87' lang='lat' dir='ltr'><strong>entitatem</strong></span> <span class='ocrx_word' id='word_1_594' title='bbox 3170 3604 3343 3679; x_wconf 83' lang='lat' dir='ltr'><strong>agat,</strong></span> <span class='ocrx_word' id='word_1_595' title='bbox 3376 3618 3495 3661; x_wconf 92' lang='lat' dir='ltr'><strong>non</strong></span> <span class='ocrx_word' id='word_1_596' title='bbox 3522 3608 3679 3660; x_wconf 78' lang='lat' dir='ltr'><strong>tamen</strong></span> 
     </span>
     <span class='ocr_line' id='line_1_87' title="bbox 2172 3693 3679 3767; baseline -0.001 -12"><span class='ocrx_word' id='word_1_597' title='bbox 2172 3713 2251 3755; x_wconf 88' lang='lat' dir='ltr'><strong>ex</strong></span> <span class='ocrx_word' id='word_1_598' title='bbox 2276 3694 2335 3755; x_wconf 77' lang='lat' dir='ltr'><strong>vi</strong></span> <span class='ocrx_word' id='word_1_599' title='bbox 2366 3694 2658 3767; x_wconf 85' lang='lat' dir='ltr'><strong>naturali,</strong></span> <span class='ocrx_word' id='word_1_600' title='bbox 2702 3694 2813 3755; x_wconf 85' lang='lat' dir='ltr'><strong>sed</strong></span> <span class='ocrx_word' id='word_1_601' title='bbox 2854 3712 2931 3755; x_wconf 85' lang='lat' dir='ltr'><strong>ex</strong></span> <span class='ocrx_word' id='word_1_602' title='bbox 2958 3693 3387 3766; x_wconf 83' lang='lat' dir='ltr'><strong>obedientiali,</strong></span> <span class='ocrx_word' id='word_1_603' title='bbox 3420 3694 3561 3755; x_wconf 87' lang='lat' dir='ltr'><strong>sicut</strong></span> <span class='ocrx_word' id='word_1_604' title='bbox 3592 3694 3679 3755; x_wconf 81' lang='lat' dir='ltr'><strong>ele-</strong></span> 
     </span>
     <span class='ocr_line' id='line_1_88' title="bbox 2168 3786 3678 3849; baseline -0.003 0"><span class='ocrx_word' id='word_1_605' title='bbox 2168 3794 2351 3849; x_wconf 77' lang='lat' dir='ltr'><strong>vatur</strong></span> <span class='ocrx_word' id='word_1_606' title='bbox 2372 3787 2727 3848; x_wconf 86' lang='lat' dir='ltr'><strong>intellectus</strong></span> <span class='ocrx_word' id='word_1_607' title='bbox 2748 3792 2995 3848; x_wconf 83' lang='lat' dir='ltr'><strong>creatus</strong></span> <span class='ocrx_word' id='word_1_608' title='bbox 3026 3786 3106 3847; x_wconf 88' lang='lat' dir='ltr'><strong>ad</strong></span> <span class='ocrx_word' id='word_1_609' title='bbox 3136 3787 3482 3849; x_wconf 78' lang='lat' dir='ltr'><strong>videndum</strong></span> <span class='ocrx_word' id='word_1_610' title='bbox 3510 3788 3678 3847; x_wconf 86' lang='lat' dir='ltr'><strong>Deum.</strong></span> 
     </span>
    </p>

    <p class='ocr_par' dir='ltr' id='par_1_9' title="bbox 2161 3880 3683 4794">
     <span class='ocr_line' id='line_1_89' title="bbox 2248 3880 3683 3962; baseline 0 -19"><span class='ocrx_word' id='word_1_611' title='bbox 2248 3884 2351 3944; x_wconf 76' lang='lat'><strong>20.</strong></span> <span class='ocrx_word' id='word_1_612' title='bbox 2387 3880 2807 3962; x_wconf 61' lang='lat' dir='ltr'><strong>Respondetm·</strong></span> <span class='ocrx_word' id='word_1_613' title='bbox 2832 3881 2915 3945; x_wconf 80' lang='lat' dir='ltr'><strong>ad</strong></span> <span class='ocrx_word' id='word_1_614' title='bbox 2934 3881 3201 3944; x_wconf 72' lang='lat' dir='ltr'><strong>rationes</strong></span> <span class='ocrx_word' id='word_1_615' title='bbox 3225 3900 3345 3961; x_wconf 81' lang='lat' dir='ltr'><strong>pro</strong></span> <span class='ocrx_word' id='word_1_616' title='bbox 3366 3880 3478 3945; x_wconf 75' lang='lat' dir='ltr'><strong>illa</strong></span> <span class='ocrx_word' id='word_1_617' title='bbox 3501 3887 3683 3944; x_wconf 67' lang='lat' dir='ltr'><strong>senua-</strong></span> 
     </span>
     <span class='ocr_line' id='line_1_90' title="bbox 2166 3973 3683 4054; baseline -0.005 -16"><span class='ocrx_word' id='word_1_618' title='bbox 2166 3975 2258 4039; x_wconf 77' lang='lat' dir='ltr'><strong>tia</strong></span> <span class='ocrx_word' id='word_1_619' title='bbox 2291 3976 2605 4038; x_wconf 65' lang='lat' dir='ltr'><strong>adductas.</strong></span> <span class='ocrx_word' id='word_1_620' title='bbox 2639 4004 2721 4019; x_wconf 92' lang='lat'>—</span> <span class='ocrx_word' id='word_1_621' title='bbox 2746 3975 2965 4054; x_wconf 90' lang='lat' dir='ltr'><strong>Neque</strong></span> <span class='ocrx_word' id='word_1_622' title='bbox 2994 3974 3094 4034; x_wconf 88' lang='lat' dir='ltr'><strong>hic</strong></span> <span class='ocrx_word' id='word_1_623' title='bbox 3120 3973 3355 4035; x_wconf 89' lang='lat' dir='ltr'><strong>modus</strong></span> <span class='ocrx_word' id='word_1_624' title='bbox 3384 3974 3589 4053; x_wconf 83' lang='lat' dir='ltr'><strong>agendi</strong></span> <span class='ocrx_word' id='word_1_625' title='bbox 3612 3992 3683 4032; x_wconf 87' lang='lat' dir='ltr'><strong>re·</strong></span> 
     </span>
     <span class='ocr_line' id='line_1_91' title="bbox 2163 4066 3682 4147; baseline -0.002 -18"><span class='ocrx_word' id='word_1_626' title='bbox 2163 4073 2405 4147; x_wconf 82' lang='lat' dir='ltr'><strong>pugnat</strong></span> <span class='ocrx_word' id='word_1_627' title='bbox 2456 4073 2747 4147; x_wconf 86' lang='lat' dir='ltr'><strong>respectu</strong></span> <span class='ocrx_word' id='word_1_628' title='bbox 2798 4074 2974 4127; x_wconf 86' lang='lat' dir='ltr'><strong>actus</strong></span> <span class='ocrx_word' id='word_1_629' title='bbox 3026 4066 3253 4141; x_wconf 75' lang='lat' dir='ltr'><strong>vitalis,</strong></span> <span class='ocrx_word' id='word_1_630' title='bbox 3328 4068 3473 4147; x_wconf 87' lang='lat' dir='ltr'><strong>quia</strong></span> <span class='ocrx_word' id='word_1_631' title='bbox 3512 4084 3682 4127; x_wconf 82' lang='lat' dir='ltr'><strong>unam-</strong></span> 
     </span>
     <span class='ocr_line' id='line_1_92' title="bbox 2164 4160 3681 4241; baseline -0.004 -20"><span class='ocrx_word' id='word_1_632' title='bbox 2164 4178 2480 4240; x_wconf 87' lang='lat' dir='ltr'><strong>quamque</strong></span> <span class='ocrx_word' id='word_1_633' title='bbox 2510 4160 2873 4221; x_wconf 80' lang='lat' dir='ltr'><strong>facultatem</strong></span> <span class='ocrx_word' id='word_1_634' title='bbox 2899 4161 3066 4221; x_wconf 90' lang='lat' dir='ltr'><strong>Deus</strong></span> <span class='ocrx_word' id='word_1_635' title='bbox 3088 4160 3341 4221; x_wconf 85' lang='lat' dir='ltr'><strong>elevare</strong></span> <span class='ocrx_word' id='word_1_636' title='bbox 3358 4166 3569 4241; x_wconf 86' lang='lat' dir='ltr'><strong>potest,</strong></span> <span class='ocrx_word' id='word_1_637' title='bbox 3588 4178 3681 4218; x_wconf 90' lang='lat' dir='ltr'><strong>mo-</strong></span> 
     </span>
     <span class='ocr_line' id='line_1_93' title="bbox 2162 4251 3681 4333; baseline -0.003 -18"><span class='ocrx_word' id='word_1_638' title='bbox 2162 4254 2244 4315; x_wconf 90' lang='lat' dir='ltr'><strong>do</strong></span> <span class='ocrx_word' id='word_1_639' title='bbox 2284 4254 2371 4314; x_wconf 92' lang='lat' dir='ltr'><strong>illi</strong></span> <span class='ocrx_word' id='word_1_640' title='bbox 2402 4251 2892 4315; x_wconf 88' lang='lat' dir='ltr'><strong>accommodato.</strong></span> <span class='ocrx_word' id='word_1_641' title='bbox 2926 4254 3129 4333; x_wconf 83' lang='lat' dir='ltr'><strong>Atque</strong></span> <span class='ocrx_word' id='word_1_642' title='bbox 3154 4253 3245 4314; x_wconf 86' lang='lat' dir='ltr'><strong>ita</strong></span> <span class='ocrx_word' id='word_1_643' title='bbox 3290 4254 3491 4315; x_wconf 76' lang='lat' dir='ltr'><strong>elevat</strong></span> <span class='ocrx_word' id='word_1_644' title='bbox 3512 4260 3681 4333; x_wconf 89' lang='lat' dir='ltr'><strong>poten·</strong></span> 
     </span>
     <span class='ocr_line' id='line_1_94' title="bbox 2162 4345 3682 4408; baseline -0.003 -1"><span class='ocrx_word' id='word_1_645' title='bbox 2162 4347 2313 4407; x_wconf 88' lang='lat' dir='ltr'><strong>tiam</strong></span> <span class='ocrx_word' id='word_1_646' title='bbox 2340 4346 2593 4407; x_wconf 82' lang='lat' dir='ltr'><strong>vitalem</strong></span> <span class='ocrx_word' id='word_1_647' title='bbox 2622 4346 2703 4406; x_wconf 90' lang='lat' dir='ltr'><strong>ad</strong></span> <span class='ocrx_word' id='word_1_648' title='bbox 2724 4345 3119 4407; x_wconf 86' lang='lat' dir='ltr'><strong>efficiendum</strong></span> <span class='ocrx_word' id='word_1_649' title='bbox 3140 4352 3356 4408; x_wconf 86' lang='lat' dir='ltr'><strong>actum</strong></span> <span class='ocrx_word' id='word_1_650' title='bbox 3376 4346 3489 4407; x_wconf 86' lang='lat' dir='ltr'><strong>sibi</strong></span> <span class='ocrx_word' id='word_1_651' title='bbox 3512 4345 3682 4406; x_wconf 86' lang='lat' dir='ltr'><strong>imma-</strong></span> 
     </span>
     <span class='ocr_line' id='line_1_95' title="bbox 2164 4441 3681 4521; baseline -0.002 -20"><span class='ocrx_word' id='word_1_652' title='bbox 2164 4447 2443 4515; x_wconf 84' lang='lat' dir='ltr'><strong>nentem,</strong></span> <span class='ocrx_word' id='word_1_653' title='bbox 2476 4446 2539 4501; x_wconf 90' lang='lat' dir='ltr'><strong>et</strong></span> <span class='ocrx_word' id='word_1_654' title='bbox 2583 4444 2887 4519; x_wconf 86' lang='lat' dir='ltr'><strong>tanquam</strong></span> <span class='ocrx_word' id='word_1_655' title='bbox 2916 4441 3293 4521; x_wconf 87' lang='lat' dir='ltr'><strong>principium</strong></span> <span class='ocrx_word' id='word_1_656' title='bbox 3330 4441 3681 4503; x_wconf 86' lang='lat' dir='ltr'><strong>intrinsecum</strong></span> 
     </span>
     <span class='ocr_line' id='line_1_96' title="bbox 2164 4532 3679 4614; baseline 0 -19"><span class='ocrx_word' id='word_1_657' title='bbox 2164 4534 2323 4614; x_wconf 79' lang='lat' dir='ltr'><strong>ejuS,</strong></span> <span class='ocrx_word' id='word_1_658' title='bbox 2349 4534 2514 4614; x_wconf 90' lang='lat' dir='ltr'><strong>quod</strong></span> <span class='ocrx_word' id='word_1_659' title='bbox 2540 4534 2690 4595; x_wconf 87' lang='lat' dir='ltr'><strong>satis</strong></span> <span class='ocrx_word' id='word_1_660' title='bbox 2718 4540 2811 4596; x_wconf 86' lang='lat' dir='ltr'><strong>est</strong></span> <span class='ocrx_word' id='word_1_661' title='bbox 2838 4533 2921 4595; x_wconf 87' lang='lat' dir='ltr'><strong>ad</strong></span> <span class='ocrx_word' id='word_1_662' title='bbox 2948 4534 3255 4595; x_wconf 86' lang='lat' dir='ltr'><strong>rationem</strong></span> <span class='ocrx_word' id='word_1_663' title='bbox 3289 4540 3465 4595; x_wconf 84' lang='lat' dir='ltr'><strong>actus</strong></span> <span class='ocrx_word' id='word_1_664' title='bbox 3486 4532 3679 4595; x_wconf 67' lang='lat' dir='ltr'><strong>vitalis·</strong></span> 
     </span>
     <span class='ocr_line' id='line_1_97' title="bbox 2162 4626 3681 4707; baseline -0.004 -18"><span class='ocrx_word' id='word_1_665' title='bbox 2162 4628 2290 4689; x_wconf 86' lang='lat' dir='ltr'><strong>sive</strong></span> <span class='ocrx_word' id='word_1_666' title='bbox 2332 4626 2472 4689; x_wconf 88' lang='lat' dir='ltr'><strong>talis</strong></span> <span class='ocrx_word' id='word_1_667' title='bbox 2520 4630 2797 4707; x_wconf 86' lang='lat' dir='ltr'><strong>potentia</strong></span> <span class='ocrx_word' id='word_1_668' title='bbox 2826 4628 3047 4689; x_wconf 87' lang='lat' dir='ltr'><strong>influat</strong></span> <span class='ocrx_word' id='word_1_669' title='bbox 3073 4646 3150 4688; x_wconf 87' lang='lat' dir='ltr'><strong>ex</strong></span> <span class='ocrx_word' id='word_1_670' title='bbox 3178 4627 3451 4689; x_wconf 86' lang='lat' dir='ltr'><strong>naturali</strong></span> <span class='ocrx_word' id='word_1_671' title='bbox 3482 4627 3555 4699; x_wconf 78' lang='lat' dir='ltr'><strong>vi,</strong></span> <span class='ocrx_word' id='word_1_672' title='bbox 3584 4626 3681 4685; x_wconf 77' lang='lat' dir='ltr'><strong>sive</strong></span> 
     </span>
     <span class='ocr_line' id='line_1_98' title="bbox 2161 4720 3421 4794; baseline -0.001 -12"><span class='ocrx_word' id='word_1_673' title='bbox 2161 4739 2237 4782; x_wconf 84' lang='lat' dir='ltr'><strong>ex</strong></span> <span class='ocrx_word' id='word_1_674' title='bbox 2264 4720 2685 4794; x_wconf 88' lang='lat' dir='ltr'><strong>obedientiali,</strong></span> <span class='ocrx_word' id='word_1_675' title='bbox 2730 4727 2793 4782; x_wconf 87' lang='lat' dir='ltr'><strong>et</strong></span> <span class='ocrx_word' id='word_1_676' title='bbox 2820 4727 2889 4783; x_wconf 92' lang='lat' dir='ltr'><strong>ut</strong></span> <span class='ocrx_word' id='word_1_677' title='bbox 2914 4721 3421 4783; x_wconf 86' lang='lat' dir='ltr'><strong>instrumentum.</strong></span> 
     </span>
    </p>

    <p class='ocr_par' dir='ltr' id='par_1_10' title="bbox 2160 4810 3679 4980">
     <span class='ocr_line' id='line_1_99' title="bbox 2240 4810 3679 4893; baseline -0.005 -18"><span class='ocrx_word' id='word_1_678' title='bbox 2240 4817 2339 4875; x_wconf 74' lang='lat'><strong>21.</strong></span> <span class='ocrx_word' id='word_1_679' title='bbox 2388 4816 2588 4893; x_wconf 85' lang='lat' dir='ltr'><strong>Atque</strong></span> <span class='ocrx_word' id='word_1_680' title='bbox 2640 4815 2868 4877; x_wconf 87' lang='lat' dir='ltr'><strong>eadem</strong></span> <span class='ocrx_word' id='word_1_681' title='bbox 2910 4816 3153 4877; x_wconf 87' lang='lat' dir='ltr'><strong>ratione</strong></span> <span class='ocrx_word' id='word_1_682' title='bbox 3200 4834 3331 4875; x_wconf 90' lang='lat' dir='ltr'><strong>non</strong></span> <span class='ocrx_word' id='word_1_683' title='bbox 3378 4814 3567 4875; x_wconf 85' lang='lat' dir='ltr'><strong>obstat</strong></span> <span class='ocrx_word' id='word_1_684' title='bbox 3604 4810 3679 4869; x_wconf 85' lang='lat' dir='ltr'><strong>hic.</strong></span> 
     </span>
     <span class='ocr_line' id='line_1_100' title="bbox 2160 4906 3677 4980; baseline -0.004 -12"><span class='ocrx_word' id='word_1_685' title='bbox 2160 4908 2381 4969; x_wconf 89' lang='lat' dir='ltr'><strong>modus</strong></span> <span class='ocrx_word' id='word_1_686' title='bbox 2409 4907 2755 4969; x_wconf 84' lang='lat' dir='ltr'><strong>effectionis</strong></span> <span class='ocrx_word' id='word_1_687' title='bbox 2778 4908 2941 4970; x_wconf 83' lang='lat' dir='ltr'><strong>actui</strong></span> <span class='ocrx_word' id='word_1_688' title='bbox 2968 4908 3197 4980; x_wconf 63' lang='lat' dir='ltr'><strong>liberm</strong></span> <span class='ocrx_word' id='word_1_689' title='bbox 3230 4926 3381 4967; x_wconf 88' lang='lat' dir='ltr'><strong>nam</strong></span> <span class='ocrx_word' id='word_1_690' title='bbox 3408 4906 3483 4967; x_wconf 88' lang='lat' dir='ltr'><strong>ad</strong></span> <span class='ocrx_word' id='word_1_691' title='bbox 3514 4912 3677 4965; x_wconf 82' lang='lat' dir='ltr'><strong>actum</strong></span> 
     </span>
    </p>
   </div>
   <div class='ocr_carea' id='block_1_7' title="bbox 505 4995 3681 5547">
    <p class='ocr_par' dir='ltr' id='par_1_11' title="bbox 505 4995 3681 5547">
     <span class='ocr_line' id='line_1_101' title="bbox 508 4995 3678 5063; baseline -0.003 0"><span class='ocrx_word' id='word_1_692' title='bbox 508 5002 630 5063; x_wconf 91' lang='lat' dir='ltr'><strong>hoc</strong></span> <span class='ocrx_word' id='word_1_693' title='bbox 672 4998 819 5061; x_wconf 88' lang='lat' dir='ltr'><strong>satis</strong></span> <span class='ocrx_word' id='word_1_694' title='bbox 863 5002 958 5059; x_wconf 86' lang='lat' dir='ltr'><strong>est</strong></span> <span class='ocrx_word' id='word_1_695' title='bbox 992 4996 1072 5057; x_wconf 89' lang='lat' dir='ltr'><strong>ad</strong></span> <span class='ocrx_word' id='word_1_696' title='bbox 1125 4996 1382 5057; x_wconf 91' lang='lat' dir='ltr'><strong>omnino</strong></span> <span class='ocrx_word' id='word_1_697' title='bbox 1427 4995 1750 5058; x_wconf 84' lang='lat' dir='ltr'><strong>vitandum</strong></span> <span class='ocrx_word' id='word_1_698' title='bbox 1795 5016 2072 5060; x_wconf 89' lang='lat' dir='ltr'><strong>errorem</strong></span> <span class='ocrx_word' id='word_1_699' title='bbox 2154 5000 2422 5061; x_wconf 89' lang='lat' dir='ltr'><strong>liberum</strong></span> <span class='ocrx_word' id='word_1_700' title='bbox 2442 5000 2570 5062; x_wconf 90' lang='lat' dir='ltr'><strong>duo</strong></span> <span class='ocrx_word' id='word_1_701' title='bbox 2593 5004 2835 5063; x_wconf 90' lang='lat' dir='ltr'><strong>tantum</strong></span> <span class='ocrx_word' id='word_1_702' title='bbox 2862 5002 3217 5063; x_wconf 84' lang='lat' dir='ltr'><strong>necessaria</strong></span> <span class='ocrx_word' id='word_1_703' title='bbox 3246 5004 3415 5061; x_wconf 87' lang='lat' dir='ltr'><strong>sunt.</strong></span> <span class='ocrx_word' id='word_1_704' title='bbox 3451 4998 3678 5060; x_wconf 84' lang='lat' dir='ltr'><strong>Primum</strong></span> 
     </span>
     <span class='ocr_line' id='line_1_102' title="bbox 512 5087 3680 5175; baseline -0.003 -19"><span class='ocrx_word' id='word_1_705' title='bbox 512 5092 746 5173; x_wconf 86' lang='lat' dir='ltr'><strong>Pelagii</strong></span> <span class='ocrx_word' id='word_1_706' title='bbox 778 5138 794 5167; x_wconf 92' lang='lat'><strong>,</strong></span> <span class='ocrx_word' id='word_1_707' title='bbox 845 5096 917 5151; x_wconf 91' lang='lat' dir='ltr'><strong>ut</strong></span> <span class='ocrx_word' id='word_1_708' title='bbox 957 5106 1160 5169; x_wconf 86' lang='lat' dir='ltr'><strong>nuper</strong></span> <span class='ocrx_word' id='word_1_709' title='bbox 1197 5087 1484 5150; x_wconf 82' lang='lat' dir='ltr'><strong>diximus.</strong></span> <span class='ocrx_word' id='word_1_710' title='bbox 1537 5090 1670 5151; x_wconf 89' lang='lat' dir='ltr'><strong>Imo</strong></span> <span class='ocrx_word' id='word_1_711' title='bbox 1717 5092 2073 5153; x_wconf 84' lang='lat' dir='ltr'><strong>existimant</strong></span> <span class='ocrx_word' id='word_1_712' title='bbox 2154 5100 2247 5155; x_wconf 88' lang='lat' dir='ltr'><strong>est</strong></span> <span class='ocrx_word' id='word_1_713' title='bbox 2272 5100 2551 5174; x_wconf 84' lang='lat' dir='ltr'><strong>potestas</strong></span> <span class='ocrx_word' id='word_1_714' title='bbox 2578 5096 2912 5157; x_wconf 87' lang='lat' dir='ltr'><strong>intrinseca</strong></span> <span class='ocrx_word' id='word_1_715' title='bbox 2940 5095 3202 5175; x_wconf 79' lang='lat' dir='ltr'><strong>agendi3</strong></span> <span class='ocrx_word' id='word_1_716' title='bbox 3250 5093 3583 5155; x_wconf 87' lang='lat' dir='ltr'><strong>secundum</strong></span> <span class='ocrx_word' id='word_1_717' title='bbox 3610 5092 3680 5149; x_wconf 80' lang='lat' dir='ltr'><strong>cst</strong></span> 
     </span>
     <span class='ocr_line' id='line_1_103' title="bbox 507 5180 3681 5269; baseline -0.003 -20"><span class='ocrx_word' id='word_1_718' title='bbox 507 5188 629 5249; x_wconf 91' lang='lat' dir='ltr'><strong>hoc</strong></span> <span class='ocrx_word' id='word_1_719' title='bbox 665 5187 872 5265; x_wconf 89' lang='lat' dir='ltr'><strong>ipsum</strong></span> <span class='ocrx_word' id='word_1_720' title='bbox 906 5200 1044 5244; x_wconf 89' lang='lat' dir='ltr'><strong>esse</strong></span> <span class='ocrx_word' id='word_1_721' title='bbox 1075 5180 1244 5261; x_wconf 84' lang='lat' dir='ltr'><strong>quod</strong></span> <span class='ocrx_word' id='word_1_722' title='bbox 1275 5183 1658 5259; x_wconf 81' lang='lat' dir='ltr'><strong>Augustinus</strong></span> <span class='ocrx_word' id='word_1_723' title='bbox 1691 5182 1843 5244; x_wconf 83' lang='lat' dir='ltr'><strong>dixit</strong></span> <span class='ocrx_word' id='word_1_724' title='bbox 1870 5185 1933 5245; x_wconf 87' lang='lat' dir='ltr'><strong>in</strong></span> <span class='ocrx_word' id='word_1_725' title='bbox 1968 5185 2067 5245; x_wconf 87' lang='lat' dir='ltr'><strong>illa</strong></span> <span class='ocrx_word' id='word_1_726' title='bbox 2153 5194 2430 5269; x_wconf 88' lang='lat' dir='ltr'><strong>potestas</strong></span> <span class='ocrx_word' id='word_1_727' title='bbox 2475 5207 2603 5249; x_wconf 91' lang='lat' dir='ltr'><strong>non</strong></span> <span class='ocrx_word' id='word_1_728' title='bbox 2646 5190 2911 5268; x_wconf 83' lang='lat' dir='ltr'><strong>agendi;</strong></span> <span class='ocrx_word' id='word_1_729' title='bbox 2943 5190 3061 5251; x_wconf 87' lang='lat' dir='ltr'><strong>hoc</strong></span> <span class='ocrx_word' id='word_1_730' title='bbox 3098 5188 3411 5269; x_wconf 87' lang='lat' dir='ltr'><strong>posterius</strong></span> <span class='ocrx_word' id='word_1_731' title='bbox 3436 5183 3681 5248; x_wconf 71' lang='lat' dir='ltr'><strong>convenit</strong></span> 
     </span>
     <span class='ocr_line' id='line_1_104' title="bbox 505 5274 3675 5362; baseline -0.003 -19"><span class='ocrx_word' id='word_1_732' title='bbox 505 5282 760 5361; x_wconf 81' lang='lat' dir='ltr'><strong>vulgata</strong></span> <span class='ocrx_word' id='word_1_733' title='bbox 791 5278 1094 5341; x_wconf 86' lang='lat' dir='ltr'><strong>sententia</strong></span> <span class='ocrx_word' id='word_1_734' title='bbox 1118 5322 1135 5350; x_wconf 94' lang='lat'>‚</span> <span class='ocrx_word' id='word_1_735' title='bbox 1174 5275 1252 5337; x_wconf 89' lang='lat' dir='ltr'><strong>de</strong></span> <span class='ocrx_word' id='word_1_736' title='bbox 1286 5274 1482 5337; x_wconf 83' lang='lat' dir='ltr'><strong>Praed.</strong></span> <span class='ocrx_word' id='word_1_737' title='bbox 1517 5276 1724 5338; x_wconf 86' lang='lat' dir='ltr'><strong>Sanct.</strong></span> <span class='ocrx_word' id='word_1_738' title='bbox 1746 5323 1762 5350; x_wconf 93' lang='lat'><strong>,</strong></span> <span class='ocrx_word' id='word_1_739' title='bbox 1804 5297 1939 5358; x_wconf 88' lang='lat' dir='ltr'><strong>cap.</strong></span> <span class='ocrx_word' id='word_1_740' title='bbox 1978 5282 2015 5342; x_wconf 80' lang='lat'>5</span> <span class='ocrx_word' id='word_1_741' title='bbox 2051 5300 2065 5341; x_wconf 90' lang='lat'>:</span> <span class='ocrx_word' id='word_1_742' title='bbox 2150 5282 2451 5344; x_wconf 81' lang='lat' dir='ltr'><strong>voluntati</strong></span> <span class='ocrx_word' id='word_1_743' title='bbox 2494 5300 2571 5343; x_wconf 81' lang='lat' dir='ltr'><strong>ex</strong></span> <span class='ocrx_word' id='word_1_744' title='bbox 2600 5300 2689 5355; x_wconf 89' lang='lat' dir='ltr'><strong>se,</strong></span> <span class='ocrx_word' id='word_1_745' title='bbox 2724 5284 2913 5343; x_wconf 89' lang='lat' dir='ltr'><strong>etiam</strong></span> <span class='ocrx_word' id='word_1_746' title='bbox 2952 5286 3241 5362; x_wconf 87' lang='lat' dir='ltr'><strong>respectu</strong></span> <span class='ocrx_word' id='word_1_747' title='bbox 3276 5285 3675 5360; x_wconf 76' lang='lat' dir='ltr'><strong>supernatura·</strong></span> 
     </span>
     <span class='ocr_line' id='line_1_105' title="bbox 506 5370 3681 5456; baseline -0.003 -19"><span class='ocrx_word' id='word_1_748' title='bbox 506 5374 697 5439; x_wconf 73' lang='lat' dir='ltr'><strong>Posse</strong></span> <span class='ocrx_word' id='word_1_749' title='bbox 726 5372 936 5436; x_wconf 67' lang='lat' dir='ltr'><strong>nabere</strong></span> <span class='ocrx_word' id='word_1_750' title='bbox 963 5370 1164 5451; x_wconf 78' lang='lat' dir='ltr'><strong>fidem,</strong></span> <span class='ocrx_word' id='word_1_751' title='bbox 1204 5374 1444 5432; x_wconf 72' lang='lat' dir='ltr'><strong>naturoe</strong></span> <span class='ocrx_word' id='word_1_752' title='bbox 1469 5374 1558 5431; x_wconf 73' lang='lat' dir='ltr'><strong>eet</strong></span> <span class='ocrx_word' id='word_1_753' title='bbox 1585 5370 1933 5445; x_wconf 71' lang='lat' dir='ltr'><strong>hominnm,·</strong></span> <span class='ocrx_word' id='word_1_754' title='bbox 1964 5374 2074 5437; x_wconf 74' lang='lat' dir='ltr'><strong>Ita-</strong></span> <span class='ocrx_word' id='word_1_755' title='bbox 2149 5374 2305 5435; x_wconf 90' lang='lat' dir='ltr'><strong>lium</strong></span> <span class='ocrx_word' id='word_1_756' title='bbox 2336 5382 2625 5449; x_wconf 85' lang='lat' dir='ltr'><strong>actuum;</strong></span> <span class='ocrx_word' id='word_1_757' title='bbox 2657 5379 2721 5437; x_wconf 87' lang='lat' dir='ltr'><strong>et</strong></span> <span class='ocrx_word' id='word_1_758' title='bbox 2748 5374 2957 5456; x_wconf 89' lang='lat' dir='ltr'><strong>quoad</strong></span> <span class='ocrx_word' id='word_1_759' title='bbox 2984 5375 3147 5437; x_wconf 87' lang='lat' dir='ltr'><strong>hanc</strong></span> <span class='ocrx_word' id='word_1_760' title='bbox 3178 5380 3421 5455; x_wconf 86' lang='lat' dir='ltr'><strong>partem</strong></span> <span class='ocrx_word' id='word_1_761' title='bbox 3448 5373 3559 5433; x_wconf 82' lang='lat' dir='ltr'><strong>dici</strong></span> <span class='ocrx_word' id='word_1_762' title='bbox 3592 5388 3681 5449; x_wconf 75' lang='grc' dir='ltr'><strong>ρο·</strong></span> 
     </span>
     <span class='ocr_line' id='line_1_106' title="bbox 507 5460 3679 5547; baseline -0.003 -17"><span class='ocrx_word' id='word_1_763' title='bbox 507 5468 636 5530; x_wconf 79' lang='lat' dir='ltr'><strong>bere</strong></span> <span class='ocrx_word' id='word_1_764' title='bbox 678 5470 914 5541; x_wconf 78' lang='lat' dir='ltr'><strong>autem,</strong></span> <span class='ocrx_word' id='word_1_765' title='bbox 957 5460 1176 5547; x_wconf 64' lang='lat' dir='ltr'><strong>qratia</strong></span> <span class='ocrx_word' id='word_1_766' title='bbox 1217 5466 1306 5524; x_wconf 74' lang='lat' dir='ltr'><strong>est</strong></span> <span class='ocrx_word' id='word_1_767' title='bbox 1337 5462 1631 5544; x_wconf 75' lang='lat' dir='ltr'><strong>fidelium.</strong></span> <span class='ocrx_word' id='word_1_768' title='bbox 1689 5467 1890 5545; x_wconf 86' lang='lat' dir='ltr'><strong>Atque</strong></span> <span class='ocrx_word' id='word_1_769' title='bbox 1936 5468 2071 5529; x_wconf 83' lang='lat' dir='ltr'><strong>hoec</strong></span> <span class='ocrx_word' id='word_1_770' title='bbox 2150 5473 2273 5529; x_wconf 85' lang='lat' dir='ltr'><strong>test</strong></span> <span class='ocrx_word' id='word_1_771' title='bbox 2314 5469 2569 5530; x_wconf 86' lang='lat' dir='ltr'><strong>libertas</strong></span> <span class='ocrx_word' id='word_1_772' title='bbox 2614 5482 2793 5531; x_wconf 83' lang='lat' dir='ltr'><strong>actus</strong></span> <span class='ocrx_word' id='word_1_773' title='bbox 2838 5487 2975 5530; x_wconf 86' lang='lat' dir='ltr'><strong>esse</strong></span> <span class='ocrx_word' id='word_1_774' title='bbox 3031 5469 3113 5529; x_wconf 84' lang='lat' dir='ltr'><strong>ab</strong></span> <span class='ocrx_word' id='word_1_775' title='bbox 3162 5469 3287 5541; x_wconf 87' lang='lat' dir='ltr'><strong>illa,</strong></span> <span class='ocrx_word' id='word_1_776' title='bbox 3328 5474 3400 5527; x_wconf 90' lang='lat' dir='ltr'><strong>ut</strong></span> <span class='ocrx_word' id='word_1_777' title='bbox 3448 5488 3480 5527; x_wconf 88' lang='lat' dir='ltr'><strong>a</strong></span> <span class='ocrx_word' id='word_1_778' title='bbox 3524 5480 3679 5525; x_wconf 86' lang='lat' dir='ltr'><strong>causa</strong></span> 
     </span>
    </p>
   </div>
   <div class='ocr_carea' id='block_1_8' title="bbox 3763 1719 3769 2776">
    <p class='ocr_par' dir='ltr' id='par_1_12' title="bbox 3763 1719 3769 2776">
     <span class='ocr_line' id='line_1_107' title="bbox 3763 1719 3769 2776; baseline 0 0"><span class='ocrx_word' id='word_1_779' title='bbox 3763 1719 3769 2776; x_wconf 95' lang='lat' dir='ltr'><strong> </strong></span> 
     </span>
    </p>
   </div>
   <div class='ocr_carea' id='block_1_9' title="bbox 3760 4262 3771 6149">
    <p class='ocr_par' dir='ltr' id='par_1_13' title="bbox 3760 4262 3771 6149">
     <span class='ocr_line' id='line_1_108' title="bbox 3760 4262 3771 6149; baseline 0 0"><span class='ocrx_word' id='word_1_780' title='bbox 3760 4262 3771 6149; x_wconf 95' lang='lat' dir='ltr'><strong> </strong></span> 
     </span>
    </p>
   </div>
  </div>
 </body>
</html>
