3850 6225
566 411 735 464 sEcT.
772 411 833 462 11.
869 410 1050 463 Smin
1082 411 1147 464 m
1182 410 1301 463 DEO
1334 411 1601 462 PROPRIA
1634 409 1713 460 ET
1748 407 2054 460 mamus
2083 407 2310 458 JUsTrr.
2347 403 2814 456 COMMUTATWA.

78 533 225 576 rum
248 519 310 575 et
332 512 653 592 proprium
670 513 775 592 jus
793 512 1045 591 justitiae
1068 513 1235 574 inter
1254 531 1361 574 eas
1382 513 1645 573 interve-

76 609 255 680 niat3
302 607 470 686 quod
523 607 711 667 variis
760 606 1063 685 exemplis
1116 612 1179 667 et
1224 606 1389 667 inter
1438 606 1643 666 varias

77 719 389 781 personas
438 701 589 761 satis
652 699 1041 761 declaratum
1092 702 1207 761 est.
1262 699 1439 760 Ratio
1492 715 1641 759 vero

80 813 117 854 a
144 793 342 873 priori
382 811 521 854 esse
556 793 827 869 videtur,
858 793 1001 872 quia
1026 792 1265 872 justitia
1295 799 1645 852 commuta·

82 889 207 948 tiva
230 886 491 947 inclinat
512 886 895 948 voluntatem
932 886 1017 946 ad
1050 884 1443 946 reddendum
1472 885 1651 944 alteri

77 979 259 1058 quod
298 986 395 1040 est
430 980 639 1058 aliquo
678 979 865 1040 modo
896 997 1080 1040 suum
1108 978 1351 1040 ratione
1390 977 1649 1038 dominii

80 1079 193 1134 aut
222 1072 653 1148 aequivalentis
673 1072 871 1150 juris3
904 1075 968 1132 et
1000 1071 1141 1133 ideo
1171 1071 1433 1132 includit
1458 1072 1649 1132 etiam

80 1167 525 1228 necessitatem
556 1167 921 1245 quamdam,
950 1184 1143 1245 quam
1176 1165 1425 1226 nomine
1456 1164 1650 1226 debiti

82 1261 533 1340 significamus.
569 1262 717 1321 Haec
742 1267 954 1322 autem
980 1259 1345 1332 necessitati,
1388 1259 1441 1318 si
1466 1259 1547 1320 sit
1566 1258 1649 1319 ad

82 1355 325 1434 aliquid
352 1356 629 1416 dandum
656 1356 859 1428 alteri,
894 1373 1155 1416 necesse
1192 1361 1287 1416 est
1314 1359 1385 1414 ut
1414 1354 1651 1415 oriatur

83 1457 195 1511 aut
226 1469 305 1510 ex
330 1448 559 1529 injuria
585 1451 685 1513 vel
712 1449 967 1510 loesione
998 1449 1179 1512 alteri
1204 1450 1391 1522 facta,
1432 1455 1544 1510 aut
1573 1465 1649 1509 ex

81 1543 299 1622 aliquo
330 1550 649 1605 contractu
688 1550 797 1605 aut
834 1544 1016 1623 quasi
1042 1548 1365 1604 contractu
1396 1561 1540 1604 cum
1572 1561 1647 1604 eo

84 1639 241 1698 inito
265 1656 281 1710 ;
318 1655 461 1698 nam
494 1637 547 1698 si
578 1642 916 1716 utrumque
938 1637 1165 1698 borum
1188 1636 1371 1708 desit,
1400 1655 1527 1698 non
1554 1639 1650 1697 est

82 1731 257 1792 unde
282 1733 479 1810 possit
500 1732 645 1792 oriri
671 1732 811 1793 talis
833 1732 1177 1792 necessitas
1193 1779 1208 1802 ‚
1256 1731 1369 1792 sed
1394 1731 1511 1791 erit
1534 1749 1647 1790 vo-

82 1824 361 1884 luntaria
390 1831 453 1886 et
476 1825 753 1886 liberalis
784 1825 1062 1886 donatio.
1101 1825 1214 1884 Vel
1250 1825 1429 1884 aliter
1455 1824 1542 1899 (et
1578 1824 1645 1883 in

82 1917 251 1978 idem
282 1917 417 1978 fere
439 1919 644 1996 redit),
686 1918 831 1997 quia
855 1919 963 1997 qui
998 1917 1281 1978 retribuit
1306 1916 1541 1996 aliquid
1570 1933 1645 1976 ex

82 2013 203 2074 hac
224 2013 500 2092 justitia,
548 2031 673 2074 non
704 2013 999 2092 supponit
1017 2013 1123 2091 jus
1157 2012 1409 2074 alterius
1437 2012 1649 2090 exple-

82 2113 215 2168 tum
266 2108 361 2184 <ut
392 2107 475 2168 ita
508 2107 776 2184 dicam];
820 2125 970 2168 nam
1011 2108 1061 2166 si
1106 2107 1189 2168 ita
1233 2125 1301 2168 se
1346 2106 1641 2177 haberet,

84 2201 237 2261 nihil
288 2201 457 2261 aliud
502 2202 845 2281 postularet
888 2201 1129 2260 ratione
1170 2200 1311 2260 talis
1344 2200 1542 2278 juris;
1586 2201 1647 2259 et

81 2295 226 2356 ideo
260 2297 451 2355 etiam
478 2295 595 2357 dici
625 2296 805 2367 solet,
838 2293 1008 2373 quod
1034 2295 1163 2354 haec
1180 2294 1419 2372 justitia
1448 2290 1648 2352 tendit

84 2390 161 2448 ad
202 2388 559 2448 faciendam
596 2389 1015 2468 aequalitatem
1060 2387 1147 2447 rei
1203 2386 1283 2446 ad
1328 2403 1485 2456 rem,
1534 2401 1648 2445 seu

84 2483 163 2542 ad
196 2481 525 2564 proprium
560 2484 665 2561 jus
708 2481 879 2561 quod
921 2481 1079 2541 alter
1116 2481 1305 2540 habet
1332 2478 1648 2540 adotalem

84 2595 245 2637 rem.
292 2577 481 2637 Actus
508 2593 659 2654 ergo
687 2575 967 2637 debitum
1008 2575 1195 2652 hujus
1216 2573 1469 2652 justitiae
1506 2589 1649 2648 sup·

84 2669 263 2748 ponit
286 2668 791 2747 inaequalitatem‚
812 2668 914 2728 vel
932 2667 1186 2738 factam,
1215 2665 1312 2726 vel
1334 2683 1457 2724 non
1484 2664 1651 2725 abla-

83 2767 213 2822 tam
244 2761 327 2820 ab
356 2779 455 2824 e0.
508 2761 614 2840 qui
656 2779 733 2822 ex
763 2761 823 2820 vi
855 2761 1017 2838 juris
1046 2759 1302 2820 alterius
1344 2757 1655 2836 obligatur

87 2854 165 2913 ad
192 2854 615 2932 aequalitatem
639 2853 1137 2915 constituendam
1160 2871 1175 2923 ;
1206 2850 1317 2912 sed
1344 2852 1481 2910 haec
1502 2849 1655 2910 obli·

88 2948 257 3026 gatio
286 2947 703 3008 constituendi
739 2948 905 3007 hanc
934 2945 1357 3024 aequalitatem
1382 2960 1510 3004 non
1542 2959 1655 3021 po-

86 3045 206 3100 test
236 3040 385 3100 oriri
410 3041 529 3100 nisi
572 3057 649 3100 ex
674 3041 918 3101 actione
950 3037 1367 3100 involuntaria
1396 3043 1459 3102 et
1494 3036 1654 3115 inju-

90 3139 257 3197 riosa
276 3135 477 3207 alteri,
518 3135 618 3195 vel
650 3154 727 3196 ex
753 3134 1103 3195 voluntario
1134 3139 1341 3211 pacto,
1385 3131 1653 3209 ideoque

90 3248 340 3307 semper
358 3228 631 3290 officium
656 3228 843 3309 hujus
862 3228 1113 3307 justitias
1135 3227 1361 3287 dicitur
1378 3244 1517 3286 esse
1544 3242 1655 3303 per

86 3323 343 3383 modum
382 3322 708 3402 cujusdam
750 3320 1293 3391 com'mutationis;
1336 3319 1425 3379 sic
1466 3319 1657 3397 igitur

89 3417 243 3475 satis
266 3422 507 3476 constat
530 3414 848 3492 quomodo
878 3420 940 3475 et
968 3432 1093 3492 qua
1122 3412 1363 3473 ratione
1394 3411 1658 3471 materia

86 3508 277 3586 hujus
328 3507 581 3586 justitiae
643 3507 722 3568 sit
776 3506 1181 3568 commutatio
1242 3504 1451 3584 aliqua
1511 3522 1657 3565 cum

89 3601 443 3679 aequalitate
476 3600 602 3660 dati
632 3606 695 3661 et
718 3600 978 3679 accepti.

166 3696 273 3756 ΞΟ.
316 3693 881 3758 Solatia—Solum
906 3693 1086 3755 video
1113 3695 1214 3756 hic
1236 3692 1418 3772 objici
1445 3708 1652 3771 posse,

92 3790 282 3850 etiam
311 3788 375 3847 in
395 3787 636 3867 justitia
660 3786 939 3848 humana
968 3787 1251 3849 debitum
1278 3785 1453 3849 illud,
1488 3784 1655 3862 quod

91 3900 164 3943 ex
224 3880 633 3960 promissione
687 3880 948 3959 simplici
997 3882 1293 3952 nascitur,
1345 3896 1530 3959 posse
1576 3878 1657 3937 ad

92 3975 255 4035 hanc
274 3974 579 4053 justitiam
606 3974 917 4052 pertinere
942 3992 957 4045 ;
988 3980 1051 4035 et
1070 3980 1283 4035 tamen
1298 3973 1381 4033 ibi
1404 3990 1531 4032 non
1560 3971 1657 4031 in-

91 4070 357 4129 tervenit
394 4067 717 4147 aequalitas
756 4067 882 4127 dati
926 4073 990 4127 et
1017 4066 1279 4145 accepti,
1328 4066 1473 4145 quia
1512 4084 1657 4145 pro-

92 4163 343 4221 mittens
372 4160 524 4220 nihil
552 4161 812 4239 accepit,
844 4160 959 4239 sed
1001 4161 1201 4221 solum
1244 4160 1350 4220 dat
1384 4178 1459 4220 ex
1478 4158 1656 4237 justi·

91 4254 200 4325 tia,
250 4260 583 4333 postquam
626 4252 967 4314 liberaliter
994 4254 1296 4331 promisit.
1336 4251 1515 4314 Unde
1544 4268 1657 4311 ne-

94 4366 218 4427 que
264 4348 453 4408 etiam
492 4352 589 4407 est
616 4346 699 4407 ibi
731 4346 1137 4407 commutatio
1164 4344 1293 4405 ulla
1317 4390 1332 4417 ,
1376 4344 1564 4405 etiam
1591 4343 1656 4403 in

95 4459 281 4501 sensu
312 4458 349 4499 a
378 4440 559 4500 nobis
586 4439 930 4513 declarato,
976 4440 1122 4519 quia
1152 4456 1229 4499 ex
1260 4444 1437 4517 parte
1470 4438 1657 4515 eJUS,

97 4535 193 4593 rui
222 4534 291 4593 fit
320 4533 651 4611 promissio
673 4578 693 4607 ,
736 4534 889 4593 nihil
918 4533 1185 4612 exigitur
1211 4532 1381 4611 quod
1418 4531 1525 4591 det
1554 4536 1663 4591 aut

94 4628 302 4699 faciat,
335 4626 577 4687 ratione
606 4627 789 4705 cujus
809 4625 1005 4704 possit
1024 4625 1111 4686 ibi
1140 4624 1543 4685 commutatio
1570 4626 1665 4682 in-

95 4720 316 4781 veniri.
348 4722 493 4780 Haec
514 4736 669 4779 vero
692 4718 959 4798 objectio
984 4719 1137 4780 solvi
1166 4725 1401 4797 posset,
1427 4734 1662 4794 negan-

99 4814 177 4874 do
206 4832 285 4874 ex
312 4812 575 4891 simplici
603 4810 1015 4890 promissione
1044 4812 1190 4871 oriri
1216 4811 1663 4890 obligationem

96 4908 286 4987 hujus
307 4904 580 4984 justitiae,
612 4904 725 4965 sed
751 4903 1063 4963 fidelitatis
1090 4907 1359 4975 tantum,
1392 4903 1549 4964 utin
1578 4904 1663 4963 al-

98 5006 230 5061 tera
268 4999 625 5061 Reiectione
668 4996 1001 5058 declaravi.
1042 4996 1199 5067 Quia
1230 5014 1380 5057 vero
1426 4996 1661 5057 ibidem

102 5096 223 5156 dixi
246 5094 519 5172 aliquam
544 5091 1022 5171 promissionem
1050 5090 1419 5170 simplicem,
1450 5090 1515 5152 id
1541 5097 1655 5161 est,

100 5188 340 5249 nullum
384 5204 547 5248 onus
590 5190 697 5247 aut
745 5183 1190 5263 obligationem
1237 5184 1415 5245 alteri
1461 5184 1661 5263 impo-

104 5288 377 5353 nentem,
418 5296 602 5359 posse
626 5278 779 5339 dare
798 5280 903 5359 jus
925 5276 1196 5357 justitiae,
1230 5278 1380 5338 etin
1413 5279 1529 5338 hac
1552 5296 1661 5357 po-

104 5381 221 5437 test
253 5374 437 5436 etiam
462 5371 803 5453 procedere
838 5370 1105 5451 objectio
1135 5370 1297 5431 facta
1314 5417 1335 5447 ,
1381 5370 1525 5431 ideo
1550 5371 1665 5431 ali-

106 5467 255 5547 quid
280 5466 642 5528 addendum
672 5470 787 5535 est,
827 5464 1143 5536 nimirum,
1184 5462 1375 5524 talem
1405 5464 1663 5543 promis-

3177 395 3300 460 533

1726 529 1895 581 nem,
1949 508 2184 570 scilicet
2224 507 2418 586 ipsius
2455 507 2636 586 juris,
2689 508 2863 586 quod
2911 508 3070 569 alius
3113 525 3189 568 ex
3234 505 3298 566 vi

1727 603 2154 684 promissionis
2181 601 2480 680 acquirit;
2521 601 2692 679 quod
2721 608 2966 680 oportet
2993 607 3056 662 ut
3082 619 3288 662 mora-

1725 696 1867 757 liter
1889 695 2260 774 oequivaleat
2285 694 2562 755 dominio
2585 696 2700 766 rei,
2730 697 2780 755 si
2805 701 2900 756 est
2921 713 3138 756 verum
3159 695 3292 773 jus-

1732 791 1879 851 titioe
1913 791 2055 869 jue,
2100 789 2267 866 quod
2285 833 2304 863 ‚
2349 807 2492 848 cum
2521 788 2599 849 sit
2625 787 2704 848 de
2733 806 2895 849 novo
2925 788 3296 867 acquisitum

1732 902 1847 963 per
1873 882 2374 963 promissionem,
2419 887 2482 942 et
2514 900 2644 942 non
2675 881 2852 942 titulo
2879 882 3153 960 justitiae,
3186 899 3295 941 ne·-

1731 995 1905 1038 cesse
1947 982 2043 1037 est
2073 981 2144 1036 ut
2167 976 2356 1035 fuerit
2391 975 2659 1054 gratuito
2685 975 3020 1046 donatum;
3055 981 3116 1036 et
3157 973 3298 1036 ideo

1728 1069 2094 1130 dicebamus
2125 1067 2293 1128 illam
2331 1086 2460 1128 non
2505 1086 2644 1128 esse
2685 1086 2907 1146 puram
2946 1067 3299 1146 promissio-

1730 1181 1900 1235 nem,
1955 1163 2068 1224 sed
2123 1160 2360 1241 aliquid
2419 1161 2770 1222 donationis
2817 1159 3189 1232 includere;
3237 1166 3300 1220 et

1730 1256 1940 1335 quoad
1967 1257 2088 1316 hoc
2123 1259 2220 1317 est
2259 1272 2480 1315 verum
2510 1254 2748 1314 nullam
2788 1254 2873 1313 ibi
2915 1253 3296 1316 intervenire

1731 1351 2304 1418 commutationem,
2351 1365 2558 1424 neque
2599 1348 3018 1423 aequalitatem
3069 1347 3194 1407 dati
3235 1354 3298 1409 et

1730 1443 1994 1522 accepti,
2033 1443 2180 1522 quia
2217 1441 2500 1502 nondum
2537 1441 2870 1503 intervenit
2911 1459 3070 1520 opus
3101 1443 3288 1522 hujus

1721 1538 1995 1619 justitiae.
2031 1538 2109 1598 At
2135 1553 2284 1596 vero
2327 1542 2466 1614 post
2505 1535 2876 1612 acquisitum
2905 1536 3024 1596 hoc
3045 1535 3152 1614 jus
3181 1553 3296 1614 per

1726 1633 1917 1694 talem
1943 1632 2420 1710 promissionem
2441 1649 2556 1691 seu
2576 1629 3001 1705 donationem,
3029 1629 3297 1692 retribu-

1724 1728 1837 1800 tio,
1889 1745 2030 1806 quae
2069 1733 2286 1805 postea
2321 1726 2412 1798 fit,
2438 1727 2571 1804 jam
2601 1730 2695 1786 est
2721 1743 2881 1802 opus
2907 1725 3094 1802 hujus
3115 1724 3300 1801 justi-

1723 1827 1859 1895 tiae3
1895 1830 1958 1885 et
1987 1823 2133 1885 licet
2171 1821 2512 1882 formaliter
2536 1838 2660 1881 non
2683 1821 3056 1883 interveniat
3081 1821 3163 1882 ibi
3193 1820 3302 1880 da·

1724 1924 1861 1980 tum
1916 1924 1980 1980 et
2029 1923 2374 1996 acceptum,
2419 1917 2644 1977 virtute
2689 1921 2900 1976 tamen
2941 1916 3295 1986 intervenit,

1729 2019 2040 2093 quatenus
2069 2013 2142 2082 is,
2169 2012 2273 2088 qui
2303 2012 2606 2090 promisit,
2618 2013 2750 2090 jam
2780 2011 3102 2071 moraliter
3130 2009 3300 2089 apud

1727 2127 1795 2169 se
1822 2110 2050 2169 retinet
2073 2126 2210 2169 rem
2235 2107 2514 2176 alterius,
2545 2123 2658 2166 seu
2687 2106 2765 2166 ad
2789 2123 2977 2184 quam
3009 2105 3166 2166 alter
3192 2106 3303 2166 ha-

1726 2203 1832 2264 het
1844 2202 1951 2280 jus
1972 2201 2326 2281 proprium;
2358 2201 2536 2272 sicut,
2565 2201 2614 2260 si
2646 2218 2682 2259 a
2703 2199 3004 2278 principio
3039 2217 3142 2259 res
3165 2199 3300 2276 ipsa

1727 2297 1958 2358 donata
1981 2303 2074 2358 est
2094 2296 2454 2368 liberaliter,
2483 2295 2718 2374 justitia
2749 2301 2966 2373 postea
2991 2293 3296 2374 obligaret

1730 2390 1810 2451 ad
1846 2409 1976 2450 non
2015 2387 2444 2468 accipiendam
2487 2388 2656 2448 illam
2699 2388 2891 2448 invito
2935 2386 3149 2462 altem,
3188 2387 3298 2456 ita,

1729 2485 1930 2544 liceta
1965 2483 2267 2561 principio
2293 2501 2422 2543 non
2453 2483 2636 2543 fuerit
2675 2481 2820 2543 data
2862 2483 2994 2560 ipsa
3028 2499 3154 2553 ree,
3189 2481 3301 2543 sed

1724 2578 1829 2658 jus
1858 2577 1940 2636 ad
1981 2577 2174 2644 illam,
2219 2575 2458 2652 justitia
2503 2581 2720 2654 postea
2765 2576 3000 2656 obligat
3047 2575 3128 2636 ad
3171 2593 3302 2638 non

1732 2669 2126 2732 retinendam
2161 2668 2356 2740 illam,
2401 2669 2596 2729 altero
2627 2669 2843 2739 invito,
2894 2687 2969 2728 eo
3020 2673 3298 2746 ternpore

1736 2781 1860 2842 quo
1891 2762 1978 2821 illi
2006 2759 2216 2821 danda
2247 2767 2360 2822 est.
2397 2761 2685 2822 Consistit
2723 2779 2874 2838 ergo
2905 2761 2964 2820 in
3013 2763 3134 2823 hoc
3160 2761 3304 2823 talis

1738 2856 2165 2927 commutatio,
2213 2854 2380 2934 quod
2410 2854 2562 2934 dum
2609 2855 2766 2916 alius
2816 2855 2996 2916 solvit
3035 2855 3304 2933 promis-

1736 2968 1899 3022 sum,
1933 2950 1996 3009 in
2041 2949 2238 3010 altero
2275 2948 2657 3028 extinguitur
2678 2948 2782 3027 jus
2813 2949 2982 3026 quod
3015 2949 3079 3008 in
3110 2948 3304 3010 alium

1734 3044 2030 3105 habebat.

1816 3141 1917 3199 21.
1941 3140 2082 3202 ‘Ubi
2119 3139 2303 3200 etiam
2335 3145 2431 3200 est
2458 3138 2939 3207 advertendum,
2971 3144 3033 3199 et
3063 3138 3307 3198 adden-

1738 3233 1887 3294 dum
1918 3232 2362 3312 superioribus,
2395 3231 2590 3311 quod,
2613 3230 2759 3291 licet
2782 3231 2915 3291 baec
2938 3231 3199 3309 justitia,
3223 3231 3305 3291 ad

1737 3326 2018 3387 debitum
2049 3344 2160 3386 seu
2201 3326 2476 3386 officium
2519 3340 2702 3384 suum
2735 3322 3090 3400 positivum,
3121 3330 3192 3383 ut
3219 3324 3306 3383 sic

1738 3420 1966 3493 dicam,
2025 3418 2194 3497 quod
2240 3419 2522 3479 consistit
2557 3417 2622 3476 in
2665 3416 3021 3489 tribuendo,
3071 3432 3306 3493 praere-

1738 3514 1946 3591 quirat
1977 3513 2078 3572 vel
2125 3512 2404 3572 includat
2435 3511 2988 3572 commutationem
3031 3509 3306 3586 aliquam

1738 3625 1815 3667 ex
1845 3606 2090 3668 actione
2119 3606 2222 3666 vel
2257 3606 2548 3685 passione
2583 3604 2932 3667 voluntaria
2983 3603 3082 3663 vel
3132 3604 3310 3663 invo—

1737 3701 2026 3772 luntaria,
2082 3705 2297 3760 tamen
2349 3700 2428 3759 ad
2479 3698 2750 3759 officium
2805 3696 3178 3776 prixativum
3233 3714 3308 3755 ex

1740 3793 1964 3853 eadem
1982 3794 2224 3871 J’ustitia
2249 3792 2552 3865 debitum,
2582 3792 2766 3871 quale
2798 3796 2892 3851 est
2919 3808 3046 3849 non
3074 3789 3306 3849 inferre

1737 3887 2040 3947 damnum
2073 3887 2170 3947 vel
2195 3886 2536 3958 laesionem,
2569 3904 2698 3947 non
2731 3883 2993 3960 requirit
3017 3900 3132 3959 pro
3158 3887 3308 3942 tunc

1738 3980 1923 4041 aliam
1984 3980 2294 4041 actionem
2339 3980 2438 4039 vel
2467 3977 3044 4046 commutationem,
3077 3974 3187 4035 sed
3233 3993 3308 4036 ex

1738 4079 1960 4133 natura
1994 4073 2088 4133 rei
2136 4072 2418 4151 sequitur
2463 4088 2538 4132 ex
2594 4069 2871 4132 dominio
2919 4067 3088 4145 quod
3145 4066 3310 4127 alter

1738 4167 1947 4240 habet,
1979 4166 2081 4227 vel
2134 4184 2211 4227 ex
2259 4171 2483 4226 natura
2547 4182 2685 4238 sua,
2735 4163 2834 4224 vel
2891 4180 2968 4222 ex
3009 4161 3256 4238 origine
3285 4206 3301 4231 ,

1736 4261 1836 4321 vel
1892 4260 2359 4338 undecumque,
2418 4258 2606 4319 etiam
2663 4276 2740 4319 ex
2797 4256 3060 4334 simplici
3118 4254 3314 4315 dona·

1739 4354 1930 4416 tione.
1963 4354 2064 4415 Sic
2106 4372 2255 4433 ergo
2293 4353 2357 4411 in
2403 4350 2706 4431 praedicto
2745 4342 3018 4410 casu'de
3045 4348 3316 4426 promis-

1741 4447 1939 4519 sione,
1971 4446 2076 4525 jus
2113 4446 2309 4506 semel
2359 4462 2474 4523 per
2511 4444 2682 4503 illam
2727 4442 3100 4522 acquisitum
3158 4440 3316 4502 obli-

1744 4546 1852 4617 gat
1892 4540 2254 4619 exjustitia,
2293 4546 2362 4601 ut
2402 4557 2531 4600 non
2568 4537 2877 4635 laedatur3
2921 4542 2982 4597 et
3012 4536 3158 4612 quia
3194 4534 3316 4595 boc

1745 4640 1911 4694 stare
1959 4650 2086 4694 non
2139 4638 2343 4711 potest
2385 4630 2506 4691 nisi
2561 4650 2672 4709 per
2727 4604 3174 4691 exhibitionem
3227 4629 3320 4688 rei

1744 4726 2109 4805 promissas,
2161 4724 2303 4785 ideo
2349 4726 2480 4803 jam
2528 4722 2767 4801 justitia
2818 4721 2899 4782 ad
2949 4722 3120 4781 illam
3161 4720 3318 4780 obli-

1744 4822 1870 4895 gat.
1902 4819 2096 4878 Recte
2125 4822 2338 4877 autem
2369 4816 2647 4877 declarat
2675 4820 3143 4895 argumentum,
3179 4832 3320 4873 rnu-

1742 4916 1919 4969 tuam
1959 4909 2388 4987 acceptionem
2437 4915 2499 4970 et
2539 4908 2880 4980 dationem,
2909 4908 2972 4967 in
3007 4923 3083 4966 eo
3113 4906 3320 4985 rigore

1743 5019 1868 5080 quo
1916 5001 2256 5063 adversarii
2307 5001 2625 5071 volebant,
2673 5018 2798 5060 non
2839 5018 2978 5061 esse
3031 4998 3324 5077 adaequa-

1740 5101 1871 5156 tam
1904 5094 2234 5159 materiam
2259 5095 2536 5173 justitiae.
2584 5094 2659 5154 Et
2698 5112 2736 5153 a
2785 5092 3024 5153 fortiori
3063 5090 3323 5151 convin-

1742 5188 1859 5261 cit,
1905 5188 1988 5248 ad
2031 5186 2453 5249 exercendum
2503 5187 2621 5246 hoc
2669 5203 2826 5264 opus
2871 5183 3126 5263 justitiae
3171 5200 3323 5260 erga

1744 5281 2010 5341 alterum
2045 5326 2060 5353 ‚
2111 5299 2238 5341 non
2295 5298 2432 5340 esse
2471 5278 2896 5339 necessarium
2954 5282 3026 5337 ut
3081 5276 3188 5353 qui
3245 5292 3322 5335 ex

1737 5374 1980 5455 justitia
2018 5373 2265 5445 tribuit,
2327 5371 2579 5451 aliquod
2607 5367 3011 5431 commodum
3061 5368 3144 5428 ab
3189 5367 3316 5427 alio

1744 5472 2061 5546 reportet3
2099 5485 2246 5526 nam
2293 5466 2401 5543 qui
2445 5482 2522 5525 ex
2556 5462 2796 5542 justitia
2843 5461 3024 5522 solvit
3052 5460 3322 5540 promis-

107 5563 343 5628 sionem
370 5558 691 5623 includere
720 5558 999 5641 aliquam
1030 5556 1355 5619 liberalem
1382 5557 1669 5621 donatio·
1750 5577 1915 5635 sum,
1949 5559 2104 5620 nihil
2128 5558 2440 5620 commodi
2473 5557 2572 5619 vel
2609 5554 2890 5623 utilitatis
2921 5553 3166 5636 accipit.
3200 5554 3322 5614 Dc·-
