3850 6225
696 407 825 462 cAP.
866 411 905 462 1.
942 409 1106 472 QUOD
1140 411 1377 463 numm
1410 411 1682 464 Alini'mu
1714 411 2015 466 mannus
2049 411 2602 475 mamm-:amnas
2623 411 2758 464 mc.
3283 407 3322 468 5

118 523 193 565 ac
220 505 565 568 formaliter
593 527 731 572 esse
760 511 1147 574 voluntatem
1172 559 1187 587 ,
1232 515 1517 592 quamvis
1542 515 1679 594 ejus

118 598 296 658 radix
316 606 377 660 et
397 601 573 680 origo
596 603 680 663 ab
702 604 1017 666 intellectu
1040 611 1102 666 et
1120 606 1397 686 perfecto
1420 607 1679 668 rationis

120 711 237 751 usu
270 693 525 755 oriatur.
572 697 715 757 Haec
746 697 915 758 enim
943 717 1073 758 non
1102 699 1305 760 solum
1337 705 1429 762 est
1456 701 1681 780 proha-

116 786 347 846 tiorum
360 787 821 868 Theologorum
841 793 1175 865 sententia,
1196 811 1324 853 uno
1352 800 1461 854 aut
1484 794 1677 856 altero

118 885 401 958 excepte,
423 882 534 942 sed
560 882 749 944 etiam
776 885 1017 963 antiqui
1044 887 1257 948 Patres
1280 887 1364 948 ita
1391 887 1469 948 de
1494 887 1681 949 liber-

117 978 245 1033 tate
258 975 599 1053 loquuntur
620 1022 635 1050 ,
664 982 736 1038 ut
773 996 916 1039 eam
945 978 1131 1058 plane
1170 979 1475 1042 voluntati
1506 981 1681 1041 attri-

116 1066 331 1127 buant.
358 1069 515 1128 Hinc
542 1075 635 1130 est
660 1071 825 1132 enim
850 1071 1003 1132 illud
1026 1073 1356 1152 Augustini
1382 1092 1397 1133 :
1422 1072 1553 1138 Aac
1576 1092 1680 1136 vo-

114 1160 323 1223 luntas
348 1178 469 1222 non
500 1168 613 1233 est,
640 1169 752 1227 aut
774 1163 963 1228 libera
990 1165 1240 1230 dicenda
1271 1171 1390 1239 esa·
1420 1172 1482 1227 et
1506 1167 1676 1246 quod

112 1254 541 1315 Damascenus
570 1256 678 1332 ait,
695 1257 1060 1320 volumtatem
1076 1275 1201 1321 esso
1219 1257 1576 1321 rationalem
1606 1277 1676 1322 ao

114 1345 363 1409 liberwm
379 1349 733 1428 appetitum.
756 1349 935 1419 Quod
948 1351 1243 1412 latissime
1264 1352 1545 1411 omnium
1566 1351 1679 1412 de-

117 1439 331 1512 clarat,
362 1442 709 1520 probatque
740 1444 1115 1516 BernarduS‚
1138 1445 1245 1505 lib.
1270 1444 1348 1506 de
1369 1445 1671 1506 Concord.

118 1533 331 1611 gratiae
360 1539 421 1594 et
448 1533 627 1596 liberi
657 1535 915 1613 arbitrii,
958 1538 1269 1616 habetque
1303 1538 1679 1600 fundamen-

116 1632 247 1686 tum
278 1626 341 1686 in
368 1628 686 1706 Scriptura
712 1648 911 1701 sacra,
943 1649 1083 1710 quse
1114 1633 1201 1693 oh
1226 1633 1390 1692 hanc
1420 1650 1675 1692 causam

114 1719 415 1779 voluntati
444 1721 657 1782 tribuit
684 1741 938 1783 omnem
968 1725 1223 1785 laudem
1255 1743 1329 1785 ac
1355 1725 1671 1798 meritum,

112 1812 209 1872 vel
226 1813 498 1892 culpam.
517 1815 695 1876 Ratio
714 1816 983 1894 denique
1000 1837 1191 1897 quam
1210 1837 1395 1898 supra
1414 1820 1675 1880 Bernar-

114 1906 228 1967 dus
268 1906 523 1980 indicat,
566 1908 686 1969 hoc
731 1909 1065 1972 confirmat
1101 1929 1115 1970 ε
1155 1911 1325 1990 quia,
1372 1911 1541 1991 quod
1579 1916 1675 1971 est

107 1999 411 2073 liberum,
460 2007 705 2080 oportet
742 2003 912 2082 quod
951 2005 1030 2065 sit
1065 2005 1339 2082 perfecte
1384 2005 1673 2066 volunta-

110 2093 309 2166 rium;
351 2093 499 2172 quia
528 2113 673 2154 cum
700 2113 828 2156 non
868 2095 981 2157 fiat
1009 2115 1087 2159 ex
1116 2098 1248 2158 solo
1278 2104 1519 2159 naturae
1554 2098 1675 2157 im-

108 2191 282 2266 petu,
318 2205 575 2248 necesse
606 2194 703 2248 est
736 2195 819 2268 ut,
843 2207 920 2250 ex
956 2196 1132 2252 motu
1171 2198 1516 2270 spontaneo
1560 2209 1673 2251 sen

106 2281 458 2342 voluntario
509 2281 983 2360 proficiscatur;
1043 2304 1171 2345 non
1215 2289 1421 2363 potest
1460 2291 1673 2345 autem

110 2393 252 2434 esse
282 2375 559 2453 perfecte
584 2377 1006 2440 voluntarium
1024 2424 1043 2453 ‚
1084 2377 1205 2438 nisi
1234 2385 1303 2440 ut
1332 2384 1425 2440 est
1450 2378 1532 2439 ab
1561 2397 1671 2457 ap—

106 2467 305 2546 petitu
341 2469 631 2530 rationali
658 2476 721 2530 et
755 2470 1030 2551 perfecto
1050 2517 1067 2544 ‚
1106 2461 1429 2550 qualis'est
1454 2472 1669 2532 volun-

104 2567 227 2632 taS,
248 2569 317 2621 ut
336 2561 525 2622 etiam
546 2563 797 2623 nomina
817 2564 951 2643 ipsa
973 2583 1099 2644 prae
1120 2583 1189 2626 se
1208 2564 1449 2638 ferunt3
1483 2582 1669 2625 omne

108 2674 265 2734 ergo
304 2675 461 2734 opus
502 2657 764 2718 liberum
784 2705 799 2732 ‚
835 2665 1146 2737 quatenus
1171 2661 1439 2721 liberum
1470 2664 1599 2731 est,
1632 2677 1669 2718 a

104 2749 427 2810 voluntate
447 2750 893 2829 proficiscitur;
928 2753 994 2814 in
1017 2753 1125 2813 illa
1150 2771 1301 2834 ergo
1328 2757 1422 2815 est
1443 2752 1669 2812 forma-

103 2843 183 2902 lis
209 2842 484 2916 libertas,
516 2844 780 2924 ipsaque
814 2851 907 2907 est
933 2846 1197 2907 facultas
1224 2847 1350 2920 illa,
1384 2865 1575 2926 quam
1600 2845 1669 2906 li-

103 2936 333 2996 berum
364 2936 691 2998 arbitrium
718 2939 1128 3018 appellamus,

190 3029 253 3089 2.
302 3029 581 3092 Libertas
608 3033 675 3092 in
700 3049 814 3114 quo
860 3033 1175 3096 consistat.
1194 3065 1276 3079 —
1304 3031 1451 3096 Non
1476 3029 1667 3093 omnis

106 3128 284 3185 actus
310 3123 494 3185 libem
520 3124 691 3187 liber.
719 3158 799 3172 --
825 3126 985 3198 Quid
1020 3145 1170 3188 vero
1210 3128 1289 3187 sit
1316 3128 1451 3187 haec
1480 3126 1669 3186 liber-

105 3222 201 3277 tas
250 3217 437 3295 hujus
483 3218 815 3293 facultatiS,
850 3238 963 3281 seu
1010 3221 1077 3281 in
1124 3238 1247 3299 quo
1298 3220 1549 3300 proprie
1595 3238 1667 3281 ac

100 3329 255 3371 vere
278 3310 597 3381 consistat,
620 3312 775 3374 illud
804 3314 1089 3393 estquod
1117 3314 1433 3394 potissime
1464 3312 1668 3375 decla·

102 3422 246 3464 rare
284 3404 695 3478 intendimus3
738 3407 839 3467 hic
876 3408 1045 3468 enim
1074 3414 1167 3469 est
1208 3408 1397 3468 cardo
1435 3407 1499 3466 in
1540 3422 1664 3485 quo

102 3497 433 3575 praesentis
456 3500 894 3559 controversiae
926 3505 1192 3578 punctus
1222 3505 1528 3561 versatur.
1560 3499 1669 3558 Est

102 3591 296 3669 igitur
344 3590 583 3669 cert-1
628 3591 857 3673 dogma
903 3593 1049 3654 fidei
1090 3593 1183 3671 (ut
1216 3592 1665 3671 existimamus)

96 3682 459 3745 libertatem
512 3685 677 3747 hanc
735 3704 865 3747 11011
916 3686 1255 3747 consistere
1304 3690 1548 3747 tantum
1600 3686 1667 3745 in

96 3776 397 3839 facultate
464 3779 765 3857 operandi
832 3780 1183 3840 voluntarie
1250 3798 1365 3841 seu
1414 3785 1671 3859 sponta-

97 3889 247 3943 nee,
310 3876 419 3932 aut
455 3871 744 3945 libenter,
798 3873 1041 3934 etiamsi
1082 3872 1149 3935 id
1191 3873 1301 3934 fiat
1344 3891 1487 3933 cum
1524 3890 1671 3951 per-

95 3964 263 4026 fecta
298 3966 649 4043 cognitione
678 3972 742 4027 et
794 3966 1187 4033 advertentia,
1222 3967 1481 4028 rationis
1499 4013 1514 4040 ,
1555 3966 1667 4027 sed

95 4063 405 4137 praeterea
450 4058 583 4119 dari
644 4058 709 4119 in
766 4060 947 4121 nobis
970 4106 985 4133 ,
1036 4060 1389 4137 nostrisque
1446 4060 1669 4120 huma—

96 4152 194 4210 nis
248 4150 495 4211 actibus
524 4170 665 4213 eam
704 4152 1005 4215 libertatis
1041 4152 1494 4225 conditionem,
1527 4170 1667 4231 quae

94 4248 477 4321 potestatem
522 4244 753 4323 agendi
800 4252 863 4306 et
908 4264 1035 4306 non
1089 4246 1341 4327 agendi·
1370 4246 1661 4317 includit,

97 4354 237 4413 quae
315 4354 353 4395 a
409 4337 741 4415 Theologis
802 4338 925 4399 dici
984 4339 1145 4400 solet
1192 4339 1539 4401 dominium
1602 4337 1665 4398 in

99 4430 417 4489 actionem
445 4430 762 4508 propriam
798 4448 910 4493 seu
960 4432 1377 4494 indifferentia
1416 4433 1484 4491 in
1516 4448 1668 4510 ope-

2 4601 5 4608 ,
100 4522 330 4594 rande,
349 4528 661 4599 quatenus
682 4523 971 4598 facultas,
988 4524 1076 4584 sic
1106 4543 1397 4603 operanS,
1416 4541 1545 4585 non
1572 4529 1666 4585 est

100 4620 333 4675 natura
364 4632 477 4674 sua
514 4614 929 4677 determinata
956 4616 1037 4677 ad
1064 4635 1285 4691 unum,
1324 4616 1435 4678 sed
1464 4622 1667 4697 potest

101 4708 265 4769 velle
294 4708 417 4768 hoc
444 4713 551 4769 aut
596 4709 767 4770 aliud
811 4728 925 4771 seu
970 4711 1348 4863 oppoffim,
1392 4714 1455 4771 et
1496 4710 1665 4771 nolle

18 4810 23 4815 ’
104 4820 219 4861 seu
286 4818 418 4861 non
488 4802 670 4862 velle.
720 4803 965 4865 Scimus
1021 4803 1126 4882 qui
1331 4802 1666 4863 nonnullos

102 4895 461 4975 Theologos
517 4913 741 4973 graves
796 4902 859 4957 et
912 4898 1205 4976 antiquos
1240 4897 1529 4973 (sumitur
1590 4914 1665 4957 ex

106 4988 317 5059 Scoto,
358 4991 412 5061 1,
450 4988 591 5048 dist.
625 4990 688 5061 2,
722 4994 939 5067 quaest.
974 4990 1033 5062 3,
1065 4990 1207 5050 dist.
1241 4992 1341 5059 10,
1372 4992 1435 5050 et
1464 4988 1673 5061 Quod-

106 5080 215 5140 lib.
252 5082 353 5153 16,
386 5086 501 5141 art.
540 5084 570 5140 1
606 5084 667 5143 et
696 5083 768 5154 33
804 5083 983 5156 Dur.,
1017 5084 1079 5155 2,
1110 5081 1254 5142 dist.
1286 5083 1391 5156 24,
1443 5086 1663 5161 quaest.

111 5175 195 5251 1),
222 5190 473 5235 omnem
506 5178 715 5235 actum
744 5174 1021 5255 perfecte
1056 5174 1477 5235 voluntarium
1518 5174 1670 5235 libe-

112 5284 253 5325 rum
280 5266 663 5346 appellasse3
706 5285 974 5347 quorum
1003 5268 1377 5329 sententiam
1404 5268 1477 5329 D.
1505 5268 1671 5328 Tho-

112 5376 251 5417 mas
278 5362 341 5419 et
364 5360 649 5423 nonnulli
675 5380 753 5423 ex
790 5361 1077 5424 Patribus
1117 5360 1431 5423 interdum
1460 5366 1673 5440 patro-

115 5450 309 5511 cinari
336 5450 645 5514 videntur.
680 5454 804 5515 Sed
827 5456 895 5515 in
920 5473 997 5516 ea
1018 5472 1173 5515 voce
1199 5472 1367 5513 nunc
1386 5470 1513 5513 non
1540 5453 1673 5513 1110-

108 5560 345 5616 remuS,
384 5562 591 5625 neque
634 5546 1063 5607 existimamus
1093 5546 1175 5607 ad
1211 5544 1560 5607 doctrinam
1596 5545 1673 5605 fi-

1758 514 1861 576 dei
1891 513 2268 574 contrariam
2296 514 2646 594 pertinere:
2673 532 2878 593 neque
2905 531 2980 574 eo
3010 529 3200 574 sensu
3225 531 3320 573 as-

1760 609 2024 668 serimus
2053 625 2192 668 esse
2221 613 2460 668 certum
2491 608 2567 669 de
2608 607 2757 679 fide,
2778 607 2932 668 dari
2961 605 3320 667 indifferen-

1758 701 1909 761 tiam
1935 701 1997 761 in
2027 701 2266 762 actibus
2293 701 2587 761 humanis
2608 699 2680 761 ac
2707 700 2918 761 liberis
2940 718 2955 772 ;
2984 698 3178 759 sedin
3197 699 3318 760 hoo
3389 745 3394 750 -

1762 795 1966 856 solum
1995 794 2164 873 quod
2189 794 2254 854 in
2277 794 2458 855 nohis
2495 793 2848 872 nostrisque
2879 792 3120 853 actibus
3145 792 3319 852 inve-

1758 887 1879 948 niri
1906 893 2110 967 potest
2133 889 2270 948 haec
2298 886 2618 966 perfectio,
2650 891 2712 946 et
2735 885 3020 966 specialis
3045 883 3316 946 conditio

1758 981 2082 1054 libertatiS,
2110 999 2250 1060 quse
2275 981 2340 1040 111
2371 981 2492 1041 hoc
2516 979 2790 1041 dominio
2819 978 3317 1048 etiudiffercntia

1760 1075 2070 1147 consistit3
2117 1080 2177 1135 et
2221 1075 2340 1134 hoc
2383 1093 2571 1134 sensu
2617 1079 2680 1135 et
2707 1071 3158 1154 significatione
3199 1073 3318 1132 uti-

1756 1185 1898 1227 mur
1926 1185 2178 1246 semper
2205 1167 2457 1227 nomine
2487 1167 2813 1239 libertatiS,
2838 1166 3076 1227 etiamsi
3101 1171 3316 1246 posset

1760 1279 1895 1321 esse
1931 1260 2092 1320 alius
2117 1259 2342 1320 modus
2381 1260 2683 1320 libertatis
2728 1260 2793 1320 in
2839 1265 2982 1320 actu
3031 1259 3163 1319 sine
3192 1258 3314 1318 hac

1757 1352 2173 1415 indifferentia
2193 1398 2209 1426 ,
2262 1353 2430 1432 quod
2474 1354 2676 1433 magis
2727 1353 3004 1413 consistit
3049 1351 3313 1412 fortasse

1757 1447 1822 1507 in
1850 1465 1972 1507 usu
1999 1446 2332 1508 verborum
2362 1447 2632 1522 diverso,
2662 1465 2856 1525 quam
2885 1445 2950 1506 in
2980 1445 3188 1524 aliqua
3217 1463 3308 1506 rc.

1758 1542 1893 1602 Non
1924 1540 2206 1600 omittam
2233 1546 2444 1601 tamen
2485 1540 2833 1613 advertere,
2865 1541 2984 1600 hoc
3027 1542 3313 1617 tempore

1754 1632 2080 1694 vitandum
2115 1651 2254 1693 esse
2299 1633 2472 1692 illum
2517 1633 2814 1712 loquendi
2862 1632 3140 1704 modum,
3187 1648 3312 1708 quo

1757 1726 1960 1786 omnis
1975 1731 2172 1798 actuS,
2189 1725 2295 1805 qui
2316 1727 2583 1788 libenter
2607 1727 2697 1800 fit,
2721 1726 2785 1786 id
2804 1729 2919 1800 est,
2943 1744 3068 1785 non
3096 1724 3307 1796 invite,

1755 1820 1867 1879 sed
1896 1824 2266 1897 spontanee,
2297 1819 2455 1880 liber
2483 1819 2726 1892 dicitur,
2761 1818 3002 1880 etiamsi
3031 1835 3106 1878 ex
3135 1816 3312 1876 abso-

1752 1914 1883 1974 luta
1914 1915 2307 1987 necessitate,
2341 1920 2402 1975 et
2439 1914 2676 1994 absque
2723 1913 2850 1974 ulla
2897 1910 3313 1974 indifferentia

1750 2007 1881 2080 fiat,
1913 2012 1984 2066 ut
2013 2013 2110 2067 est
2136 2025 2312 2067 amor
2343 2007 2703 2081 beatificuS,
2746 2025 2826 2068 ne
2878 2007 2942 2067 in
2987 2004 3175 2066 modo
3223 2003 3337 2062 lo*-

1756 2099 1989 2178 quendi
2020 2117 2165 2160 cum
2197 2099 2504 2161 haereticis
2530 2101 2720 2180 hujus
2747 2099 3048 2178 temporis
3086 2113 3312 2158 conve-

1753 2193 2024 2268 niamuS,
2056 2199 2120 2254 et
2146 2193 2540 2254 occasionem
2566 2193 2666 2254 vel
2694 2192 3113 2272 suspicionem
3139 2207 3311 2250 erro-

1752 2287 1837 2347 ris
1860 2285 1996 2347 aliis
2023 2287 2436 2366 praebeamus.
2471 2288 2898 2366 Praeterquam
2926 2285 3116 2365 quod,
3149 2284 3213 2343 in
3232 2282 3310 2342 ri-

1753 2398 1902 2459 gore
1955 2386 2017 2440 et
2067 2379 2435 2442 scholastica
2489 2379 2892 2460 proprietate,
2943 2379 3044 2438 hic
3085 2377 3308 2436 modus

1749 2472 2048 2552 loquendi
2075 2472 2280 2534 verior
2308 2473 2530 2546 existit,
2546 2481 2606 2535 et
2629 2474 2694 2533 in
2712 2475 2787 2533 D.
2813 2473 3067 2533 Thomas
3097 2469 3310 2531 schola

1754 2585 1826 2627 ac
1874 2566 2158 2627 doctrina
2195 2567 2596 2627 certissimus.
2633 2567 2727 2644 (D.
2768 2567 3018 2632 Thom.,
3057 2567 3080 2624 1
3117 2569 3304 2643 part„

1754 2665 1970 2738 quaest.
2007 2661 2104 2732 14,
2135 2665 2250 2719 art.
2277 2662 2320 2720 2
2350 2660 2431 2720 ad
2455 2661 2515 2733 3,
2541 2665 2604 2720 et
2630 2664 2844 2738 quaest.
2876 2660 2978 2725 82.
3009 2661 3126 2718 art.
3177 2659 3202 2716 1
3245 2661 3308 2716 et

1752 2756 1813 2826 2,
1843 2759 1905 2814 et
1933 2759 2152 2831 quaest.
2181 2754 2259 2814 83
2300 2771 2416 2830 per
2454 2759 2686 2824 totam;
2731 2753 3063 2831 CaJetanus
3100 2756 3160 2810 et
3202 2748 3303 2810 alii

1750 2847 2134 2926 expositores
2159 2845 2264 2918 ibi,
2299 2850 2360 2906 et
2387 2844 2494 2906 alii
2513 2845 2814 2925 Theologi
2848 2845 3106 2906 inferius
3146 2841 3307 2902 refe-

1748 2939 1976 3018 rendi.)
2047 2947 2050 2952 ’

1832 3035 1889 3093 3.
1941 3030 2383 3096 catholicorum
2427 3047 2747 3093 consensus
2789 3031 3076 3094 adversm
3117 3031 3305 3091 luere-

1750 3129 1919 3190 ticos.
1944 3126 2210 3201 Ricard„
2231 3128 2356 3187 art.
2388 3127 2450 3198 73
2477 3123 2764 3206 Staplet„
2790 3126 2893 3187 lib.
2921 3126 2957 3185 4
2972 3127 3040 3187 de
3059 3124 3304 3200 Justifi-

1749 3225 1897 3294 cat,
1932 3238 2064 3302 cap.
2100 3221 2125 3278 1
2159 3237 2174 3290 ;
2217 3218 2544 3289 Βσῑῐανηι.,
2599 3218 2702 3280 zib.
2748 3222 2786 3279 2
2816 3220 2884 3281 de
2917 3216 3109 3281 Statu
3139 3234 3298 3297 pec„

1748 3331 1880 3395 cap.
1917 3316 1954 3374 3
1987 3318 2048 3375 et
2067 3313 2168 3383 23,
2203 3316 2260 3373 et
2286 3310 2388 3372 lib.
2413 3313 2454 3371 1-
2481 3312 2549 3374 de
2586 3310 2718 3373 Lib.
2753 3312 2998 3385 arbitr„
3031 3326 3166 3391 cap.
3199 3311 3300 3380 14,

1745 3407 1849 3469 lib.
1885 3408 1946 3481 6,
1980 3424 2112 3485 cap.
2143 3407 2184 3466 9
2198 3428 2226 3476 ;
2269 3404 2545 3485 Boffen„
2587 3407 2708 3467 art.
2743 3404 2928 3464 36.-
2953 3402 3146 3481 Igitur
3181 3402 3305 3463 hoc

1748 3498 1979 3578 dogma
2008 3497 2308 3558 libertatis
2333 3497 2398 3555 in
2421 3497 2542 3557 hoc
2563 3514 2752 3557 sensu
2777 3495 3183 3566 declaratum,
3212 3513 3306 3555 es-

1748 3610 1815 3653 se
1838 3592 2256 3664 verissimum,
2271 3590 2730 3667 Theologorum
2742 3590 3022 3650 omnium
3043 3606 3304 3650 concors

1748 3685 2058 3746 sententia
2082 3690 2195 3757 est,
2225 3683 2332 3763 qui
2357 3684 2476 3743 hoc
2511 3700 2644 3744 non
2670 3688 2740 3744 ut
2769 3684 3150 3762 opinionem,
3192 3682 3306 3743 sed

1747 3783 1819 3838 ut
1842 3784 2078 3837 certam
2105 3776 2452 3837 doctrinam
2478 3776 2752 3836 tradunt.
2774 3778 2989 3856 Neque
3020 3778 3086 3837 111
3107 3777 3304 3838 Τ1100-

1747 3871 1896 3950 logi,
1919 3871 2024 3948 qui
2044 3869 2368 3949 physicam
2384 3869 2514 3929 vim
2533 3868 2989 3931 determinandi
3009 3870 3088 3931 ad
3105 3888 3305 3930 unum

1747 3965 2132 4024 voluntatem
2153 3967 2454 4037 nostram,
2478 3961 2701 4023 divinae
2731 3963 2986 4023 motioni
3009 3982 3120 4024 seu
3143 3982 3306 4043 prae-

1746 4057 2020 4119 venienti
2051 4056 2263 4136 gratiae
2292 4055 2657 4128 attribuunt,
2691 4054 2922 4135 dogma
2961 4057 3081 4117 hoc
3118 4056 3196 4117 de
3236 4056 3307 4115 li-

1746 4150 2006 4211 bertatis
2025 4152 2252 4209 nostrie
2281 4147 2698 4208 indifferentia
2720 4155 2986 4229 negant3
3021 4150 3133 4211 sed
3161 4150 3306 4210 totis

1745 4242 1980 4304 viribus
2000 4248 2306 4303 conantur
2324 4242 2488 4301 hanc
2509 4259 2724 4301 veram
2745 4241 3047 4303 libertatis
3067 4242 3126 4302 in
3135 4242 3308 4302 diffe-

1747 4336 2016 4397 rentiam
2041 4355 2186 4397 cum
2211 4335 2312 4395 illa
2329 4335 2588 4414 physica
2607 4335 3126 4397 determinatione
3157 4354 3306 4397 con—

1746 4428 2031 4489 cordare.
2063 4430 2140 4489 Et
2167 4428 2234 4487 in
2262 4429 2382 4488 hoc
2415 4428 2644 4488 distant
2671 4428 2752 4488 ab
2779 4430 2967 4508 hujus
3013 4430 3307 4508 temporis

1748 4522 2071 4594 haereticiS,
2095 4521 2265 4600 quod
2289 4522 2379 4595 hi,
2397 4527 2702 4599 ponentes
2723 4522 3307 4584 determinationem

1745 4615 2072 4695 physicam
2101 4633 2138 4675 a
2165 4614 2373 4675 divina
2401 4615 2720 4675 voluntate
2743 4622 2806 4676 et
2833 4616 3196 4678 efficacitate
3221 4618 3306 4677 sa-

1748 4714 1936 4782 ctam,
1955 4707 2306 4769 concedunt
2333 4726 2449 4787 per
2481 4708 2672 4781 illam,
2701 4708 2800 4769 vel
2823 4709 3174 4770 libertatem
3206 4710 3311 4771 de-

1748 4802 1923 4874 strui,
1947 4802 2046 4862 vel
2061 4802 2344 4879 impediri
2365 4801 2666 4863 libertatis
2681 4822 2890 4875 usum,
2907 4810 3208 4882 quantum
3227 4806 3311 4866 ad

1746 4894 2104 4975 praedictam
2125 4892 2608 4956 indifferentiam
2631 4901 2692 4956 et
2707 4896 3074 4969 dominium,
3094 4916 3310 4975 quam-

1750 4987 1843 5048 vis
1871 4987 2082 5065 quoad
2123 5004 2308 5047 usum
2359 4987 2618 5049 rationis
2669 4994 2732 5049 et
2771 4990 2981 5068 quoad
3025 4990 3313 5050 volunta-

1749 5080 1913 5140 rium
1947 5086 2186 5141 motum
2213 5099 2342 5141 non
2371 5081 2748 5156 destruatur,
2780 5077 2848 5143 ut
2885 5070 3164 5143 referunt
3204 5083 3313 5162 qui

1752 5177 1970 5234 contra
2007 5166 2116 5234 eos
2169 5173 2468 5235 scribunt.
2520 5173 2782 5245 Quidam
2828 5192 2978 5236 vero
3016 5176 3312 5237 Catholici

1750 5266 2068 5337 Doctores,
2107 5266 2248 5327 licet
2292 5284 2436 5327 cum
2483 5266 2788 5328 haereticis
2833 5268 3206 5329 conveniant
3247 5270 3314 5329 in

1752 5358 2050 5439 praedicto
2076 5359 2486 5422 fundamento
2511 5360 2590 5421 de
2615 5361 2877 5441 physica
2897 5362 3314 5440 proedetermi-

1752 5453 2026 5525 natione,
2071 5460 2308 5534 negant
2331 5458 2544 5515 tamen
2570 5456 2717 5517 inde
2745 5456 3033 5535 impediri
3063 5456 3312 5516 liberta-

1752 5546 1831 5607 tis
1861 5551 1925 5606 et
1971 5544 2404 5609 indifferentiae
2445 5565 2652 5623 usum,
2705 5554 2920 5626 aperte
2972 5548 3312 5609 sentientes
