3850 6225
556 409 672 472 148

555 513 765 574 dentia
794 513 927 593 ipsa
952 513 1065 574 Dei
1092 514 1439 575 secundum
1465 520 1665 576 totum
1688 531 1873 576 suum
1914 513 2116 574 ambi-

553 612 688 667 tum
716 613 995 685 spectata
1016 624 1145 668 non
1173 606 1417 682 deficit;
1452 609 1598 688 quia
1624 607 1725 670 ille
1752 607 1885 688 ipse
1911 606 2115 668 defec-

554 706 657 761 tus
686 707 987 762 creaturas
1012 719 1142 761 non
1170 706 1265 762 est
1291 709 1517 781 praeter
1544 701 1964 763 universalem
1991 701 2116 761 dis-

554 793 925 874 positionem
947 795 1351 874 providentiae
1370 794 1615 868 divinae,
1644 795 1761 857 sub
1780 813 1903 874 qua
1926 794 2115 856 etiam

552 888 997 968 permissiones
1059 889 1476 950 continentur.
1544 891 1701 950 Nam
1770 890 1869 949 vel
1937 888 2115 950 illum

554 982 869 1044 defectum
924 983 1089 1042 Deus
1135 983 1483 1060 permittit,
1534 983 1585 1042 si
1630 983 1885 1044 moralis
1931 982 2116 1061 culpa

554 1077 665 1150 sit;
704 1077 803 1136 vel
834 1075 1183 1136 voluntarie
1208 1075 1386 1136 illum
1416 1076 1704 1170 admitt‘it,
1738 1076 1789 1137 si
1820 1077 1899 1136 sit
1941 1093 2114 1136 mere

549 1170 850 1231 naturalis
876 1176 939 1230 et
978 1171 1113 1230 sine
1154 1169 1371 1248 culpa:
1406 1170 1575 1231 unde
1602 1188 1732 1230 non
1774 1175 1869 1230 est
1896 1175 2112 1232 contra

550 1263 869 1342 propriam
904 1263 1290 1324 voluntatem
1336 1262 1709 1343 beneplaciti
1762 1263 1921 1344 ejuS,
1969 1263 2112 1324 lieet

552 1358 630 1418 sit
658 1362 873 1418 contra
896 1356 1171 1435 aliquam
1197 1356 1674 1418 antecedentem
1695 1356 2106 1430 voluntatem,

548 1451 649 1511 vel
678 1450 860 1530 signi.
890 1448 1061 1511 Sicut
1092 1449 1347 1528 quando
1376 1451 1750 1512 architectus
1780 1468 1895 1512 seu
1922 1467 2111 1529 supe-

548 1545 676 1606 rior
702 1543 942 1619 artifex,
976 1543 1179 1605 sciens
1221 1549 1284 1605 et
1330 1543 1570 1619 volana,
1614 1543 1911 1624 relinquit
1953 1543 2112 1604 infe-

546 1637 779 1698 riorem
795 1636 1152 1696 ministrum
1176 1641 1401 1715 praeter
1442 1643 1641 1698 artem
1676 1637 1945 1716 operari,
1965 1654 2112 1717 pro-

546 1735 685 1810 pter
714 1729 1117 1791 commodum
1146 1729 1403 1809 aliquod
1442 1729 1635 1791 totius
1680 1729 1913 1810 operiS,
1941 1728 2112 1810 quod

544 1823 828 1884 minister
866 1840 993 1883 non
1040 1823 1415 1902 assequitur,
1448 1841 1566 1885 nec
1610 1823 1876 1885 intendit
1904 1822 2112 1884 archi-

546 1921 770 1990 tectus,
798 1934 927 1977 non
963 1916 1173 1978 deficit
1214 1917 1575 1996 simpliciter
1602 1917 1683 1978 ab
1712 1923 1869 1991 arte,
1896 1933 2108 1995 neque

544 2029 583 2071 a
610 2009 1053 2072 consecutione
1082 2009 1227 2070 finis
1260 2009 1379 2084 sui,
1408 2011 1649 2072 etiamsi
1674 2009 1933 2072 inferior
1959 2009 2108 2072 defi·

545 2105 701 2177 ciat;
754 2105 842 2166 sic
872 2123 1044 2184 ergo,
1076 2104 1273 2165 multo
1308 2105 1531 2184 majori
1564 2105 1831 2176 ratione,
1862 2104 2108 2166 contin-

546 2198 635 2280 git
662 2197 727 2258 in
747 2197 959 2258 divina
976 2197 1389 2278 providentia.
1421 2199 1637 2276 Neque
1664 2198 1743 2260 de
1766 2197 1885 2258 hoc
1904 2196 2108 2258 Theo-

543 2290 673 2371 logi
702 2291 987 2370 superius
1014 2291 1179 2352 citati
1223 2289 1604 2367 dubitarunt,
1632 2307 1841 2370 neque
1871 2290 2108 2370 aliquid

544 2390 763 2446 contra
810 2385 930 2446 hoc
978 2385 1261 2463 sequitur
1305 2402 1383 2446 ex
1432 2403 1509 2446 eo
1556 2384 1725 2464 quod
1772 2384 1940 2446 Deus
1979 2403 2108 2446 non

542 2477 847 2557 praefiniat
880 2495 1099 2540 omnes
1142 2483 1336 2552 actua,
1370 2483 1439 2538 ut
1487 2495 1603 2558 per
1645 2497 1713 2540 se
1744 2485 1960 2541 notum
1987 2483 2106 2554 est,

544 2577 605 2632 et
631 2571 692 2632 in
724 2577 867 2632 actu
898 2570 1134 2652 peccati
1172 2571 1321 2632 satis
1350 2577 1445 2634 est
1474 2571 1872 2650 explicatum.

549 2765 703 2841 Quot
720 2765 919 2849 possit
942 2766 1135 2828 modis
1161 2764 1313 2828 liber
1338 2771 1634 2830 creatum
1662 2771 1839 2830 actus
1866 2767 1978 2828 sub
2017 2767 2110 2830 dt-

900 2857 1105 2922 vinam
1136 2859 1343 2923 cadere
1368 2859 1758 2924 voluntatem.

622 3031 725 3092 20.
771 3029 861 3090 Ex
888 3029 1089 3104 dictis,
1121 3031 1267 3093 licet
1311 3030 1513 3113 primo
1558 3031 1876 3111 colligere,
1908 3030 2111 3091 tribus

542 3124 747 3185 modis
776 3142 961 3203 posse
992 3130 1202 3186 actum
1228 3125 1499 3187 liberum
1542 3131 1867 3199 creaturae,
1899 3125 2008 3204 qui
2047 3124 2112 3183 in

544 3223 827 3297 tempore
851 3218 943 3289 fit,
968 3218 1195 3279 cadere
1224 3219 1343 3279 sub
1366 3224 1667 3279 aeternam
1694 3218 1809 3279 Dei
1832 3218 2113 3279 volunta-

541 3318 692 3373 tem.
723 3311 951 3383 Prim0‚
983 3318 1053 3372 ut
1080 3310 1537 3391 pra-‚definitum
1566 3318 1711 3373 ante
1755 3311 2112 3373 absolutam

544 3404 999 3485 praescientiam
1042 3406 1181 3485 ejus
1215 3404 1535 3481 ut-futuri,
1588 3410 1659 3466 ut
1693 3406 1827 3485 jam
1876 3412 2113 3467 tactum

546 3503 667 3573 est,
686 3505 747 3561 et
773 3498 958 3559 latius
978 3498 1043 3559 in
1066 3500 1191 3559 tine
1220 3498 1326 3561 lib.
1348 3499 1387 3559 3
1413 3498 1675 3560 dicetur.
1708 3499 2023 3574 Secundo,
2045 3504 2114 3560 ut

548 3591 861 3653 intentum
894 3597 958 3653 et
997 3591 1287 3665 volitum,
1321 3598 1455 3652 tum
1479 3593 1795 3653 voluntate
1822 3592 2110 3670 simplici,

548 3702 663 3748 seu
680 3686 1099 3747 conditionata
1110 3685 1519 3747 antecedente
1534 3684 1990 3764 praescientiam
2009 3686 2114 3745 ab·

550 3780 819 3841 solutam
829 3779 1206 3853 futurorum
1226 3785 1357 3840 tum
1370 3778 1687 3840 voluntate
1700 3779 2119 3840 concomitan-

550 3880 613 3934 te
628 3890 743 3933 seu
764 3872 1250 3952 complacentiae,
1279 3888 1418 3951 quae
1435 3870 1783 3933 secundum
1810 3872 2119 3932 rationem

550 3966 951 4045 consequitur
972 3965 1054 4027 ad
1080 3965 1535 4046 praescientiam
1554 3964 1904 4026 absolutam
1929 3962 2120 4025 futuri

550 4060 809 4122 effectus
844 4060 1015 4122 boni.
1066 4059 1298 4133 Ter-tie,
1326 4063 1397 4120 ut
1444 4058 1649 4119 solum
1690 4058 2115 4137 permissum;

552 4160 613 4215 et
630 4154 746 4215 hoc
766 4153 955 4214 modo
972 4152 1137 4214 cadit
1160 4153 1225 4213 in
1238 4150 1625 4213 voluntatem
1643 4152 1757 4213 Dei
1780 4157 1958 4212 aetus
1979 4168 2121 4231 pec-

552 4247 675 4309 cati
690 4264 711 4325 ;
738 4248 885 4326 quia
924 4246 1101 4307 illum
1127 4246 1301 4309 nullo
1330 4245 1519 4308 modo
1543 4244 1831 4323 intendit,
1862 4246 1936 4305 ut
1965 4243 2114 4321 dixi,

554 4340 667 4401 sed
722 4346 967 4401 tantum
1018 4340 1343 4419 permittit,
1388 4344 1451 4401 et
1494 4356 1625 4400 non
1674 4338 1954 4419 impedit,
2001 4356 2120 4401 nec

554 4452 738 4495 suum
766 4452 1139 4495 coneursum
1176 4432 1539 4512 generalem
1568 4432 1895 4495 subtrahit.
1939 4430 2118 4494 Unde

557 4526 743 4589 etiam
762 4544 796 4586 e
812 4542 1138 4602 converso,
1160 4531 1388 4605 proeter
1408 4523 1547 4586 illas
1568 4525 1725 4586 duas
1740 4525 2114 4599 voluntatem

554 4638 713 4700 quas
757 4619 1055 4701 'theologi
1108 4620 1499 4701 distinguunt
1540 4621 1609 4681 in
1651 4621 1806 4694 Deo,
1857 4618 2112 4693 scilicet,

552 4713 927 4792 beneplaciti
984 4718 1047 4775 et
1100 4712 1533 4793 proefinitivam
1552 4762 1569 4789 ,
1616 4712 1718 4773 vel
1766 4712 2120 4792 simplicem

556 4812 799 4869 tantum
824 4825 939 4869 seu
964 4806 1476 4881 conditionatum,
1506 4822 1843 4888 possumus
1870 4805 2120 4867 tertiam

556 4900 928 4981 adjungere,
958 4918 1099 4981 qute
1127 4918 1283 4981 pure
1304 4900 1669 4981 permissive
1689 4899 1954 4973 dicatur,
1979 4916 2118 4978 quae

552 4993 910 5057 necessaria
960 4993 1405 5057 consecutione
1452 4993 1734 5072 sequitur
1780 5010 1859 5053 ex
1896 4992 2118 5055 volun-

555 5093 682 5149 tate
720 5086 1143 5149 conditionata
1176 5104 1291 5148 seu
1320 5085 1748 5158 antecedenti3
1785 5103 1961 5158 nam,
2001 5085 2120 5147 hoc

553 5182 691 5263 ipso
734 5180 905 5261 quod
945 5180 1113 5242 Deus
1158 5198 1287 5243 non
1334 5180 1671 5243 efficaciter
1710 5180 1825 5241 sed
1866 5186 2120 5243 antece-

552 5276 777 5338 denter
803 5274 936 5336 vult
970 5292 1190 5336 omnes
1220 5274 1507 5335 homines
1536 5270 1785 5345 salvari,
1816 5272 2120 5352 permittit

552 5373 1011 5447 consequenter
1038 5366 1281 5447 aliquos
1307 5365 1633 5437 damnari;
1676 5366 1980 5445 permittit
2005 5386 2120 5429 au-

548 5469 679 5527 tem
706 5478 833 5525 non
874 5461 1165 5541 negative
1206 5479 1274 5522 se
1315 5458 1630 5534 habendo,
1682 5458 1795 5521 sed
1845 5460 2116 5523 volendo

548 5556 945 5635 permittere;
968 5554 1137 5616 unde
1164 5556 1293 5617 haec
1326 5553 1613 5615 voluntas
1638 5569 1767 5615 non
1798 5554 1952 5616 solet
1989 5556 2116 5617 dis-

1114 415 1323 468 opnsc
1361 417 1400 476 1.
1432 415 1547 468 ua.
1582 416 1645 468 u.
1681 415 1763 469 nr.
1796 414 2114 468 concussu
2147 399 2250 468 mii
2283 414 2368 467 An
2400 413 2600 468 Acras
2633 411 2877 466 oaauus
2907 411 3195 464 aarum.

2193 513 2394 592 tingui
2431 532 2470 574 a
2510 512 2786 592 reliquia,
2813 512 2914 572 vel
2941 509 3090 588 quia
3125 509 3192 568 in
3227 509 3317 570 eis
3347 508 3576 568 virtute
3611 526 3738 568 con-

2193 607 2450 682 tinetur,
2479 607 2578 668 vel
2609 613 2778 670 certe
2827 605 2975 684 quia
3019 603 3306 664 voluntas
3330 602 3734 681 permittendi,

2196 705 2266 761 ut
2305 701 2387 762 ad
2420 701 2896 780 permissionem
2941 697 3333 768 terminatur,
3385 695 3734 772 beneplaciti

2197 802 2322 868 est;
2355 801 2424 856 ut
2467 799 2676 855 autem
2707 795 2977 875 pertinet
3026 791 3108 852 ad
3155 791 3450 852 effectum
3495 789 3738 866 permis-

2199 906 2372 962 sum,
2422 887 2592 948 nullo
2639 887 2828 948 modo
2871 886 3160 946 voluntas
3208 883 3346 963 ejus
3400 878 3738 958 simpliciter

2197 981 2317 1042 dici
2345 985 2574 1060 potest,
2600 999 2750 1042 nam
2793 980 2963 1058 quod
3010 995 3170 1058 pure
3213 975 3596 1056 permissum
3637 982 3734 1046 est,

2197 1093 2326 1136 non
2368 1081 2462 1136 est
2499 1075 2782 1136 volitum.

2275 1167 2420 1232 Non
2471 1167 2774 1248 prefiniti
2823 1164 2958 1228 bom·
3021 1169 3194 1228 actm
3215 1209 3230 1238 ‚
3287 1165 3410 1226 imo
3463 1165 3526 1225 et
3583 1163 3736 1234 mali,

2193 1262 2378 1326 etiam
2403 1261 2602 1343 quoad
2621 1259 2894 1339 sin-male,
2926 1258 3036 1321 sub
3061 1257 3330 1320 divinam
3363 1257 3594 1319 cadunt
3615 1273 3737 1336 pro·

2191 1356 2539 1431 videntium,
2577 1358 2637 1417 et
2669 1351 2952 1435 qualiter.
2981 1383 3062 1396 —
3085 1349 3401 1424 Secundo,
3423 1365 3738 1428 possumus

2191 1465 2270 1510 ex
2310 1448 2490 1510 dictis
2535 1447 2852 1526 colligere,
2885 1463 3013 1505 non
3061 1445 3266 1505 solum
3313 1451 3492 1504 actus
3533 1442 3734 1512 bonos

2191 1541 2336 1602 licet
2363 1541 2652 1620 proefiniti
2681 1559 2808 1601 non
2839 1538 2986 1612 sint,
3015 1557 3146 1600 nou
3173 1555 3312 1600 esse
3347 1543 3528 1597 extra
3558 1536 3740 1615 provi-

2193 1635 2470 1696 dentiam
2499 1635 2634 1708 Dei,
2663 1652 2886 1696 verum
2917 1633 3106 1694 etiam
3141 1636 3320 1692 actus
3357 1637 3738 1710 peecatorum

2192 1728 2312 1788 sub
2335 1729 2442 1788 illa
2475 1727 2803 1789 contineri.
2853 1728 2984 1788 Imo
3015 1743 3144 1788 non
3187 1724 3390 1785 solum
3427 1725 3608 1782 actus
3645 1740 3736 1800 pro

2191 1821 2522 1895 materiali,
2555 1819 2672 1882 sed
2697 1821 2888 1881 etiam
2917 1819 3052 1898 ipsa
3095 1816 3333 1879 malitia
3357 1815 3602 1895 peccati
3644 1832 3738 1892 po-

2187 1921 2312 1976 test
2337 1915 2460 1976 dici
2489 1914 2714 1976 eadere
2743 1913 2862 1974 sub
2900 1913 3014 1974 Dei
3053 1911 3512 1992 providentiam
3549 1909 3734 1986 aliquo

2187 2010 2410 2085 mod03
2441 2009 2588 2090 quia
2617 2014 2711 2071 est
2733 2007 2998 2068 materia
3021 2007 3186 2067 circa
3215 2023 3408 2084 quam
3435 2004 3630 2081 aliqui
3653 2023 3735 2064 ac·

2187 2111 2290 2166 tus
2313 2103 2536 2164 divinas
2575 2101 2980 2182 providentiae
3018 2103 3369 2160 versantur.
3401 2098 3542 2158 Non
3591 2097 3736 2174 quod

2187 2199 2356 2258 Deus
2383 2194 2710 2276 provideat
2743 2193 3028 2254 absolute
3053 2191 3255 2252 utilia
3278 2191 3386 2260 sit,
3421 2191 3548 2250 hoc
3593 2190 3736 2250 enim

2189 2290 2377 2352 modo
2413 2289 2600 2352 etiam
2631 2295 2840 2350 actum
2865 2286 3106 2366 peccati
3133 2303 3262 2346 non
3289 2284 3615 2364 providet;
3645 2283 3736 2343 sed

2190 2383 2382 2462 quod,
2416 2383 2573 2443 sicut
2619 2381 2702 2442 ad
2745 2377 3200 2460 providentiam
3249 2378 3362 2439 Dei
3405 2380 3648 2458 spectat
3681 2381 3738 2436 ut

2191 2477 2508 2557 permittat
2531 2479 2740 2536 actum
2757 2473 3020 2554 peccati,
3039 2473 3128 2534 ita
3145 2471 3334 2532 etiam
3349 2477 3420 2532 ut
3437 2470 3736 2549 permittat

2189 2570 2493 2632 malitiam
2521 2568 2680 2648 ejuS,
2713 2583 3076 2647 quanquam
3119 2583 3246 2625 non
3277 2563 3500 2625 eodem
3531 2561 3736 2638 modo;

2188 2681 2338 2724 nam
2363 2670 2571 2724 actum
2598 2660 2918 2742 permittit,
2943 2657 3212 2720 volendo
3245 2658 3436 2720 etiam
3455 2657 3544 2717 ad
3583 2656 3738 2716 illum

2191 2774 2586 2830 concurrere,
2615 2754 2696 2816 ad
2725 2753 3028 2814 malitiam
3053 2757 3264 2814 autem
3289 2769 3416 2813 non
3443 2750 3582 2810 vult
3609 2767 3735 2810 con·

2191 2868 2466 2924 currere,
2499 2850 2645 2930 quia
2673 2865 2792 2910 nec
2817 2849 2952 2928 ipsa
2989 2847 3226 2926 indiget
3271 2846 3736 2914 tali‘concursu‚

2191 2962 2308 3006 nec
2337 2944 2470 3024 ipse
2512 2947 2718 3023 potest
2749 2941 2814 3002 in
2841 2958 2984 3002 eam
3017 2939 3251 3002 directe
3295 2939 3588 2999 influere.
3637 2935 3742 2996 Sed

2193 3036 2314 3098 hoc
2341 3036 2496 3097 nihil
2544 3035 2752 3097 obstat
2798 3033 3134 3114 quominus
3179 3031 3390 3110 aliquo
3419 3030 3614 3092 modo
3641 3030 3740 3088 dici

2193 3130 2390 3211 possit
2417 3129 2643 3193 cadere
2675 3128 2796 3191 sub
2821 3126 3278 3207 providentiam
3295 3125 3432 3197 Dei,
3459 3124 3612 3203 quia
3635 3142 3742 3183 non

2195 3230 2440 3304 oportet
2467 3230 2536 3285 ut
2583 3220 2974 3301 providentia
3019 3219 3276 3282 eosdem
3321 3224 3498 3279 actus
3529 3218 3740 3277 habeat

2193 3318 2358 3379 circa
2409 3317 2642 3389 omnia,
2687 3332 2829 3395 quae
2880 3314 2999 3375 sub
3047 3313 3218 3375 illam
3267 3312 3522 3374 cadunt.
3583 3310 3738 3373 Unde

2191 3412 2550 3492 prohibere,
2577 3410 2804 3491 punire
2829 3414 2892 3471 et
2913 3408 3231 3470 remittere
3259 3412 3544 3487 peccata,
3585 3409 3738 3465 actus

2195 3512 2340 3569 sunt
2377 3506 2779 3587 providentiae
2821 3504 3068 3577 divinae,
3113 3521 3255 3583 quae
3292 3502 3460 3564 circa
3495 3500 3740 3562 formale

2193 3601 2436 3681 peccati
2471 3597 2898 3679 propriissime
2925 3603 3275 3658 versantur.

2285 3694 2556 3768 Quonam
2587 3696 2770 3774 pacto
2797 3688 3005 3753 divina
3037 3689 3428 3769 providentia
3456 3690 3528 3751 in
3575 3687 3744 3748 omni-

2199 3786 2306 3849 hm
2349 3784 2480 3849 suis
2520 3784 2762 3865 objectis
2799 3781 2882 3847 sit
2925 3782 3392 3865 perfectissima.
3419 3813 3502 3828 —
3527 3781 3738 3842 Tertio.

2199 3878 2564 3958 intelligitur
2593 3895 2671 3939 ex
2684 3875 2886 3949 dictis,
2907 3875 3223 3954 quomodo
3239 3874 3630 3954 providentia
3648 3874 3744 3933 Dei

2201 3972 2264 4031 in
2293 3970 2584 4032 omnibus
2613 3976 2678 4031 et
2713 3969 2972 4049 singulis
3010 3967 3086 4029 sit
3113 3968 3588 4047 perfectissima,
3621 3967 3744 4026 licet

2201 4082 2330 4126 non
2365 4064 2576 4125 omnia
2609 4080 2789 4143 aeque
2825 4061 2976 4123 velit
3017 4079 3140 4123 nec
3170 4061 3382 4123 omnia
3407 4061 3740 4139 praefiniat3

2202 4160 2339 4219 hoec
2379 4158 2546 4219 enim
2575 4156 2876 4235 perfectio
2905 4172 3034 4215 non
3084 4154 3367 4216 consistit
3416 4156 3482 4214 in
3509 4152 3740 4233 aequali-

2201 4257 2328 4313 tate
2357 4250 2768 4323 arithmetica,
2809 4247 2919 4309 sed
2959 4248 3026 4307 in
3081 4247 3464 4326 geometrica
3503 4266 3744 4327 propor-

2199 4344 2368 4405 tione
2393 4362 2408 4416 3
2441 4342 2761 4418 nimirum,
2785 4340 2956 4420 quod
2985 4340 3323 4418 unicuique
3347 4340 3434 4401 ita
3453 4339 3742 4419 providet,

3819 2909 3822 3093 l

3817 3326 3820 3462 l

3815 3708 3818 3828 t

3813 4126 3815 4194 4

2199 4437 2360 4500 sicut
2385 4452 2504 4517 par
2529 4441 2660 4509 est;
2703 4435 2804 4497 vel
2825 4435 3004 4513 juxta
3033 4435 3470 4514 capacitatem,
3493 4431 3743 4494 necessi·
3812 4452 3813 4499 ἦ

2197 4534 2394 4592 tatem
2419 4529 2522 4591 vel
2553 4528 2999 4609 perfectionem
3045 4528 3205 4607 eJus.
3233 4526 3560 4599 Quomodo
3607 4524 3744 4585 dixit
3812 4502 3813 4562 ¹

2202 4622 2557 4703 Apostolus,
2585 4624 2616 4683 1
2653 4622 2794 4683 Cor.
2831 4621 2908 4683 5:
2949 4618 3274 4702 Numquid
3307 4620 3378 4683 de
3417 4620 3592 4683 bobus
3607 4636 3742 4681 cura

2199 4723 2291 4781 eet
2313 4718 2476 4780 Deo?
2515 4733 2643 4776 non
2671 4712 2842 4793 quod
2869 4731 3092 4775 eorum
3139 4714 3592 4792 providentiam
3625 4730 3740 4772 non
3809 4768 3811 4807 ἑ

2197 4810 2448 4883 habeat,
2481 4807 2593 4870 sed
2628 4809 2778 4887 quia
2823 4824 2954 4868 non
3007 4806 3201 4867 habet
3237 4806 3455 4882 talem,
3509 4808 3742 4885 qualem
3810 4846 3811 4887 ἢ

2199 4904 2388 4966 habet
2417 4903 2497 4965 de
2525 4900 2918 4974 hominibus;
2961 4900 3152 4962 habet
3179 4906 3392 4963 tamen
3447 4900 3738 4980 perfectis·
3809 4890 3811 4928 l

2199 5000 2446 5071 simam,
2481 4997 2550 5059 id
2593 5002 2728 5069 est,
2769 4994 2880 5059 tali
2927 4996 3170 5055 naturae
3199 4994 3734 5074 proportionatam.

2200 5098 2262 5153 et
2291 5091 2470 5171 quasi
2510 5089 2808 5152 debitam.
2855 5087 2956 5150 Sic
3009 5104 3160 5167 ergo
3203 5088 3282 5148 de
3319 5087 3604 5149 omnibus
3639 5086 3738 5143 hu·
3807 5130 3809 5143 ἱ

2197 5185 2403 5245 manis
2417 5184 2660 5245 actibus
2677 5180 2870 5243 habet
2893 5180 3414 5260 perfectissimam
3431 5178 3739 5259 providen-

2200 5278 2374 5352 tiam,
2409 5294 2538 5339 non
2567 5281 2782 5338 tamen
2817 5272 3149 5353 aequalem,
3183 5280 3256 5335 ut
3293 5275 3444 5335 satis
3479 5272 3739 5335 declara·

2196 5376 2334 5433 tum
2355 5377 2472 5433 est.
