3850 6225
619 407 788 460 SEGT.
827 410 862 460 Ι.
901 408 1114 461 mltum
1146 408 1380 461 mmm
1416 406 1768 459 vlvlFlan
1801 408 2092 463 VALEANT
2124 413 2209 463 An
2242 410 2571 470 mortuum,
2608 411 2743 463 ETC.
3160 402 3282 463 567

121 511 500 584 tribuendum,
533 516 595 571 et
630 529 758 573 non
785 530 980 573 unum
1019 525 1134 591 pro
1169 511 1404 585 multis,
1451 509 1640 571 et.di·

121 605 284 665 versis
309 604 523 664 titulis:
569 604 716 683 quia
745 606 866 665 hoc
906 606 1180 684 postulat
1207 604 1468 683 aequitas
1500 604 1640 683 jus-

121 699 270 757 titiae:
304 697 434 757 talis
467 703 678 757 autem
735 704 831 759 est
857 697 1066 757 divina
1101 698 1434 775 promissio
1457 742 1472 770 ,
1506 696 1636 757 sive

119 790 474 869 generalibus
489 790 692 851 verbis
713 796 1012 870 concepta
1037 791 1298 855 :Reddet
1315 787 1638 870 unicuique

117 884 404 945 secundum
445 901 620 963 opera
651 886 804 963 ojus,
846 884 974 945 sive
1017 884 1354 963 aliquando
1398 884 1641 962 specia-

119 976 276 1047 libus,
303 982 372 1035 ut
395 976 470 1035 de
507 975 696 1037 dante
725 982 941 1057 potum
975 994 1156 1055 aquae
1179 976 1458 1055 frigidae:
1494 976 1640 1045 Nm

113 1072 292 1150 perdet
317 1072 629 1132 mercedem
665 1088 862 1133 suam.
907 1072 1124 1132 Matth.
1157 1074 1254 1131 11.
1283 1072 1445 1149 Ergo
1476 1088 1554 1131 ex
1579 1069 1638 1129 vi

119 1164 276 1241 hujus
299 1162 716 1241 promissionis
748 1164 992 1243 singula
1037 1164 1362 1225 habebunt
1386 1164 1638 1243 propria

119 1263 168 1315 et
193 1256 454 1316 distincta
478 1257 759 1335 praemia‚
789 1264 859 1318 ut
881 1258 1142 1337 aequitas
1169 1264 1472 1319 servetur.

118 1507 269 1571 Ratio
282 1513 446 1571 sexta
465 1526 602 1571 <mm
621 1508 966 1571 testimonio
990 1508 1244 1573 Concilii
1259 1508 1608 1573 Tridentini
1614 1554 1628 1569 .

178 1728 263 1787 28.
287 1726 526 1787 Accedit
554 1729 860 1804 praeterea
887 1726 1055 1805 quod
1073 1727 1124 1786 si
1149 1728 1308 1787 Deus
1335 1727 1504 1789 illam
1537 1748 1634 1789 ra-

115 1821 312 1879 tionem
339 1825 613 1880 servaret
659 1818 722 1878 in
759 1818 1162 1898 proemiandis
1190 1821 1451 1893 meritis,
1503 1840 1632 1882 non

113 1919 332 1990 possent
346 1913 495 1991 justi
516 1930 632 1992 per
651 1912 862 1972 omnia
881 1912 1046 1973 bona
1064 1930 1176 1973 sua
1194 1930 1384 1991 opera
1406 1916 1632 1975 mereri

113 2012 478 2083 angmentum
504 2006 723 2085 gratiae
749 2012 808 2065 et
827 2006 966 2065 vitae
990 2010 1261 2080 aeternae,
1287 2013 1504 2068 contra
1527 2008 1634 2068 de·

111 2100 414 2159 finitionem
441 2098 677 2159 Concil.
704 2097 900 2170 Trid.‚
937 2114 1090 2159 sess⁸
1125 2100 1187 2170 6,
1229 2116 1368 2158 can.
1408 2101 1506 2161 32.
1541 2100 1634 2159 Di-

111 2198 260 2253 cetur
291 2193 548 2252 fortasse
581 2208 708 2251 non
757 2208 940 2269 posse
977 2191 1232 2269 quidem
1259 2192 1380 2252 hoc
1409 2192 1634 2255 mereri

109 2302 202 2362 per
227 2286 454 2345 omnia:
485 2302 674 2363 posse
697 2290 908 2343 tamen
928 2301 1043 2361 per
1063 2284 1434 2345 intensiores
1460 2290 1634 2345 actus

107 2377 408 2450 charitatis,
447 2382 518 2437 et
565 2377 686 2437 hoc
725 2377 874 2437 satis
913 2394 1052 2436 esse
1101 2376 1182 2436 ad
1223 2376 1633 2437 intentionem

109 2471 344 2531 Concilii.
377 2470 500 2533 Sed
531 2486 750 2531 revera
769 2486 898 2530 non
919 2468 1068 2529 satis
1097 2476 1212 2539 est,
1243 2470 1390 2547 quia
1417 2470 1637 2530 Conci-

109 2563 234 2623 lium
267 2582 376 2623 nec
415 2563 494 2624 de
543 2563 694 2623 solis
727 2562 970 2623 actibus
1005 2581 1042 2623 a
1073 2563 1378 2622 charitate
1416 2561 1634 2621 elicitis

109 2658 366 2735 loquitur,
385 2676 508 2719 nec
538 2658 618 2719 de
641 2657 788 2717 solis
815 2656 1280 2729 intensioiibuS‚
1311 2656 1422 2717 sed
1451 2656 1636 2716 abso-

107 2750 212 2809 lute
236 2750 306 2811 (18
339 2751 524 2811 honis
551 2748 872 2829 operibuS,
919 2766 1060 2828 quoe
1103 2749 1184 2809 ab
1225 2750 1477 2809 homine
1501 2749 1634 2827 jus-

107 2843 326 2915 tificate,
353 2862 462 2923 per
501 2844 621 2906 Dei
645 2844 938 2925 qratiam,
979 2848 1036 2905 et
1074 2842 1228 2905 Jesu
1263 2841 1496 2906 Christi
1525 2859 1638 2904 me-

107 2939 288 3009 ritum,
305 2940 474 3019 cujus
495 2940 705 3001 vivum
725 2937 1051 2998 membrwm
1065 2938 1176 3009 est,
1199 2936 1470 3012 fiunt.1n
1498 2935 1638 3015 qui-

109 3032 206 3091 bus
239 3032 436 3093 verbis
475 3032 527 3093 si
574 3030 916 3091 Concilium
954 3046 1248 3107 expresse
1296 3029 1636 3089 addidisset

109 3125 322 3203 sig-num
353 3125 836 3196 distributivum,
867 3121 1089 3194 omnia,
1127 3123 1364 3197 nullus,
1417 3123 1632 3189 credo.

108 3225 267 3286 esset,
296 3220 397 3298 qui
419 3218 773 3297 oppositam
802 3217 1178 3276 sententiam
1223 3215 1480 3276 omnino
1505 3233 1670 3274 non·

105 3309 418 3372 damnaret.
441 3311 625 3383 Quod
651 3315 862 3370 autem
889 3308 990 3370 ille
1021 3308 1102 3368 sit
1129 3327 1354 3370 sensus
1381 3307 1632 3368 Consilii

103 3404 320 3464 ostendi
337 3410 564 3482 potest.
599 3403 804 3464 Primo
819 3419 900 3462 ex
917 3401 1204 3462 absoluto
1226 3407 1288 3462 et
1312 3399 1632 3460 indefinito

103 3513 386 3568 sermone,
419 3498 526 3578 qui
563 3499 630 3558 in
655 3495 958 3558 tradenda
997 3495 1280 3556 doctrina
1309 3494 1638 3573 aequivalet

103 3591 427 3651 universali.
455 3589 754 3654 Secundo
773 3607 850 3652 ex
879 3588 1337 3650 conditionibus
1363 3605 1520 3667 quas
1541 3605 1638 3647 re·

103 3683 264 3759 quirit
289 3685 348 3743 in
375 3685 698 3764 operibus,
729 3689 795 3743 ut
819 3682 1138 3742 meritoria
1167 3682 1292 3742 sint
1314 3680 1636 3760 augmenti

103 3777 311 3852 gratim,
343 3779 584 3839 scilicet
621 3776 789 3855 quod
841 3775 964 3836 sint
990 3775 1072 3835 ab
1115 3774 1369 3835 homine
1418 3772 1638 3853 justifi-

103 3876 241 3940 cato,
270 3877 330 3931 et
355 3871 525 3950 quod
555 3871 681 3930 sint
705 3869 896 3941 hona,
927 3875 1116 3946 atque
1143 3866 1303 3927 adeo
1331 3867 1552 3938 libera,
1577 3870 1640 3925 et

101 3963 358 4036 moralia,
406 3971 466 4025 et
515 3981 636 4044 per
681 3962 798 4023 Dei
823 3961 1088 4041 gratiam
1125 3967 1186 4021 et
1225 3961 1377 4021 Jcsu
1417 3957 1637 4021 Christi

99 4058 364 4118 meritum
399 4058 606 4120 facta:
637 4075 788 4136 ergo
813 4056 1002 4118 sentit
1031 4055 1242 4115 omnia
1279 4071 1495 4133 opera,
1527 4053 1643 4112 ha—

101 4145 290 4209 bentia
339 4151 454 4212 has
495 4149 890 4211 conditiones
909 4194 924 4220 ,
983 4165 1122 4208 esse
1167 4146 1484 4207 meritoria
1535 4163 1643 4205 au-

101 4244 314 4318 gmenti
361 4243 608 4322 gratiae,
647 4248 704 4304 el
742 4242 850 4321 qui
875 4241 1088 4320 plures
1133 4239 1521 4301 conditiones
1546 4256 1641 4299 re-

97 4333 268 4410 quirit
303 4335 384 4396 ad
407 4337 531 4398 hoc
557 4334 878 4409 meritum,
931 4333 1302 4394 adversatur
1328 4331 1635 4394 Concilio:

97 4443 248 4504 nam,
295 4441 438 4491 cum
479 4429 652 4492 solas
691 4427 830 4489 illas
869 4427 1180 4505 designat,
1235 4427 1438 4486 tacite-
1464 4429 1641 4506 ponit

97 4521 476 4598 exclusivum,
502 4521 838 4584 8018811188
861 4537 1003 4581 8888
1027 4519 1376 4580 necessaria
1387 4538 1440 4591 S,
1483 4520 1640 4581 alias

97 4619 152 4672 et
175 4614 546 4678 diminutum
567 4615 806 4690 fuisset,
838 4621 900 4675 et
937 4613 1004 4672 in
1029 4613 1240 4692 rigore
1259 4613 1397 4692 ejus
1419 4612 1640 4674 defini·

97 4707 261 4770 tionis
287 4710 518 4772 veritas
551 4727 680 4770 non
709 4709 1095 4778 consisteret,
1129 4705 1639 4785 quandoquidem

95 4802 274 4862 multa
320 4821 514 4881 opera
568 4801 862 4863 babentia
908 4799 1046 4860 illas
1077 4797 1468 4859 conditiones
1511 4817 1639 4860 non

95 4902 333 4969 possent
355 4913 496 4957 esse
515 4894 854 4956 meritoria.
887 4891 1066 4954 Addo
1093 4891 1275 4952 tertio
1303 4889 1436 4951 fieri
1455 4909 1639 4970 posse

88 4985 252 5062 juxta
286 4989 406 5049 alia
454 4989 853 5061 sententiam,
907 4991 978 5046 ut
1014 4983 1238 5062 aliquis
1267 4983 1642 5062 justificatus

93 5095 198 5155 per
221 5083 428 5142 omnia
448 5083 614 5144 bona
637 5099 828 5160 opera
845 5079 1045 5140 suain
1066 5083 1194 5138 totu
1211 5077 1334 5137 vita
1361 5095 1484 5138 non
1515 5095 1642 5140 me-

95 5179 292 5234 reatur
337 5181 768 5255 augmentum.
818 5171 1280 5234 Constituamus
1329 5169 1496 5230 enim
1536 5171 1644 5232 ali-

95 5279 272 5341 quem
299 5268 590 5330 adultum
609 5265 1020 5347 justificatum
1039 5281 1154 5343 per
1179 5263 1640 5338 contritionem,

97 5360 158 5414 ut
205 5359 445 5434 decem,
492 5362 688 5423 multa
733 5361 900 5421 bona
947 5375 1138 5436 opera
1175 5362 1237 5416 et
1275 5367 1648 5437 supernatu-

95 5449 236 5510 ralia
279 5453 340 5513 in
385 5455 673 5516 discursu
701 5455 840 5515 vitae
869 5452 1104 5524 facere,
1150 5449 1396 5510 nullum
1436 5457 1648 5513 tamen

95 5545 250 5624 quod
288 5546 350 5606 in
405 5546 756 5610 intensione
786 5547 1047 5611 excedat
1091 5543 1530 5608 contritionem
1577 5551 1647 5608 ut

1721 509 1981 585 decem;
2006 511 2111 575 ille
2132 513 2435 593 profecto,
2454 512 2635 592 juxta
2660 511 2849 571 aliam
2879 508 3277 582 sententiam,

1719 622 1833 683 per
1862 606 2075 666 omnia
2102 624 2295 685 opera
2320 606 2635 679 sunbona,
2656 610 2721 665 et
2732 622 2847 683 per
2865 601 2975 663 Dei
2992 600 3279 681 gratiam,

1717 705 1782 759 et
1809 716 1921 777 per
1946 700 2167 761 Christi
2204 700 2497 761 meritum
2530 698 2717 769 facta,
2768 716 2895 757 non
2934 700 3282 755 mereretur

1719 792 1933 871 gratiae
1994 799 2451 872 augmentum3
2500 792 2619 851 hoc
2666 794 2873 851 autem
2930 794 3025 851 est
3064 792 3283 849 contra

1716 884 2049 945 formalem
2090 885 2517 947 definitionem
2554 884 2829 945 Concilii.
2871 884 3035 960 Ergo
3075 886 3146 941 ut
3174 878 3282 942 illa

1719 978 1997 1039 definitio
2048 980 2127 1039 sit
2165 998 2318 1040 vera
2361 979 2426 1038 in
2472 976 2643 1038 omni
2671 977 2921 1037 homine
2942 974 3281 1054 justificato

1719 1073 1888 1151 apud
1932 1074 2126 1133 Deum
2155 1074 2318 1133 bene
2350 1076 2653 1141 merente,
2698 1087 2957 1131 necesse
2985 1074 3081 1129 est
3112 1072 3179 1127 ut
3206 1066 3286 1129 sit

1723 1166 1910 1227 etiam
1942 1186 2091 1229 vera
2114 1168 2179 1227 in
2215 1166 2475 1245 singulis
2500 1164 2795 1243 operibns
2829 1181 2865 1225 a
2908 1160 3109 1243 gratia
3142 1178 3283 1239 pro-

1719 1260 2107 1321 cedentibus.

1799 1354 1900 1414 29.
1950 1353 2373 1417 Proeclwditwr
2426 1369 2580 1415 nova
2608 1354 2778 1435 fuya.
2830 1382 2912 1397 -
2969 1352 3097 1415 Nisi
3144 1354 3283 1433 quis

1713 1447 1981 1507 fortasse
2038 1446 2204 1507 dicat
2256 1446 2425 1506 illam
2483 1445 2911 1507 definitionem
2958 1463 3087 1507 non
3140 1464 3279 1509 esse

1713 1540 2130 1601 universalem
2178 1539 2363 1599 etiam
2410 1539 2619 1617 quoad
2642 1558 2946 1619 personas
2983 1540 3284 1619 justifica·

1714 1640 1918 1695 torum
1945 1634 2107 1694 bene
2129 1632 2519 1712 operantium
2548 1652 2623 1693 ex
2654 1635 2873 1713 gratia.
2911 1636 3041 1697 Hoc
3070 1641 3283 1698 autem

1713 1728 1922 1789 dicere
1951 1726 2133 1787 valde
2161 1726 2503 1787 absurdum
2530 1746 2605 1787 ac
2627 1727 3047 1806 periculosum
3076 1734 3279 1799 esset;

1713 1822 1870 1882 alias
1897 1820 2051 1880 nihil
2076 1818 2327 1879 firmum
2358 1826 2420 1880 et
2442 1818 2661 1881 stabile
2689 1838 2827 1881 csse
2848 1828 3059 1899 posset
3084 1822 3151 1881 in
3178 1822 3284 1883 illa

1715 1914 2115 1976 definitione:
2158 1931 2299 1991 quae
2342 1918 2545 1991 potest
2586 1930 2725 1973 esse
2753 1920 3015 1991 quarta,
3052 1920 3114 1975 et
3155 1932 3284 1975 non

1715 2026 1941 2087 parum
1972 2026 2203 2087 urgens
2231 2006 2409 2067 ratio.
2446 2008 2624 2077 Nam,
2670 2006 2719 2066 si
2770 2007 3109 2068 Concilium
3156 2026 3287 2069 non

1717 2102 1991 2180 loquitur
2017 2100 2095 2160 (18
2118 2100 2285 2160 omni
2301 2100 2494 2177 just0,
2523 2099 2737 2161 dicere
2760 2101 2901 2178 quis
2922 2102 3173 2179 poterit,
3202 2101 3287 2163 ad

1715 2194 2143 2255 definitionem
2168 2192 2419 2253 Concilii
2446 2191 2595 2251 satis
2627 2209 2763 2252 esse
2790 2194 2959 2271 quod
2996 2212 3159 2255 unus
3187 2194 3289 2256 vel

1717 2286 1873 2347 alter
1895 2288 2103 2365 justus
2141 2286 2259 2345 hoc
2298 2289 2705 2364 augmentum
2742 2290 3080 2359 mereatur,
3125 2287 3289 2349 scili-

1717 2386 1836 2447 cet,
1865 2397 2037 2447 ,eum
2084 2379 2189 2457 qui
2234 2377 2425 2439 fucrit
2472 2378 2731 2457 insignis
2772 2380 3141 2453 sanctitatiS,
3188 2379 3287 2442 vel

1717 2472 1868 2552 quid
1917 2471 2141 2531 simile.
2192 2472 2349 2531 Nam
2369 2515 2390 2545 ‚
2448 2470 2607 2531 sicut
2647 2470 2755 2531 illa
2800 2472 3011 2549 opinio
3063 2476 3285 2551 praeter

1717 2567 2056 2627 Concilium
2087 2565 2347 2644 requirit
2390 2564 2760 2625 intensiores
2791 2570 2989 2637 881118,
3019 2566 3107 2627 ita
3143 2581 3285 2645 pos-

1719 2666 1810 2720 set
1858 2659 2017 2719 alius
2060 2678 2187 2719 non
2216 2674 2615 2737 quacumque
2661 2659 2899 2736 majore
2932 2660 3285 2721 intensione

1719 2772 1856 2815 esse
1893 2756 2245 2825 contentus,
2278 2750 2391 2812 sed
2420 2751 2705 2812 heroicos
2726 2756 2901 2813 actus
2924 2754 3278 2831 postulare3

1717 2848 1770 2907 si
1811 2864 1961 2925 orgo
2004 2846 2123 2905 hoc
2152 2845 2382 2915 dicere,
2417 2852 2781 2905 censeretur
2808 2851 3022 2907 contra
3068 2846 3286 2915 delini?

1715 2941 1949 3001 tionem
1980 2938 2257 3012 Concilii,
2288 2938 2475 2998 etiam
2504 2937 2655 2998 illud
2684 2940 2956 3017 primum
2984 2944 3078 3001 est
3102 2938 3285 3001 valde

1716 3024 1991 3094 alienum
2022 3050 2059 3092 a
2088 3038 2299 3093 mente
2352 3032 2509 3110 ejus,
2542 3032 2742 3105 Unde,
2774 3033 2945 3111 quod
2983 3034 3047 3094 in
3082 3033 3285 3113 prima

1715 3126 1957 3186 ratione
1988 3126 2417 3200 sumebamuS,
2449 3127 2513 3186 in
2542 3125 2643 3186 his
2679 3126 3093 3188 locutionibus
3136 3128 3289 3190 doc·-

1715 3219 2044 3280 trinalibus
2089 3217 2479 3282 indefinitam
2521 3219 2895 3297 aequivalere
2948 3220 3288 3282 distributi-

1714 3329 1828 3384 voe,
1863 3313 2095 3392 optime
2137 3312 2259 3372 hoc
2286 3313 2571 3392 exemplo
2602 3316 2667 3373 et
2692 3313 2935 3374 ratione
2960 3313 3291 3378 confirma-

1715 3411 1818 3465 tur
1839 3423 1854 3476 ;
1873 3423 2021 3465 nam
2039 3405 2229 3466 etiam
2249 3405 2589 3466 Concilium
2611 3405 2944 3467 nominans
2967 3408 3289 3469 hominem

1711 3497 2144 3576 justificatum,
2176 3515 2305 3558 non
2326 3497 2498 3558 addit
2526 3498 3286 3578 signum-distributivum,

1719 3591 1830 3652 sed
1857 3591 2219 3670 simpliciter
2252 3591 2432 3652 dicit:
2472 3591 2554 3654 Si
2590 3591 2729 3672 quis
2760 3593 2988 3656 dixerit
3030 3592 3289 3657 hminis

1705 3683 2071 3765 justificati,
2106 3691 2250 3756 etc„
2304 3688 2367 3746 et
2405 3689 2615 3745 tamen
2660 3691 2755 3746 est
2786 3692 3025 3746 certum
3054 3705 3288 3749 sermo-

1719 3798 1866 3839 nem
1896 3796 2036 3840 esse
2062 3777 2476 3838 universalem
2508 3778 2587 3838 de
2627 3779 2800 3838 omni
2834 3780 3087 3840 homine
3107 3780 3292 3859 justi-

1717 3871 1922 3944 ficat0‚
1960 3870 2103 3949 quia
2123 3870 2277 3930 alias
2296 3869 2450 3930 nihil
2478 3875 2718 3930 certum
2738 3871 2837 3932 vel
2860 3873 3109 3933 firmum
3136 3874 3291 3934 Con-

1723 3964 1933 4025 cilium
1962 3963 2283 4034 definiret;
2322 3980 2494 4042 ergo,

1804 4057 1901 4117 30.
1944 4054 2191 4128 Quinto,
2240 4055 2408 4116 idem
2436 4054 2685 4116 declaro
2714 4055 2897 4117 aliter
2942 4074 3018 4118 ex
3064 4058 3291 4120 eodem

1723 4149 1995 4210 Concilio
2016 4168 2031 4221 ;
2065 4148 2189 4208 duo
2220 4148 2383 4208 enim
2403 4147 2627 4208 eodem
2653 4155 2947 4210 contextu
2970 4149 3067 4211 his
3082 4149 3291 4212 verbis

1723 4243 1943 4304 definit
1963 4261 1979 4302 ι
2006 4241 2088 4306 Si
2109 4241 2247 4322 quis
2266 4239 2490 4304 dioeerit
2513 4241 3127 4320 hominisjuetificati
3144 4243 3293 4306 bona

1723 4353 1902 4417 opera
1942 4337 2037 4398 ita
2080 4352 2207 4397 esse
2236 4335 2393 4396 dona
2417 4333 2551 4405 Dei,
2580 4339 2652 4396 ut
2676 4351 2797 4396 non
2818 4335 2949 4396 siut
2974 4336 3157 4398 etiam
3196 4335 3294 4416 ip-

1719 4431 1854 4492 sius
1879 4428 2139 4492 hominis
2152 4427 2495 4507 justificati
2522 4426 2743 4490 meo-ita
2760 4451 2788 4500 ,·
2810 4432 2918 4490 aut
2944 4427 3143 4507 ipsum
3153 4430 3295 4507 jus-

1721 4523 2017 4602 tificatum
2040 4521 2208 4583 bom
2234 4521 2529 4600 open-ihm,
2556 4537 2691 4600 quoe
2714 4520 2787 4580 ab
2807 4537 2869 4581 eo
2880 4537 2993 4599 per
3014 4521 3133 4582 Dei
3150 4539 3295 4604 qra-

1721 4616 1872 4678 tiam
1891 4617 2077 4696 fiunt,
2093 4630 2213 4674 mm
2236 4615 2457 4676 mereri
2476 4615 2863 4695 ammentum
2878 4611 3122 4693 gratiae,
3142 4632 3293 4678 ana-

1721 4709 1920 4770 numa
1946 4707 2053 4769 sit.
2086 4707 2157 4767 In
2180 4705 2369 4785 priori
2388 4711 2599 4766 autem
2633 4711 2809 4785 parte
2844 4706 3033 4786 hujus
3074 4705 3291 4768 defini-

1720 4799 1905 4862 tionis
1921 4805 2163 4859 certum
2184 4805 2277 4858 est
2304 4817 2661 4860 sermonem
2678 4817 2815 4860 esse
2844 4800 3287 4874 universalem,

1721 4893 1965 4954 etiamsi
2007 4895 2199 4956 verba
2238 4890 2561 4952 indefinita
2606 4890 2761 4965 sint3
2796 4911 2946 4973 crgo
2989 4893 3157 4955 idem
3201 4900 3296 4956 est

1723 4986 2065 5048 dicendum
2090 4986 2169 5047 de
2193 4983 2521 5066 posteriori
2550 4991 2751 5064 parte,
2786 5005 2928 5046 cum
2954 4987 3297 5050 Concilium

1723 5080 1949 5140 eodem
1978 5085 2273 5142 contextu
2314 5085 2379 5139 et
2400 5078 2591 5138 modo
2630 5077 2943 5159 loquatur.
2976 5081 3153 5144 Unde
3196 5099 3298 5141 ar-

1723 5179 2059 5253 gumentor
2087 5179 2261 5234 sexto
2302 5179 2365 5233 et
2394 5171 2609 5231 ultimo
2639 5172 2722 5232 ad
2754 5173 3072 5234 hominem
3100 5193 3114 5233 ε
3148 5191 3296 5234 nam

1727 5268 1804 5340 si,
1837 5284 1912 5328 ex
1944 5264 2306 5327 definitione
2336 5263 2589 5325 Consilii
2610 5282 2741 5324 non
2761 5263 3065 5326 hahemus
3090 5264 3300 5327 omnia

1727 5365 1789 5420 et
1819 5359 2065 5439 singula
2095 5357 2413 5419 meritoria
2442 5373 2637 5435 opera
2669 5356 2991 5435 justificati
3028 5357 3299 5417 hominis

1727 5453 1961 5512 mereri
1986 5453 2399 5531 augmentum
2450 5449 2689 5528 gratiae,
2722 5450 2911 5509 etiam
2950 5467 3077 5510 non
3104 5449 3303 5511 liabe-

1729 5563 1870 5605 mus
1891 5563 2005 5624 per
2028 5545 2240 5606 omnia
2268 5550 2331 5605 et
2354 5542 2597 5622 singula
2620 5543 2848 5603 mereri
2875 5543 3163 5624 gratiam,
3191 5550 3303 5610 aut
