3850 6225
797 340 933 394 CAP.
969 339 1120 392 xvn.
1159 337 1358 392 aetus
1391 338 1959 394 SUPERNATURALES
1993 339 2320 394 Paffirmm
2354 343 2395 394 A
2428 342 2570 403 DEO,
2602 341 2738 394 mc.
3060 299 3069 304 -
3254 341 3367 402 251

175 446 618 512 traduxernnt;
669 441 796 502 imo
857 445 1115 520 propter
1173 439 1344 503 illam
1403 442 1724 504 vitandam

171 539 450 600 videntur
493 534 880 616 potissimum
933 533 1278 612 compulsi,
1331 541 1398 596 ut
1441 535 1504 596 in
1553 535 1726 598 aliud

173 639 510 694 extremum
541 627 926 689 inclinarent.
960 629 1116 689 Nam
1141 645 1286 688 cum
1321 628 1436 708 ipsi
1470 629 1570 690 vel
1595 646 1723 690 non

173 729 540 804 agnoscant,
579 721 680 783 vel
711 739 838 782 non
872 720 1166 794 credant,
1218 721 1542 784 scientiam
1579 741 1722 784 con-

173 821 526 882 ditionatam
567 816 918 878 futurorum
939 859 956 885 ,
1003 833 1086 876 ne
1131 821 1506 894 cogerentur
1547 816 1720 876 illum

172 911 410 973 modum
464 907 870 987 providentiae
924 909 1052 968 Deo
1103 909 1468 981 attribuere,
1531 909 1720 970 etiam

171 1007 228 1066 in
261 1001 840 1081 supernaturalibus
877 1000 1119 1062 actibus
1157 1001 1536 1064 induxerunt
1585 1002 1718 1064 effi-

171 1097 390 1160 caciam
445 1095 686 1174 gratiae,
737 1098 800 1154 et
849 1093 1270 1172 praemotionis
1325 1093 1549 1155 divinae
1606 1113 1720 1174 per

171 1189 476 1272 physicam
518 1185 1240 1266 praedeteminationem
1266 1233 1281 1258 ‚
1325 1192 1393 1248 ut
1431 1206 1547 1267 per
1580 1206 1722 1250 eam

169 1283 343 1362 possit
383 1281 552 1340 Deus
579 1297 656 1340 ea
683 1279 927 1350 omnia,
963 1296 1110 1356 quae
1140 1279 1218 1341 de
1263 1279 1589 1340 hominum
1627 1299 1722 1340 sa-

171 1377 282 1439 lute
306 1372 756 1454 perfectissime
780 1371 1058 1434 decrevit
1081 1377 1144 1432 et
1170 1372 1405 1447 statuit,
1432 1373 1720 1435 infallibi-

169 1471 292 1528 liter
323 1466 401 1526 ad
429 1466 672 1526 exitum
711 1463 1078 1544 perducere.
1119 1465 1251 1545 Ego
1289 1484 1460 1540 vero,
1497 1485 1721 1546 qnam-

169 1562 246 1622 τῖε
271 1565 559 1622 neutram
587 1576 664 1618 ex
695 1557 790 1618 his
819 1563 1097 1620 extreme
1136 1558 1437 1636 oppositis
1467 1565 1722 1622 senten·-

171 1655 254 1714 tiis
285 1668 496 1712 veram
539 1669 684 1712 esse
731 1668 1048 1724 censeam,
1093 1650 1180 1711 ita
1222 1657 1434 1714 tamen
1474 1652 1553 1714 de
1600 1653 1718 1714 illis

172 1745 372 1816 sentio,
396 1749 490 1815 ut,
525 1743 580 1804 si
608 1744 676 1804 in
701 1741 965 1804 alteram
995 1761 1213 1804 earum
1241 1745 1596 1806 necessario
1625 1745 1718 1820 in·

171 1837 526 1900 clinandum·
555 1841 750 1910 esset,
800 1836 1010 1916 potius
1058 1837 1468 1915 proedefinitio
1515 1838 1720 1900 omnis

173 1937 322 1993 actus
366 1931 864 2008 supernaturalis
909 1930 973 1989 in
1019 1930 1378 2008 particulari
1427 1931 1720 2012 neganda

173 2029 340 2096 esset,
373 2041 568 2100 quam
601 2024 866 2102 physica
893 2022 1464 2102 praedeterminatio
1494 2023 1720 2085 admit-

172 2117 332 2182 tenda
358 2162 373 2191 ,
411 2117 562 2194 quia
603 2116 963 2178 testimonia
1001 2116 1334 2196 Scripturae
1355 2161 1376 2192 ‚
1417 2116 1718 2179 Concilio-

171 2229 290 2272 rum
315 2217 373 2271 et
397 2211 687 2286 Patrum,
733 2229 810 2270 ac
843 2211 1119 2270 rationes
1147 2217 1409 2289 sumptae
1441 2227 1518 2270 ex
1546 2210 1718 2291 prin—

175 2304 324 2384 cipiis
337 2301 504 2374 fidei,
537 2320 673 2363 non
703 2303 789 2364 ita
816 2303 1153 2364 efficaciter
1177 2303 1514 2364 ostendunt
1540 2310 1715 2364 actus

175 2399 382 2476 aliquos
426 2395 670 2456 liberos
715 2395 1032 2475 praefiniri,
1075 2396 1234 2458 sicut
1275 2397 1543 2477 probant
1587 2415 1716 2458 non

175 2508 286 2552 esse
314 2508 386 2550 ex
413 2487 942 2552 determinatione
975 2489 1322 2552 extrinseca
1353 2535 1370 2564 ,
1411 2489 1479 2551 ut'
1505 2494 1716 2550 osten-

175 2604 290 2646 sum
317 2591 428 2646 est.

331 2771 756 2851 Proedefinitio
779 2789 902 2833 mm
925 2777 1230 2854 repuynat
1254 2772 1543 2837 libertati.

242 2966 292 3024 4.
322 2961 502 3022 Nobis
532 2966 756 3022 autem
788 2965 1016 3022 neutra
1048 2961 1147 3022 via
1175 2979 1255 3023 ex
1291 2961 1388 3024 his
1417 2964 1710 3026 extremis

178 3054 488 3117 necessaria
539 3059 638 3117 est
671 3073 688 3129 ;
729 3055 882 3128 imo,
925 3055 1248 3135 supposita
1289 3054 1710 3121 conditionata

181 3150 416 3223 scientia,
469 3148 774 3209 facillime
825 3146 1222 3211 defendimus
1269 3168 1454 3229 posse
1506 3150 1710 3213 Deum

181 3243 310 3301 intra
333 3260 418 3315 se,
448 3260 564 3302 seu
589 3242 666 3301 in
693 3241 1012 3303 voluntate
1041 3262 1178 3315 sua,
1211 3244 1498 3305 absoluto
1528 3250 1591 3306 et
1620 3244 1710 3307 ef·-

181 3335 324 3395 iicaei
347 3336 668 3415 proposito
697 3334 1063 3409 decernere,
1089 3341 1157 3399 ut
1188 3336 1414 3417 aliquis
1442 3344 1620 3399 actus
1645 3338 1710 3397 in

184 3427 520 3506 particulari,
552 3433 617 3489 et
645 3446 793 3488 cum
812 3428 1041 3489 talibus
1065 3430 1570 3505 circumstantiiS,
1603 3430 1714 3493 fiat

183 3521 232 3580 in
248 3527 500 3599 tempore
527 3540 566 3583 a
583 3520 913 3582 voluntate
939 3522 1242 3597 humana,
1269 3522 1442 3602 prius
1467 3524 1710 3586 ratione

183 3630 336 3690 quam
360 3614 656 3693 praesciat
675 3614 870 3675 talem
891 3620 1102 3675 actum
1130 3634 1269 3677 esse
1301 3616 1582 3677 absolute
1611 3617 1710 3678 fu-

179 3712 348 3765 turum
386 3726 400 3779 ;
445 3706 574 3769 imo
619 3712 689 3768 et
725 3706 898 3786 prius
926 3708 1170 3771 ratione
1196 3709 1261 3769 in
1291 3710 1509 3771 ordine
1538 3710 1703 3784 fluia,

179 3816 331 3875 quam
353 3800 495 3861 velit
521 3800 846 3879 applicare
887 3800 1098 3889 media
1130 3802 1231 3861 vel
1270 3801 1420 3863 dare
1449 3802 1702 3877 auxilia,

181 3910 268 3969 per
287 3892 576 3970 quietalis
605 3900 790 3955 actus
815 3893 1062 3955 futurus
1089 3902 1182 3957 est
1205 3940 1222 3968 ‚
1266 3898 1551 3975 quamvis
1579 3916 1708 3959 non

183 3984 286 4045 sine
307 3985 414 4046 illis
433 3986 532 4047 vel
555 3987 776 4065 aliquo
805 3988 1054 4051 illorum
1075 4007 1090 4061 ;
1123 3994 1186 4049 et
1207 3989 1330 4049 hoc
1357 3996 1452 4051 est
1473 3990 1707 4069 praede-

183 4076 326 4139 finire
350 4080 530 4141 talem
553 4084 794 4156 actum,
827 4088 1197 4143 conservata
1227 4083 1364 4161 ejus
1391 4082 1700 4145 libertate.

184 4170 298 4231 Haec
337 4172 536 4233 omnia
575 4173 966 4252 probantum
1003 4192 1154 4235 nam
1197 4175 1338 4235 talis
1388 4182 1566 4237 actus
1611 4182 1707 4239 est

184 4262 432 4325 honestus
455 4272 516 4327 et
535 4267 1034 4347 supernaturalis
1061 4286 1077 4337 ;
1109 4286 1258 4347 ergo
1285 4286 1364 4329 ex
1383 4268 1501 4329 hac
1524 4274 1702 4347 parte

185 4375 284 4415 non
303 4364 596 4437 repugnat
637 4360 812 4438 qnod
837 4362 1006 4421 Deus
1035 4359 1210 4420 illum
1243 4360 1526 4423 absolute
1555 4362 1703 4423 velit

189 4455 422 4523 elamet,
450 4453 548 4513 vel
579 4453 792 4531 eligat,
823 4460 1127 4531 tanquam
1165 4455 1702 4533 proportionatum

187 4542 416 4602 medium
451 4545 534 4605 ad
583 4546 1132 4625 supernaturalem
1169 4545 1440 4608 hominis
1481 4548 1696 4609 finem.

189 4632 381 4696 Deinde
407 4638 826 4717 praecognovit
846 4640 1014 4700 Deus
1039 4639 1230 4700 talem
1266 4640 1660 4701 vocationem
1682 4686 1698 4715 ,

193 4725 266 4784 vel
287 4730 558 4791 auxilium
585 4778 604 4801 ,
649 4750 788 4793 esse
821 4732 1367 4795 accommodatum
1394 4734 1698 4807 medium,

193 4825 246 4879 ut
271 4840 364 4898 per
393 4824 538 4885 illud
575 4826 863 4887 voluntas
905 4826 1182 4887 humana
1214 4827 1292 4887 de
1328 4827 1491 4890 facto
1531 4828 1702 4890 incli-

195 4918 338 4973 netur
369 4917 446 4976 ad
468 4918 656 4979 talem
683 4924 894 4981 actum
921 4919 1298 4981 eliciendum
1327 4938 1342 4993 ;
1391 4920 1516 4981 imo
1547 4939 1702 4999 prae-

199 5010 440 5084 cognovit
484 5029 622 5073 esse
665 5012 812 5086 tale,
853 5018 927 5074 ut
968 5012 1258 5073 voluntas
1300 5012 1702 5075 infallibiliter

202 5096 261 5155 sit
291 5098 367 5159 illi
391 5110 792 5181 cooperatura
817 5124 832 5177 ς
881 5122 1034 5186 ergo
1060 5112 1267 5185 potest
1291 5107 1480 5181 DeuS,
1516 5108 1699 5169 unico

200 5196 308 5250 actu
334 5194 768 5274 simplicissimo
797 5217 926 5261 suae
956 5200 1314 5275 voluntatiS,
1341 5201 1504 5263 velle
1530 5202 1701 5281 quod

201 5288 372 5346 creata
395 5290 668 5353 voluntas
697 5292 902 5355 eliciat
929 5293 1121 5355 talem
1149 5299 1382 5366 actum,
1423 5298 1508 5368 et,
1535 5298 1606 5355 ut
1631 5294 1703 5353 il-

201 5370 304 5435 lum
328 5378 540 5445 haheat
557 5427 574 5451 .
615 5384 766 5447 dare
805 5386 890 5447 illi
920 5386 1045 5447 tale
1078 5386 1413 5459 auxilium3
1457 5387 1604 5466 quia
1641 5393 1703 5449 et

205 5463 334 5531 Deus
355 5471 476 5551 ipse
501 5476 656 5541 liber
671 5485 766 5541 est
791 5479 876 5541 ad
900 5479 1262 5553 volendum,
1296 5482 1358 5541 et
1385 5481 1700 5560 obiectum

1805 441 2011 520 ipsum
2042 441 2124 502 ita
2156 447 2250 502 est
2274 441 2547 503 amabile
2574 487 2589 514 ,
2632 447 2695 502 et
2722 449 3010 521 respectu
3038 445 3373 506 voluntatis

1804 534 2032 595 divinae
2063 534 2216 596 nihil
2244 533 2542 596 indecens
2564 540 2674 594 aut
2700 553 3062 615 repugnans
3086 538 3366 600 includit.

1804 627 1923 688 Per
1950 625 2103 687 illud
2133 631 2346 688 autem
2372 626 2695 688 decretum
2728 627 2859 688 vult
2893 629 3061 690 Deus
3094 631 3372 692 vocatio-

1803 738 1976 792 nem,
1998 719 2171 782 verbi
2197 720 2419 800 gratia,
2444 727 2513 782 ut
2536 720 2815 782 medium
2835 721 2915 782 ad
2946 721 3133 784 talem
3158 729 3371 785 actum

1802 812 2139 874 voluntatis
2167 815 2458 874 humanoe
2484 833 2499 888 ;
2530 820 2739 890 actum
2761 833 2909 876 vero
2936 822 3005 876 ut
3028 815 3221 878 finem
3238 835 3372 878 res-

1802 911 1985 986 pectu
2032 907 2174 968 talis
2210 908 2585 980 vocationis,
2623 909 2911 986 quamvis
2945 909 3241 972 eumdem
3270 927 3373 970 ac-

1802 1009 1937 1065 tum
1980 1003 2125 1064 velit
2166 1009 2234 1064 ut
2270 1003 2546 1064 medium
2586 1010 2879 1083 respectu
2908 1005 3145 1084 glodae.
3192 1004 3371 1077 Quod

1802 1113 1950 1156 vero
1976 1095 2043 1156 in
2070 1096 2187 1157 hoc
2215 1095 2423 1156 divino
2449 1096 2703 1158 decreto
2726 1096 2883 1158 nihil
2908 1098 2985 1158 sit
3005 1116 3371 1178 repugnans

1800 1188 2104 1261 libertati,
2146 1193 2347 1268 patet,
2386 1189 2535 1268 quia
2564 1207 2677 1270 per
2714 1190 2839 1250 tale
2885 1190 3209 1252 decretum
3237 1191 3371 1254 vult

1799 1283 1968 1342 Deus
1996 1287 2207 1343 actum
2234 1282 2411 1342 illum
2450 1283 2513 1342 in
2544 1283 2761 1344 ordine
2792 1283 2873 1344 ad
2908 1301 3164 1346 causam
3194 1291 3257 1346 et
3288 1283 3371 1346 ad

1801 1373 2103 1446 medium,
2146 1392 2259 1453 per
2287 1393 2427 1454 quoe
2454 1375 2649 1438 libere
2678 1376 2925 1438 futurus
2954 1383 3069 1449 est,
3112 1382 3175 1438 et
3208 1395 3285 1438 ex
3307 1377 3367 1438 vi

1799 1467 1941 1528 talis
1973 1467 2205 1529 decreti
2234 1469 2473 1530 nullam
2502 1471 2689 1532 aliam
2720 1489 2973 1532 causam
3006 1471 3261 1532 adhibet
3288 1471 3369 1532 ad

1799 1561 1991 1622 talem
2017 1567 2257 1636 actum;
2302 1582 2452 1641 ergo
2480 1581 2609 1626 non
2638 1572 2733 1626 est
2763 1565 2935 1626 unde
2960 1566 3157 1645 possit
3180 1564 3369 1627 liber-

1799 1661 1994 1717 tatem
2029 1655 2261 1718 laedere
2293 1657 2395 1718 vel
2424 1657 2768 1736 impedire;
2814 1676 2961 1718 nam
2991 1658 3196 1738 potius
3226 1675 3367 1720 eam

1799 1749 2069 1810 maxime
2098 1755 2309 1811 tuetur
2338 1769 2451 1829 per
2480 1751 2604 1812 tale
2631 1750 2975 1824 decretum,
3012 1753 3159 1831 quia
3186 1759 3249 1814 et
3274 1752 3369 1813 di-

1797 1848 1967 1904 recte
1993 1843 2125 1904 vult
2153 1843 2360 1922 ipsum
2387 1850 2597 1905 actum
2626 1849 2928 1906 creaturae
2960 1850 3031 1908 ut
3054 1845 3325 1906 liberum
3342 1890 3363 1921 ,

1801 1939 1862 1994 et
1901 1953 1979 1995 ex
2006 1935 2069 1996 vi
2106 1936 2241 2016 ejus
2269 1935 2517 1997 ordinat
2547 1936 2824 1998 medium
2854 1943 3073 2016 aptum
3102 1937 3184 1998 ad
3211 1936 3369 2000 libe-

1797 2045 1935 2088 ram
1962 2027 2544 2091 determinationem
2570 2031 2974 2094 causandam.
3009 2031 3135 2092 Nec
3158 2050 3273 2110 per
3292 2030 3363 2091 il-

1797 2120 1908 2181 lud
1930 2120 2253 2182 decretum
2272 2121 2455 2184 aliter
2479 2123 2679 2186 intluit
2703 2124 2766 2184 in
2785 2124 3171 2186 voluntatem
3196 2141 3367 2186 crea·

1797 2217 1963 2286 tam;
1997 2219 2061 2276 et
2086 2212 2227 2276 ideo
2250 2233 2375 2275 non
2397 2221 2603 2294 potest
2624 2215 2883 2280 modum
2902 2217 3201 2296 operandi
3230 2217 3365 2297 ejus

1798 2305 2155 2380 immutare,
2190 2313 2257 2368 ut
2280 2308 2465 2368 latius
2496 2309 2603 2370 lib.
2639 2313 2667 2370 1
2704 2306 3093 2372 declaratum
3122 2315 3241 2370 est.

1877 2401 1937 2460 5.
1972 2400 2279 2480 Denique,
2322 2402 2491 2481 quod
2514 2404 2701 2482 hujus
2734 2403 2903 2464 modi
2935 2404 3261 2467 decretum
3288 2404 3365 2464 sit

1792 2511 1942 2554 vere
1986 2493 2425 2573 praedefiniens
2451 2496 2645 2558 talem
2674 2502 2908 2569 actum,
2953 2497 3257 2576 probatur
3286 2515 3362 2558 ex

1795 2586 1974 2648 dictis
2000 2588 2065 2648 in
2092 2588 2283 2668 priori
2312 2596 2544 2668 puncto
2576 2592 2761 2670 hujus
2793 2591 3012 2671 capitis
3032 2637 3049 2664 ,
3086 2590 3233 2670 quia
3268 2597 3363 2652 est

1773 2679 2081 2742 „absoluta
2130 2687 2193 2743 et
2241 2684 2459 2744 efficax
2508 2684 2719 2745 volitio
2771 2684 2946 2763 ejus;
2996 2701 3143 2744 nam
3188 2683 3361 2762 quod

1793 2773 1963 2835 Deus
1994 2792 2121 2835 non
2158 2775 2307 2836 velit
2328 2776 2521 2838 talem
2550 2781 2757 2838 actum
2788 2777 2904 2837 nisi
2934 2774 2997 2836 in
3026 2776 3245 2837 ordine
3278 2775 3359 2838 ad

1793 2866 2333 2930 accommodatum
2385 2869 2665 2931 medium
2693 2914 2708 2943 ,
2754 2873 2817 2931 et
2856 2887 2971 2950 per
3012 2869 3187 2943 illud,
3231 2887 3363 2930 non

1791 2958 2057 3037 impedit
2087 2961 2423 3038 quominus
2450 2961 2557 3024 illa
2584 2962 2792 3024 volitio
2824 2963 3109 3026 absoluta
3140 2969 3203 3024 et
3228 2963 3361 3024 effi-

1793 3072 1906 3114 cax
1923 3053 2029 3127 sit;
2064 3053 2187 3116 imo
2210 3073 2287 3117 ex
2316 3054 2375 3115 vi
2400 3055 2535 3136 ejus
2560 3054 2907 3135 applicatur
2929 3055 3055 3119 tale
3080 3056 3357 3119 medium

1791 3146 2230 3219 infallibiliter,
2272 3148 2419 3225 quia
2456 3148 2593 3227 ipsa
2632 3152 2729 3209 est
2756 3149 3067 3223 absoluta,
3114 3155 3175 3211 et
3206 3168 3361 3229 prae-

1790 3238 2107 3301 definitiva
2136 3240 2277 3301 talis
2304 3246 2501 3304 actus.
2536 3243 2611 3303 Et
2631 3241 3059 3317 confirmatur,
3081 3261 3230 3303 nam
3256 3242 3361 3304 de-

1791 3338 2033 3395 cretum
2072 3351 2198 3412 quo
2242 3335 2454 3395 statuit
2484 3333 2649 3397 Dens
2690 3334 2843 3397 dare
2888 3334 3129 3397 homini
3168 3335 3359 3397 talem

1791 3428 2180 3488 vocationem
2210 3446 2581 3506 congruam,
2615 3434 2683 3489 ut
2711 3428 2925 3491 credat
2944 3474 2961 3501 ,
2994 3435 3090 3489 est
3116 3428 3361 3506 praede-

1791 3518 1989 3581 finitio
2018 3526 2309 3599 respectu
2338 3521 2478 3585 talis
2514 3522 2855 3583 vocationis
2884 3541 2900 3595 ;
2942 3522 3091 3600 quia
3124 3520 3360 3601 simpli·

1792 3610 1947 3673 citer
1978 3612 2109 3674 vult
2144 3614 2295 3677 dare
2328 3614 2522 3689 illam,
2564 3618 2904 3693 antequam
2932 3614 3220 3695 praesciat
3248 3616 3359 3677 ab·

1791 3705 1993 3769 solute
2030 3706 2328 3783 futuram,
2358 3708 2643 3787 quamvis
2672 3726 2801 3770 non
2829 3708 2974 3770 velit
3012 3726 3153 3770 eam
3178 3708 3354 3780 dare,

1787 3800 1908 3859 nisi
1934 3805 2187 3879 propter
2213 3800 2403 3861 talem
2430 3801 2625 3862 finem
2649 3801 2748 3863 vel
2772 3808 3021 3873 actum;
3058 3820 3208 3882 ergo
3236 3808 3299 3863 et
3320 3820 3357 3863 e

1789 3894 2103 3954 contrario
2130 3894 2458 3955 decretum
2485 3893 2563 3955 de
2590 3901 2733 3957 actu
2765 3896 2901 3975 ipso
2930 3896 3045 3956 erit
3070 3895 3358 3973 praedefi-

1794 3986 1945 4047 nitio
1984 3986 2145 4065 ejus,
2187 3988 2471 4067 quamvis
2516 4006 2643 4053 non
2692 3988 2771 4051 sit
2810 3988 3038 4053 volitus
3079 3988 3198 4049 nisi
3245 4007 3360 4067 per

1786 4080 1911 4141 tale
1942 4080 2241 4141 medium.
2290 4081 2570 4143 Tandem
2598 4082 2701 4143 ille
2734 4088 2909 4151 actus
2940 4100 3070 4143 non
3104 4099 3357 4160 compa-

1787 4179 1965 4235 ratur
1994 4172 2075 4234 ad
2100 4180 2379 4235 nostram
2415 4174 2803 4239 voluntatem
2843 4180 2911 4236 ut
2938 4174 3358 4237 determinan-

1785 4267 1934 4330 dam
1964 4267 2166 4327 solum
2194 4268 2703 4344 concomitanter,
2738 4268 2851 4331 sed
2880 4268 3350 4341 antecedenter,

1786 4366 1850 4421 et
1893 4360 2249 4433 causaliter,
2296 4362 2447 4440 quia
2486 4380 2601 4441 per
2638 4362 2813 4426 illum
2844 4364 3011 4423 Deus
3048 4380 3179 4423 non
3224 4362 3355 4423 vult

1783 4456 2031 4514 tantum
2070 4471 2465 4525 concurrere,
2511 4454 2563 4515 si
2609 4456 2899 4516 voluntas
2938 4456 3351 4529 consenserit,

1785 4545 1896 4606 sed
1915 4544 2049 4607 vult
2070 4552 2143 4606 ut
2166 4547 2537 4621 consentiat,
2566 4547 2755 4627 idque
2782 4566 2907 4609 non
2941 4566 3057 4627 per
3082 4548 3357 4609 velleita-

1783 4643 1935 4711 tem,
1965 4656 2077 4698 seu
2109 4637 2457 4717 simplicem
2482 4640 2804 4715 affectum,
2838 4640 2952 4701 sed
2977 4640 3265 4703 absoluto
3294 4648 3356 4703 et

1785 4732 2021 4792 efficaci
2052 4731 2304 4795 decreto
2328 4778 2343 4805 ,
2380 4733 2567 4811 quale
2595 4740 2691 4795 est
2726 4734 2881 4796 illud
2900 4780 2915 4809 ,
2956 4735 3037 4797 de
3069 4753 3194 4814 quo
3224 4737 3352 4797 Au-

1784 4825 2071 4905 gustinus
2098 4825 2280 4887 dixit:
2322 4827 2555 4894 Volenti
2578 4830 2697 4893 Deo
2717 4830 2954 4895 salvum
2974 4834 3193 4905 facore,
3213 4830 3352 4893 md-

1783 4918 1912 4981 lum
1970 4920 2299 4985 humanum
2336 4921 2577 4985 resistit
2624 4921 2946 4987 arbitrium
2987 4973 3006 4995 ‚
3050 4927 3145 4984 est
3201 4942 3351 5003 ergo

1781 5031 1931 5073 vera
1980 5013 2392 5092 praedefinitio
2413 5059 2429 5088 ,
2485 5034 2615 5076 non
2659 5021 2873 5078 tamen
2915 5017 3351 5081 necessitatem

1779 5106 2081 5183 inferenS,
2129 5108 2275 5186 quia
2307 5109 2659 5171 executioni
2696 5110 3055 5173 mandanda
3090 5115 3187 5173 est
3236 5130 3351 5190 per

1780 5202 2063 5263 medium
2084 5220 2437 5283 congruum
2462 5211 2523 5266 et
2538 5206 3077 5268 accommodatum
3097 5206 3353 5269 liberta-

1781 5297 1830 5356 ti
1855 5295 2177 5371 humanae,
2194 5296 2328 5375 jam
2351 5299 2733 5377 praescitum,
2764 5299 2846 5360 ad
2880 5300 3055 5379 qnod
3090 5298 3353 5361 includit

1779 5394 2157 5467 respectum.
2196 5392 2400 5469 Atque
2428 5392 2562 5455 haec
2584 5410 2731 5471 pars
2760 5393 2988 5455 certior
3010 5392 3121 5455 fiet
3147 5411 3227 5458 ex
3250 5410 3345 5455 se-

1781 5487 2015 5561 quente
2042 5502 2057 5555 ;
2090 5500 2297 5563 neque
2323 5487 2541 5545 contra
2565 5484 2737 5545 illam
2763 5484 3013 5548 invenio
3037 5484 3349 5547 rationem
