3850 6225
631 419 804 474 SECT.
834 422 916 474 lv.
950 420 1034 474 AN
1067 419 1166 472 Sl'r
1191 419 1256 472 IN
1284 419 1405 472 1)Εο
1431 417 1706 472 lustina
1735 417 1997 472 LEGALls
2024 419 2164 483 VEL,
2196 419 2345 472 ALIA
2372 419 2491 472 PER
2520 420 2709 482 QUAM,
2740 420 2875 472 Ere.

133 525 494 588 formaliter
519 521 794 598 attribui,
822 522 970 600 quia
997 522 1064 582 in
1111 538 1226 582 suo
1255 525 1564 600 conceptu
1587 520 1715 582 for-

135 619 288 681 mali
333 616 870 697 imperfectionem
907 615 1192 688 includit,
1223 613 1518 675 nimirum
1545 613 1712 694 quod

135 712 220 773 sit
247 711 338 772 ad
367 711 634 772 alterum
658 715 960 788 tanquam
995 707 1410 789 superiorem,
1441 713 1506 770 et
1543 707 1716 786 quod

133 804 443 883 respiciat
463 805 570 884 jus
597 809 662 865 et
685 803 926 864 bonum
963 801 1240 875 alterius,
1276 808 1582 880 tanquam
1621 801 1716 861 al·-

133 900 262 960 tins
301 902 374 960 et
398 897 819 972 excellentiuS,
857 913 1050 976 quam
1077 897 1422 976 proprium,
1453 896 1710 968 scilicet,

131 998 208 1054 ut
243 992 495 1054 bonum
535 991 726 1054 totius
771 996 836 1052 et
876 1007 1234 1052 commune.
1277 991 1448 1051 Deus
1499 992 1712 1050 autem

133 1091 440 1165 respectu
477 1085 710 1146 nullius
739 1083 1200 1146 communitatis
1227 1087 1432 1162 potest
1461 1099 1712 1162 compa-

133 1179 264 1240 rari
307 1181 384 1239 ut
409 1195 579 1258 pars,
605 1195 724 1239 nec
747 1177 854 1257 jus
889 1183 998 1238 aut
1022 1175 1262 1238 bonum
1289 1175 1546 1237 alterius
1575 1181 1714 1262 tan5

135 1289 338 1352 quam
361 1269 768 1334 excellentius
791 1267 1104 1350 respicere
1123 1289 1140 1344 3
1169 1287 1300 1330 non
1325 1287 1478 1350 ergo
1507 1275 1714 1350 potest

131 1364 428 1426 formalis
446 1363 690 1443 justitia
713 1363 938 1444 legalis
959 1365 1090 1424 Deo
1115 1364 1470 1424 convenire.
1494 1364 1714 1426 Possu-

133 1475 282 1518 mus
309 1463 530 1520 autem
545 1457 896 1536 intelligere
915 1457 1054 1518 loco
1077 1456 1242 1518 illius
1260 1457 1496 1520 babere
1509 1456 1712 1518 D'eum

133 1553 443 1613 virtutem
469 1550 812 1629 quamdam
831 1550 1110 1629 justitiae,
1131 1567 1272 1627 quse
1303 1568 1430 1612 non
1459 1550 1714 1629 respicit

135 1645 430 1706 debitum
461 1663 540 1706 ex
574 1644 990 1725 promissione
1027 1644 1126 1705 vel
1153 1650 1359 1724 pacto,
1384 1643 1544 1706 sicut
1569 1661 1712 1724 pro-

137 1739 276 1820 pria
300 1737 573 1818 justitia,
607 1737 686 1798 de
723 1755 848 1816 qua
888 1738 1060 1817 prius
1088 1737 1278 1798 locuti
1313 1755 1564 1811 sumus;
1598 1737 1710 1800 sed

135 1834 400 1912 respicit
423 1835 666 1895 tantum
692 1830 972 1892 debitum
995 1829 1404 1910 providentia}
1423 1831 1706 1907 modum,

137 1943 336 2008 quem
362 1927 526 1986 Deus
557 1925 658 1986 vel
691 1924 907 2001 rebus,
939 1925 1038 1985 vel
1061 1925 1268 2004 potius
1311 1943 1440 1986 suat·
1466 1925 1712 2005 sapien·

136 2022 237 2082 tiae
285 2025 356 2082 et
393 2017 656 2081 bonitati
693 2017 904 2092 debet,
934 2019 1256 2097 supposito
1284 2018 1454 2096 quod
1501 2026 1563 2080 et
1603 2037 1712 2080 res

137 2131 366 2174 creare
391 2118 456 2174 et
493 2112 850 2192 guberna-re
883 2111 1099 2173 voluit.
1137 2112 1208 2173 In
1236 2112 1358 2173 hoc
1383 2112 1554 2173 enim
1597 2111 1711 2174 ob-

131 2208 304 2287 jecto
359 2205 652 2284 quaedam
699 2205 1000 2266 honestas
1053 2211 1116 2266 et
1175 2205 1578 2266 conformitas
1627 2204 1710 2267 ad

138 2305 384 2361 rectam
445 2305 510 2360 et
561 2297 936 2378 prudentem
999 2297 1308 2360 rationem
1369 2298 1703 2360 invenitur.

139 2395 538 2473 Quapropter
558 2410 688 2453 non
721 2396 816 2454 est
840 2390 1104 2454 dubium
1127 2391 1278 2471 quin
1297 2392 1458 2474 velle
1483 2411 1561 2454 ex
1587 2393 1708 2456 hoc

137 2487 380 2548 motivo
405 2487 598 2548 rebus
627 2486 854 2548 creatis
881 2486 1328 2548 convenienter
1353 2486 1704 2565 providere,

139 2582 450 2642 honestus
477 2586 656 2641 actus
691 2579 794 2655 sit,
837 2597 911 2641 ac
939 2578 1202 2658 proinde
1231 2579 1504 2658 speciale
1537 2579 1710 2642 attri-

139 2673 370 2734 butum
397 2673 466 2734 in
490 2672 702 2736 divina
723 2673 1048 2735 voluntate
1087 2673 1437 2751 requirens.
1470 2673 1710 2735 Deinde

139 2766 298 2828 illud
325 2765 628 2828 motivum
661 2765 988 2846 operandi,
1014 2783 1222 2842 neque
1247 2765 1330 2826 ad
1356 2765 1712 2828 misericor-

143 2861 350 2937 diam,
395 2877 608 2939 neque
655 2858 738 2920 ad
791 2859 1232 2922 liberalitatem
1289 2865 1530 2939 spectat
1568 2877 1712 2938 pro-

142 2956 275 3034 prie
303 2973 320 3028 ς
351 2973 504 3016 nam
535 2953 732 3016 habet
767 2953 1103 3034 specialem
1136 2955 1448 3015 rationem
1487 2955 1712 3016 bones-

147 3049 286 3113 tatis
343 3047 529 3110 valde
591 3047 986 3123 distinctam3
1037 3065 1188 3110 nam
1239 3047 1666 3110 misericordia
1689 3093 1706 3123 ‚

145 3143 322 3205 verbi
353 3143 576 3223 gratia,
607 3143 673 3204 in
711 3160 826 3205 suo
849 3148 994 3203 actu
1023 3143 1228 3204 solum
1251 3143 1504 3221 respicit
1528 3142 1712 3205 mise-

143 3236 306 3297 riam
334 3236 616 3312 alterius,
643 3241 715 3296 ut
746 3235 1219 3297 sublevandam.
1251 3236 1427 3296 Ratio
1450 3254 1714 3315 operan-

143 3330 202 3391 di
229 3331 304 3391 in
335 3330 460 3391 boc
485 3336 632 3391 actu
659 3334 756 3391 est
787 3329 978 3409 longe
1013 3327 1280 3403 diversa,
1321 3329 1618 3390 nimirum
1643 3337 1713 3391 ut

143 3442 306 3504 epus
333 3424 448 3485 Dei
474 3424 556 3485 ab
581 3424 719 3502 ipso
743 3422 974 3485 habeat
1005 3422 1289 3495 modum,
1311 3428 1378 3483 et
1404 3422 1711 3498 ordinem,

147 3526 206 3580 et
227 3518 510 3598 speciem
539 3518 1022 3580 convenientem
1049 3517 1398 3579 secundum
1437 3518 1714 3581 divinam

147 3612 540 3693 sapientiam,
585 3618 650 3673 et
691 3616 928 3685 artem,
980 3617 1044 3672 et
1087 3610 1508 3690 prudentiam.
1565 3611 1713 3684 Quoe

145 3706 607 3778 convenientia,
653 3704 800 3765 licet
851 3720 966 3783 per
1009 3703 1286 3765 divinam
1341 3704 1712 3783 sapientiam

145 3800 492 3878 regulatur,
519 3798 820 3860 fundatur
845 3804 1062 3859 tamen
1085 3799 1150 3859 in
1173 3798 1576 3879 proportione
1605 3799 1716 3860 ali-

145 3910 272 3973 qua
319 3893 598 3973 ipsarum
625 3908 842 3953 rerum
885 3892 1052 3955 inter
1093 3910 1186 3965 se,
1235 3910 1375 3972 quie
1400 3892 1714 3954 interdum

145 3988 448 4065 accipitur
473 3986 636 4046 inter
675 3985 1120 4064 particularem
1154 3992 1448 4047 naturam
1485 3991 1548 4047 et
1573 4004 1715 4067 pro-

147 4081 476 4160 prietatem
507 4079 666 4158 ejus,
707 4080 810 4139 vel
856 4080 1198 4151 actionem3
1222 4078 1537 4139 interdum
1563 4096 1712 4141 vero

147 4192 218 4235 ac
296 4172 701 4253 principalius
773 4171 938 4233 inter
999 4188 1512 4256 unamquamque
1579 4190 1714 4233 rem

145 4264 588 4345 particularem
613 4310 630 4339 ,
671 4268 734 4327 et
769 4264 1008 4325 bonum
1049 4282 1164 4326 seu
1205 4264 1490 4326 ordinem
1526 4266 1715 4327 totius

149 4360 452 4421 universi.

223 4456 290 4517 9.
337 4451 738 4517 Providentia
764 4468 888 4533 qua
913 4452 1126 4515 modus
1145 4450 1263 4515 isto
1289 4458 1574 4516 servatur
1599 4452 1720 4516 dici

141 4552 344 4629 potest
355 4546 639 4627 jutitia,
669 4551 730 4609 ot
769 4560 978 4626 quare.
1019 4574 1105 4591 —-
1143 4546 1352 4605 Virtus
1395 4563 1546 4625 ergo
1579 4564 1720 4625 quae

149 4642 256 4719 (ιιι
283 4646 502 4700 nostro
531 4638 720 4699 modo
760 4638 1134 4717 loquamur)
1165 4638 1422 4699 inclinat
1443 4637 1719 4701 divinam

147 4733 555 4804 voluntatem,
593 4736 665 4791 nt
701 4732 864 4791 lianc
891 4730 1360 4809 proportionem
1391 4737 1455 4791 et
1483 4732 1720 4810 perfec·-

149 4826 386 4887 tionem
428 4825 497 4885 in
537 4825 668 4887 suis
699 4823 996 4903 operibus
1024 4830 1251 4896 servet,
1297 4823 1586 4887 distincta
1627 4829 1722 4887 est

152 4918 500 4981 secundum
530 4918 838 4981 rationem
877 4936 916 4979 a
944 4917 1389 4991 misericordia,
1425 4924 1489 4979 et
1517 4937 1556 4979 a
1595 4918 1724 4981 for-

151 5013 290 5074 tiori
321 5012 406 5072 ab
425 5010 564 5073 aliis
586 5010 930 5073 moralibus
951 5011 1302 5073 virtutibus.
1329 5013 1406 5074 Et
1425 5011 1568 5073 ideo
1593 5030 1723 5075 non

151 5104 466 5167 immerito
503 5104 744 5183 justitia
786 5109 1065 5180 vocatur,
1105 5105 1274 5183 quia,
1306 5103 1452 5167 licet
1494 5123 1609 5184 per
1655 5124 1722 5167 se

152 5204 421 5277 sumpta,
475 5216 802 5277 nunquam
859 5200 1156 5278 operetur
1207 5196 1418 5259 debito
1469 5200 1724 5277 proprio

145 5291 399 5369 justitiae
418 5336 436 5365 ,
467 5296 530 5353 et
561 5291 706 5353 ideo
732 5291 986 5372 propria
1021 5289 1266 5371 justitia
1293 5308 1426 5353 non
1455 5291 1554 5367 sit,
1585 5292 1726 5353 imi-

153 5390 318 5447 tatur
343 5390 556 5445 tamen
585 5385 779 5455 illam,
805 5384 952 5464 quia
981 5384 1234 5462 respicit
1255 5384 1526 5462 aliquale
1555 5384 1728 5447 debi-

155 5485 288 5539 tum
305 5526 324 5553 ,
371 5484 438 5541 et
477 5478 971 5558 proportionem,
1014 5496 1130 5539 seu
1173 5478 1766 5542 commensuratio-⁶

159 5590 304 5635 nem
343 5571 624 5652 aliquam
663 5590 876 5635 rerum
917 5572 1080 5635 inter
1117 5590 1187 5636 se
1234 5590 1380 5635 cum
1407 5572 1726 5635 communi

1795 519 1985 582 bono.
2014 521 2095 583 Ut
2120 525 2333 583 autem
2361 522 2481 584 hoc
2508 521 2714 601 ipsum
2740 522 3070 598 indicetur,
3100 523 3359 599 scilicet,

1795 613 1961 674 hanc
2003 614 2309 693 justitiam
2350 633 2483 676 non
2528 633 2667 676 esse
2710 615 2967 677 omnino
3014 617 3357 696 propriam,

1793 725 2019 768 vocare
2065 708 2237 768 illam
2286 726 2645 788 possumne,
2690 715 2763 770 ut
2808 728 2995 788 supra
3047 709 3357 786 dicebam,

1786 799 2095 879 justitiam
2124 801 2548 880 providentias,
2588 819 2703 862 seu
2728 801 3267 881 providentialem,
3294 803 3361 866 in

1791 909 1918 973 quo
1951 893 2138 956 etiam
2168 913 2399 956 munus
2428 897 2567 975 ejus
2590 895 2993 976 significatur.
3024 895 3201 968 Quod
3228 915 3357 958 uno

1790 987 1985 1048 verbo
2033 989 2557 1067 comprehensum
2600 990 2849 1051 videtur
2884 1009 2923 1050 a
2962 991 3133 1070 Sap.,
3166 1010 3220 1052 c.
3256 994 3354 1062 ll,

1792 1079 1945 1144 dum
1974 1081 2149 1156 dixit,
2184 1084 2403 1146 omnia·
2424 1085 2492 1145 in
2523 1101 2791 1160 numero,
2812 1085 3072 1164 pondere
3100 1091 3158 1148 et
3198 1103 3360 1146 men-

1791 1191 1945 1238 sura
1970 1175 2159 1238 Deum
2178 1176 2565 1255 disposuisse.
2590 1179 2747 1238 Nam
2768 1178 2925 1238 sicut
2944 1183 3037 1237 est
3060 1177 3359 1256 perfectio

1792 1265 1986 1328 divini
2012 1267 2362 1330 intellectus
2399 1269 2531 1331 haec
2555 1271 2621 1330 in
2654 1271 2943 1332 omnibus
2968 1270 3159 1331 rebus
3188 1288 3357 1331 com-

1790 1356 2212 1440 prehendere,
2232 1363 2317 1424 ita
2344 1369 2437 1425 est
2458 1364 2757 1443 perfectio
2778 1364 3001 1424 divinae
3025 1363 3361 1424 voluntatis

1791 1455 1929 1516 hoec
1960 1471 2209 1517 servare
2258 1455 2323 1517 in
2360 1457 2491 1518 suis
2518 1459 2815 1536 operibus
2848 1464 3101 1538 propter
3143 1475 3361 1537 quam-

1790 1549 1941 1611 dam
1969 1550 2329 1630 eequitatem
2351 1557 2411 1612 et
2433 1553 2901 1631 proportionem
2924 1552 2989 1614 in
3006 1553 3127 1615 hac
3144 1569 3356 1614 rerum

1789 1643 2195 1722 dispositione
2224 1644 2567 1706 inventam.

1875 1739 1975 1798 40.
2020 1737 2205 1805 Varia
2236 1755 2418 1818 opera
2441 1758 2573 1820 quoe
2596 1741 2903 1822 pertinent
2937 1741 3017 1803 ad
3048 1741 3203 1803 hanc
3216 1741 3357 1819 jus-

1789 1830 2019 1894 titiam.
2038 1830 2317 1895 —Unde
2346 1833 2519 1894 varia
2546 1851 2739 1912 opera
2760 1833 2838 1894 ad
2868 1833 3031 1894 hanc
3054 1833 3357 1913 justitiam

1789 1925 2127 2004 pertinent,
2172 1942 2311 2002 quae
2350 1925 2667 1986 nonnullis
2706 1923 3009 2006 exemplis
3050 1926 3359 2005 explicare

1789 2021 2059 2096 oportet,
2106 2021 2178 2078 ut
2221 2017 2411 2097 hujus
2452 2019 2735 2081 attributi
2788 2020 3129 2081 necessitas
3158 2019 3359 2097 magis
3460 2043 3469 2053 ·

1788 2110 2191 2190 intelligatur.
2236 2111 2513 2172 Primum
2564 2118 2629 2174 et
2680 2113 2985 2194 optimum
3028 2118 3143 2185 cst,
3190 2112 3359 2192 quod

1789 2223 1981 2284 supra
2035 2204 2353 2284 tetigimus
2373 2251 2389 2280 ,
2442 2205 2521 2266 de
2585 2206 2971 2268 ornamentis
3030 2206 3245 2284 gratiae
3298 2210 3361 2268 et

1789 2298 2063 2361 scientim
2122 2298 2360 2360 collatis
2416 2299 2790 2382 humanitati
2844 2299 3065 2362 Christi
3116 2298 3361 2360 ratione

1785 2392 2079 2466 unionis;
2126 2393 2190 2453 in
2239 2392 2357 2454 illis
2386 2393 2555 2454 enim
2594 2394 2941 2456 tribuendis
2983 2411 3111 2455 non
3156 2392 3361 2454 solum

1787 2487 2065 2566 respexit
2090 2487 2259 2548 Deus
2286 2487 2593 2548 rationem
2638 2486 3079 2548 misericordiae
3109 2491 3173 2547 et
3204 2487 3360 2548 libe-

1787 2580 2073 2654 ralitatis,
2128 2579 2243 2641 sed
2270 2579 2541 2641 maxime
2595 2580 2974 2658 exigentiam
3019 2580 3359 2658 quamdam

1789 2680 1854 2738 et
1891 2671 2367 2736 condecentiam
2402 2673 2588 2734 Verbi
2630 2673 2811 2746 uniti,
2855 2690 2995 2752 quai
3036 2679 3211 2734 tanta
3236 2678 3355 2745 est,

1789 2772 1861 2830 ιιι
1906 2773 2241 2828 censeatur
2288 2767 2562 2828 maxime
2592 2767 2909 2846 pertinere
2958 2767 3040 2828 ad
3084 2766 3359 2828 divinam

1791 2860 2164 2941 sapientiam
2230 2878 2361 2922 non
2436 2859 2620 2922 aliter
2672 2866 2963 2922 naturam
3011 2853 3353 2922 assumere.

1791 2953 2030 3016 Eadem
2073 2971 2223 3034 ergo
2266 2953 2511 3016 ratione
2536 2954 2809 3034 pertinet
2836 2955 2956 3016 hoc
2996 2953 3077 3016 ad
3118 2953 3361 3033 perfec-

1791 3047 2031 3110 tionem
2068 3047 2293 3108 divinae
2332 3046 2689 3122 voluntatiS,
2729 3046 2891 3109 adeo
2918 3053 2987 3109 ut
3015 3047 3270 3127 quidam
3299 3051 3363 3110 ct

1791 3162 2017 3223 graves
2030 3142 2329 3222 Theologi
2352 3142 2619 3205 dixerint
2634 3144 2984 3223 oppositum
3003 3160 3360 3222 repugnare

1790 3236 2145 3299 rectitudini
2167 3237 2335 3298 illius
2365 3238 2725 3301 voluntatis.
2758 3238 2949 3300 Nobis
2968 3244 3181 3299 autem
3212 3238 3362 3300 satis

1793 3337 1888 3394 est
1913 3331 2035 3392 hoc
2068 3331 2157 3391 illi
2180 3348 2321 3393 esse
2348 3332 2619 3393 maxime
2648 3339 3181 3405 consentaneum;
3210 3350 3363 3393 nam

1794 3425 1943 3485 hinc
1974 3422 2043 3485 fit
2066 3429 2137 3485 ut
2164 3424 2227 3485 in
2254 3442 2323 3485 se
2360 3425 2592 3487 habeat
2632 3426 2927 3487 virtutem
2958 3425 3363 3488 inclinantem

1795 3518 1879 3581 ad
1904 3519 2067 3581 hanc
2108 3519 2611 3581 convenientiam
2640 3525 2703 3581 et
2728 3520 3197 3599 proportionem
3233 3536 3365 3581 ser-

1793 3612 2090 3686 vandam,
2123 3628 2263 3691 ques
2304 3630 2435 3673 non
2478 3618 2683 3692 potest
2729 3630 2867 3674 esse
2896 3612 3018 3674 alia
3066 3612 3189 3675 nisi
3232 3614 3367 3675 hoec

1788 3706 2051 3786 justitia.
2106 3706 2285 3777 Quod
2338 3706 2389 3768 si
2441 3706 2849 3786 loqueremur
2894 3707 3095 3769 solum
3133 3706 3213 3767 de
3260 3706 3366 3769 illo

1795 3799 2027 3861 auxilio
2054 3800 2155 3861 vel
2182 3799 2515 3879 regimine.
2558 3817 2685 3878 quo
2714 3800 2955 3880 indiget
3004 3800 3111 3861 illa
3150 3800 3369 3861 huma-

1795 3892 1959 3953 nitas
2007 3893 2211 3964 unita,
2256 3910 2369 3953 seu
2416 3892 2555 3970 ejus
2590 3892 2912 3965 voluntas,
2960 3898 3031 3954 ut
3077 3899 3369 3955 exerceat

1793 3985 2385 4064 impeccabilitatem
2408 4003 2600 4065 quam
2614 4002 2730 4065 per
2756 3987 3056 4047 unionem
3083 3992 3176 4049 est
3200 4004 3369 4049 asse·

1797 4083 1963 4145 cuia,
1990 4079 2126 4157 jam
2164 4078 2270 4140 illa
2318 4096 2447 4139 non
2492 4083 2587 4140 est
2622 4079 3099 4158 qualiscumque
3142 4098 3372 4141 conve-

1795 4172 2057 4243 nientia,
2094 4172 2209 4233 sed
2252 4172 2511 4233 omnino
2560 4173 2913 4235 necessaria
2942 4174 3025 4235 ad
3052 4173 3371 4235 rectitudi-

1796 4282 1947 4327 nem
2000 4265 2223 4327 divinae
2270 4265 2624 4327 voluntatis.
2668 4267 2761 4327 ·Et
2808 4266 2953 4329 ideo
3000 4266 3135 4329 haec
3182 4268 3371 4329 etiam

1791 4358 2032 4440 justitia
2064 4358 2319 4420 omnino
2338 4358 2611 4439 imperat
2638 4365 2707 4420 ut
2741 4366 3023 4422 servetur
3060 4360 3201 4422 talis
3226 4380 3371 4440 pro—-

1799 4452 2089 4513 videntiae
2114 4452 2343 4513 modus
2376 4452 2538 4513 circa
2570 4453 2960 4515 voluntatem
2990 4454 3079 4515 sic
3124 4454 3371 4516 deifica-

1799 4550 1953 4607 tam.
2012 4546 2323 4607 Praeterea
2370 4544 2453 4605 ad
2518 4544 2683 4607 hanc
2734 4547 3025 4608 virtutem
3080 4554 3325 4626 spectat
3354 4592 3371 4622 ,

1803 4638 1975 4718 quod
1996 4639 2299 4718 Theologi
2318 4638 2554 4713 dicunt,
2580 4645 2871 4702 naturam
2886 4641 3231 4701 uniendam
3245 4642 3375 4703 Deo

1801 4732 2220 4812 hypostatice,
2250 4733 2355 4794 vel
2400 4750 2479 4795 ex
2514 4734 2887 4795 necessitate
2934 4735 3249 4810 absoluta,
3310 4743 3382 4798 ut

1803 4826 2061 4905 quidam
2106 4826 2346 4900 volunt,
2400 4826 2503 4887 vel
2554 4827 2777 4889 saltem
2808 4846 2882 4889 ex
2924 4830 3200 4890 maxima
3230 4847 3381 4908 qua-

1804 4920 1951 4982 dam
1978 4920 2267 4983 decentia
2298 4926 2361 4983 et
2406 4923 2863 4999 convenientia,
2906 4924 3200 4987 debuisse
3242 4942 3381 4987 esse

1803 5014 2203 5089 rationalem,
2244 5032 2362 5076 seu
2390 5015 2901 5091 intellectualem,
2934 5024 2997 5080 et
3021 5018 3383 5081 inferiorem

1798 5111 2098 5170 naturam
2148 5124 2276 5169 non
2331 5108 2569 5170 habere
2606 5108 2689 5171 ad
2748 5109 2871 5172 hoc
2930 5119 3385 5193 congruentem

1805 5200 2279 5280 proportionem
2303 5219 2319 5274 3
2350 5203 2515 5265 hanc
2532 5205 2699 5266 enim
2722 5205 3059 5267 observare
3083 5212 3147 5267 et
3164 5212 3382 5267 tenere

1806 5294 1870 5353 in
1895 5312 2087 5373 opere
2110 5294 2423 5371 faciendo,
2442 5297 2525 5357 ad
2546 5297 2709 5359 banc
2719 5298 3022 5376 justitiam
3042 5297 3341 5377 pertinuit
3362 5317 3379 5372 ;

1807 5386 2159 5449 debebatur
2208 5388 2376 5449 enim
2432 5406 2548 5451 suo
2586 5389 2775 5451 modo
2826 5389 3111 5468 dignitati
3160 5390 3385 5453 divium

1807 5496 2118 5559 personoe,
2150 5487 2221 5542 ut
2242 5482 2293 5542 si
2322 5487 2549 5542 natura
2565 5481 2775 5561 aliqua
2791 5482 2875 5543 illi
2893 5483 3170 5545 unienda
3196 5491 3386 5560 esset,

1806 5573 1914 5637 illa
1939 5580 2109 5635 esset
2130 5574 2599 5649 intellectualis3
2636 5581 2701 5637 et
2721 5577 2843 5639 hoc
2870 5577 3145 5640 dictabat
3176 5579 3388 5641 divina
