3850 6225
518 378 637 439 512

518 591 843 656 Hominem
886 606 1115 672 semper
1160 606 1471 672 resumere
1516 588 1599 650 ad
1618 586 1907 667 majorem
1935 602 2083 669 qra-

831 683 981 748 tiam
1019 702 1094 747 ex
1134 684 1315 747 dictis
1342 680 1747 747 concluditur.

600 860 701 923 58.
746 860 949 937 Atque
984 856 1131 918 hinc
1174 855 1429 917 tandem
1462 855 1787 936 colligitur,
1836 855 2084 935 quoties

520 954 734 1026 homo,
776 952 883 1032 qui
919 952 1127 1030 justus
1169 950 1285 1010 fuit
1333 956 1397 1010 et
1440 950 1742 1029 peccavit,
1782 948 2084 1028 justifica-

519 1054 639 1122 tur,
670 1064 926 1127 surgere
950 1063 1094 1105 cum
1128 1044 1354 1123 majori
1384 1043 1633 1105 cumulo
1660 1044 1895 1122 gratia».
1918 1032 2082 1104 ‘Nam

520 1140 824 1221 imprimis
866 1138 1090 1218 accipit
1136 1154 1363 1198 novam
1412 1137 1679 1217 gratiam
1734 1138 2087 1217 proportio-

520 1240 733 1295 natam
782 1250 911 1293 suoe
952 1230 1363 1311 dispositioni,
1414 1229 1515 1291 vel
1556 1230 1691 1290 sine
1728 1247 2087 1291 sacramen-

522 1333 608 1397 to,
638 1326 735 1387 vel
766 1344 911 1387 cum
947 1324 1075 1397 illo,
1111 1324 1289 1403 juxta
1318 1322 1577 1383 modum
1598 1321 2080 1402 justificationis.

520 1420 757 1483 Deinde
796 1437 944 1480 vero
992 1417 1213 1497 accipit
1242 1422 1441 1477 totum
1491 1415 1809 1476 cumulum
1842 1416 2081 1497 gratiae,

520 1532 710 1594 quem
750 1519 937 1573 antea
968 1510 1274 1583 habebat;
1336 1528 1485 1589 ergo
1534 1517 1895 1590 consurget·
1921 1527 2092 1570 sem-

520 1626 636 1688 per
665 1626 807 1668 cum
842 1604 1061 1685 majori
1082 1604 1302 1685 gratia.
1342 1604 1418 1665 Et
1436 1604 1554 1664 hoc
1586 1602 1775 1664 etiam
1802 1602 2087 1664 absolute

524 1700 752 1763 docent
786 1706 1072 1761 auctores
1116 1698 1279 1757 illius
1333 1702 1571 1776 quartae
1618 1696 1971 1775 opinionis,
2025 1702 2088 1757 et

523 1812 653 1855 non
694 1800 861 1855 esset
912 1793 975 1853 in
1020 1792 1387 1852 universum
1422 1807 1665 1861 verum,
1712 1789 1767 1849 si
1804 1789 1906 1849 vel
1951 1806 2089 1867 gra-

521 1888 608 1949 tia
632 1892 1190 1951 sacramentorum,
1228 1883 1329 1945 vel
1371 1882 1493 1943 alia
1540 1882 1734 1961 gratis
1782 1881 1930 1943 data
1959 1899 2088 1942 non

522 1980 991 2053 restitueretur,
1041 1979 1185 2058 quia
1232 1996 1309 2038 ex
1348 1978 1467 2037 hac
1510 1982 1685 2056 parte
1731 1980 1946 2055 posset
1991 1994 2090 2037 re-

526 2090 785 2153 surgere
818 2072 882 2133 in
922 2072 1147 2133 minori
1185 2070 1407 2149 gratia.

604 2168 707 2228 50.
746 2164 1185 2249 Aryumentum
1206 2165 1481 2246 primum
1520 2168 1734 2227 contra
1761 2164 1869 2227 hoc
1898 2160 2090 2226 corol-

528 2258 776 2323 larium.
815 2290 897 2303 —
942 2257 1309 2321 Secundum.
1334 2290 1417 2305 -
1460 2257 1757 2321 Tertium.
1789 2291 1869 2301 —
1892 2254 2092 2329 Quar-

529 2358 680 2417 tum.
699 2385 781 2399 —
812 2350 1124 2425 Quintum.
1162 2384 1245 2397 —
1278 2350 1559 2413 Sextum.
1596 2382 1678 2397 --
1718 2350 1944 2411 Contra
1971 2350 2092 2409 hoc

528 2464 678 2507 vero
708 2444 1107 2506 corollarium
1143 2444 1445 2523 objiciunt
1468 2443 1667 2504 multa
1694 2442 2002 2503 Ledesma
2031 2446 2094 2503 et

530 2539 655 2600 alii.
704 2538 981 2599 Primum
1009 2542 1125 2609 est,
1158 2536 1305 2615 quia
1345 2536 1555 2598 Sancti
1584 2535 1952 2615 frequenter
2001 2534 2095 2595 di-

530 2637 681 2692 cunt
728 2630 974 2691 difficile
1030 2648 1169 2691 csse
1211 2636 1353 2709 post
1390 2634 1718 2709 peccatum
1768 2628 1849 2689 ad
1892 2628 2094 2707 pristi-

530 2742 683 2785 num
737 2730 967 2785 statum
998 2723 1247 2795 reverti,
1292 2722 1371 2783 de
1408 2740 1536 2801 quo
1582 2722 1781 2782 multa
1818 2721 2097 2781 referun-

533 2824 635 2880 tur
666 2817 732 2877 in
760 2818 1025 2877 Decreto
1056 2814 1133 2875 de
1178 2815 1429 2887 Poenit„
1482 2814 1626 2875 dist.
1664 2816 1763 2887 50,
1796 2814 1905 2875 ubi
1936 2831 2100 2894 prae-

532 2910 771 2981 sertim,
804 2910 868 2969 in
898 2926 1035 2989 cap.
1064 2910 1165 2979 ΞΟ,
1200 2913 1295 2967 est
1324 2906 1427 2967 illa
1458 2906 1765 2968 sententia
1792 2907 2098 2985 Hierony-

530 3004 617 3065 mi
678 3021 816 3083 cap.
875 3004 952 3063 27
980 3020 993 3059 :
1064 3000 1427 3081 Quicmque
1484 2998 1843 3081 diqnitatem
1902 2999 2098 3062 divini

532 3098 764 3183 crudus·
798 3114 919 3160 aon
952 3094 1318 3168 cusiodiunt,
1354 3092 1615 3157 contenti
1638 3094 1799 3170 fiant
1832 3090 2096 3156 animam

532 3192 793 3263 calvare,
823 3187 1047 3253 reverti
1072 3188 1231 3250 enim
1254 3185 1321 3248 in
1333 3188 1678 3268 pristinum
1706 3187 1936 3250 statum
1961 3189 2101 3264 poet

532 3285 775 3366 lapsum
808 3281 1052 3363 difficile
1080 3285 1190 3344 eet.
1222 3281 1607 3359 Augustinus
1628 3280 1839 3351 etiam,
1876 3279 1986 3340 lib.
2017 3277 2096 3340 de

533 3378 697 3440 Vera
719 3381 783 3438 et
810 3376 967 3436 falsa
1000 3371 1249 3452 poenit.,
1280 3391 1419 3452 cap.
1457 3373 1565 3434 to:
1602 3373 1775 3436 licet
1811 3371 2098 3453 panitas-

533 3471 649 3543 tia,
691 3469 915 3548 iuquit,
938 3469 1141 3550 poscit
1168 3465 1475 3546 acquirere
1516 3467 1807 3549 qratiam,
1845 3481 1966 3526 non
2007 3469 2100 3526 ta-

533 3581 669 3626 men
693 3579 835 3625 mom
868 3560 1143 3624 restituit
1157 3559 1224 3621 in
1252 3558 1605 3640 diynitatem
1616 3556 1909 3638 primam.
1941 3556 2097 3616 Item

534 3656 1038 3734 Chrysostomus,
1084 3653 1254 3712 hom.
1284 3653 1327 3712 2
1360 3651 1423 3710 in
1456 3649 1614 3712 Psal.
1654 3652 1757 3722 50,
1800 3649 1966 3710 circa
1993 3647 2099 3708 illa

534 3749 764 3812 verba:
804 3747 1103 3830 Asper-,eyes
1118 3763 1211 3809 me
1230 3745 1479 3808 Dentine
1505 3746 1759 3826 hyssopo
1782 3769 1805 3804 .·
1834 3745 1980 3808 Non
2008 3762 2104 3808 m·

536 3843 626 3906 tie
662 3841 829 3906 habet
857 3845 1137 3904 curatum
1180 3855 1305 3902 ecee
1329 3837 1573 3912 canuc,
1606 3843 1754 3911 etc.,
1790 3837 2104 3901 cicatrices

536 3931 751 3998 sanari
770 3979 786 4008 ,
832 3938 892 3997 et
920 3931 1261 4013 pristinum
1318 3931 1580 3994 decorem
1628 3929 1877 3992 restitui
1918 3929 2097 4012 petit.

538 4027 845 4090 Praeterea
873 4024 1256 4105 experientia
1273 4025 1393 4084 hoc
1432 4021 1782 4096 confirmat,
1815 4039 1966 4082 nam
1991 4023 2102 4082 im·

536 4119 751 4201 primis
784 4118 983 4180 Adam
1010 4135 1141 4178 non
1168 4117 1377 4178 statim
1421 4115 1607 4177 rediit
1659 4115 1741 4176 ad
1773 4115 2100 4196 pristinam

536 4213 825 4294 gratiam,
858 4215 922 4272 et
954 4227 1122 4272 nunc
1155 4215 1296 4290 post
1321 4209 1567 4288 lapsum
1594 4209 1703 4286 qui
1748 4208 1954 4288 tepide
2001 4226 2103 4270 re-

534 4307 733 4387 surgit
762 4324 801 4366 a
838 4309 1119 4385 peccato,
1148 4321 1276 4364 non
1326 4302 1517 4364 sentit
1550 4301 1615 4362 in
1664 4321 1731 4364 se
1771 4303 2100 4380 antiquum

534 4399 849 4462 fervorem
877 4441 895 4472 ,
940 4413 1131 4476 quem
1182 4399 1395 4456 tamen
1452 4394 1681 4455 sentire
1738 4395 1943 4456 solent
1991 4397 2099 4475 qui

538 4510 770 4573 magno
820 4491 1045 4552 affectu
1084 4507 1152 4550 se
1195 4487 1557 4568 disponunt.
1590 4488 1799 4548 Tertio
1846 4495 1943 4550 est
1989 4489 2102 4550 hu-

536 4602 725 4644 mana
768 4583 1151 4662 conjectura,
1184 4599 1335 4642 nam
1379 4581 1487 4660 qui
1538 4599 1780 4660 regem,
1810 4583 1913 4642 vel
1943 4583 2102 4643 ami-

536 4695 681 4738 cum
711 4681 853 4754 post
884 4674 1083 4736 multa
1138 4673 1447 4735 beneficia
1488 4680 1779 4754 suscepta
1830 4675 2103 4754 graviter

538 4759 819 4842 offendit,
854 4767 1100 4830 etiamsi
1151 4767 1489 4847 aliquando
1516 4767 1765 4828 veniam
1797 4768 2098 4843 obtineat,

538 4882 665 4925 non
702 4865 918 4923 tamen
971 4861 1179 4922 statim
1244 4859 1591 4922 restituitur
1636 4860 1718 4922 ad
1772 4861 2102 4941 pristinum

538 4955 825 5017 amicitias
851 4955 954 5016 vel
996 4953 1315 5034 dignitatis
1341 4953 1627 5033 gradum.
1664 4952 1919 5030 Quarto,
1951 4955 2098 5033 quia

538 5051 693 5112 alias
728 5047 969 5111 cesten-is
1006 5047 1265 5128 paribus
1293 5053 1619 5126 peccatum
1669 5063 1795 5106 non
1834 5046 2102 5126 impedi-

536 5150 639 5206 ret
677 5141 893 5224 gratiae
940 5145 1373 5220 augmentum,
1418 5145 1509 5212 ut,
1542 5139 1593 5198 si
1624 5155 1700 5199 ex
1736 5138 1986 5201 duobus
2015 5159 2101 5202 ω-

538 5254 663 5316 que
698 5235 879 5315 justis
927 5251 1091 5294 unus
1148 5231 1335 5294 hodie
1390 5231 1545 5292 nihil
1582 5237 1892 5312 peccaret,
1939 5233 2098 5294 alius

536 5347 688 5390 vero
726 5327 791 5388 in
810 5325 1115 5408 principio
1143 5323 1269 5386 diei
1288 5329 1580 5406 peccaret
1606 5324 1972 5400 mortaliter,
2007 5332 2101 5388 ta·-

537 5439 687 5484 men
730 5421 797 5482 in
840 5417 966 5482 fine
1002 5417 1129 5480 diei
1162 5417 1351 5479 ambo
1381 5421 1747 5478 exercerent
1773 5435 1972 5479 uuum
1996 5437 2100 5480 ac·

534 5521 673 5578 tum
708 5513 1093 5578 contritionis
1130 5519 1199 5574 ut
1236 5517 1527 5592 quatuor,
1586 5509 1992 5574 nihilominus
2035 5513 2100 5574 in

1092 382 1305 437 OPUSC.
1340 382 1400 437 V.
1436 380 1739 436 numerio
1770 380 1854 435 ut
1882 378 2364 433 nssvtvtscsmu
2397 379 2780 437 taatrennu.
2813 382 3056 437 mspn'r.
3088 384 3151 435 n.

2161 481 2289 543 fine
2329 482 2454 545 diei
2505 482 2694 545 ambo
2735 484 3042 547 haberent
3086 484 3403 563 aequalem
3443 482 3734 564 gratiam,
3818 486 3819 489 ’

2163 577 2335 656 quod
2382 576 2630 639 videtur
2671 578 3154 652 inconveniens,
3203 596 3352 639 cum
3399 576 3740 637 habuerint
3818 632 3819 661 ἶ

2163 670 2569 749 operationes
2593 671 2752 733 adeo
2770 671 3121 733 dissimiles.
3148 671 3404 744 Quinte,
3421 670 3582 749 quia
3599 670 3738 730 alias
3818 668 3819 689 l

2165 748 2496 842 eligibilius
2533 766 2704 825 esset
2742 782 3006 844 peccare
3059 770 3122 825 et
3161 782 3510 845 resurgere
3561 780 3738 843 quam
3818 776 3819 807 ³

2163 862 2432 936 utroque
2461 863 2606 919 actu
2651 876 2922 931 cessare,
2955 859 3104 937 quia
3145 858 3344 938 priori
3373 857 3579 919 modo
3619 876 3740 917 ma·

2163 951 2260 1029 gis
2301 956 2572 1029 augetur
2620 952 2843 1031 gratia.
2887 951 3074 1013 Sexto
3095 996 3110 1023 ,
3157 952 3310 1029 quia
3343 950 3502 1011 inde
3571 948 3738 1010 fieret
3818 1006 3819 1011 ,

2163 1044 2482 1105 hominem
2508 1062 2760 1123 semper
2783 1043 3010 1105 salvari
3027 1063 3172 1105 cum
3199 1045 3490 1105 maxima
3517 1044 3734 1123 gratia,
3818 1042 3819 1125 J

2165 1156 2356 1217 quam
2399 1137 2467 1197 in
2521 1143 2652 1199 toto
2699 1139 2838 1199 vitas
2883 1144 3170 1217 tempore
3215 1138 3470 1207 habuit,
3506 1138 3740 1197 etiamsi
3818 1172 3819 1217 3

2165 1231 2390 1291 millies
2433 1231 2803 1311 peccaverit.
2835 1230 3045 1292 Refert
3069 1238 3282 1292 autem
3315 1230 3555 1309 Major,
3591 1230 3650 1289 in
3684 1233 3738 1299 4,

2165 1324 2310 1385 dist.
2343 1326 2446 1396 22,
2479 1330 2698 1404 quaest.
2731 1326 2792 1397 Ξ,
2831 1324 2996 1385 hanc
3038 1322 3554 1403 propositionem
3589 1324 3743 1383 Pari-
3818 1328 3819 1401 g

2169 1418 2278 1479 siis
2319 1417 2512 1479 fuisse
2555 1417 2946 1492 damnatam,
2969 1417 3224 1487 scilicet,
3257 1416 3474 1479 Deum
3505 1434 3744 1496 semper

2166 1528 2394 1571 vocare
2421 1511 2746 1571 hominem
2777 1511 2862 1571 ab
2887 1512 3007 1571 hac
3045 1511 3172 1571 vita
3209 1512 3275 1570 in
3307 1509 3562 1589 optimo
3595 1514 3742 1569 statu

2167 1619 2358 1680 quem
2397 1602 2462 1663 in
2489 1603 2598 1663 illa
2647 1603 2888 1663 habuit.

2247 1696 2350 1757 co.
2397 1695 2816 1778 Respondem-
2855 1698 2938 1760 αα
2962 1696 3458 1779 pamm—Aa
3485 1695 3744 1774 primum
3818 1670 3819 1713 ³

2171 1790 2614 1868 respondetur,
2649 1790 2912 1852 Sanctos
2953 1792 3018 1851 in
3057 1791 3176 1851 illis
3217 1790 3382 1849 locis
3427 1807 3560 1849 non
3585 1790 3744 1867 loqui
3818 1824 3819 1859 t

2168 1883 2248 1944 de
2293 1883 2556 1963 pristino
2603 1888 2766 1944 statu
2805 1882 3018 1961 quoad
3061 1883 3364 1943 meritum
3401 1927 3420 1955 ,
3471 1881 3576 1940 vel
3619 1900 3748 1960 gra-

2169 1978 2321 2039 tiam
2351 1976 2520 2055 apud
2543 1978 2766 2049 Deum,
2799 1976 2912 2037 sed
2933 1976 3250 2037 interdum
3278 1976 3644 2054 loquuntur
3677 1976 3746 2035 de

2169 2076 2332 2131 statu
2377 2070 2826 2131 Ecclesiasticus
2853 2070 3170 2149 diguitatis
3207 2074 3322 2129 aut
3369 2068 3744 2135 ministerii:

2167 2182 2318 2223 nam
2349 2161 2700 2223 secundum
2732 2179 3010 2223 canones
3041 2180 3170 2223 non
3197 2178 3468 2241 semper
3487 2161 3748 2221 restitui·
3818 2212 3819 2221 ,

2170 2262 2274 2319 tur
2303 2262 2594 2337 peccator
2631 2254 2715 2315 ad
2745 2258 2878 2317 haec
2919 2272 3210 2329 munera,
3249 2255 3508 2315 etiamsi
3557 2256 3749 2333 poeni-
3818 2298 3819 2327 3

2174 2350 2432 2411 tentiam
2479 2355 2665 2429 agat:
2705 2368 2857 2409 nam
2897 2350 3034 2410 haec
3075 2356 3170 2409 est
3208 2348 3517 2427 quaedam
3564 2365 3742 2427 poena

2173 2442 2536 2523 temporalis
2585 2460 2698 2503 seu
2737 2441 3178 2515 ecclesiastica,
3219 2458 3422 2519 quam
3479 2442 3744 2501 Ecclesia

2173 2556 2304 2599 non
2329 2554 2580 2615 semper
2605 2536 2886 2599 remittit.
2917 2536 3108 2597 etiam
3139 2540 3281 2613 post
3307 2534 3740 2613 poeuiteutiam

2173 2635 2521 2711 peractam,
2555 2628 2703 2707 quia
2743 2636 2804 2689 et
2841 2628 2922 2689 ad
2971 2628 3334 2707 exemplum
3373 2626 3644 2687 aliorum
3689 2634 3742 2686 et
3818 2648 3819 2705 ξ

2177 2724 2262 2785 ad
2329 2723 2784 2784 correctionem
2837 2721 3184 2801 peccatoris
3229 2721 3316 2781 ita
3363 2721 3643 2799 expedit.
3681 2721 3744 2779 Et
3818 2712 3819 2765 Τ

2179 2819 2280 2879 hic
2327 2824 2422 2878 est
2456 2835 2678 2878 sensus
2705 2816 3068 2897 Hieronymi
3099 2822 3162 2877 et
3197 2816 3540 2896 Augustini
3605 2816 3741 2876 locis
3818 2854 3819 2857 =

2177 2912 2378 2973 citatis
2399 2956 2414 2983 ,
2479 2917 2542 2971 et
2579 2911 2646 2970 in
2687 2915 2817 2971 tota
2873 2910 2978 2971 illa
3027 2910 3413 2971 distinction.
3445 2910 3744 2988 quinqua-
3818 2906 3819 2967 ἶ

2179 3004 2420 3086 gesima
2495 3010 2589 3065 est
2647 3020 2852 3064 sermo
2909 3002 2990 3065 de
3050 3004 3169 3063 hac
3233 3022 3326 3063 re.
3397 3004 3742 3082 Aliquando
3818 3072 3819 3083 χ

2175 3116 2328 3161 vero
2381 3098 2726 3178 loquuntur
2757 3097 2838 3160 de
2893 3098 3284 3160 restitutione
3335 3098 3624 3160 hominis
3670 3097 3740 3158 ad
3818 3133 3819 3162 ;

2179 3192 2510 3272 pristinum
2539 3197 2771 3253 statum
2813 3191 3004 3252 etiam
3037 3192 3207 3270 apud
3245 3193 3476 3266 Deum,
3505 3211 3636 3253 uon
3661 3200 3740 3253 ta·
3818 3259 3819 3272 ξ

2179 3305 2326 3347 men
2363 3285 2575 3365 quoad
2625 3285 3098 3346 substantialem
3147 3286 3420 3366 gradum
3455 3287 3742 3346 sanctita-
3818 3295 3819 3306 *

2178 3381 2278 3453 tis,
2313 3385 2380 3440 ut
2409 3377 2497 3438 sic
2517 3377 2744 3450 dicam,
2763 3377 2878 3439 sed
2903 3377 3114 3457 quoad
3141 3379 3434 3456 quaedam
3459 3379 3740 3439 acciden-

2179 3473 2348 3548 talia,
2389 3477 2459 3534 ut
2487 3472 2700 3550 quoad
2725 3477 2972 3534 reatum
2997 3489 3202 3551 poenae
3227 3474 3626 3553 tempor-alie,
3647 3474 3734 3552 qui
3818 3477 3819 3560 g

2179 3585 2307 3628 non
2355 3583 2606 3646 semper
2644 3565 2902 3638 tollitur,
2933 3566 3144 3644 quoad
3175 3567 3486 3646 reliquias
3525 3587 3732 3646 pecca·
3818 3605 3819 3652 y

2183 3666 2388 3722 torum
2411 3703 2427 3732 ,
2485 3676 2600 3720 seu
2649 3677 2876 3738 pravas
2919 3658 3361 3738 dispositiones
3417 3679 3569 3739 quas
3623 3679 3738 3721 ma-

2183 3758 2338 3812 nent
2392 3753 2582 3813 etiam
2625 3750 2964 3831 aliquando
2995 3798 3012 3825 ‚
3073 3771 3149 3814 ac
3211 3751 3494 3832 denique
3551 3755 3736 3833 quoad
3818 3811 3819 3824 ἦ

2184 3844 2598 3925 privationem
2637 3844 2902 3925 alicujus
2935 3844 3306 3918 devotioniS,
3339 3853 3410 3908 et
3437 3846 3738 3908 familiari-
3818 3895 3819 3902 ,

2184 3937 2328 4000 tatis
2375 3937 2621 4010 divinae,
2656 3945 2718 4000 et
2747 3937 3113 4018 specialium
3142 3939 3524 4000 auxiliorum
3560 3987 3578 4014 ‚
3617 3960 3734 4020 quae
3818 3981 3819 4010 2

2183 4032 2352 4092 Deus
2395 4030 2570 4110 prius
2595 4029 2759 4092 forte
2789 4031 3174 4106 conferebat,
3205 4039 3270 4093 et
3297 4031 3642 4112 aliquando
3673 4054 3734 4095 ea
3818 4091 3819 4108 1

2181 4128 2403 4204 postea
2447 4129 2640 4199 negat
2667 4123 3121 4186 interveniente
3165 4133 3454 4205 peccato,
3497 4145 3734 4206 praeser-
3818 4149 3819 4208 3

2183 4217 2292 4278 tim
2344 4217 2394 4278 si
2449 4218 2640 4278 homo
2702 4236 2936 4299 magno
2979 4219 3205 4280 affectu
3241 4237 3376 4280 non
3431 4231 3736 4282 converta-

2179 4315 2283 4372 tur
2321 4315 2384 4370 et
2423 4309 2605 4371 enixe
2632 4311 2802 4372 hunc
2833 4311 3110 4372 divinum
3137 4311 3420 4373 favorem
3445 4316 3728 4393 postulet:

2181 4401 2498 4482 quomodo
2541 4409 2708 4464 recte
2745 4403 3112 4485 intelligitur
3151 4383 3308 4465 illud
3357 4406 3592 4468 Psalm.
3619 4411 3728 4470 50:
3818 4411 3819 4492 ᾗ

2183 4495 2287 4560 Nc
2339 4495 2646 4578 projicias
2685 4515 2778 4558 me
2833 4515 2874 4560 a
2923 4499 3078 4578 facie
3113 4503 3266 4570 tua,
3327 4505 3390 4562 et
3443 4499 3726 4581 Spiritum

2188 4585 2487 4654 Sanctum
2527 4593 2698 4651 tuum
2725 4607 2802 4652 ne
2861 4595 3105 4670 auferas
3147 4609 3188 4654 a
3211 4609 3328 4654 me.
3373 4593 3578 4657 Redde
3595 4595 3728 4656 miti

2183 4681 2470 4744 loetitiam
2484 4681 2788 4745 salutaris
2810 4684 2924 4747 tui.
2957 4685 3033 4744 Et
3057 4684 3141 4746 ad
3169 4685 3340 4746 hunc
3369 4687 3622 4748 modum
3648 4688 3726 4748 lo·

2183 4773 2394 4853 quitur
2427 4774 2906 4853 chrysostomus
2937 4795 3148 4856 supra.

2263 4867 2363 4928 61.
2415 4865 2519 4930 Ad
2537 4869 2878 4932 secundum.
2897 4871 3148 4931 —Item
3173 4871 3256 4932 ad
3281 4889 3594 4933 summum
3619 4873 3722 4932 hoc

2179 4966 2388 5040 potest
2415 4959 2690 5022 indicare
2715 4963 3122 5042 experientia,
3145 4981 3260 5044 per
3289 4967 3464 5044 quod
3491 4966 3724 5027 solvitur

2179 5053 2456 5114 secunda
2485 5054 2778 5133 objectio.
2821 5057 2978 5117 Nam
3031 5056 3235 5119 Adam
3255 5064 3458 5120 totam
3485 5060 3720 5139 gratiam
3818 5061 3819 5064 ’

2177 5146 2570 5225 recuperavit
2597 5153 2739 5226 post
2764 5150 3226 5228 poenitentiam,
3255 5157 3326 5214 ut
3365 5153 3720 5233 probabilius

2180 5238 2524 5312 credimus3
2561 5241 2866 5302 rectitudo
2916 5261 3068 5304 vero
3097 5262 3212 5305 seu
3249 5245 3574 5326 integritas
3611 5247 3716 5324 jus-

2177 5331 2328 5392 titiae
2379 5331 2700 5412 originalis
2755 5352 2884 5396 non
2931 5335 3049 5396 fuit
3083 5337 3396 5411 restituta,
3445 5341 3586 5418 quia
3621 5355 3712 5398 nec
3818 5351 3819 5396 1

2179 5423 2534 5504 pertinebat
2569 5425 2652 5488 ad
2689 5415 3166 5490 substantialem
3203 5432 3599 5494 sanctitatem
3631 5450 3714 5491 co-
3818 5433 3819 5510 j

2179 5535 2317 5578 ram
2339 5517 2495 5595 Deo,
2526 5537 2646 5580 nec
2677 5519 2822 5582 data
2847 5521 3072 5610 fuerat,
3103 5523 3224 5585 nisi
3245 5525 3366 5586 suh
3391 5525 3712 5586 conditione
