3850 6225
715 389 850 442 cAP.
884 389 1013 442 vlu.
1050 388 1467 442 VOLUNTATEM
1502 389 1793 444 CREATAM
1826 395 1903 446 OB
1937 395 2328 447 LIBERTATEM
2359 395 2542 457 SUAM,
2579 395 2714 446 mc,

109 488 334 565 praevia
373 489 459 550 ad
498 495 705 552 actum
759 494 829 550 ut
886 491 1201 567 operetur.
1237 488 1397 561 Quin
1446 490 1677 568 potiuS,

3238 388 3314 449 37

1768 493 1964 552 tentia
1995 493 2358 554 indifferens
2405 512 2532 554 non
2561 499 2766 572 potest
2803 511 2879 553 cx
2920 510 2986 552 se
3019 492 3324 570 produce-

106 579 243 643 haec
272 582 374 643 vel
418 585 675 645 omnino
714 589 1056 664 repugnat,
1084 582 1187 644 vel
1227 587 1393 642 certe
1422 601 1551 642 non
1593 587 1689 644 est
1767 604 1835 646 re
1877 586 2364 647 determinatum
2405 587 2720 660 effectum,
2765 590 2830 645 ut
2856 585 3066 645 verbis
3110 585 3324 663 pracci-

104 683 527 740 consentanea
572 679 913 738 intrinseco
960 675 1149 736 modo
1198 675 1500 754 operandi
1545 675 1685 736 talis
1768 679 1853 739 sis
1890 680 2347 758 respondeatur
2374 726 2389 753 ,
2444 679 2881 758 distinguenda
2935 683 3028 738 est

98 772 432 836 facultatis,
462 772 833 834 Consecutio
862 791 974 853 per
1007 789 1073 832 se
1102 775 1251 830 nota
1295 775 1423 842 est;
1471 775 1533 830 et
1559 788 1669 830 an-

101 868 405 930 tecedens
428 866 587 927 adeo
615 865 862 928 videtur
900 867 1133 927 clarum
1170 882 1243 924 ex
1270 863 1577 936 terminiS,
1603 869 1670 925 ut

3086 698 3098 736 :
3161 684 3326 739 esset

1767 773 1936 833 enim
1961 791 2110 833 vera
2138 773 2201 832 in
2235 791 2420 834 causa
2463 772 2854 834 indifferente
2887 791 2962 830 cx
2995 771 3328 850 imperfec-

1749 865 1917 926 tione
1961 867 2230 938 virtutiS,
2272 866 2371 926 vel
2424 885 2502 926 ex
2543 865 2792 926 defectu
2819 865 3084 943 alicujus
3116 864 3326 924 condi-

106 981 225 1022 non
262 961 551 1040 indigeat
574 959 963 1038 probatione.
991 958 1139 1032 Sed,
1176 963 1245 1018 ut
1290 975 1393 1018 res
1434 957 1513 1017 sit
1540 957 1670 1018 evi-
1748 959 1933 1019 tionis
1981 961 2298 1038 requisitae
2337 960 2417 1020 ad
2447 959 2785 1038 agendum,
2819 976 2948 1017 non
2993 963 3204 1018 autem
3251 957 3316 1016 in

104 1055 369 1128 denfior,
404 1053 843 1132 explicandum
874 1053 1141 1132 amplius
1168 1056 1285 1124 est,
1317 1050 1481 1112 facta
1511 1069 1669 1129 qua·
1748 1069 1938 1111 causa
1990 1051 2382 1114 indifferente
2439 1071 2515 1112 ex
2561 1050 2836 1128 perfecta
2887 1055 2948 1108 et
2999 1049 3313 1110 eminente

100 1148 241 1208 dam
270 1146 747 1226 comparafione
776 1147 965 1226 hujus
1008 1144 1299 1206 efficacia}
1335 1142 1673 1206 voluntatis

100 1242 177 1304 ad
196 1241 553 1303 efficaciam
570 1259 903 1302 causarum
924 1239 1294 1300 naturaliter
1319 1239 1669 1319 agentium,

100 1354 233 1416 quae
288 1335 591 1397 videntur
640 1336 829 1396 etiam
890 1335 1125 1395 habere
1184 1333 1673 1396 indifferentiam

100 1428 451 1508 quamdam
510 1447 625 1508 per
688 1429 1069 1490 eminentem
1126 1426 1255 1487 vim
1323 1427 1673 1488 effectivam

102 1523 382 1602 plurium
424 1522 761 1582 effectuum
798 1521 901 1582 vel
938 1521 1287 1596 actionum,
1317 1521 1571 1600 qualem
1608 1520 1673 1579 in

103 1615 255 1686 sole,
298 1615 399 1676 vel
427 1615 492 1674 in
521 1615 839 1677 intellectu
887 1614 1022 1694 ipso
1060 1613 1459 1675 considerare
1504 1612 1671 1686 licet,

102 1727 241 1770 cum
264 1714 489 1769 tamen
515 1710 611 1768 hae
634 1707 961 1772 facultates
990 1726 1119 1768 non
1156 1706 1397 1786 possint
1423 1706 1673 1786 proprie

102 1823 235 1864 sese
272 1803 703 1864 determinare
732 1803 812 1863 ad
842 1821 987 1864 suos
1014 1807 1213 1874 actus,
1246 1800 1359 1870 sed
1386 1820 1425 1860 a
1454 1807 1677 1860 natura

104 1898 223 1956 sint
252 1895 715 1956 determinatae.
746 1897 853 1956 Est
886 1913 1035 1974 ergo
1082 1894 1360 1954 notanda
1390 1892 1678 1955 differen-

106 1991 207 2062 tia,
238 1988 423 2067 quod
444 1989 511 2048 in
539 1988 637 2048 his
660 1987 989 2068 agentibus
1013 1985 1401 2048 naturalibus
1429 2003 1555 2045 non
1584 1990 1679 2046 cst

101 2085 376 2145 facultas
404 2084 791 2156 indifferenS,
830 2083 1043 2162 positis
1088 2081 1379 2142 omnibus
1408 2081 1679 2160 requisi-

106 2178 179 2238 tis
206 2177 297 2238 ad
321 2177 665 2256 agendum,
690 2175 801 2238 sed
830 2176 1033 2256 potius
1060 2175 1125 2235 in
1151 2175 1273 2237 hoc
1304 2175 1540 2236 habent
1566 2193 1680 2234 na-

104 2271 383 2331 turalem
425 2270 1035 2342 determinationem,
1065 2269 1151 2329 ita
1175 2275 1245 2329 ut
1273 2269 1367 2328 sol
1391 2285 1681 2329 necessa-

102 2365 195 2424 rio
233 2369 461 2444 ageret
496 2368 627 2425 tota
670 2382 785 2424 sua
842 2363 1158 2424 eminente
1215 2363 1464 2435 virtute,
1512 2362 1560 2422 si
1601 2360 1685 2421 si-

108 2460 239 2518 mul
278 2458 545 2518 haberet
570 2457 895 2518 materiam
925 2456 1343 2536 susceptivam
1372 2455 1561 2517 totius
1596 2453 1687 2514 ef-

102 2553 349 2624 fectus,
410 2551 593 2630 cujus
636 2550 773 2629 ipse
830 2551 999 2610 solus
1040 2553 1247 2628 potest
1300 2567 1435 2609 esse
1496 2565 1685 2608 causa

108 2644 453 2706 sufficiens
484 2643 664 2716 Quod
704 2642 755 2704 si
780 2661 949 2703 nunc
972 2659 1170 2702 unum
1200 2637 1685 2700 determinatum

110 2742 410 2800 effectum
434 2739 587 2798 facit
614 2738 821 2816 potius
858 2753 1049 2816 quam
1089 2735 1305 2808 alium,
1349 2733 1551 2794 solum
1594 2739 1689 2795 est

112 2834 263 2911 quia
318 2832 407 2892 illi
450 2831 802 2910 applicatur
845 2830 1201 2908 subjectum
1240 2833 1456 2907 aptum
1484 2827 1563 2887 ad
1620 2827 1688 2886 il-

114 2927 246 2986 lum
274 2925 573 2986 effectum
614 2922 1077 3003 suscipiendum
1106 2968 1121 2996 ,
1180 2926 1243 2983 et
1286 2939 1413 2982 non
1458 2921 1683 2991 alium;

124 3038 201 3079 eo
232 3026 439 3079 tamen
476 3018 763 3097 subjecto
812 3017 1145 3097 applicato,
1176 3021 1303 3076 tam
1333 3013 1687 3076 necessario

124 3114 272 3192 agit,
306 3114 465 3173 sicut
491 3111 657 3192 ignis
706 3110 1008 3173 calefacit.
1048 3109 1349 3189 Idemque
1386 3108 1689 3187 contingit

116 3206 179 3265 in
212 3205 493 3282 qualibet
522 3205 645 3265 alia
672 3224 861 3265 causa
904 3203 1197 3275 naturali,
1228 3203 1357 3263 sive
1394 3201 1689 3263 determi-

114 3300 285 3359 natio
318 3299 461 3377 ejus
497 3299 827 3377 proveniat
855 3318 933 3359 ex
969 3296 1255 3369 materia,
1288 3295 1419 3355 sive
1451 3312 1525 3355 ex
1564 3294 1689 3355 alia

112 3409 458 3464 concausa,
493 3396 564 3451 ut
598 3409 791 3470 supra
818 3390 1027 3470 tetigi3
1064 3397 1129 3452 et
1166 3388 1309 3450 ideo
1346 3389 1443 3449 hae
1479 3404 1686 3448 causae

108 3504 243 3545 non
271 3484 569 3545 dicuntur
594 3484 843 3563 proprie
872 3482 1325 3555 indifferenteS‚
1349 3480 1460 3541 sed
1498 3480 1685 3559 eequi-

108 3596 287 3639 vocae
312 3577 413 3637 vel
440 3577 848 3638 universales.

194 3672 258 3731 6.
302 3670 606 3747 Idemque
644 3671 953 3748 reperitur
982 3668 1047 3730 in
1076 3669 1394 3730 intellectu
1429 3667 1689 3745 aliisque

113 3764 351 3823 animae
380 3761 697 3841 potentiis,
728 3782 869 3841 quae
900 3761 1271 3823 naturaliter
1320 3765 1547 3839 agunt3
1590 3778 1688 3820 so-

112 3858 253 3917 lum
298 3861 397 3915 est
437 3855 503 3915 in
536 3854 911 3934 quibusdam
942 3873 1165 3916 earum
1196 3854 1431 3934 aliquid
1459 3852 1694 3933 specia-

112 3952 205 4025 le,
244 3949 545 4009 nimirum
594 3950 881 4026 quaedam
934 3948 1235 4027 subJectio
1288 3947 1369 4008 ad
1407 3947 1695 4007 volunta-

114 4051 251 4104 tem
275 4043 345 4101 in
374 4060 495 4101 usu
528 4046 590 4102 et
620 4041 913 4103 exercitio
948 4058 1207 4101 suorum
1236 4047 1512 4111 actuum,
1540 4058 1692 4119 quo-

114 4155 265 4197 rum
294 4135 581 4213 ipsaemet
608 4153 737 4195 non
780 4138 927 4195 sunt
968 4134 1261 4207 dominae,
1310 4140 1371 4196 et
1398 4134 1538 4194 ideo
1576 4134 1693 4193 illae

116 4248 254 4289 non
284 4234 547 4308 possunt
574 4228 695 4289 dici
728 4228 979 4307 proprie
1017 4246 1093 4289 ex
1144 4246 1212 4289 se
1242 4228 1688 4300 indifferenteS,

114 4323 251 4385 nisi
274 4322 548 4401 passive.
583 4324 662 4383 At
694 4322 981 4383 voluntas
1011 4325 1105 4383 est
1136 4321 1499 4384 indifferens
1542 4321 1693 4381 acti-

114 4436 224 4489 ve,
282 4422 348 4477 et
372 4420 677 4494 tanquam
705 4415 960 4476 domina
1004 4415 1099 4475 sui
1128 4420 1326 4488 actus,
1355 4415 1501 4493 quia
1532 4415 1583 4473 si
1626 4413 1693 4473 in

120 4511 230 4569 illa
270 4526 400 4568 non
432 4507 743 4586 reperitur
768 4509 902 4568 haec
932 4508 1370 4581 indifferentia,
1400 4508 1463 4567 in
1490 4506 1693 4567 homi-

118 4622 203 4665 ne
226 4602 515 4663 absolute
542 4620 670 4662 non
704 4602 1047 4673 invenitur3
1074 4601 1220 4681 quia
1250 4601 1421 4661 nulla
1448 4607 1541 4662 est
1571 4601 1693 4661 alia

120 4697 416 4768 facultaS,
464 4714 580 4775 per
605 4714 795 4773 quam
844 4694 901 4755 ei
943 4694 1293 4766 conveniat,
1329 4701 1389 4755 et
1430 4694 1515 4755 ita
1566 4712 1695 4754 non

124 4792 241 4851 erit
292 4790 483 4849 homo
537 4789 719 4861 liber,
777 4806 893 4849 nec
947 4788 1237 4848 dominus
1290 4806 1549 4848 suorum
1592 4806 1696 4847 ac-

124 4891 333 4953 tuum,
360 4882 533 4961 quod
568 4888 663 4942 est
709 4887 926 4942 contra
954 4880 1167 4941 fidem.
1203 4880 1356 4952 Quia
1408 4898 1557 4957 ergo
1587 4897 1697 4939 vo-

125 4977 340 5036 luntas
366 4994 493 5035 non
538 4974 903 5053 imperfecte
931 4980 1201 5047 tantum,
1234 4974 1349 5034 sed
1375 4973 1698 5053 perfectis·

130 5072 289 5131 simo
344 5076 409 5129 et
456 5069 760 5148 spirituali
796 5068 985 5129 modo
1028 5068 1390 5129 indifferens
1440 5073 1554 5141 est,
1600 5072 1693 5141 ut,

128 5164 349 5243 positis
382 5162 673 5221 omnibus
702 5162 1035 5240 requisitiS,
1082 5162 1279 5242 possit
1322 5158 1571 5220 efficere
1598 5159 1697 5219 vel

128 5256 457 5318 continere
486 5258 697 5317 actum
726 5274 933 5329 suum,
982 5261 1089 5317 aut
1120 5275 1319 5316 unum
1362 5253 1464 5316 vel
1504 5254 1697 5313 alium

132 5350 387 5423 elicere,
418 5346 563 5411 ideo
590 5353 817 5426 potens
862 5354 959 5411 est
991 5348 1299 5429 (quamvis
1337 5348 1415 5409 sit
1459 5346 1701 5407 indiffe-

127 5462 281 5503 rens
308 5442 371 5503 in
408 5446 552 5505 actu
576 5442 803 5521 primo)
830 5442 1245 5503 determinare
1281 5460 1421 5503 sese
1466 5440 1548 5501 ad
1597 5458 1701 5501 ac-

129 5542 265 5596 tum
298 5534 671 5597 secundum.
705 5534 1003 5608 Quocirca
1033 5535 1137 5597 illa
1164 5533 1540 5617 propositio:
1577 5534 1693 5595 Ρο-

1752 1144 2000 1218 virtute‚
2031 1163 2146 1223 per
2176 1163 2365 1224 quam
2407 1145 2598 1205 habet
2624 1159 2844 1204 verum
2885 1161 2958 1202 ac
2992 1140 3314 1220 proprium

1752 1236 2100 1298 dominium
2127 1239 2226 1298 sui
2247 1241 2440 1313 actuS,
2473 1237 2690 1316 positis
2715 1235 3003 1296 omnibus
3026 1233 3107 1295 ad
3129 1253 3318 1314 agen-

1754 1331 1903 1392 dum
1945 1331 2280 1410 requisitiS.

1834 1427 1893 1486 7.
1957 1425 2334 1492 Voluntatem
2367 1425 2632 1506 seipsam
2656 1423 3050 1486 determinare
3079 1443 3191 1505 per
3220 1443 3318 1488 ασ-

1755 1524 1883 1583 tum
1906 1521 2230 1582 secundum
2254 1535 2360 1580 nec
2382 1521 2701 1599 repuynat.
2731 1549 2811 1562 —
2833 1516 2966 1580 Nec
2987 1517 3197 1598 arquit
3219 1515 3314 1578 in-

1753 1611 1998 1688 finitam
2016 1609 2559 1694 perfectionem—
2578 1611 2652 1670 Et
2677 1609 3082 1671 confirmatur
3107 1629 3178 1671 ac
3208 1609 3318 1670 de-

1758 1704 2051 1778 claratur,
2096 1723 2244 1766 nam
2291 1703 2649 1784 hujusmodi
2694 1703 2956 1764 facultas
2999 1707 3062 1762 et
3096 1702 3322 1764 modus

1757 1799 1983 1876 agendi
2005 1817 2124 1859 nec
2147 1799 2211 1859 in
2235 1816 2371 1858 sese
2394 1797 2650 1858 involvit
2669 1797 3170 1876 repugnantiam,
3201 1815 3318 1858 nec

1759 1898 1853 1954 est
1896 1911 2008 1953 cur
2047 1891 2328 1971 requirat
2375 1891 2684 1952 infinitam
2724 1889 3171 1970 perfectionem
3215 1895 3323 1952 aut

1756 1986 2082 2059 virtutem3
2125 2005 2278 2066 ergo
2311 2005 2439 2048 non
2470 1993 2564 2048 est
2599 2005 2711 2046 cur
2751 2003 3055 2065 negemus
3097 2004 3326 2048 convc-

1758 2080 1893 2140 nire
1947 2080 2288 2154 voluntati,
2343 2097 2482 2159 quae
2533 2079 2788 2142 domina
2836 2083 2931 2139 est
2978 2079 3072 2140 sui
3123 2087 3320 2142 actua.

1762 2175 1936 2235 Prior
1974 2192 2120 2252 pars
2161 2174 2590 2236 antecedentis
2631 2174 2780 2234 satis
2818 2174 3082 2252 probata
3121 2179 3324 2235 estex

1762 2267 1964 2344 dictis,
1991 2273 2053 2328 et
2078 2285 2156 2328 ex
2181 2269 2285 2328 illo
2313 2268 2599 2347 exemplo
2625 2267 2848 2328 divinae
2877 2267 3235 2344 voluntatiS‚
3263 2275 3326 2328 et

1766 2379 1843 2422 ex
1870 2360 2108 2440 reipsa
2133 2406 2149 2435 ,
2194 2363 2340 2440 quia
2385 2379 2522 2421 esse
2569 2360 3031 2421 indifferentem
3069 2361 3136 2422 in
3185 2367 3330 2422 actu

1764 2454 1966 2534 primo
2018 2460 2080 2516 et
2125 2453 2526 2515 determinari
2571 2473 2686 2532 per
2724 2461 2932 2514 actum
2979 2455 3324 2515 secundum

1766 2567 1891 2608 non
1922 2546 2176 2608 involvit
2213 2547 2693 2626 repugnantiam
2720 2567 2735 2620 ;
2785 2548 2932 2626 quia
2959 2566 3122 2606 unus
3153 2553 3331 2608 actus

1766 2660 1893 2702 non
1921 2641 2182 2702 includit
2211 2643 2567 2702 necessario
2595 2641 2996 2719 negationem
3028 2640 3282 2701 alterius
3309 2660 3324 2712 ;

1769 2734 1927 2796 sicut
1955 2735 2282 2795 materiam
2311 2734 2577 2813 primam
2609 2751 2744 2794 esse
2775 2734 3234 2794 indifferentem
3264 2733 3330 2793 in

1767 2827 2046 2906 potentia
2084 2828 2367 2906 passiva,
2411 2834 2472 2888 et
2509 2826 2746 2887 actuari
2789 2845 2900 2886 seu
2930 2826 3334 2887 determinari

1768 2939 1883 3000 per
1929 2939 2126 2980 unum
2172 2925 2381 2981 actum
2426 2919 2782 2992 formalem,
2827 2938 2955 2980 non
3007 2926 3101 2982 est
3146 2937 3334 2998 repu-

1771 3032 1995 3092 gnans,
2046 3013 2157 3074 sed
2198 3014 2405 3092 potius
2454 3031 2846 3091 consequens
2895 3015 2956 3073 et
3003 3019 3334 3073 consenta-

1768 3126 1962 3169 neum
2003 3127 2018 3181 3
2075 3107 2162 3169 sic
2209 3126 2358 3187 ergo
2409 3107 2792 3167 voluntatem
2843 3124 2980 3167 osse
3036 3104 3233 3165 active
3273 3109 3335 3165 et

1769 3200 2044 3280 perfecte
2087 3200 2570 3274 indifferentem,
2621 3206 2682 3260 ct
2727 3218 2866 3259 sese
2913 3198 3220 3277 explicare
3268 3198 3334 3259 in

1768 3312 1968 3354 unum
2013 3301 2246 3367 actum,
2299 3300 2362 3355 ct
2399 3313 2514 3373 per
2556 3294 2731 3353 illum
2769 3292 3170 3369 determinari
3203 3295 3336 3351 tam

1770 3388 2018 3467 agendo
2047 3407 2244 3467 quam
2269 3388 2630 3466 recipiendo
2656 3387 2857 3460 illum,
2891 3385 3048 3445 nihil
3077 3383 3335 3447 involvit

1768 3483 1834 3544 in
1866 3502 1934 3549 se
1963 3502 2348 3563 repugnanS‚
2395 3483 2506 3542 sed
2529 3482 2738 3563 potius
2767 3488 2860 3543 est
2886 3482 3156 3542 maxime
3184 3500 3336 3543 con-

1770 3596 2042 3656 sequens
2066 3583 2127 3638 et
2147 3581 2659 3639 consentaneum.
2691 3576 3004 3637 Posterior
3019 3594 3167 3636 vero
3189 3592 3336 3653 pars

1772 3670 2200 3730 antecedentis
2225 3670 2548 3748 probatur,
2579 3670 2726 3749 quia
2754 3668 3112 3755 bujusmodi
3141 3669 3338 3729 virtus

1772 3762 1998 3829 activa,
2041 3763 2129 3824 sic
2162 3782 2430 3843 operans
2460 3770 2522 3824 et
2552 3782 2618 3825 se
2649 3763 3096 3834 determinans,
3129 3766 3338 3839 potest

1775 3874 1911 3916 esse
1931 3856 2298 3935 participata
2321 3876 2357 3916 a
2380 3857 2684 3936 superiori
2707 3856 2957 3927 virtute,
2989 3860 3051 3915 et
3071 3855 3152 3913 ab
3173 3854 3339 3913 illius

1774 3948 2012 4009 influxu
2041 3949 2344 4027 peridem,
2378 3956 2506 4010 tam
2531 3950 2594 4009 in
2625 3967 2737 4009 suo
2766 3966 2902 4008 esse
2929 3964 3120 4025 quam
3147 3946 3212 4006 in
3239 3962 3340 4005 ac-

1772 4042 1942 4128 tione
1988 4060 2138 4115 sua3
2180 4060 2329 4121 ergo
2378 4043 2616 4121 absque
2663 4041 2906 4101 infinita
2953 4037 3338 4119 perfectione

1774 4141 1979 4214 potest
2028 4137 2262 4197 habere
2316 4137 2686 4214 praedictum
2741 4134 2967 4214 agendi
3028 4130 3286 4192 modum
3319 4176 3334 4203 ,

1774 4229 1919 4307 quia
1945 4229 2116 4289 nulla
2148 4236 2242 4291 est
2268 4248 2458 4291 causa
2486 4231 2568 4291 ob
2597 4248 2784 4309 quam
2816 4228 3090 4289 infinitas
3131 4224 3342 4303 requi-

1772 4328 1968 4383 ratur.
2015 4324 2177 4383 Deus
2224 4324 2392 4384 enim
2437 4342 2566 4383 non
2606 4323 2810 4382 solum
2855 4328 2950 4381 est
2992 4321 3184 4393 liber,
3229 4318 3342 4379 sed

1775 4418 1963 4477 etiam
1989 4423 2084 4477 est
2105 4435 2219 4495 per
2235 4434 2301 4477 se
2327 4422 2388 4477 et
2413 4416 2827 4477 essentialiter
2847 4415 3038 4486 libem
3073 4420 3134 4475 et
3154 4430 3340 4473 usum

1773 4510 2076 4570 libert-atis
2107 4510 2293 4571 babet
2319 4529 2444 4570 non
2474 4510 2674 4571 solum
2706 4510 2945 4587 absque
2976 4507 3341 4587 dependen-

1774 4604 1855 4664 tia
1892 4604 1972 4663 ab
2002 4603 2123 4663 alio
2145 4648 2160 4677 ‚
2207 4605 2319 4665 sed
2347 4606 2533 4665 etiarn
2561 4604 2798 4681 absque
2831 4602 2956 4664 ulla
2987 4598 3341 4681 potentiali-

1776 4703 1923 4769 tate,
1953 4697 2421 4775 compositione,
2451 4702 2558 4758 aut
2575 4696 3084 4774 imperfectione3
3113 4700 3174 4755 et
3195 4693 3338 4753 ideo

1774 4789 2082 4853 infinitam
2128 4790 2569 4869 perfectionem
2613 4790 2693 4849 ad
2733 4789 2908 4849 illum
2961 4787 3214 4847 modum
3268 4787 3344 4845 li-

1776 4883 2034 4943 bertatis
2083 4882 2374 4961 requirit,
2423 4901 2560 4960 quae
2613 4888 2948 4961 propterea
2997 4882 3346 4942 secundum

1776 4976 1954 5035 illum
1983 4975 2241 5035 modum
2277 4976 2432 5036 nulli
2474 4982 2774 5036 creaturae
2811 4974 3345 5035 communicabilis

1778 5074 1893 5129 est.
1949 5068 2338 5148 Participatio
2381 5076 2593 5130 autem
2636 5070 2773 5148 ejus
2811 5066 3111 5129 libertatis
3151 5073 3212 5128 et
3249 5068 3350 5128 in-

1777 5162 2144 5223 differentiae
2179 5181 2323 5223 cum
2362 5179 2510 5223 vero
2543 5161 2819 5223 dominio
2851 5162 2945 5222 sui
2977 5168 3152 5223 actus
3181 5180 3348 5222 com-

1782 5254 2084 5315 municari
2111 5260 2314 5333 potest
2342 5260 2640 5317 creaturae
2669 5256 2908 5333 absque
2939 5255 3181 5315 infinita
3210 5272 3350 5332 per-

1780 5348 2072 5410 fectione.
2106 5348 2205 5411 Sic
2235 5368 2385 5429 ergo
2413 5350 2756 5429 potentiam
2785 5368 2860 5409 ex
2890 5368 2956 5409 se
2984 5348 3346 5409 indifferen-

1780 5449 1932 5515 tem,
1969 5462 2165 5503 unum
2195 5446 2403 5504 actum
2434 5443 2843 5504 determinate
2870 5442 3115 5502 efficere
3142 5439 3346 5517 potius

1783 5555 1973 5618 quam
2005 5537 2218 5613 alium,
2263 5554 2390 5599 non
2419 5556 2494 5599 cx
2517 5535 3033 5599 determinatione
3065 5532 3342 5606 alteriuS,
