<?xml version="1.0" encoding="UTF-8"?>
<!DOCTYPE html PUBLIC "-//W3C//DTD XHTML 1.0 Transitional//EN"
    "http://www.w3.org/TR/xhtml1/DTD/xhtml1-transitional.dtd">
<html xmlns="http://www.w3.org/1999/xhtml" xml:lang="en" lang="en">
 <head>
  <title>
</title>
<meta http-equiv="Content-Type" content="text/html;charset=utf-8" />
  <meta name='ocr-system' content='tesseract 3.04.00' />
  <meta name='ocr-capabilities' content='ocr_page ocr_carea ocr_par ocr_line ocrx_word'/>
</head>
<body>
  <div class='ocr_page' id='page_1' title='image "./rpfranciscisuar01duvagoog_0451.png"; bbox 0 0 3850 6225; ppageno 0'>
   <div class='ocr_carea' id='block_1_1' title="bbox 671 402 2659 473">
    <p class='ocr_par' dir='ltr' id='par_1_1' title="bbox 671 402 2659 473">
     <span class='ocr_line' id='line_1_1' title="bbox 671 402 2659 473; baseline -0.006 -9"><span class='ocrx_word' id='word_1_1' title='bbox 671 410 842 465; x_wconf 73' lang='lat' dir='ltr'>SECT.</span> <span class='ocrx_word' id='word_1_2' title='bbox 877 410 917 465; x_wconf 88' lang='lat'>1.</span> <span class='ocrx_word' id='word_1_3' title='bbox 953 410 1174 465; x_wconf 68' lang='lat' dir='ltr'>trram!</span> <span class='ocrx_word' id='word_1_4' title='bbox 1203 408 1473 473; x_wconf 59' lang='lat' dir='ltr'>Puluis,</span> <span class='ocrx_word' id='word_1_5' title='bbox 1503 408 1590 462; x_wconf 75' lang='lat' dir='ltr'>An</span> <span class='ocrx_word' id='word_1_6' title='bbox 1621 406 1803 461; x_wconf 69' lang='lat' dir='ltr'>amn.</span> <span class='ocrx_word' id='word_1_7' title='bbox 1837 410 1888 469; x_wconf 71' lang='grc' dir='ltr'>ὅ,</span> <span class='ocrx_word' id='word_1_8' title='bbox 1922 404 2004 457; x_wconf 82' lang='lat' dir='ltr'>DE</span> <span class='ocrx_word' id='word_1_9' title='bbox 2036 402 2489 465; x_wconf 71' lang='lat' dir='ltr'>nonTchTls,</span> <span class='ocrx_word' id='word_1_10' title='bbox 2524 402 2659 453; x_wconf 85' lang='lat' dir='ltr'>ETC.</span> 
     </span>
    </p>
   </div>
   <div class='ocr_carea' id='block_1_2' title="bbox 81 510 1616 4231">
    <p class='ocr_par' dir='ltr' id='par_1_2' title="bbox 81 510 1616 4231">
     <span class='ocr_line' id='line_1_2' title="bbox 85 510 1606 593; baseline -0.007 -12"><span class='ocrx_word' id='word_1_11' title='bbox 85 535 204 583; x_wconf 85' lang='lat' dir='ltr'>cum</span> <span class='ocrx_word' id='word_1_12' title='bbox 223 532 366 576; x_wconf 77' lang='lat' dir='ltr'>vero</span> <span class='ocrx_word' id='word_1_13' title='bbox 385 530 574 575; x_wconf 85' lang='lat' dir='ltr'>sensu</span> <span class='ocrx_word' id='word_1_14' title='bbox 593 513 1030 593; x_wconf 63' lang='lat' dir='ltr'>praedictorum</span> <span class='ocrx_word' id='word_1_15' title='bbox 1054 512 1387 573; x_wconf 87' lang='lat' dir='ltr'>verborum</span> <span class='ocrx_word' id='word_1_16' title='bbox 1409 510 1606 573; x_wconf 89' lang='lat' dir='ltr'>Pauli.</span> 
     </span>
     <span class='ocr_line' id='line_1_3' title="bbox 87 606 1610 686; baseline -0.005 -14"><span class='ocrx_word' id='word_1_17' title='bbox 87 614 148 677; x_wconf 88' lang='lat' dir='ltr'>Ut</span> <span class='ocrx_word' id='word_1_18' title='bbox 167 614 366 671; x_wconf 88' lang='lat' dir='ltr'>autem</span> <span class='ocrx_word' id='word_1_19' title='bbox 386 607 450 667; x_wconf 87' lang='lat' dir='ltr'>in</span> <span class='ocrx_word' id='word_1_20' title='bbox 481 607 747 686; x_wconf 88' lang='lat' dir='ltr'>propriis</span> <span class='ocrx_word' id='word_1_21' title='bbox 775 606 1300 667; x_wconf 79' lang='lat' dir='ltr'>scholasticorum</span> <span class='ocrx_word' id='word_1_22' title='bbox 1328 606 1610 666; x_wconf 88' lang='lat' dir='ltr'>terminis</span> 
     </span>
     <span class='ocr_line' id='line_1_4' title="bbox 81 698 1609 781; baseline -0.005 -14"><span class='ocrx_word' id='word_1_23' title='bbox 81 722 191 767; x_wconf 87' lang='lat' dir='ltr'>rem</span> <span class='ocrx_word' id='word_1_24' title='bbox 210 706 680 781; x_wconf 88' lang='lat' dir='ltr'>pertractemus,</span> <span class='ocrx_word' id='word_1_25' title='bbox 705 716 1062 779; x_wconf 79' lang='lat' dir='ltr'>supponere</span> <span class='ocrx_word' id='word_1_26' title='bbox 1083 702 1326 777; x_wconf 78' lang='lat' dir='ltr'>oportet</span> <span class='ocrx_word' id='word_1_27' title='bbox 1343 698 1609 759; x_wconf 88' lang='lat' dir='ltr'>Theolo-</span> 
     </span>
     <span class='ocr_line' id='line_1_5' title="bbox 83 790 1602 877; baseline -0.004 -20"><span class='ocrx_word' id='word_1_28' title='bbox 83 816 174 877; x_wconf 81' lang='lat' dir='ltr'>gos</span> <span class='ocrx_word' id='word_1_29' title='bbox 201 793 312 856; x_wconf 88' lang='lat' dir='ltr'>tria</span> <span class='ocrx_word' id='word_1_30' title='bbox 338 810 572 871; x_wconf 78' lang='lat' dir='ltr'>genera</span> <span class='ocrx_word' id='word_1_31' title='bbox 603 792 958 871; x_wconf 80' lang='lat' dir='ltr'>operum-in</span> <span class='ocrx_word' id='word_1_32' title='bbox 996 792 1353 853; x_wconf 87' lang='lat' dir='ltr'>hominibus</span> <span class='ocrx_word' id='word_1_33' title='bbox 1383 790 1602 852; x_wconf 84' lang='lat' dir='ltr'>distin-</span> 
     </span>
     <span class='ocr_line' id='line_1_6' title="bbox 83 884 1605 971; baseline -0.004 -20"><span class='ocrx_word' id='word_1_34' title='bbox 83 907 226 971; x_wconf 84' lang='lat' dir='ltr'>gere‚</span> <span class='ocrx_word' id='word_1_35' title='bbox 255 889 522 957; x_wconf 88' lang='lat' dir='ltr'>mortua,</span> <span class='ocrx_word' id='word_1_36' title='bbox 564 885 726 957; x_wconf 86' lang='lat' dir='ltr'>viva,</span> <span class='ocrx_word' id='word_1_37' title='bbox 760 890 822 945; x_wconf 87' lang='lat' dir='ltr'>ct</span> <span class='ocrx_word' id='word_1_38' title='bbox 846 884 1260 958; x_wconf 77' lang='lat' dir='ltr'>mortificata3</span> <span class='ocrx_word' id='word_1_39' title='bbox 1308 902 1448 963; x_wconf 82' lang='lat' dir='ltr'>quae</span> <span class='ocrx_word' id='word_1_40' title='bbox 1481 884 1605 945; x_wconf 89' lang='lat' dir='ltr'>dis-</span> 
     </span>
     <span class='ocr_line' id='line_1_7' title="bbox 81 977 1607 1057; baseline -0.005 -12"><span class='ocrx_word' id='word_1_41' title='bbox 81 981 259 1046; x_wconf 77' lang='lat' dir='ltr'>tinctio</span> <span class='ocrx_word' id='word_1_42' title='bbox 285 978 467 1039; x_wconf 82' lang='lat' dir='ltr'>datur</span> <span class='ocrx_word' id='word_1_43' title='bbox 495 977 574 1038; x_wconf 85' lang='lat' dir='ltr'>de</span> <span class='ocrx_word' id='word_1_44' title='bbox 603 978 784 1039; x_wconf 87' lang='lat' dir='ltr'>bonis</span> <span class='ocrx_word' id='word_1_45' title='bbox 807 977 1102 1056; x_wconf 87' lang='lat' dir='ltr'>operibus</span> <span class='ocrx_word' id='word_1_46' title='bbox 1128 978 1288 1057; x_wconf 87' lang='lat' dir='ltr'>aptis</span> <span class='ocrx_word' id='word_1_47' title='bbox 1315 978 1396 1038; x_wconf 88' lang='lat' dir='ltr'>ad</span> <span class='ocrx_word' id='word_1_48' title='bbox 1423 978 1607 1039; x_wconf 88' lang='lat' dir='ltr'>meri-</span> 
     </span>
     <span class='ocr_line' id='line_1_8' title="bbox 85 1071 1609 1151; baseline -0.003 -13"><span class='ocrx_word' id='word_1_49' title='bbox 85 1084 212 1147; x_wconf 84' lang='lat' dir='ltr'>tum,</span> <span class='ocrx_word' id='word_1_50' title='bbox 248 1078 314 1132; x_wconf 90' lang='lat' dir='ltr'>ut</span> <span class='ocrx_word' id='word_1_51' title='bbox 341 1071 702 1133; x_wconf 85' lang='lat' dir='ltr'>omittamus</span> <span class='ocrx_word' id='word_1_52' title='bbox 735 1071 925 1139; x_wconf 79' lang='lat' dir='ltr'>mala,</span> <span class='ocrx_word' id='word_1_53' title='bbox 977 1088 1118 1151; x_wconf 70' lang='lat' dir='ltr'>quae</span> <span class='ocrx_word' id='word_1_54' title='bbox 1147 1072 1469 1133; x_wconf 88' lang='lat' dir='ltr'>mortifera</span> <span class='ocrx_word' id='word_1_55' title='bbox 1496 1090 1609 1151; x_wconf 90' lang='lat' dir='ltr'>po-</span> 
     </span>
     <span class='ocr_line' id='line_1_9' title="bbox 85 1163 1608 1243; baseline -0.006 -11"><span class='ocrx_word' id='word_1_56' title='bbox 85 1170 182 1233; x_wconf 87' lang='lat' dir='ltr'>tius</span> <span class='ocrx_word' id='word_1_57' title='bbox 208 1165 300 1227; x_wconf 77' lang='lat' dir='ltr'>vel</span> <span class='ocrx_word' id='word_1_58' title='bbox 331 1164 552 1225; x_wconf 82' lang='lat' dir='ltr'>nociva</span> <span class='ocrx_word' id='word_1_59' title='bbox 585 1163 885 1243; x_wconf 81' lang='lat' dir='ltr'>appellari</span> <span class='ocrx_word' id='word_1_60' title='bbox 915 1168 1198 1243; x_wconf 83' lang='lat' dir='ltr'>possunt.</span> <span class='ocrx_word' id='word_1_61' title='bbox 1240 1163 1608 1227; x_wconf 82' lang='lat' dir='ltr'>Indifferen-</span> 
     </span>
     <span class='ocr_line' id='line_1_10' title="bbox 85 1257 1608 1336; baseline -0.005 -13"><span class='ocrx_word' id='word_1_62' title='bbox 85 1264 152 1324; x_wconf 83' lang='lat' dir='ltr'>tia</span> <span class='ocrx_word' id='word_1_63' title='bbox 176 1260 346 1321; x_wconf 87' lang='lat' dir='ltr'>etiam</span> <span class='ocrx_word' id='word_1_64' title='bbox 376 1258 938 1336; x_wconf 58' lang='lat' dir='ltr'>praetermittuntur</span> <span class='ocrx_word' id='word_1_65' title='bbox 965 1302 982 1329; x_wconf 88' lang='lat'>,</span> <span class='ocrx_word' id='word_1_66' title='bbox 1025 1258 1172 1336; x_wconf 89' lang='lat' dir='ltr'>quia</span> <span class='ocrx_word' id='word_1_67' title='bbox 1193 1257 1372 1336; x_wconf 85' lang='lat' dir='ltr'>juxta</span> <span class='ocrx_word' id='word_1_68' title='bbox 1404 1259 1608 1317; x_wconf 82' lang='lat' dir='ltr'>verio-</span> 
     </span>
     <span class='ocr_line' id='line_1_11' title="bbox 85 1349 1602 1423; baseline -0.006 -6"><span class='ocrx_word' id='word_1_69' title='bbox 85 1372 192 1417; x_wconf 84' lang='lat' dir='ltr'>rem</span> <span class='ocrx_word' id='word_1_70' title='bbox 213 1350 550 1411; x_wconf 78' lang='lat' dir='ltr'>doctrinam</span> <span class='ocrx_word' id='word_1_71' title='bbox 578 1350 643 1411; x_wconf 92' lang='lat' dir='ltr'>in</span> <span class='ocrx_word' id='word_1_72' title='bbox 673 1349 966 1411; x_wconf 86' lang='lat' dir='ltr'>exercitio</span> <span class='ocrx_word' id='word_1_73' title='bbox 991 1368 1118 1410; x_wconf 92' lang='lat' dir='ltr'>non</span> <span class='ocrx_word' id='word_1_74' title='bbox 1147 1349 1396 1423; x_wconf 89' lang='lat' dir='ltr'>dantur,</span> <span class='ocrx_word' id='word_1_75' title='bbox 1425 1349 1526 1409; x_wconf 84' lang='lat' dir='ltr'>vel</span> <span class='ocrx_word' id='word_1_76' title='bbox 1553 1350 1602 1409; x_wconf 89' lang='lat' dir='ltr'>si</span> 
     </span>
     <span class='ocr_line' id='line_1_12' title="bbox 88 1443 1608 1523; baseline -0.003 -15"><span class='ocrx_word' id='word_1_77' title='bbox 88 1450 278 1509; x_wconf 82' lang='lat' dir='ltr'>dantur</span> <span class='ocrx_word' id='word_1_78' title='bbox 301 1488 316 1517; x_wconf 93' lang='lat'>,</span> <span class='ocrx_word' id='word_1_79' title='bbox 363 1443 544 1521; x_wconf 86' lang='lat' dir='ltr'>qnasi</span> <span class='ocrx_word' id='word_1_80' title='bbox 591 1461 722 1503; x_wconf 92' lang='lat' dir='ltr'>non</span> <span class='ocrx_word' id='word_1_81' title='bbox 765 1444 1046 1505; x_wconf 87' lang='lat' dir='ltr'>humana</span> <span class='ocrx_word' id='word_1_82' title='bbox 1087 1448 1478 1523; x_wconf 86' lang='lat' dir='ltr'>reputantur.</span> <span class='ocrx_word' id='word_1_83' title='bbox 1518 1444 1608 1503; x_wconf 82' lang='lat' dir='ltr'>Ex</span> 
     </span>
     <span class='ocr_line' id='line_1_13' title="bbox 87 1534 1616 1617; baseline -0.003 -15"><span class='ocrx_word' id='word_1_84' title='bbox 87 1539 232 1603; x_wconf 87' lang='lat' dir='ltr'>bonis</span> <span class='ocrx_word' id='word_1_85' title='bbox 258 1542 466 1597; x_wconf 88' lang='lat' dir='ltr'>autem</span> <span class='ocrx_word' id='word_1_86' title='bbox 495 1535 796 1617; x_wconf 89' lang='lat' dir='ltr'>operibus</span> <span class='ocrx_word' id='word_1_87' title='bbox 827 1534 1119 1597; x_wconf 88' lang='lat' dir='ltr'>humanis</span> <span class='ocrx_word' id='word_1_88' title='bbox 1139 1582 1162 1613; x_wconf 91' lang='lat'>,</span> <span class='ocrx_word' id='word_1_89' title='bbox 1209 1538 1311 1597; x_wconf 89' lang='lat' dir='ltr'>illa</span> <span class='ocrx_word' id='word_1_90' title='bbox 1341 1554 1480 1615; x_wconf 82' lang='lat' dir='ltr'>quae</span> <span class='ocrx_word' id='word_1_91' title='bbox 1509 1556 1616 1597; x_wconf 86' lang='lat' dir='ltr'>su-</span> 
     </span>
     <span class='ocr_line' id='line_1_14' title="bbox 89 1628 1606 1715; baseline -0.001 -22"><span class='ocrx_word' id='word_1_92' title='bbox 89 1628 468 1715; x_wconf 87' lang='lat' dir='ltr'>pernaturalia</span> <span class='ocrx_word' id='word_1_93' title='bbox 508 1648 640 1690; x_wconf 91' lang='lat' dir='ltr'>non</span> <span class='ocrx_word' id='word_1_94' title='bbox 677 1636 858 1704; x_wconf 90' lang='lat' dir='ltr'>sunt,</span> <span class='ocrx_word' id='word_1_95' title='bbox 901 1628 1090 1690; x_wconf 88' lang='lat' dir='ltr'>etiam</span> <span class='ocrx_word' id='word_1_96' title='bbox 1133 1632 1606 1711; x_wconf 88' lang='lat' dir='ltr'>relinquuntur,</span> 
     </span>
     <span class='ocr_line' id='line_1_15' title="bbox 89 1720 1604 1805; baseline -0.003 -20"><span class='ocrx_word' id='word_1_97' title='bbox 89 1726 206 1805; x_wconf 85' lang='lat' dir='ltr'>quia</span> <span class='ocrx_word' id='word_1_98' title='bbox 231 1740 348 1783; x_wconf 88' lang='lat' dir='ltr'>non</span> <span class='ocrx_word' id='word_1_99' title='bbox 375 1728 524 1782; x_wconf 89' lang='lat' dir='ltr'>sunt</span> <span class='ocrx_word' id='word_1_100' title='bbox 553 1726 700 1800; x_wconf 85' lang='lat' dir='ltr'>apta</span> <span class='ocrx_word' id='word_1_101' title='bbox 729 1722 810 1781; x_wconf 82' lang='lat' dir='ltr'>ad</span> <span class='ocrx_word' id='word_1_102' title='bbox 837 1720 1130 1783; x_wconf 87' lang='lat' dir='ltr'>meritum</span> <span class='ocrx_word' id='word_1_103' title='bbox 1155 1723 1295 1783; x_wconf 81' lang='lat' dir='ltr'>vitae</span> <span class='ocrx_word' id='word_1_104' title='bbox 1321 1728 1567 1784; x_wconf 81' lang='lat' dir='ltr'>aeternae</span> <span class='ocrx_word' id='word_1_105' title='bbox 1589 1768 1604 1797; x_wconf 93' lang='lat'>,</span> 
     </span>
     <span class='ocr_line' id='line_1_16' title="bbox 94 1814 1610 1895; baseline -0.002 -17"><span class='ocrx_word' id='word_1_106' title='bbox 94 1820 154 1878; x_wconf 87' lang='lat' dir='ltr'>de</span> <span class='ocrx_word' id='word_1_107' title='bbox 180 1833 288 1894; x_wconf 88' lang='lat' dir='ltr'>quo</span> <span class='ocrx_word' id='word_1_108' title='bbox 313 1814 412 1875; x_wconf 89' lang='lat' dir='ltr'>hic</span> <span class='ocrx_word' id='word_1_109' title='bbox 443 1814 714 1893; x_wconf 79' lang='lat' dir='ltr'><strong>agimus,</strong></span> <span class='ocrx_word' id='word_1_110' title='bbox 760 1816 934 1875; x_wconf 86' lang='lat' dir='ltr'>Bona</span> <span class='ocrx_word' id='word_1_111' title='bbox 961 1814 1148 1893; x_wconf 88' lang='lat' dir='ltr'>igitur</span> <span class='ocrx_word' id='word_1_112' title='bbox 1173 1832 1386 1894; x_wconf 88' lang='lat' dir='ltr'>opera,</span> <span class='ocrx_word' id='word_1_113' title='bbox 1423 1816 1610 1895; x_wconf 78' lang='lat' dir='ltr'>etiam</span> 
     </span>
     <span class='ocr_line' id='line_1_17' title="bbox 93 1909 1612 1989; baseline -0.001 -16"><span class='ocrx_word' id='word_1_114' title='bbox 93 1909 545 1989; x_wconf 80' lang='lat' dir='ltr'>supernaturalia</span> <span class='ocrx_word' id='word_1_115' title='bbox 583 1909 930 1971; x_wconf 88' lang='lat' dir='ltr'>secundum</span> <span class='ocrx_word' id='word_1_116' title='bbox 972 1910 1409 1984; x_wconf 85' lang='lat' dir='ltr'>substantiam,</span> <span class='ocrx_word' id='word_1_117' title='bbox 1441 1929 1612 1971; x_wconf 89' lang='lat' dir='ltr'>mor-</span> 
     </span>
     <span class='ocr_line' id='line_1_18' title="bbox 89 2002 1607 2082; baseline -0.001 -16"><span class='ocrx_word' id='word_1_118' title='bbox 89 2012 173 2067; x_wconf 86' lang='lat' dir='ltr'>tua</span> <span class='ocrx_word' id='word_1_119' title='bbox 189 2008 494 2077; x_wconf 76' lang='lat' dir='ltr'>vocantur,</span> <span class='ocrx_word' id='word_1_120' title='bbox 518 2003 574 2063; x_wconf 91' lang='lat' dir='ltr'>si</span> <span class='ocrx_word' id='word_1_121' title='bbox 599 2002 664 2063; x_wconf 90' lang='lat' dir='ltr'>in</span> <span class='ocrx_word' id='word_1_122' title='bbox 683 2006 941 2082; x_wconf 85' lang='lat' dir='ltr'>peccato</span> <span class='ocrx_word' id='word_1_123' title='bbox 967 2003 1212 2063; x_wconf 86' lang='lat' dir='ltr'>mortali</span> <span class='ocrx_word' id='word_1_124' title='bbox 1236 2002 1408 2077; x_wconf 89' lang='lat' dir='ltr'>fiant,</span> <span class='ocrx_word' id='word_1_125' title='bbox 1434 2004 1607 2081; x_wconf 87' lang='lat' dir='ltr'>quia,</span> 
     </span>
     <span class='ocr_line' id='line_1_19' title="bbox 91 2096 1608 2176; baseline 0 -19"><span class='ocrx_word' id='word_1_126' title='bbox 91 2116 206 2157; x_wconf 85' lang='lat' dir='ltr'>cum</span> <span class='ocrx_word' id='word_1_127' title='bbox 252 2096 326 2156; x_wconf 85' lang='lat' dir='ltr'>ab</span> <span class='ocrx_word' id='word_1_128' title='bbox 381 2097 644 2158; x_wconf 89' lang='lat' dir='ltr'>homine</span> <span class='ocrx_word' id='word_1_129' title='bbox 693 2096 1094 2176; x_wconf 85' lang='lat' dir='ltr'>spiritualiter</span> <span class='ocrx_word' id='word_1_130' title='bbox 1141 2102 1390 2158; x_wconf 87' lang='lat' dir='ltr'>mortuo</span> <span class='ocrx_word' id='word_1_131' title='bbox 1443 2096 1608 2157; x_wconf 86' lang='lat' dir='ltr'>facta</span> 
     </span>
     <span class='ocr_line' id='line_1_20' title="bbox 95 2190 1610 2269; baseline -0.002 -16"><span class='ocrx_word' id='word_1_132' title='bbox 95 2194 208 2263; x_wconf 81' lang='lat' dir='ltr'>sint,</span> <span class='ocrx_word' id='word_1_133' title='bbox 250 2190 326 2251; x_wconf 87' lang='lat' dir='ltr'>ab</span> <span class='ocrx_word' id='word_1_134' title='bbox 365 2190 546 2251; x_wconf 86' lang='lat' dir='ltr'>initio</span> <span class='ocrx_word' id='word_1_135' title='bbox 583 2190 709 2251; x_wconf 81' lang='lat' dir='ltr'>vita</span> <span class='ocrx_word' id='word_1_136' title='bbox 750 2194 986 2261; x_wconf 83' lang='lat' dir='ltr'>carent,</span> <span class='ocrx_word' id='word_1_137' title='bbox 1029 2206 1238 2269; x_wconf 82' lang='lat' dir='ltr'>neque</span> <span class='ocrx_word' id='word_1_138' title='bbox 1277 2190 1448 2251; x_wconf 87' lang='lat' dir='ltr'>illam</span> <span class='ocrx_word' id='word_1_139' title='bbox 1495 2209 1610 2250; x_wconf 90' lang='lat' dir='ltr'>un-</span> 
     </span>
     <span class='ocr_line' id='line_1_21' title="bbox 91 2284 1608 2365; baseline 0.001 -20"><span class='ocrx_word' id='word_1_140' title='bbox 91 2302 243 2365; x_wconf 85' lang='lat' dir='ltr'>quam</span> <span class='ocrx_word' id='word_1_141' title='bbox 267 2284 493 2345; x_wconf 87' lang='lat' dir='ltr'>habere</span> <span class='ocrx_word' id='word_1_142' title='bbox 521 2290 826 2363; x_wconf 84' lang='lat' dir='ltr'>possunt,</span> <span class='ocrx_word' id='word_1_143' title='bbox 855 2284 1001 2363; x_wconf 87' lang='lat' dir='ltr'>quia</span> <span class='ocrx_word' id='word_1_144' title='bbox 1029 2284 1264 2345; x_wconf 88' lang='lat' dir='ltr'>nullius</span> <span class='ocrx_word' id='word_1_145' title='bbox 1290 2285 1519 2345; x_wconf 87' lang='lat' dir='ltr'>valoris</span> <span class='ocrx_word' id='word_1_146' title='bbox 1547 2289 1608 2346; x_wconf 88' lang='lat' dir='ltr'>et</span> 
     </span>
     <span class='ocr_line' id='line_1_22' title="bbox 91 2377 1603 2456; baseline -0.001 -15"><span class='ocrx_word' id='word_1_147' title='bbox 91 2379 252 2441; x_wconf 84' lang='lat' dir='ltr'>meriti</span> <span class='ocrx_word' id='word_1_148' title='bbox 307 2378 442 2439; x_wconf 81' lang='lat' dir='ltr'>vitae</span> <span class='ocrx_word' id='word_1_149' title='bbox 503 2384 758 2439; x_wconf 82' lang='lat' dir='ltr'>aeternae</span> <span class='ocrx_word' id='word_1_150' title='bbox 819 2377 988 2456; x_wconf 87' lang='lat' dir='ltr'>apud</span> <span class='ocrx_word' id='word_1_151' title='bbox 1047 2380 1248 2439; x_wconf 90' lang='lat' dir='ltr'>Deum</span> <span class='ocrx_word' id='word_1_152' title='bbox 1302 2378 1558 2440; x_wconf 88' lang='lat' dir='ltr'>fuerunt</span> <span class='ocrx_word' id='word_1_153' title='bbox 1587 2424 1603 2453; x_wconf 91' lang='lat'><strong>‚</strong></span> 
     </span>
     <span class='ocr_line' id='line_1_23' title="bbox 87 2471 1608 2553; baseline 0.001 -20"><span class='ocrx_word' id='word_1_154' title='bbox 87 2476 228 2553; x_wconf 83' lang='lat' dir='ltr'>juxta</span> <span class='ocrx_word' id='word_1_155' title='bbox 249 2471 388 2532; x_wconf 88' lang='lat' dir='ltr'>illud</span> <span class='ocrx_word' id='word_1_156' title='bbox 417 2472 624 2543; x_wconf 86' lang='lat' dir='ltr'>Pauli,</span> <span class='ocrx_word' id='word_1_157' title='bbox 657 2476 682 2532; x_wconf 98' lang='grc'><strong>1</strong></span> <span class='ocrx_word' id='word_1_158' title='bbox 714 2471 796 2533; x_wconf 91' lang='lat' dir='ltr'>ad</span> <span class='ocrx_word' id='word_1_159' title='bbox 815 2474 954 2534; x_wconf 90' lang='lat' dir='ltr'>Cor.</span> <span class='ocrx_word' id='word_1_160' title='bbox 991 2474 1069 2533; x_wconf 73' lang='grc'>14</span> <span class='ocrx_word' id='word_1_161' title='bbox 1095 2490 1108 2531; x_wconf 91' lang='lat'><strong>:</strong></span> <span class='ocrx_word' id='word_1_162' title='bbox 1144 2472 1226 2535; x_wconf 82' lang='lat' dir='ltr'>Si</span> <span class='ocrx_word' id='word_1_163' title='bbox 1249 2474 1608 2536; x_wconf 73' lang='lat' dir='ltr'>charitatem</span> 
     </span>
     <span class='ocr_line' id='line_1_24' title="bbox 95 2564 1607 2645; baseline -0.001 -16"><span class='ocrx_word' id='word_1_164' title='bbox 95 2586 184 2629; x_wconf 71' lang='lat' dir='ltr'>non</span> <span class='ocrx_word' id='word_1_165' title='bbox 217 2566 474 2637; x_wconf 64' lang='lat' dir='ltr'>habuero,</span> <span class='ocrx_word' id='word_1_166' title='bbox 519 2564 683 2628; x_wconf 69' lang='lat' dir='ltr'>nim</span> <span class='ocrx_word' id='word_1_167' title='bbox 729 2583 866 2628; x_wconf 73' lang='lat' dir='ltr'>sum</span> <span class='ocrx_word' id='word_1_168' title='bbox 881 2588 908 2637; x_wconf 90' lang='lat'>,·</span> <span class='ocrx_word' id='word_1_169' title='bbox 947 2567 1007 2628; x_wconf 75' lang='lat' dir='ltr'>ei</span> <span class='ocrx_word' id='word_1_170' title='bbox 1046 2566 1352 2629; x_wconf 81' lang='lat' dir='ltr'>tradidero·</span> <span class='ocrx_word' id='word_1_171' title='bbox 1391 2583 1607 2645; x_wconf 75' lang='lat' dir='ltr'>corpus</span> 
     </span>
     <span class='ocr_line' id='line_1_25' title="bbox 93 2659 1608 2731; baseline -0.001 -10"><span class='ocrx_word' id='word_1_172' title='bbox 93 2678 264 2731; x_wconf 67' lang='lat' dir='ltr'>mam,</span> <span class='ocrx_word' id='word_1_173' title='bbox 299 2659 388 2720; x_wconf 81' lang='lat' dir='ltr'>ita</span> <span class='ocrx_word' id='word_1_174' title='bbox 414 2663 488 2721; x_wconf 67' lang='lat' dir='ltr'>ut</span> <span class='ocrx_word' id='word_1_175' title='bbox 534 2660 801 2731; x_wconf 80' lang='lat' dir='ltr'>ardeam,</span> <span class='ocrx_word' id='word_1_176' title='bbox 850 2659 1209 2723; x_wconf 73' lang='lat' dir='ltr'>charitatem</span> <span class='ocrx_word' id='word_1_177' title='bbox 1249 2664 1449 2723; x_wconf 75' lang='lat' dir='ltr'>autem</span> <span class='ocrx_word' id='word_1_178' title='bbox 1488 2676 1608 2721; x_wconf 73' lang='lat' dir='ltr'>non</span> 
     </span>
     <span class='ocr_line' id='line_1_26' title="bbox 96 2744 1608 2833; baseline -0.004 -16"><span class='ocrx_word' id='word_1_179' title='bbox 96 2744 300 2817; x_wconf 61' lang='lat' dir='ltr'>minero</span> <span class='ocrx_word' id='word_1_180' title='bbox 313 2796 328 2825; x_wconf 92' lang='lat'>,</span> <span class='ocrx_word' id='word_1_181' title='bbox 369 2750 536 2813; x_wconf 64' lang='lat' dir='ltr'>nihil</span> <span class='ocrx_word' id='word_1_182' title='bbox 559 2753 717 2814; x_wconf 73' lang='lat' dir='ltr'>mihi</span> <span class='ocrx_word' id='word_1_183' title='bbox 747 2753 1016 2833; x_wconf 73' lang='lat' dir='ltr'>prodest.</span> <span class='ocrx_word' id='word_1_184' title='bbox 1061 2752 1172 2812; x_wconf 88' lang='lat' dir='ltr'>Illa</span> <span class='ocrx_word' id='word_1_185' title='bbox 1199 2757 1414 2813; x_wconf 84' lang='lat' dir='ltr'>autem</span> <span class='ocrx_word' id='word_1_186' title='bbox 1440 2751 1608 2812; x_wconf 88' lang='lat' dir='ltr'>bona</span> 
     </span>
     <span class='ocr_line' id='line_1_27' title="bbox 97 2843 1606 2925; baseline 0.001 -21"><span class='ocrx_word' id='word_1_187' title='bbox 97 2862 248 2923; x_wconf 87' lang='lat' dir='ltr'>opera</span> <span class='ocrx_word' id='word_1_188' title='bbox 271 2862 400 2922; x_wconf 75' lang='lat' dir='ltr'>quae</span> <span class='ocrx_word' id='word_1_189' title='bbox 423 2843 590 2905; x_wconf 83' lang='lat' dir='ltr'>fiunt</span> <span class='ocrx_word' id='word_1_190' title='bbox 617 2844 682 2905; x_wconf 89' lang='lat' dir='ltr'>in</span> <span class='ocrx_word' id='word_1_191' title='bbox 707 2845 904 2925; x_wconf 82' lang='lat' dir='ltr'>gratia</span> <span class='ocrx_word' id='word_1_192' title='bbox 923 2892 940 2919; x_wconf 93' lang='lat'>‚</span> <span class='ocrx_word' id='word_1_193' title='bbox 979 2844 1130 2905; x_wconf 89' lang='lat' dir='ltr'>dum</span> <span class='ocrx_word' id='word_1_194' title='bbox 1163 2846 1362 2924; x_wconf 84' lang='lat' dir='ltr'>gratia</span> <span class='ocrx_word' id='word_1_195' title='bbox 1395 2844 1462 2905; x_wconf 90' lang='lat' dir='ltr'>in</span> <span class='ocrx_word' id='word_1_196' title='bbox 1493 2846 1606 2905; x_wconf 87' lang='lat' dir='ltr'>hu·</span> 
     </span>
     <span class='ocr_line' id='line_1_28' title="bbox 91 2937 1608 3017; baseline 0.001 -20"><span class='ocrx_word' id='word_1_197' title='bbox 91 2938 314 3017; x_wconf 86' lang='lat' dir='ltr'>jusmodi</span> <span class='ocrx_word' id='word_1_198' title='bbox 333 2937 590 2998; x_wconf 89' lang='lat' dir='ltr'>homine</span> <span class='ocrx_word' id='word_1_199' title='bbox 619 2942 920 3016; x_wconf 83' lang='lat' dir='ltr'>operante</span> <span class='ocrx_word' id='word_1_200' title='bbox 950 2944 1334 3017; x_wconf 85' lang='lat' dir='ltr'>perseverat,</span> <span class='ocrx_word' id='word_1_201' title='bbox 1356 2939 1494 2999; x_wconf 83' lang='lat' dir='ltr'>viva</span> <span class='ocrx_word' id='word_1_202' title='bbox 1513 2956 1608 2998; x_wconf 90' lang='lat' dir='ltr'>es-</span> 
     </span>
     <span class='ocr_line' id='line_1_29' title="bbox 97 3030 1606 3110; baseline 0.002 -21"><span class='ocrx_word' id='word_1_203' title='bbox 97 3048 147 3091; x_wconf 80' lang='lat' dir='ltr'>se</span> <span class='ocrx_word' id='word_1_204' title='bbox 171 3030 452 3105; x_wconf 85' lang='lat' dir='ltr'>dicuntur,</span> <span class='ocrx_word' id='word_1_205' title='bbox 478 3030 632 3110; x_wconf 82' lang='lat' dir='ltr'>quia</span> <span class='ocrx_word' id='word_1_206' title='bbox 667 3036 729 3091; x_wconf 89' lang='lat' dir='ltr'>et</span> <span class='ocrx_word' id='word_1_207' title='bbox 757 3049 796 3091; x_wconf 86' lang='lat' dir='ltr'>a</span> <span class='ocrx_word' id='word_1_208' title='bbox 823 3030 1128 3110; x_wconf 88' lang='lat' dir='ltr'>principio</span> <span class='ocrx_word' id='word_1_209' title='bbox 1153 3032 1344 3092; x_wconf 85' lang='lat' dir='ltr'>vitam</span> <span class='ocrx_word' id='word_1_210' title='bbox 1371 3031 1606 3092; x_wconf 90' lang='lat' dir='ltr'>habue-</span> 
     </span>
     <span class='ocr_line' id='line_1_30' title="bbox 97 3125 1604 3205; baseline 0 -19"><span class='ocrx_word' id='word_1_211' title='bbox 97 3132 228 3197; x_wconf 85' lang='lat' dir='ltr'>runt,</span> <span class='ocrx_word' id='word_1_212' title='bbox 262 3144 330 3186; x_wconf 88' lang='lat' dir='ltr'>eo</span> <span class='ocrx_word' id='word_1_213' title='bbox 365 3125 539 3204; x_wconf 81' lang='lat' dir='ltr'>quod</span> <span class='ocrx_word' id='word_1_214' title='bbox 564 3125 646 3186; x_wconf 87' lang='lat' dir='ltr'>ab</span> <span class='ocrx_word' id='word_1_215' title='bbox 684 3125 938 3194; x_wconf 86' lang='lat' dir='ltr'>homine</span> <span class='ocrx_word' id='word_1_216' title='bbox 980 3131 1157 3205; x_wconf 79' lang='lat' dir='ltr'>grato</span> <span class='ocrx_word' id='word_1_217' title='bbox 1196 3131 1260 3187; x_wconf 89' lang='lat' dir='ltr'>et</span> <span class='ocrx_word' id='word_1_218' title='bbox 1295 3145 1372 3187; x_wconf 85' lang='lat' dir='ltr'>ex</span> <span class='ocrx_word' id='word_1_219' title='bbox 1405 3127 1604 3204; x_wconf 80' lang='lat' dir='ltr'>gratia</span> 
     </span>
     <span class='ocr_line' id='line_1_31' title="bbox 97 3220 1602 3299; baseline 0 -19"><span class='ocrx_word' id='word_1_220' title='bbox 97 3220 224 3280; x_wconf 82' lang='lat' dir='ltr'>facta</span> <span class='ocrx_word' id='word_1_221' title='bbox 247 3225 410 3292; x_wconf 85' lang='lat' dir='ltr'>sunt;</span> <span class='ocrx_word' id='word_1_222' title='bbox 443 3223 508 3281; x_wconf 91' lang='lat' dir='ltr'>et</span> <span class='ocrx_word' id='word_1_223' title='bbox 547 3238 800 3299; x_wconf 88' lang='lat' dir='ltr'>semper</span> <span class='ocrx_word' id='word_1_224' title='bbox 826 3220 1166 3299; x_wconf 88' lang='lat' dir='ltr'>respiciunt</span> <span class='ocrx_word' id='word_1_225' title='bbox 1191 3221 1512 3282; x_wconf 89' lang='lat' dir='ltr'>hominem</span> <span class='ocrx_word' id='word_1_226' title='bbox 1538 3221 1602 3280; x_wconf 91' lang='lat' dir='ltr'>in</span> 
     </span>
     <span class='ocr_line' id='line_1_32' title="bbox 98 3313 1603 3392; baseline 0.001 -18"><span class='ocrx_word' id='word_1_227' title='bbox 98 3313 276 3374; x_wconf 84' lang='lat' dir='ltr'>eadem</span> <span class='ocrx_word' id='word_1_228' title='bbox 307 3314 426 3375; x_wconf 78' lang='lat' dir='ltr'>vita</span> <span class='ocrx_word' id='word_1_229' title='bbox 451 3320 966 3392; x_wconf 82' lang='lat' dir='ltr'>perseverantem</span> <span class='ocrx_word' id='word_1_230' title='bbox 993 3357 1010 3386; x_wconf 90' lang='lat'>‚</span> <span class='ocrx_word' id='word_1_231' title='bbox 1053 3321 1116 3376; x_wconf 90' lang='lat' dir='ltr'>et</span> <span class='ocrx_word' id='word_1_232' title='bbox 1141 3321 1603 3392; x_wconf 84' lang='lat' dir='ltr'>consequenter</span> 
     </span>
     <span class='ocr_line' id='line_1_33' title="bbox 97 3407 1594 3486; baseline 0 -18"><span class='ocrx_word' id='word_1_233' title='bbox 97 3425 340 3485; x_wconf 86' lang='lat' dir='ltr'>capacem</span> <span class='ocrx_word' id='word_1_234' title='bbox 381 3407 624 3486; x_wconf 83' lang='lat' dir='ltr'>praemii</span> <span class='ocrx_word' id='word_1_235' title='bbox 667 3407 886 3468; x_wconf 87' lang='lat' dir='ltr'>talium</span> <span class='ocrx_word' id='word_1_236' title='bbox 932 3407 1244 3469; x_wconf 89' lang='lat' dir='ltr'>bonorum</span> <span class='ocrx_word' id='word_1_237' title='bbox 1292 3425 1594 3486; x_wconf 86' lang='lat' dir='ltr'>operum;</span> 
     </span>
     <span class='ocr_line' id='line_1_34' title="bbox 97 3499 1602 3580; baseline 0.001 -19"><span class='ocrx_word' id='word_1_238' title='bbox 97 3507 166 3561; x_wconf 84' lang='lat' dir='ltr'>cst</span> <span class='ocrx_word' id='word_1_239' title='bbox 187 3500 332 3560; x_wconf 88' lang='lat' dir='ltr'>enim</span> <span class='ocrx_word' id='word_1_240' title='bbox 357 3500 551 3580; x_wconf 80' lang='lat' dir='ltr'>gratia</span> <span class='ocrx_word' id='word_1_241' title='bbox 576 3499 718 3560; x_wconf 88' lang='lat' dir='ltr'>fons</span> <span class='ocrx_word' id='word_1_242' title='bbox 745 3517 926 3578; x_wconf 65' lang='lat' dir='ltr'>aquae</span> <span class='ocrx_word' id='word_1_243' title='bbox 951 3501 1106 3562; x_wconf 76' lang='lat' dir='ltr'>vivae</span> <span class='ocrx_word' id='word_1_244' title='bbox 1129 3519 1242 3579; x_wconf 89' lang='lat' dir='ltr'>per</span> <span class='ocrx_word' id='word_1_245' title='bbox 1264 3500 1430 3562; x_wconf 88' lang='lat' dir='ltr'>bona</span> <span class='ocrx_word' id='word_1_246' title='bbox 1457 3519 1602 3578; x_wconf 87' lang='lat' dir='ltr'>ope-</span> 
     </span>
     <span class='ocr_line' id='line_1_35' title="bbox 99 3592 1603 3673; baseline 0.002 -23"><span class='ocrx_word' id='word_1_247' title='bbox 99 3609 151 3650; x_wconf 85' lang='lat' dir='ltr'>ra</span> <span class='ocrx_word' id='word_1_248' title='bbox 181 3592 426 3652; x_wconf 85' lang='lat' dir='ltr'>salientis</span> <span class='ocrx_word' id='word_1_249' title='bbox 459 3593 526 3652; x_wconf 88' lang='lat' dir='ltr'>in</span> <span class='ocrx_word' id='word_1_250' title='bbox 560 3593 756 3654; x_wconf 79' lang='lat' dir='ltr'>vitam</span> <span class='ocrx_word' id='word_1_251' title='bbox 797 3599 1124 3668; x_wconf 65' lang='lat' dir='ltr'>aeternam,</span> <span class='ocrx_word' id='word_1_252' title='bbox 1161 3594 1342 3673; x_wconf 85' lang='lat' dir='ltr'>juxta</span> <span class='ocrx_word' id='word_1_253' title='bbox 1377 3594 1603 3655; x_wconf 87' lang='lat' dir='ltr'>Christi</span> 
     </span>
     <span class='ocr_line' id='line_1_36' title="bbox 99 3684 1604 3765; baseline 0.002 -23"><span class='ocrx_word' id='word_1_254' title='bbox 99 3684 418 3745; x_wconf 83' lang='lat' dir='ltr'>sententiam</span> <span class='ocrx_word' id='word_1_255' title='bbox 441 3729 459 3758; x_wconf 94' lang='lat'>,</span> <span class='ocrx_word' id='word_1_256' title='bbox 505 3686 691 3748; x_wconf 81' lang='lat' dir='ltr'>Joan.</span> <span class='ocrx_word' id='word_1_257' title='bbox 742 3687 804 3746; x_wconf 74' lang='grc' dir='ltr'>Δ».</span> <span class='ocrx_word' id='word_1_258' title='bbox 862 3687 1122 3765; x_wconf 83' lang='lat' dir='ltr'>Propter</span> <span class='ocrx_word' id='word_1_259' title='bbox 1174 3686 1346 3764; x_wconf 82' lang='lat' dir='ltr'>quod</span> <span class='ocrx_word' id='word_1_260' title='bbox 1394 3686 1604 3747; x_wconf 84' lang='lat' dir='ltr'>aiebat</span> 
     </span>
     <span class='ocr_line' id='line_1_37' title="bbox 101 3777 1596 3858; baseline 0.002 -23"><span class='ocrx_word' id='word_1_261' title='bbox 101 3777 320 3852; x_wconf 86' lang='lat' dir='ltr'>Paulus,</span> <span class='ocrx_word' id='word_1_262' title='bbox 367 3777 446 3839; x_wconf 91' lang='lat' dir='ltr'>ad</span> <span class='ocrx_word' id='word_1_263' title='bbox 477 3779 685 3858; x_wconf 86' lang='lat' dir='ltr'>justos</span> <span class='ocrx_word' id='word_1_264' title='bbox 729 3778 998 3858; x_wconf 87' lang='lat' dir='ltr'>loquens</span> <span class='ocrx_word' id='word_1_265' title='bbox 1023 3823 1040 3851; x_wconf 89' lang='lat'>‚</span> <span class='ocrx_word' id='word_1_266' title='bbox 1092 3783 1122 3840; x_wconf 87' lang='lat'><strong>1</strong></span> <span class='ocrx_word' id='word_1_267' title='bbox 1169 3779 1254 3840; x_wconf 85' lang='lat' dir='ltr'>ad</span> <span class='ocrx_word' id='word_1_268' title='bbox 1294 3779 1432 3840; x_wconf 92' lang='lat' dir='ltr'>Cor.</span> <span class='ocrx_word' id='word_1_269' title='bbox 1475 3783 1596 3840; x_wconf 75' lang='lat'>15:</span> 
     </span>
     <span class='ocr_line' id='line_1_38' title="bbox 97 3869 1610 3954; baseline 0.003 -24"><span class='ocrx_word' id='word_1_270' title='bbox 97 3869 426 3934; x_wconf 73' lang='lat' dir='ltr'>Abundautes</span> <span class='ocrx_word' id='word_1_271' title='bbox 451 3871 518 3932; x_wconf 67' lang='lat' dir='ltr'>iu</span> <span class='ocrx_word' id='word_1_272' title='bbox 545 3873 712 3934; x_wconf 75' lang='lat' dir='ltr'>omni</span> <span class='ocrx_word' id='word_1_273' title='bbox 738 3889 910 3954; x_wconf 88' lang='lat' dir='ltr'>opere</span> <span class='ocrx_word' id='word_1_274' title='bbox 947 3872 1090 3934; x_wconf 76' lang='lat' dir='ltr'>bono</span> <span class='ocrx_word' id='word_1_275' title='bbox 1107 3919 1122 3942; x_wconf 83' lang='lat'>,</span> <span class='ocrx_word' id='word_1_276' title='bbox 1164 3873 1419 3935; x_wconf 75' lang='lat' dir='ltr'>scientes</span> <span class='ocrx_word' id='word_1_277' title='bbox 1451 3875 1610 3954; x_wconf 78' lang='lat' dir='ltr'>quod</span> 
     </span>
     <span class='ocr_line' id='line_1_39' title="bbox 99 3963 1601 4030; baseline 0.003 -8"><span class='ocrx_word' id='word_1_278' title='bbox 99 3963 230 4024; x_wconf 76' lang='lat' dir='ltr'>labor</span> <span class='ocrx_word' id='word_1_279' title='bbox 249 3970 428 4028; x_wconf 77' lang='lat' dir='ltr'>vester</span> <span class='ocrx_word' id='word_1_280' title='bbox 451 3983 572 4026; x_wconf 70' lang='lat' dir='ltr'>non</span> <span class='ocrx_word' id='word_1_281' title='bbox 595 3973 688 4030; x_wconf 76' lang='lat' dir='ltr'>est</span> <span class='ocrx_word' id='word_1_282' title='bbox 705 3966 912 4030; x_wconf 66' lang='lat' dir='ltr'>inanis</span> <span class='ocrx_word' id='word_1_283' title='bbox 937 3967 1006 4028; x_wconf 73' lang='lat' dir='ltr'>iu</span> <span class='ocrx_word' id='word_1_284' title='bbox 1035 3967 1311 4028; x_wconf 72' lang='lat' dir='ltr'>Domino.</span> <span class='ocrx_word' id='word_1_285' title='bbox 1346 3968 1424 4028; x_wconf 84' lang='lat' dir='ltr'>At</span> <span class='ocrx_word' id='word_1_286' title='bbox 1453 3984 1601 4026; x_wconf 86' lang='lat' dir='ltr'>vero</span> 
     </span>
     <span class='ocr_line' id='line_1_40' title="bbox 97 4055 1597 4138; baseline 0.002 -22"><span class='ocrx_word' id='word_1_287' title='bbox 97 4055 228 4116; x_wconf 86' lang='lat' dir='ltr'>hona</span> <span class='ocrx_word' id='word_1_288' title='bbox 249 4075 448 4136; x_wconf 88' lang='lat' dir='ltr'>opera,</span> <span class='ocrx_word' id='word_1_289' title='bbox 471 4077 612 4136; x_wconf 77' lang='lat' dir='ltr'>quae</span> <span class='ocrx_word' id='word_1_290' title='bbox 637 4059 702 4118; x_wconf 91' lang='lat' dir='ltr'>in</span> <span class='ocrx_word' id='word_1_291' title='bbox 721 4059 922 4138; x_wconf 84' lang='lat' dir='ltr'>gratia</span> <span class='ocrx_word' id='word_1_292' title='bbox 941 4058 1196 4138; x_wconf 86' lang='lat' dir='ltr'>quidem</span> <span class='ocrx_word' id='word_1_293' title='bbox 1215 4059 1380 4120; x_wconf 87' lang='lat' dir='ltr'>facta</span> <span class='ocrx_word' id='word_1_294' title='bbox 1399 4059 1597 4132; x_wconf 89' lang='lat' dir='ltr'>fuere,</span> 
     </span>
     <span class='ocr_line' id='line_1_41' title="bbox 97 4152 1598 4231; baseline 0.002 -23"><span class='ocrx_word' id='word_1_295' title='bbox 97 4155 270 4227; x_wconf 86' lang='lat' dir='ltr'>postea</span> <span class='ocrx_word' id='word_1_296' title='bbox 293 4169 433 4212; x_wconf 89' lang='lat' dir='ltr'>vero</span> <span class='ocrx_word' id='word_1_297' title='bbox 457 4197 474 4226; x_wconf 96' lang='lat'>,</span> <span class='ocrx_word' id='word_1_298' title='bbox 517 4152 1001 4231; x_wconf 83' lang='lat' dir='ltr'>superveniente</span> <span class='ocrx_word' id='word_1_299' title='bbox 1029 4163 1287 4231; x_wconf 83' lang='lat' dir='ltr'>peccato</span> <span class='ocrx_word' id='word_1_300' title='bbox 1319 4152 1598 4224; x_wconf 87' lang='lat' dir='ltr'>mortali,</span> 
     </span>
    </p>
   </div>
   <div class='ocr_carea' id='block_1_3' title="bbox 3149 393 3266 457">
    <p class='ocr_par' dir='ltr' id='par_1_3' title="bbox 3149 393 3266 457">
     <span class='ocr_line' id='line_1_42' title="bbox 3149 393 3266 457; baseline -0.017 0"><span class='ocrx_word' id='word_1_301' title='bbox 3149 393 3266 457; x_wconf 69' lang='lat'>437</span> 
     </span>
    </p>
   </div>
   <div class='ocr_carea' id='block_1_4' title="bbox 2334 644 2620 697">
    <p class='ocr_par' dir='ltr' id='par_1_4' title="bbox 2334 644 2620 697">
     <span class='ocr_line' id='line_1_43' title="bbox 2334 644 2620 697; baseline 0 0"><span class='ocrx_word' id='word_1_302' title='bbox 2334 644 2551 697; x_wconf 83' lang='lat' dir='ltr'>SECTIO</span> <span class='ocrx_word' id='word_1_303' title='bbox 2583 646 2620 697; x_wconf 88' lang='lat'>1.</span> 
     </span>
    </p>
   </div>
   <div class='ocr_carea' id='block_1_5' title="bbox 1681 830 3251 965">
    <p class='ocr_par' dir='ltr' id='par_1_5' title="bbox 1681 830 3251 965">
     <span class='ocr_line' id='line_1_44' title="bbox 1681 830 3251 887; baseline -0.004 -4"><span class='ocrx_word' id='word_1_304' title='bbox 1681 844 1846 883; x_wconf 72' lang='lat' dir='ltr'>mauu</span> <span class='ocrx_word' id='word_1_305' title='bbox 1879 842 2081 887; x_wconf 58' lang='lat' dir='ltr'>raucus,</span> <span class='ocrx_word' id='word_1_306' title='bbox 2111 840 2177 878; x_wconf 67' lang='lat' dir='ltr'>Ao</span> <span class='ocrx_word' id='word_1_307' title='bbox 2210 838 2441 877; x_wconf 65' lang='lat' dir='ltr'>scusatos</span> <span class='ocrx_word' id='word_1_308' title='bbox 2469 830 2518 885; x_wconf 77' lang='lat'>6,</span> <span class='ocrx_word' id='word_1_309' title='bbox 2558 838 2622 875; x_wconf 79' lang='lat' dir='ltr'>ns</span> <span class='ocrx_word' id='word_1_310' title='bbox 2648 835 2984 876; x_wconf 67' lang='lat' dir='ltr'>nont-irretiris</span> <span class='ocrx_word' id='word_1_311' title='bbox 3017 837 3251 877; x_wconf 71' lang='lat' dir='ltr'>orsurus</span> 
     </span>
     <span class='ocr_line' id='line_1_45' title="bbox 1800 913 3145 965; baseline -0.004 -9"><span class='ocrx_word' id='word_1_312' title='bbox 1800 917 2080 965; x_wconf 74' lang='grc' dir='ltr'>ιοοσΑτῑτιι,</span> <span class='ocrx_word' id='word_1_313' title='bbox 2116 915 2381 959; x_wconf 65' lang='lat' dir='ltr'>sonuimus</span> <span class='ocrx_word' id='word_1_314' title='bbox 2416 914 2785 951; x_wconf 69' lang='lat' dir='ltr'>annu-nonan</span> <span class='ocrx_word' id='word_1_315' title='bbox 2820 913 3145 951; x_wconf 65' lang='lat' dir='ltr'>rsnsuanen.</span> 
     </span>
    </p>
   </div>
   <div class='ocr_carea' id='block_1_6' title="bbox 1681 1097 3257 4169">
    <p class='ocr_par' dir='ltr' id='par_1_6' title="bbox 1681 1097 3257 3608">
     <span class='ocr_line' id='line_1_46' title="bbox 1772 1097 3254 1184; baseline -0.001 -19"><span class='ocrx_word' id='word_1_316' title='bbox 1772 1110 1828 1166; x_wconf 87' lang='grc'>1.</span> <span class='ocrx_word' id='word_1_317' title='bbox 1876 1102 2180 1184; x_wconf 76' lang='lat' dir='ltr'>Loquitur</span> <span class='ocrx_word' id='word_1_318' title='bbox 2222 1100 2464 1163; x_wconf 75' lang='lat' dir='ltr'>Paulus</span> <span class='ocrx_word' id='word_1_319' title='bbox 2516 1100 2584 1161; x_wconf 84' lang='lat' dir='ltr'>de</span> <span class='ocrx_word' id='word_1_320' title='bbox 2628 1097 2899 1180; x_wconf 75' lang='lat' dir='ltr'>operibus</span> <span class='ocrx_word' id='word_1_321' title='bbox 2935 1098 3003 1160; x_wconf 80' lang='lat' dir='ltr'>in</span> <span class='ocrx_word' id='word_1_322' title='bbox 3044 1101 3254 1183; x_wconf 68' lang='lat' dir='ltr'>qratia</span> 
     </span>
     <span class='ocr_line' id='line_1_47' title="bbox 1682 1192 3255 1279; baseline -0.007 -15"><span class='ocrx_word' id='word_1_323' title='bbox 1682 1197 1888 1279; x_wconf 74' lang='lat' dir='ltr'>factis.</span> <span class='ocrx_word' id='word_1_324' title='bbox 1932 1230 2013 1243; x_wconf 94' lang='lat'>—</span> <span class='ocrx_word' id='word_1_325' title='bbox 2056 1194 2362 1273; x_wconf 91' lang='lat' dir='ltr'>Principio</span> <span class='ocrx_word' id='word_1_326' title='bbox 2384 1242 2399 1269; x_wconf 91' lang='lat'>‚</span> <span class='ocrx_word' id='word_1_327' title='bbox 2441 1196 2680 1253; x_wconf 89' lang='lat' dir='ltr'>certum</span> <span class='ocrx_word' id='word_1_328' title='bbox 2712 1192 2957 1253; x_wconf 87' lang='lat' dir='ltr'>videtur</span> <span class='ocrx_word' id='word_1_329' title='bbox 2988 1194 3255 1273; x_wconf 84' lang='lat' dir='ltr'>Aposto-</span> 
     </span>
     <span class='ocr_line' id='line_1_48' title="bbox 1686 1286 3254 1371; baseline -0.004 -18"><span class='ocrx_word' id='word_1_330' title='bbox 1686 1294 1818 1353; x_wconf 89' lang='lat' dir='ltr'>lum</span> <span class='ocrx_word' id='word_1_331' title='bbox 1845 1290 2017 1371; x_wconf 84' lang='lat' dir='ltr'>loqui</span> <span class='ocrx_word' id='word_1_332' title='bbox 2046 1288 2125 1349; x_wconf 89' lang='lat' dir='ltr'>de</span> <span class='ocrx_word' id='word_1_333' title='bbox 2157 1288 2450 1368; x_wconf 83' lang='lat' dir='ltr'>operibus</span> <span class='ocrx_word' id='word_1_334' title='bbox 2478 1286 2543 1347; x_wconf 92' lang='lat' dir='ltr'>in</span> <span class='ocrx_word' id='word_1_335' title='bbox 2570 1286 2769 1365; x_wconf 86' lang='lat' dir='ltr'>gratia</span> <span class='ocrx_word' id='word_1_336' title='bbox 2796 1286 2975 1347; x_wconf 86' lang='lat' dir='ltr'>factis</span> <span class='ocrx_word' id='word_1_337' title='bbox 3004 1333 3019 1359; x_wconf 97' lang='lat'>,</span> <span class='ocrx_word' id='word_1_338' title='bbox 3064 1292 3254 1367; x_wconf 87' lang='lat' dir='ltr'>atque</span> 
     </span>
     <span class='ocr_line' id='line_1_49' title="bbox 1689 1379 3253 1462; baseline -0.004 -16"><span class='ocrx_word' id='word_1_339' title='bbox 1689 1404 1767 1447; x_wconf 84' lang='lat' dir='ltr'>ex</span> <span class='ocrx_word' id='word_1_340' title='bbox 1805 1386 1926 1445; x_wconf 91' lang='lat' dir='ltr'>hoc</span> <span class='ocrx_word' id='word_1_341' title='bbox 1963 1382 2165 1462; x_wconf 90' lang='lat' dir='ltr'>capite</span> <span class='ocrx_word' id='word_1_342' title='bbox 2210 1380 2369 1460; x_wconf 88' lang='lat' dir='ltr'>aptis</span> <span class='ocrx_word' id='word_1_343' title='bbox 2418 1379 2498 1441; x_wconf 88' lang='lat' dir='ltr'>ad</span> <span class='ocrx_word' id='word_1_344' title='bbox 2538 1380 2853 1440; x_wconf 87' lang='lat' dir='ltr'>meritum.</span> <span class='ocrx_word' id='word_1_345' title='bbox 2898 1381 2965 1440; x_wconf 91' lang='lat' dir='ltr'>In</span> <span class='ocrx_word' id='word_1_346' title='bbox 3008 1380 3127 1441; x_wconf 91' lang='lat' dir='ltr'>hoc</span> <span class='ocrx_word' id='word_1_347' title='bbox 3171 1380 3253 1439; x_wconf 89' lang='lat' dir='ltr'>vi-</span> 
     </span>
     <span class='ocr_line' id='line_1_50' title="bbox 1694 1472 3247 1552; baseline -0.003 -15"><span class='ocrx_word' id='word_1_348' title='bbox 1694 1476 1923 1537; x_wconf 88' lang='lat' dir='ltr'>dentur</span> <span class='ocrx_word' id='word_1_349' title='bbox 1953 1473 2285 1536; x_wconf 88' lang='lat' dir='ltr'>convenire</span> <span class='ocrx_word' id='word_1_350' title='bbox 2317 1490 2535 1533; x_wconf 88' lang='lat' dir='ltr'>omues</span> <span class='ocrx_word' id='word_1_351' title='bbox 2564 1472 2957 1552; x_wconf 80' lang='lat' dir='ltr'>interpretes„</span> <span class='ocrx_word' id='word_1_352' title='bbox 2995 1490 3153 1552; x_wconf 89' lang='lat' dir='ltr'>quos</span> <span class='ocrx_word' id='word_1_353' title='bbox 3186 1474 3247 1533; x_wconf 90' lang='lat' dir='ltr'>in</span> 
     </span>
     <span class='ocr_line' id='line_1_51' title="bbox 1693 1566 3253 1649; baseline -0.003 -18"><span class='ocrx_word' id='word_1_354' title='bbox 1693 1568 2101 1649; x_wconf 88' lang='lat' dir='ltr'>sequentibus</span> <span class='ocrx_word' id='word_1_355' title='bbox 2126 1566 2417 1627; x_wconf 84' lang='lat' dir='ltr'>referam.</span> <span class='ocrx_word' id='word_1_356' title='bbox 2451 1568 2525 1627; x_wconf 89' lang='lat' dir='ltr'>Et</span> <span class='ocrx_word' id='word_1_357' title='bbox 2554 1566 2818 1625; x_wconf 86' lang='lat' dir='ltr'>sumitur</span> <span class='ocrx_word' id='word_1_358' title='bbox 2846 1585 2923 1627; x_wconf 83' lang='lat' dir='ltr'>ex</span> <span class='ocrx_word' id='word_1_359' title='bbox 2947 1566 3083 1645; x_wconf 91' lang='lat' dir='ltr'>ipso</span> <span class='ocrx_word' id='word_1_360' title='bbox 3110 1586 3253 1627; x_wconf 77' lang='lat' dir='ltr'>ron-</span> 
     </span>
     <span class='ocr_line' id='line_1_52' title="bbox 1691 1657 3251 1737; baseline -0.003 -13"><span class='ocrx_word' id='word_1_361' title='bbox 1691 1668 1885 1737; x_wconf 86' lang='lat' dir='ltr'>textu,</span> <span class='ocrx_word' id='word_1_362' title='bbox 1914 1668 2047 1723; x_wconf 92' lang='lat' dir='ltr'>tum</span> <span class='ocrx_word' id='word_1_363' title='bbox 2079 1679 2155 1721; x_wconf 87' lang='lat' dir='ltr'>ex</span> <span class='ocrx_word' id='word_1_364' title='bbox 2184 1660 2287 1719; x_wconf 93' lang='lat' dir='ltr'>illo</span> <span class='ocrx_word' id='word_1_365' title='bbox 2317 1660 2510 1720; x_wconf 81' lang='lat' dir='ltr'>verbo</span> <span class='ocrx_word' id='word_1_366' title='bbox 2541 1676 2552 1717; x_wconf 93' lang='lat'><strong>:</strong></span> <span class='ocrx_word' id='word_1_367' title='bbox 2592 1657 2783 1731; x_wconf 74' lang='lat' dir='ltr'>Quam</span> <span class='ocrx_word' id='word_1_368' title='bbox 2810 1659 3153 1722; x_wconf 77' lang='lat' dir='ltr'>ostendistis</span> <span class='ocrx_word' id='word_1_369' title='bbox 3184 1659 3251 1720; x_wconf 80' lang='lat' dir='ltr'>in</span> 
     </span>
     <span class='ocr_line' id='line_1_53' title="bbox 1689 1751 3253 1837; baseline -0.004 -18"><span class='ocrx_word' id='word_1_370' title='bbox 1689 1757 1924 1819; x_wconf 78' lang='lat' dir='ltr'>nomine</span> <span class='ocrx_word' id='word_1_371' title='bbox 1942 1754 2158 1837; x_wconf 71' lang='lat' dir='ltr'>ipsius.</span> <span class='ocrx_word' id='word_1_372' title='bbox 2194 1754 2322 1814; x_wconf 88' lang='lat' dir='ltr'>Hac</span> <span class='ocrx_word' id='word_1_373' title='bbox 2342 1751 2510 1813; x_wconf 88' lang='lat' dir='ltr'>enim</span> <span class='ocrx_word' id='word_1_374' title='bbox 2534 1752 2743 1830; x_wconf 87' lang='lat' dir='ltr'>phrasi</span> <span class='ocrx_word' id='word_1_375' title='bbox 2770 1752 3063 1830; x_wconf 85' lang='lat' dir='ltr'>explicari</span> <span class='ocrx_word' id='word_1_376' title='bbox 3095 1753 3253 1813; x_wconf 90' lang='lat' dir='ltr'>solet</span> 
     </span>
     <span class='ocr_line' id='line_1_54' title="bbox 1690 1844 3252 1929; baseline -0.005 -18"><span class='ocrx_word' id='word_1_377' title='bbox 1690 1852 1754 1911; x_wconf 92' lang='lat' dir='ltr'>in</span> <span class='ocrx_word' id='word_1_378' title='bbox 1793 1849 2109 1929; x_wconf 83' lang='lat' dir='ltr'>Scriptura</span> <span class='ocrx_word' id='word_1_379' title='bbox 2152 1846 2376 1907; x_wconf 87' lang='lat' dir='ltr'>modus</span> <span class='ocrx_word' id='word_1_380' title='bbox 2416 1844 2717 1924; x_wconf 88' lang='lat' dir='ltr'>operandi</span> <span class='ocrx_word' id='word_1_381' title='bbox 2760 1844 3252 1923; x_wconf 87' lang='lat' dir='ltr'>supernaturalis</span> 
     </span>
     <span class='ocr_line' id='line_1_55' title="bbox 1693 1939 3251 2007; baseline -0.004 0"><span class='ocrx_word' id='word_1_382' title='bbox 1693 1952 1754 2007; x_wconf 90' lang='lat' dir='ltr'>et</span> <span class='ocrx_word' id='word_1_383' title='bbox 1779 1943 2154 2005; x_wconf 86' lang='lat' dir='ltr'>meritorius.</span> <span class='ocrx_word' id='word_1_384' title='bbox 2200 1943 2275 2002; x_wconf 88' lang='lat' dir='ltr'>Et</span> <span class='ocrx_word' id='word_1_385' title='bbox 2304 1939 2593 2001; x_wconf 89' lang='lat' dir='ltr'>eamdem</span> <span class='ocrx_word' id='word_1_386' title='bbox 2616 1940 2742 2000; x_wconf 89' lang='lat' dir='ltr'>vim</span> <span class='ocrx_word' id='word_1_387' title='bbox 2772 1940 2963 2000; x_wconf 88' lang='lat' dir='ltr'>habet</span> <span class='ocrx_word' id='word_1_388' title='bbox 2988 1940 3251 2000; x_wconf 89' lang='lat' dir='ltr'>verbum</span> 
     </span>
     <span class='ocr_line' id='line_1_56' title="bbox 1691 2032 3247 2108; baseline -0.004 -10"><span class='ocrx_word' id='word_1_389' title='bbox 1691 2036 1882 2099; x_wconf 88' lang='lat' dir='ltr'>illud:</span> <span class='ocrx_word' id='word_1_390' title='bbox 1920 2035 2039 2108; x_wconf 79' lang='lat' dir='ltr'>Qui</span> <span class='ocrx_word' id='word_1_391' title='bbox 2062 2033 2466 2097; x_wconf 73' lang='lat' dir='ltr'>ministrastis</span> <span class='ocrx_word' id='word_1_392' title='bbox 2493 2034 2749 2105; x_wconf 73' lang='lat' dir='ltr'>sanctis,</span> <span class='ocrx_word' id='word_1_393' title='bbox 2774 2038 2832 2095; x_wconf 87' lang='lat' dir='ltr'>et</span> <span class='ocrx_word' id='word_1_394' title='bbox 2851 2032 3247 2095; x_wconf 73' lang='lat' dir='ltr'>ministratis.</span> 
     </span>
     <span class='ocr_line' id='line_1_57' title="bbox 1689 2124 3253 2204; baseline -0.005 -12"><span class='ocrx_word' id='word_1_395' title='bbox 1689 2134 1844 2193; x_wconf 89' lang='lat' dir='ltr'>Nam</span> <span class='ocrx_word' id='word_1_396' title='bbox 1869 2131 1991 2189; x_wconf 91' lang='lat' dir='ltr'>hoc</span> <span class='ocrx_word' id='word_1_397' title='bbox 2022 2128 2213 2189; x_wconf 85' lang='lat' dir='ltr'>etiam</span> <span class='ocrx_word' id='word_1_398' title='bbox 2240 2126 2521 2187; x_wconf 88' lang='lat' dir='ltr'>declarat</span> <span class='ocrx_word' id='word_1_399' title='bbox 2548 2125 2800 2186; x_wconf 88' lang='lat' dir='ltr'>modum</span> <span class='ocrx_word' id='word_1_400' title='bbox 2832 2124 3131 2204; x_wconf 90' lang='lat' dir='ltr'>operandi</span> <span class='ocrx_word' id='word_1_401' title='bbox 3157 2144 3253 2185; x_wconf 92' lang='lat' dir='ltr'>su-</span> 
     </span>
     <span class='ocr_line' id='line_1_58' title="bbox 1687 2210 3257 2305; baseline -0.003 -20"><span class='ocrx_word' id='word_1_402' title='bbox 1687 2223 2178 2305; x_wconf 86' lang='lat' dir='ltr'>pernaturalem.</span> <span class='ocrx_word' id='word_1_403' title='bbox 2244 2210 2591 2299; x_wconf 79' lang='lat' dir='ltr'>Utrumque</span> <span class='ocrx_word' id='word_1_404' title='bbox 2664 2219 2830 2280; x_wconf 87' lang='lat' dir='ltr'>enim</span> <span class='ocrx_word' id='word_1_405' title='bbox 2892 2218 3257 2299; x_wconf 81' lang='lat' dir='ltr'>significavit</span> 
     </span>
     <span class='ocr_line' id='line_1_59' title="bbox 1688 2312 3252 2388; baseline -0.003 -9"><span class='ocrx_word' id='word_1_406' title='bbox 1688 2318 1963 2380; x_wconf 85' lang='lat' dir='ltr'>Christus</span> <span class='ocrx_word' id='word_1_407' title='bbox 1989 2315 2316 2388; x_wconf 47' lang='lat' dir='ltr'>hminum</span> <span class='ocrx_word' id='word_1_408' title='bbox 2340 2315 2558 2375; x_wconf 88' lang='lat' dir='ltr'>Matth.</span> <span class='ocrx_word' id='word_1_409' title='bbox 2591 2316 2690 2385; x_wconf 88' lang='grc'>10,</span> <span class='ocrx_word' id='word_1_410' title='bbox 2722 2312 2937 2374; x_wconf 88' lang='lat' dir='ltr'>dicens</span> <span class='ocrx_word' id='word_1_411' title='bbox 2967 2331 2980 2373; x_wconf 92' lang='lat'><strong>:</strong></span> <span class='ocrx_word' id='word_1_412' title='bbox 3021 2312 3137 2387; x_wconf 76' lang='lat' dir='ltr'>Qui</span> <span class='ocrx_word' id='word_1_413' title='bbox 3162 2330 3252 2375; x_wconf 92' lang='lat' dir='ltr'>re-</span> 
     </span>
     <span class='ocr_line' id='line_1_60' title="bbox 1689 2406 3253 2493; baseline -0.004 -19"><span class='ocrx_word' id='word_1_414' title='bbox 1689 2412 1838 2493; x_wconf 85' lang='lat' dir='ltr'>cipit</span> <span class='ocrx_word' id='word_1_415' title='bbox 1871 2428 2000 2484; x_wconf 75' lang='lat' dir='ltr'>cos,</span> <span class='ocrx_word' id='word_1_416' title='bbox 2027 2426 2119 2471; x_wconf 86' lang='lat' dir='ltr'>me</span> <span class='ocrx_word' id='word_1_417' title='bbox 2140 2407 2359 2491; x_wconf 78' lang='lat' dir='ltr'>recipit</span> <span class='ocrx_word' id='word_1_418' title='bbox 2377 2434 2399 2467; x_wconf 90' lang='lat'>.·</span> <span class='ocrx_word' id='word_1_419' title='bbox 2439 2412 2497 2469; x_wconf 89' lang='lat' dir='ltr'>et</span> <span class='ocrx_word' id='word_1_420' title='bbox 2524 2408 2629 2489; x_wconf 80' lang='lat' dir='ltr'>qui</span> <span class='ocrx_word' id='word_1_421' title='bbox 2654 2426 2745 2469; x_wconf 87' lang='lat' dir='ltr'>me</span> <span class='ocrx_word' id='word_1_422' title='bbox 2769 2406 3005 2489; x_wconf 78' lang='lat' dir='ltr'>recipit,</span> <span class='ocrx_word' id='word_1_423' title='bbox 3034 2406 3253 2489; x_wconf 77' lang='lat' dir='ltr'>recipit</span> 
     </span>
     <span class='ocr_line' id='line_1_61' title="bbox 1687 2496 3253 2584; baseline -0.005 -17"><span class='ocrx_word' id='word_1_424' title='bbox 1687 2522 1818 2567; x_wconf 75' lang='lat' dir='ltr'>eum</span> <span class='ocrx_word' id='word_1_425' title='bbox 1848 2501 1953 2584; x_wconf 77' lang='lat' dir='ltr'>qui</span> <span class='ocrx_word' id='word_1_426' title='bbox 1976 2520 2068 2565; x_wconf 88' lang='lat' dir='ltr'>me</span> <span class='ocrx_word' id='word_1_427' title='bbox 2099 2502 2294 2563; x_wconf 74' lang='lat' dir='ltr'>misit.</span> <span class='ocrx_word' id='word_1_428' title='bbox 2351 2498 2469 2575; x_wconf 66' lang='lat' dir='ltr'>Qui</span> <span class='ocrx_word' id='word_1_429' title='bbox 2504 2498 2725 2581; x_wconf 81' lang='lat' dir='ltr'>recipit</span> <span class='ocrx_word' id='word_1_430' title='bbox 2764 2500 3131 2580; x_wconf 73' lang='lat' dir='ltr'>Prophetam</span> <span class='ocrx_word' id='word_1_431' title='bbox 3185 2496 3253 2559; x_wconf 78' lang='lat' dir='ltr'>in</span> 
     </span>
     <span class='ocr_line' id='line_1_62' title="bbox 1685 2592 3249 2677; baseline -0.003 -18"><span class='ocrx_word' id='word_1_432' title='bbox 1685 2596 1920 2659; x_wconf 77' lang='lat' dir='ltr'>nomine</span> <span class='ocrx_word' id='word_1_433' title='bbox 1934 2596 2263 2677; x_wconf 68' lang='lat' dir='ltr'>prophetea,</span> <span class='ocrx_word' id='word_1_434' title='bbox 2290 2594 2609 2656; x_wconf 81' lang='lat' dir='ltr'>mercedem</span> <span class='ocrx_word' id='word_1_435' title='bbox 2620 2592 2925 2674; x_wconf 73' lang='lat' dir='ltr'>propheta·</span> <span class='ocrx_word' id='word_1_436' title='bbox 2954 2592 3209 2672; x_wconf 84' lang='lat' dir='ltr'>accipiet</span> <span class='ocrx_word' id='word_1_437' title='bbox 3225 2617 3249 2663; x_wconf 86' lang='lat'>,-</span> 
     </span>
     <span class='ocr_line' id='line_1_63' title="bbox 1689 2686 3250 2772; baseline -0.004 -19"><span class='ocrx_word' id='word_1_438' title='bbox 1689 2696 1746 2754; x_wconf 87' lang='lat' dir='ltr'>et</span> <span class='ocrx_word' id='word_1_439' title='bbox 1782 2691 1888 2772; x_wconf 80' lang='lat' dir='ltr'>qui</span> <span class='ocrx_word' id='word_1_440' title='bbox 1913 2687 2130 2769; x_wconf 81' lang='lat' dir='ltr'>recipit</span> <span class='ocrx_word' id='word_1_441' title='bbox 2160 2688 2405 2767; x_wconf 70' lang='lat' dir='ltr'>justum</span> <span class='ocrx_word' id='word_1_442' title='bbox 2438 2688 2505 2749; x_wconf 80' lang='lat' dir='ltr'>in</span> <span class='ocrx_word' id='word_1_443' title='bbox 2542 2687 2774 2748; x_wconf 81' lang='lat' dir='ltr'>nomine</span> <span class='ocrx_word' id='word_1_444' title='bbox 2788 2686 2988 2765; x_wconf 75' lang='lat' dir='ltr'>justi,</span> <span class='ocrx_word' id='word_1_445' title='bbox 3029 2703 3250 2748; x_wconf 81' lang='lat' dir='ltr'>merce-</span> 
     </span>
     <span class='ocr_line' id='line_1_64' title="bbox 1687 2779 3247 2863; baseline -0.004 -15"><span class='ocrx_word' id='word_1_446' title='bbox 1687 2781 1991 2862; x_wconf 72' lang='lat' dir='ltr'>domjusti</span> <span class='ocrx_word' id='word_1_447' title='bbox 2010 2781 2281 2863; x_wconf 67' lang='lat' dir='ltr'>accipiet.</span> <span class='ocrx_word' id='word_1_448' title='bbox 2316 2780 2593 2859; x_wconf 83' lang='lat' dir='ltr'>Denique</span> <span class='ocrx_word' id='word_1_449' title='bbox 2619 2780 2683 2839; x_wconf 91' lang='lat' dir='ltr'>id</span> <span class='ocrx_word' id='word_1_450' title='bbox 2708 2779 2855 2839; x_wconf 86' lang='lat' dir='ltr'>satis</span> <span class='ocrx_word' id='word_1_451' title='bbox 2879 2779 3247 2841; x_wconf 88' lang='lat' dir='ltr'>confirmant</span> 
     </span>
     <span class='ocr_line' id='line_1_65' title="bbox 1686 2872 3250 2953; baseline -0.003 -16"><span class='ocrx_word' id='word_1_452' title='bbox 1686 2882 1900 2937; x_wconf 89' lang='lat' dir='ltr'>nostra</span> <span class='ocrx_word' id='word_1_453' title='bbox 1930 2876 2120 2936; x_wconf 81' lang='lat' dir='ltr'>verba</span> <span class='ocrx_word' id='word_1_454' title='bbox 2160 2893 2173 2934; x_wconf 76' lang='grc' dir='ltr'>ε</span> <span class='ocrx_word' id='word_1_455' title='bbox 2214 2872 2359 2937; x_wconf 75' lang='lat' dir='ltr'>Non</span> <span class='ocrx_word' id='word_1_456' title='bbox 2386 2888 2477 2936; x_wconf 75' lang='lat' dir='ltr'>est</span> <span class='ocrx_word' id='word_1_457' title='bbox 2510 2873 2781 2953; x_wconf 75' lang='lat' dir='ltr'>injustus</span> <span class='ocrx_word' id='word_1_458' title='bbox 2811 2872 2975 2933; x_wconf 72' lang='lat' dir='ltr'>Deus</span> <span class='ocrx_word' id='word_1_459' title='bbox 3010 2877 3083 2934; x_wconf 78' lang='lat' dir='ltr'>ut</span> <span class='ocrx_word' id='word_1_460' title='bbox 3109 2872 3250 2935; x_wconf 80' lang='lat' dir='ltr'>obli-</span> 
     </span>
     <span class='ocr_line' id='line_1_66' title="bbox 1685 2964 3243 3049; baseline -0.004 -17"><span class='ocrx_word' id='word_1_461' title='bbox 1685 2970 1963 3032; x_wconf 75' lang='lat' dir='ltr'>viscatur</span> <span class='ocrx_word' id='word_1_462' title='bbox 2006 2968 2202 3049; x_wconf 73' lang='lat' dir='ltr'>operie</span> <span class='ocrx_word' id='word_1_463' title='bbox 2244 2966 2456 3039; x_wconf 74' lang='lat' dir='ltr'>vestri,</span> <span class='ocrx_word' id='word_1_464' title='bbox 2504 2983 2652 3025; x_wconf 88' lang='lat' dir='ltr'>nam</span> <span class='ocrx_word' id='word_1_465' title='bbox 2699 2970 2941 3025; x_wconf 88' lang='lat' dir='ltr'>constat</span> <span class='ocrx_word' id='word_1_466' title='bbox 2984 2964 3243 3025; x_wconf 88' lang='lat' dir='ltr'>Paulum</span> 
     </span>
     <span class='ocr_line' id='line_1_67' title="bbox 1685 3058 3243 3143; baseline -0.002 -19"><span class='ocrx_word' id='word_1_467' title='bbox 1685 3063 1857 3143; x_wconf 90' lang='lat' dir='ltr'>loqui</span> <span class='ocrx_word' id='word_1_468' title='bbox 1886 3063 1965 3124; x_wconf 91' lang='lat' dir='ltr'>de</span> <span class='ocrx_word' id='word_1_469' title='bbox 1987 3062 2279 3142; x_wconf 85' lang='lat' dir='ltr'>operibus</span> <span class='ocrx_word' id='word_1_470' title='bbox 2301 3078 2439 3141; x_wconf 81' lang='lat' dir='ltr'>quae</span> <span class='ocrx_word' id='word_1_471' title='bbox 2470 3058 2638 3139; x_wconf 87' lang='lat' dir='ltr'>apud</span> <span class='ocrx_word' id='word_1_472' title='bbox 2663 3058 2864 3120; x_wconf 90' lang='lat' dir='ltr'>Deum</span> <span class='ocrx_word' id='word_1_473' title='bbox 2890 3058 3079 3140; x_wconf 84' lang='lat' dir='ltr'>digna</span> <span class='ocrx_word' id='word_1_474' title='bbox 3101 3066 3243 3121; x_wconf 87' lang='lat' dir='ltr'>sunt</span> 
     </span>
     <span class='ocr_line' id='line_1_68' title="bbox 1685 3153 3243 3236; baseline -0.004 -18"><span class='ocrx_word' id='word_1_475' title='bbox 1685 3175 1915 3218; x_wconf 86' lang='lat' dir='ltr'>corona</span> <span class='ocrx_word' id='word_1_476' title='bbox 1946 3156 2239 3236; x_wconf 78' lang='lat' dir='ltr'>justitiae3</span> <span class='ocrx_word' id='word_1_477' title='bbox 2285 3153 2641 3235; x_wconf 85' lang='lat' dir='ltr'>hujusmodi</span> <span class='ocrx_word' id='word_1_478' title='bbox 2670 3158 2883 3213; x_wconf 88' lang='lat' dir='ltr'>autem</span> <span class='ocrx_word' id='word_1_479' title='bbox 2910 3171 3039 3212; x_wconf 91' lang='lat' dir='ltr'>non</span> <span class='ocrx_word' id='word_1_480' title='bbox 3062 3158 3207 3213; x_wconf 88' lang='lat' dir='ltr'>sunt</span> <span class='ocrx_word' id='word_1_481' title='bbox 3228 3199 3243 3225; x_wconf 97' lang='lat'>,</span> 
     </span>
     <span class='ocr_line' id='line_1_69' title="bbox 1684 3246 3243 3329; baseline -0.003 -19"><span class='ocrx_word' id='word_1_482' title='bbox 1684 3250 1802 3310; x_wconf 88' lang='lat' dir='ltr'>nisi</span> <span class='ocrx_word' id='word_1_483' title='bbox 1832 3269 2024 3329; x_wconf 87' lang='lat' dir='ltr'>opera</span> <span class='ocrx_word' id='word_1_484' title='bbox 2053 3267 2193 3329; x_wconf 75' lang='lat' dir='ltr'>quae</span> <span class='ocrx_word' id='word_1_485' title='bbox 2226 3249 2435 3328; x_wconf 88' lang='lat' dir='ltr'>aliquo</span> <span class='ocrx_word' id='word_1_486' title='bbox 2467 3246 2657 3307; x_wconf 90' lang='lat' dir='ltr'>modo</span> <span class='ocrx_word' id='word_1_487' title='bbox 2688 3265 2765 3306; x_wconf 83' lang='lat' dir='ltr'>ex</span> <span class='ocrx_word' id='word_1_488' title='bbox 2794 3246 2991 3324; x_wconf 83' lang='lat' dir='ltr'>gratia</span> <span class='ocrx_word' id='word_1_489' title='bbox 3024 3264 3243 3326; x_wconf 85' lang='lat' dir='ltr'>proce-</span> 
     </span>
     <span class='ocr_line' id='line_1_70' title="bbox 1682 3338 3238 3422; baseline -0.003 -19"><span class='ocrx_word' id='word_1_490' title='bbox 1682 3342 1871 3416; x_wconf 90' lang='lat' dir='ltr'>dunt,</span> <span class='ocrx_word' id='word_1_491' title='bbox 1902 3349 1975 3403; x_wconf 87' lang='lat' dir='ltr'>ut</span> <span class='ocrx_word' id='word_1_492' title='bbox 2001 3343 2186 3422; x_wconf 84' lang='lat' dir='ltr'>plane</span> <span class='ocrx_word' id='word_1_493' title='bbox 2214 3340 2397 3402; x_wconf 89' lang='lat' dir='ltr'>docet</span> <span class='ocrx_word' id='word_1_494' title='bbox 2419 3339 2761 3401; x_wconf 89' lang='lat' dir='ltr'>Concilium</span> <span class='ocrx_word' id='word_1_495' title='bbox 2784 3338 3238 3412; x_wconf 87' lang='lat' dir='ltr'>Tridentinum‚</span> 
     </span>
     <span class='ocr_line' id='line_1_71' title="bbox 1681 3431 3245 3516; baseline -0.003 -19"><span class='ocrx_word' id='word_1_496' title='bbox 1681 3455 1837 3498; x_wconf 83' lang='lat' dir='ltr'>sess.</span> <span class='ocrx_word' id='word_1_497' title='bbox 1868 3439 1929 3506; x_wconf 88' lang='grc'>6,</span> <span class='ocrx_word' id='word_1_498' title='bbox 1967 3455 2105 3516; x_wconf 90' lang='lat' dir='ltr'>cap.</span> <span class='ocrx_word' id='word_1_499' title='bbox 2142 3435 2239 3496; x_wconf 89' lang='grc'>16.</span> <span class='ocrx_word' id='word_1_500' title='bbox 2292 3435 2541 3495; x_wconf 88' lang='lat' dir='ltr'>Certum</span> <span class='ocrx_word' id='word_1_501' title='bbox 2574 3450 2724 3513; x_wconf 86' lang='lat' dir='ltr'>ergo</span> <span class='ocrx_word' id='word_1_502' title='bbox 2755 3431 2833 3493; x_wconf 91' lang='lat' dir='ltr'>sit</span> <span class='ocrx_word' id='word_1_503' title='bbox 2864 3432 2941 3492; x_wconf 86' lang='lat' dir='ltr'>de</span> <span class='ocrx_word' id='word_1_504' title='bbox 2968 3431 3065 3492; x_wconf 91' lang='lat' dir='ltr'>his</span> <span class='ocrx_word' id='word_1_505' title='bbox 3095 3449 3245 3511; x_wconf 88' lang='lat' dir='ltr'>ope-</span> 
     </span>
     <span class='ocr_line' id='line_1_72' title="bbox 1683 3527 2474 3608; baseline -0.006 -17"><span class='ocrx_word' id='word_1_506' title='bbox 1683 3530 1858 3591; x_wconf 86' lang='lat' dir='ltr'>ribus</span> <span class='ocrx_word' id='word_1_507' title='bbox 1885 3528 2253 3608; x_wconf 79' lang='lat' dir='ltr'>Apostolum</span> <span class='ocrx_word' id='word_1_508' title='bbox 2280 3527 2474 3606; x_wconf 87' lang='lat' dir='ltr'>loqui.</span> 
     </span>
    </p>

    <p class='ocr_par' dir='ltr' id='par_1_7' title="bbox 1681 3610 3249 4169">
     <span class='ocr_line' id='line_1_73' title="bbox 1763 3610 3247 3702; baseline -0.001 -19"><span class='ocrx_word' id='word_1_509' title='bbox 1763 3625 1824 3683; x_wconf 73' lang='lat'>2.</span> <span class='ocrx_word' id='word_1_510' title='bbox 1877 3610 2099 3685; x_wconf 83' lang='lat' dir='ltr'>Prima</span> <span class='ocrx_word' id='word_1_511' title='bbox 2148 3619 2445 3685; x_wconf 74' lang='lat' dir='ltr'>sententia</span> <span class='ocrx_word' id='word_1_512' title='bbox 2507 3620 2673 3683; x_wconf 83' lang='lat' dir='ltr'>circa</span> <span class='ocrx_word' id='word_1_513' title='bbox 2729 3625 2961 3684; x_wconf 74' lang='lat' dir='ltr'>etatum</span> <span class='ocrx_word' id='word_1_514' title='bbox 3010 3623 3077 3684; x_wconf 86' lang='lat' dir='ltr'>de</span> <span class='ocrx_word' id='word_1_515' title='bbox 3132 3637 3247 3702; x_wconf 80' lang='lat' dir='ltr'>quo</span> 
     </span>
     <span class='ocr_line' id='line_1_74' title="bbox 1681 3714 3247 3795; baseline -0.004 -16"><span class='ocrx_word' id='word_1_516' title='bbox 1681 3715 1924 3779; x_wconf 74' lang='lat' dir='ltr'>Paulus</span> <span class='ocrx_word' id='word_1_517' title='bbox 1964 3715 2256 3795; x_wconf 78' lang='lat' dir='ltr'>loquitur.</span> <span class='ocrx_word' id='word_1_518' title='bbox 2300 3747 2383 3760; x_wconf 89' lang='lat'><em>-</em></span> <span class='ocrx_word' id='word_1_519' title='bbox 2422 3714 2511 3774; x_wconf 89' lang='lat' dir='ltr'>De</span> <span class='ocrx_word' id='word_1_520' title='bbox 2551 3731 2675 3792; x_wconf 90' lang='lat' dir='ltr'>quo</span> <span class='ocrx_word' id='word_1_521' title='bbox 2700 3719 2911 3773; x_wconf 88' lang='lat' dir='ltr'>autem</span> <span class='ocrx_word' id='word_1_522' title='bbox 2940 3718 3103 3774; x_wconf 89' lang='lat' dir='ltr'>statu</span> <span class='ocrx_word' id='word_1_523' title='bbox 3133 3732 3247 3774; x_wconf 90' lang='lat' dir='ltr'>seu</span> 
     </span>
     <span class='ocr_line' id='line_1_75' title="bbox 1685 3806 3249 3888; baseline -0.001 -20"><span class='ocrx_word' id='word_1_524' title='bbox 1685 3808 1982 3888; x_wconf 88' lang='lat' dir='ltr'>qualitate</span> <span class='ocrx_word' id='word_1_525' title='bbox 2013 3807 2230 3868; x_wconf 87' lang='lat' dir='ltr'>talium</span> <span class='ocrx_word' id='word_1_526' title='bbox 2258 3825 2520 3886; x_wconf 90' lang='lat' dir='ltr'>operum</span> <span class='ocrx_word' id='word_1_527' title='bbox 2548 3806 2864 3885; x_wconf 87' lang='lat' dir='ltr'>loquatur,</span> <span class='ocrx_word' id='word_1_528' title='bbox 2895 3813 3249 3867; x_wconf 87' lang='lat' dir='ltr'>controver-</span> 
     </span>
     <span class='ocr_line' id='line_1_76' title="bbox 1685 3900 3248 3981; baseline -0.001 -19"><span class='ocrx_word' id='word_1_529' title='bbox 1685 3902 1776 3963; x_wconf 90' lang='lat' dir='ltr'>sia</span> <span class='ocrx_word' id='word_1_530' title='bbox 1794 3903 1998 3963; x_wconf 85' lang='lat' dir='ltr'>est.1n</span> <span class='ocrx_word' id='word_1_531' title='bbox 2013 3919 2162 3981; x_wconf 86' lang='lat' dir='ltr'>qua,</span> <span class='ocrx_word' id='word_1_532' title='bbox 2182 3900 2383 3980; x_wconf 87' lang='lat' dir='ltr'>prima</span> <span class='ocrx_word' id='word_1_533' title='bbox 2404 3900 2713 3961; x_wconf 82' lang='lat' dir='ltr'>sententia</span> <span class='ocrx_word' id='word_1_534' title='bbox 2742 3906 2835 3960; x_wconf 87' lang='lat' dir='ltr'>est</span> <span class='ocrx_word' id='word_1_535' title='bbox 2861 3900 3031 3978; x_wconf 91' lang='lat' dir='ltr'>loqui</span> <span class='ocrx_word' id='word_1_536' title='bbox 3054 3903 3248 3979; x_wconf 85' lang='lat' dir='ltr'>Apos-</span> 
     </span>
     <span class='ocr_line' id='line_1_77' title="bbox 1683 3993 3246 4074; baseline -0.003 -17"><span class='ocrx_word' id='word_1_537' title='bbox 1683 3997 1880 4058; x_wconf 89' lang='lat' dir='ltr'>tolum</span> <span class='ocrx_word' id='word_1_538' title='bbox 1905 3995 1983 4056; x_wconf 89' lang='lat' dir='ltr'>de</span> <span class='ocrx_word' id='word_1_539' title='bbox 2010 3995 2304 4074; x_wconf 85' lang='lat' dir='ltr'>oporibus</span> <span class='ocrx_word' id='word_1_540' title='bbox 2330 3995 2613 4068; x_wconf 90' lang='lat' dir='ltr'>mortuis,</span> <span class='ocrx_word' id='word_1_541' title='bbox 2648 4012 2761 4055; x_wconf 90' lang='lat' dir='ltr'>seu</span> <span class='ocrx_word' id='word_1_542' title='bbox 2786 3993 2963 4054; x_wconf 85' lang='lat' dir='ltr'>factis</span> <span class='ocrx_word' id='word_1_543' title='bbox 2989 3993 3053 4053; x_wconf 92' lang='lat' dir='ltr'>in</span> <span class='ocrx_word' id='word_1_544' title='bbox 3080 4000 3246 4055; x_wconf 85' lang='lat' dir='ltr'>statu</span> 
     </span>
     <span class='ocr_line' id='line_1_78' title="bbox 1681 4086 3245 4169; baseline -0.001 -20"><span class='ocrx_word' id='word_1_545' title='bbox 1681 4087 1917 4169; x_wconf 85' lang='lat' dir='ltr'>peccati</span> <span class='ocrx_word' id='word_1_546' title='bbox 1965 4087 2265 4149; x_wconf 87' lang='lat' dir='ltr'>mortalis.</span> <span class='ocrx_word' id='word_1_547' title='bbox 2318 4089 2475 4148; x_wconf 89' lang='lat' dir='ltr'>Nam</span> <span class='ocrx_word' id='word_1_548' title='bbox 2515 4087 2791 4166; x_wconf 89' lang='lat' dir='ltr'>loquitur</span> <span class='ocrx_word' id='word_1_549' title='bbox 2825 4086 2907 4148; x_wconf 90' lang='lat' dir='ltr'>ad</span> <span class='ocrx_word' id='word_1_550' title='bbox 2952 4087 3245 4148; x_wconf 78' lang='lat' dir='ltr'>Hebraeos</span> 
     </span>
    </p>
   </div>
   <div class='ocr_carea' id='block_1_7' title="bbox 1675 4180 3247 4261">
    <p class='ocr_par' dir='ltr' id='par_1_8' title="bbox 1675 4180 3247 4261">
     <span class='ocr_line' id='line_1_79' title="bbox 1675 4180 3247 4261; baseline -0.001 -18"><span class='ocrx_word' id='word_1_551' title='bbox 1675 4183 1810 4261; x_wconf 87' lang='lat' dir='ltr'>jam</span> <span class='ocrx_word' id='word_1_552' title='bbox 1837 4181 2204 4260; x_wconf 79' lang='lat' dir='ltr'>baptizatOS‚</span> <span class='ocrx_word' id='word_1_553' title='bbox 2249 4180 2355 4260; x_wconf 89' lang='lat' dir='ltr'>qui</span> <span class='ocrx_word' id='word_1_554' title='bbox 2388 4199 2425 4240; x_wconf 89' lang='lat' dir='ltr'>a</span> <span class='ocrx_word' id='word_1_555' title='bbox 2458 4181 2657 4261; x_wconf 85' lang='lat' dir='ltr'>gratia</span> <span class='ocrx_word' id='word_1_556' title='bbox 2687 4180 3063 4254; x_wconf 87' lang='lat' dir='ltr'>ceciderant,</span> <span class='ocrx_word' id='word_1_557' title='bbox 3108 4180 3247 4260; x_wconf 89' lang='lat' dir='ltr'>qui-</span> 
     </span>
    </p>
   </div>
   <div class='ocr_carea' id='block_1_8' title="bbox 96 4243 3245 4352">
    <p class='ocr_par' dir='ltr' id='par_1_9' title="bbox 96 4243 3245 4352">
     <span class='ocr_line' id='line_1_80' title="bbox 96 4243 3245 4352; baseline 0.006 -35"><span class='ocrx_word' id='word_1_558' title='bbox 96 4243 378 4321; x_wconf 53' lang='grc' dir='ltr'>ιὉδῐῆὓῗῑὶῐῐῒ</span> <span class='ocrx_word' id='word_1_559' title='bbox 393 4246 714 4306; x_wconf 68' lang='lat' dir='ltr'>hOminem</span> <span class='ocrx_word' id='word_1_560' title='bbox 731 4248 864 4306; x_wconf 63' lang='grc' dir='ltr'>ΠΕΟ</span> <span class='ocrx_word' id='word_1_561' title='bbox 883 4245 1152 4306; x_wconf 64' lang='lat' dir='ltr'>invisum</span> <span class='ocrx_word' id='word_1_562' title='bbox 1176 4245 1596 4324; x_wconf 64' lang='lat' dir='ltr'>etingfflmm’</span> <span class='ocrx_word' id='word_1_563' title='bbox 1680 4275 1800 4335; x_wconf 89' lang='lat' dir='ltr'>bus</span> <span class='ocrx_word' id='word_1_564' title='bbox 1846 4272 2089 4335; x_wconf 86' lang='lat' dir='ltr'>dixerat</span> <span class='ocrx_word' id='word_1_565' title='bbox 2142 4272 2391 4334; x_wconf 86' lang='lat' dir='ltr'>difficile</span> <span class='ocrx_word' id='word_1_566' title='bbox 2433 4291 2569 4334; x_wconf 89' lang='lat' dir='ltr'>esse</span> <span class='ocrx_word' id='word_1_567' title='bbox 2614 4271 2693 4333; x_wconf 90' lang='lat' dir='ltr'>ad</span> <span class='ocrx_word' id='word_1_568' title='bbox 2741 4274 3071 4352; x_wconf 88' lang='lat' dir='ltr'>pristinum</span> <span class='ocrx_word' id='word_1_569' title='bbox 3120 4279 3245 4335; x_wconf 89' lang='lat' dir='ltr'>sta-</span> 
     </span>
    </p>
   </div>
   <div class='ocr_carea' id='block_1_9' title="bbox 97 4336 1604 5238">
    <p class='ocr_par' dir='ltr' id='par_1_10' title="bbox 97 4336 1604 5238">
     <span class='ocr_line' id='line_1_81' title="bbox 97 4336 1596 4418; baseline 0.004 -26"><span class='ocrx_word' id='word_1_570' title='bbox 97 4336 410 4398; x_wconf 83' lang='lat' dir='ltr'>mortificata</span> <span class='ocrx_word' id='word_1_571' title='bbox 447 4339 740 4400; x_wconf 86' lang='lat' dir='ltr'>dicuntur</span> <span class='ocrx_word' id='word_1_572' title='bbox 759 4383 775 4411; x_wconf 87' lang='lat'>,</span> <span class='ocrx_word' id='word_1_573' title='bbox 823 4339 973 4416; x_wconf 83' lang='lat' dir='ltr'>quia</span> <span class='ocrx_word' id='word_1_574' title='bbox 1009 4339 1076 4399; x_wconf 91' lang='lat' dir='ltr'>in</span> <span class='ocrx_word' id='word_1_575' title='bbox 1115 4339 1420 4418; x_wconf 86' lang='lat' dir='ltr'>principio</span> <span class='ocrx_word' id='word_1_576' title='bbox 1458 4339 1596 4400; x_wconf 87' lang='lat' dir='ltr'>viva</span> 
     </span>
     <span class='ocr_line' id='line_1_82' title="bbox 97 4425 1598 4510; baseline 0.005 -25"><span class='ocrx_word' id='word_1_577' title='bbox 97 4425 320 4501; x_wconf 72' lang='lat' dir='ltr'>fuerun13</span> <span class='ocrx_word' id='word_1_578' title='bbox 345 4436 404 4490; x_wconf 90' lang='lat' dir='ltr'>et</span> <span class='ocrx_word' id='word_1_579' title='bbox 429 4431 571 4492; x_wconf 90' lang='lat' dir='ltr'>ideo</span> <span class='ocrx_word' id='word_1_580' title='bbox 591 4449 718 4492; x_wconf 88' lang='lat' dir='ltr'>non</span> <span class='ocrx_word' id='word_1_581' title='bbox 741 4437 1002 4510; x_wconf 88' lang='lat' dir='ltr'>possunt</span> <span class='ocrx_word' id='word_1_582' title='bbox 1023 4431 1144 4492; x_wconf 90' lang='lat' dir='ltr'>dici</span> <span class='ocrx_word' id='word_1_583' title='bbox 1169 4437 1418 4492; x_wconf 86' lang='lat' dir='ltr'>mortua</span> <span class='ocrx_word' id='word_1_584' title='bbox 1436 4450 1453 4503; x_wconf 88' lang='grc'><strong>;</strong></span> <span class='ocrx_word' id='word_1_585' title='bbox 1479 4449 1598 4492; x_wconf 90' lang='lat' dir='ltr'>nec</span> 
     </span>
     <span class='ocr_line' id='line_1_83' title="bbox 97 4523 1598 4604; baseline 0.003 -24"><span class='ocrx_word' id='word_1_586' title='bbox 97 4528 372 4598; x_wconf 83' lang='lat' dir='ltr'>peccatum</span> <span class='ocrx_word' id='word_1_587' title='bbox 393 4525 842 4603; x_wconf 83' lang='lat' dir='ltr'>superveniens</span> <span class='ocrx_word' id='word_1_588' title='bbox 868 4529 1074 4604; x_wconf 87' lang='lat' dir='ltr'>potest</span> <span class='ocrx_word' id='word_1_589' title='bbox 1102 4525 1350 4584; x_wconf 84' lang='lat' dir='ltr'>efficere</span> <span class='ocrx_word' id='word_1_590' title='bbox 1387 4525 1456 4586; x_wconf 77' lang='lat' dir='ltr'>u&#39;t</span> <span class='ocrx_word' id='word_1_591' title='bbox 1493 4523 1598 4584; x_wconf 90' lang='lat' dir='ltr'>illa</span> 
     </span>
     <span class='ocr_line' id='line_1_84' title="bbox 97 4614 1595 4696; baseline 0.003 -26"><span class='ocrx_word' id='word_1_592' title='bbox 97 4629 196 4672; x_wconf 87' lang='lat' dir='ltr'>non</span> <span class='ocrx_word' id='word_1_593' title='bbox 229 4614 438 4676; x_wconf 82' lang='lat' dir='ltr'>fuerint</span> <span class='ocrx_word' id='word_1_594' title='bbox 467 4617 630 4692; x_wconf 82' lang='lat' dir='ltr'>viva,</span> <span class='ocrx_word' id='word_1_595' title='bbox 671 4623 734 4678; x_wconf 92' lang='lat' dir='ltr'>et</span> <span class='ocrx_word' id='word_1_596' title='bbox 771 4617 895 4678; x_wconf 90' lang='lat' dir='ltr'>Deo</span> <span class='ocrx_word' id='word_1_597' title='bbox 933 4617 1162 4696; x_wconf 84' lang='lat' dir='ltr'>placita</span> <span class='ocrx_word' id='word_1_598' title='bbox 1191 4622 1254 4677; x_wconf 87' lang='lat' dir='ltr'>et</span> <span class='ocrx_word' id='word_1_599' title='bbox 1299 4622 1595 4696; x_wconf 83' lang='lat' dir='ltr'>accepta;</span> 
     </span>
     <span class='ocr_line' id='line_1_85' title="bbox 101 4705 1604 4789; baseline 0.004 -25"><span class='ocrx_word' id='word_1_600' title='bbox 101 4705 248 4767; x_wconf 86' lang='lat' dir='ltr'>efficit</span> <span class='ocrx_word' id='word_1_601' title='bbox 287 4714 484 4770; x_wconf 84' lang='lat' dir='ltr'>tamen</span> <span class='ocrx_word' id='word_1_602' title='bbox 525 4715 592 4770; x_wconf 86' lang='lat' dir='ltr'>ut</span> <span class='ocrx_word' id='word_1_603' title='bbox 627 4709 694 4770; x_wconf 90' lang='lat' dir='ltr'>in</span> <span class='ocrx_word' id='word_1_604' title='bbox 731 4710 840 4770; x_wconf 88' lang='lat' dir='ltr'>tali</span> <span class='ocrx_word' id='word_1_605' title='bbox 884 4727 1153 4789; x_wconf 88' lang='lat' dir='ltr'>persona</span> <span class='ocrx_word' id='word_1_606' title='bbox 1183 4710 1426 4770; x_wconf 90' lang='lat' dir='ltr'>nullum</span> <span class='ocrx_word' id='word_1_607' title='bbox 1463 4709 1604 4770; x_wconf 82' lang='lat' dir='ltr'>vitae</span> 
     </span>
     <span class='ocr_line' id='line_1_86' title="bbox 103 4799 1604 4882; baseline 0.005 -26"><span class='ocrx_word' id='word_1_608' title='bbox 103 4799 342 4860; x_wconf 82' lang='lat' dir='ltr'>eflectum</span> <span class='ocrx_word' id='word_1_609' title='bbox 367 4821 570 4882; x_wconf 86' lang='lat' dir='ltr'>neque</span> <span class='ocrx_word' id='word_1_610' title='bbox 610 4803 814 4864; x_wconf 89' lang='lat' dir='ltr'>meriti</span> <span class='ocrx_word' id='word_1_611' title='bbox 841 4803 1168 4882; x_wconf 58' lang='lat' dir='ltr'>praemium</span> <span class='ocrx_word' id='word_1_612' title='bbox 1196 4805 1429 4864; x_wconf 90' lang='lat' dir='ltr'>habere</span> <span class='ocrx_word' id='word_1_613' title='bbox 1455 4820 1604 4880; x_wconf 88' lang='lat' dir='ltr'>pos·</span> 
     </span>
     <span class='ocr_line' id='line_1_87' title="bbox 104 4891 1602 4975; baseline 0.005 -27"><span class='ocrx_word' id='word_1_614' title='bbox 104 4891 214 4964; x_wconf 88' lang='lat' dir='ltr'>sint,</span> <span class='ocrx_word' id='word_1_615' title='bbox 243 4893 490 4975; x_wconf 87' lang='lat' dir='ltr'>ideoque</span> <span class='ocrx_word' id='word_1_616' title='bbox 514 4895 880 4957; x_wconf 84' lang='lat' dir='ltr'>mortificata</span> <span class='ocrx_word' id='word_1_617' title='bbox 905 4895 1218 4956; x_wconf 89' lang='lat' dir='ltr'>dicuntur.</span> <span class='ocrx_word' id='word_1_618' title='bbox 1248 4895 1602 4956; x_wconf 91' lang='lat' dir='ltr'>Videndum</span> 
     </span>
     <span class='ocr_line' id='line_1_88' title="bbox 99 4981 1602 5068; baseline 0.006 -28"><span class='ocrx_word' id='word_1_619' title='bbox 99 4981 248 5061; x_wconf 77' lang='lat' dir='ltr'>igitur</span> <span class='ocrx_word' id='word_1_620' title='bbox 262 4987 553 5067; x_wconf 88' lang='lat' dir='ltr'>imprimis</span> <span class='ocrx_word' id='word_1_621' title='bbox 576 4995 670 5050; x_wconf 88' lang='lat' dir='ltr'>est</span> <span class='ocrx_word' id='word_1_622' title='bbox 693 4988 774 5050; x_wconf 85' lang='lat' dir='ltr'>de</span> <span class='ocrx_word' id='word_1_623' title='bbox 797 4989 1024 5068; x_wconf 88' lang='lat' dir='ltr'>quibus</span> <span class='ocrx_word' id='word_1_624' title='bbox 1054 4989 1347 5068; x_wconf 89' lang='lat' dir='ltr'>operibus</span> <span class='ocrx_word' id='word_1_625' title='bbox 1374 4990 1602 5050; x_wconf 87' lang='lat' dir='ltr'>Paulus</span> 
     </span>
     <span class='ocr_line' id='line_1_89' title="bbox 101 5073 1603 5162; baseline 0.006 -29"><span class='ocrx_word' id='word_1_626' title='bbox 101 5073 152 5134; x_wconf 90' lang='lat' dir='ltr'>in</span> <span class='ocrx_word' id='word_1_627' title='bbox 169 5086 352 5141; x_wconf 86' lang='lat' dir='ltr'>nostro</span> <span class='ocrx_word' id='word_1_628' title='bbox 368 5081 714 5144; x_wconf 86' lang='lat' dir='ltr'>testimonio</span> <span class='ocrx_word' id='word_1_629' title='bbox 735 5083 1062 5162; x_wconf 85' lang='lat' dir='ltr'>loquatur;</span> <span class='ocrx_word' id='word_1_630' title='bbox 1094 5081 1320 5143; x_wconf 85' lang='lat' dir='ltr'>deinde</span> <span class='ocrx_word' id='word_1_631' title='bbox 1345 5099 1448 5142; x_wconf 87' lang='lat' dir='ltr'>res</span> <span class='ocrx_word' id='word_1_632' title='bbox 1469 5082 1603 5161; x_wconf 89' lang='lat' dir='ltr'>ipsa</span> 
     </span>
     <span class='ocr_line' id='line_1_90' title="bbox 103 5169 1332 5238; baseline 0.006 -8"><span class='ocrx_word' id='word_1_633' title='bbox 103 5169 250 5234; x_wconf 85' lang='lat' dir='ltr'>latius</span> <span class='ocrx_word' id='word_1_634' title='bbox 272 5175 578 5238; x_wconf 72' lang='lat' dir='ltr'>tractanda</span> <span class='ocrx_word' id='word_1_635' title='bbox 601 5195 674 5238; x_wconf 88' lang='lat' dir='ltr'>ac</span> <span class='ocrx_word' id='word_1_636' title='bbox 701 5175 1190 5238; x_wconf 86' lang='lat' dir='ltr'>demonstranda</span> <span class='ocrx_word' id='word_1_637' title='bbox 1217 5181 1332 5238; x_wconf 91' lang='lat' dir='ltr'>est.</span> 
     </span>
    </p>
   </div>
   <div class='ocr_carea' id='block_1_10' title="bbox 695 5407 958 5432">
    <p class='ocr_par' dir='ltr' id='par_1_11' title="bbox 695 5407 958 5432">
     <span class='ocr_line' id='line_1_91' title="bbox 695 5407 958 5432; baseline -0.008 -8"><span class='ocrx_word' id='word_1_638' title='bbox 695 5407 958 5432; x_wconf 49' lang='lat' dir='ltr'>&#39;eu—w*—</span> 
     </span>
    </p>
   </div>
   <div class='ocr_carea' id='block_1_11' title="bbox 1678 4365 3249 5659">
    <p class='ocr_par' dir='ltr' id='par_1_12' title="bbox 1678 4365 3249 5659">
     <span class='ocr_line' id='line_1_92' title="bbox 1678 4365 3237 4446; baseline -0.001 -16"><span class='ocrx_word' id='word_1_639' title='bbox 1678 4373 1814 4430; x_wconf 87' lang='lat' dir='ltr'>tum</span> <span class='ocrx_word' id='word_1_640' title='bbox 1871 4367 2077 4427; x_wconf 90' lang='lat' dir='ltr'>redire</span> <span class='ocrx_word' id='word_1_641' title='bbox 2116 4413 2137 4442; x_wconf 91' lang='lat'>,</span> <span class='ocrx_word' id='word_1_642' title='bbox 2196 4373 2259 4428; x_wconf 91' lang='lat' dir='ltr'>et</span> <span class='ocrx_word' id='word_1_643' title='bbox 2310 4366 2393 4426; x_wconf 87' lang='lat' dir='ltr'>ad</span> <span class='ocrx_word' id='word_1_644' title='bbox 2440 4365 2891 4446; x_wconf 82' lang='lat' dir='ltr'>perfectionem</span> <span class='ocrx_word' id='word_1_645' title='bbox 2937 4367 3237 4438; x_wconf 88' lang='lat' dir='ltr'>tendere;</span> 
     </span>
     <span class='ocr_line' id='line_1_93' title="bbox 1681 4459 3245 4540; baseline 0.002 -21"><span class='ocrx_word' id='word_1_646' title='bbox 1681 4459 1827 4540; x_wconf 85' lang='lat' dir='ltr'>quia</span> <span class='ocrx_word' id='word_1_647' title='bbox 1864 4477 2014 4520; x_wconf 90' lang='lat' dir='ltr'>vero</span> <span class='ocrx_word' id='word_1_648' title='bbox 2042 4460 2231 4520; x_wconf 88' lang='lat' dir='ltr'>etiam</span> <span class='ocrx_word' id='word_1_649' title='bbox 2259 4460 2325 4519; x_wconf 92' lang='lat' dir='ltr'>in</span> <span class='ocrx_word' id='word_1_650' title='bbox 2366 4459 2473 4520; x_wconf 90' lang='lat' dir='ltr'>illo</span> <span class='ocrx_word' id='word_1_651' title='bbox 2504 4464 2667 4520; x_wconf 86' lang='lat' dir='ltr'>statu</span> <span class='ocrx_word' id='word_1_652' title='bbox 2694 4459 2976 4520; x_wconf 88' lang='lat' dir='ltr'>mortalis</span> <span class='ocrx_word' id='word_1_653' title='bbox 3002 4461 3245 4539; x_wconf 89' lang='lat' dir='ltr'>peccati</span> 
     </span>
     <span class='ocr_line' id='line_1_94' title="bbox 1682 4552 3243 4634; baseline 0.001 -21"><span class='ocrx_word' id='word_1_654' title='bbox 1682 4570 1874 4632; x_wconf 88' lang='lat' dir='ltr'>opera</span> <span class='ocrx_word' id='word_1_655' title='bbox 1903 4552 2343 4614; x_wconf 82' lang='lat' dir='ltr'>misericordiae</span> <span class='ocrx_word' id='word_1_656' title='bbox 2371 4557 2799 4627; x_wconf 78' lang='lat' dir='ltr'>exercuerant,</span> <span class='ocrx_word' id='word_1_657' title='bbox 2835 4571 2943 4615; x_wconf 92' lang='lat' dir='ltr'>eos</span> <span class='ocrx_word' id='word_1_658' title='bbox 2968 4555 3035 4614; x_wconf 87' lang='lat' dir='ltr'>in</span> <span class='ocrx_word' id='word_1_659' title='bbox 3066 4572 3243 4634; x_wconf 90' lang='lat' dir='ltr'>spem</span> 
     </span>
     <span class='ocr_line' id='line_1_95' title="bbox 1685 4644 3247 4726; baseline 0.001 -20"><span class='ocrx_word' id='word_1_660' title='bbox 1685 4645 1934 4725; x_wconf 86' lang='lat' dir='ltr'>erigens</span> <span class='ocrx_word' id='word_1_661' title='bbox 1978 4644 2179 4706; x_wconf 90' lang='lat' dir='ltr'>addit:</span> <span class='ocrx_word' id='word_1_662' title='bbox 2234 4644 2597 4726; x_wconf 74' lang='lat' dir='ltr'>Confidimus</span> <span class='ocrx_word' id='word_1_663' title='bbox 2642 4651 2865 4718; x_wconf 73' lang='lat' dir='ltr'>autem,</span> <span class='ocrx_word' id='word_1_664' title='bbox 2916 4652 3036 4708; x_wconf 89' lang='lat' dir='ltr'>etc.</span> <span class='ocrx_word' id='word_1_665' title='bbox 3062 4692 3079 4720; x_wconf 89' lang='lat'>‚</span> <span class='ocrx_word' id='word_1_666' title='bbox 3126 4665 3247 4708; x_wconf 77' lang='lat' dir='ltr'>non</span> 
     </span>
     <span class='ocr_line' id='line_1_96' title="bbox 1683 4738 3246 4821; baseline -0.001 -19"><span class='ocrx_word' id='word_1_667' title='bbox 1683 4739 1840 4802; x_wconf 77' lang='lat' dir='ltr'>enim</span> <span class='ocrx_word' id='word_1_668' title='bbox 1865 4739 2139 4819; x_wconf 72' lang='lat' dir='ltr'>injustus</span> <span class='ocrx_word' id='word_1_669' title='bbox 2171 4739 2335 4801; x_wconf 74' lang='lat' dir='ltr'>Deus</span> <span class='ocrx_word' id='word_1_670' title='bbox 2356 4764 2382 4811; x_wconf 94' lang='lat'>,·</span> <span class='ocrx_word' id='word_1_671' title='bbox 2423 4738 2699 4816; x_wconf 89' lang='lat' dir='ltr'>loquitur</span> <span class='ocrx_word' id='word_1_672' title='bbox 2739 4757 2889 4819; x_wconf 84' lang='lat' dir='ltr'>ergo</span> <span class='ocrx_word' id='word_1_673' title='bbox 2925 4739 3003 4800; x_wconf 91' lang='lat' dir='ltr'>de</span> <span class='ocrx_word' id='word_1_674' title='bbox 3047 4741 3246 4821; x_wconf 86' lang='lat' dir='ltr'>operi-</span> 
     </span>
     <span class='ocr_line' id='line_1_97' title="bbox 1681 4831 3245 4913; baseline 0.001 -20"><span class='ocrx_word' id='word_1_675' title='bbox 1681 4833 1802 4893; x_wconf 91' lang='lat' dir='ltr'>bus</span> <span class='ocrx_word' id='word_1_676' title='bbox 1841 4831 2020 4892; x_wconf 84' lang='lat' dir='ltr'>factis</span> <span class='ocrx_word' id='word_1_677' title='bbox 2071 4831 2135 4891; x_wconf 91' lang='lat' dir='ltr'>in</span> <span class='ocrx_word' id='word_1_678' title='bbox 2184 4837 2349 4892; x_wconf 89' lang='lat' dir='ltr'>statu</span> <span class='ocrx_word' id='word_1_679' title='bbox 2389 4831 2631 4910; x_wconf 89' lang='lat' dir='ltr'>peccati</span> <span class='ocrx_word' id='word_1_680' title='bbox 2682 4831 2964 4894; x_wconf 90' lang='lat' dir='ltr'>mortalis</span> <span class='ocrx_word' id='word_1_681' title='bbox 2988 4879 3003 4908; x_wconf 90' lang='lat'>,</span> <span class='ocrx_word' id='word_1_682' title='bbox 3055 4840 3245 4913; x_wconf 88' lang='lat' dir='ltr'>atque</span> 
     </span>
     <span class='ocr_line' id='line_1_98' title="bbox 1685 4925 3247 5009; baseline 0.001 -22"><span class='ocrx_word' id='word_1_683' title='bbox 1685 4925 1846 4988; x_wconf 88' lang='lat' dir='ltr'>adeo</span> <span class='ocrx_word' id='word_1_684' title='bbox 1892 4926 1972 4986; x_wconf 90' lang='lat' dir='ltr'>de</span> <span class='ocrx_word' id='word_1_685' title='bbox 2021 4925 2315 5004; x_wconf 90' lang='lat' dir='ltr'>operibus</span> <span class='ocrx_word' id='word_1_686' title='bbox 2357 4925 2641 4986; x_wconf 87' lang='lat' dir='ltr'>mortuis.</span> <span class='ocrx_word' id='word_1_687' title='bbox 2696 4927 2772 4986; x_wconf 88' lang='lat' dir='ltr'>Et</span> <span class='ocrx_word' id='word_1_688' title='bbox 2810 4927 2960 4989; x_wconf 90' lang='lat' dir='ltr'>huic</span> <span class='ocrx_word' id='word_1_689' title='bbox 3002 4930 3247 5009; x_wconf 88' lang='lat' dir='ltr'>exposi-</span> 
     </span>
     <span class='ocr_line' id='line_1_99' title="bbox 1683 5017 3245 5095; baseline 0.002 -16"><span class='ocrx_word' id='word_1_690' title='bbox 1683 5018 1836 5080; x_wconf 88' lang='lat' dir='ltr'>tioni</span> <span class='ocrx_word' id='word_1_691' title='bbox 1867 5018 2039 5079; x_wconf 82' lang='lat' dir='ltr'>favet</span> <span class='ocrx_word' id='word_1_692' title='bbox 2064 5021 2136 5079; x_wconf 90' lang='lat' dir='ltr'>D.</span> <span class='ocrx_word' id='word_1_693' title='bbox 2163 5020 2443 5079; x_wconf 74' lang='lat' dir='ltr'>Thomas</span> <span class='ocrx_word' id='word_1_694' title='bbox 2469 5017 2590 5091; x_wconf 91' lang='lat' dir='ltr'>ibi,</span> <span class='ocrx_word' id='word_1_695' title='bbox 2635 5018 2779 5080; x_wconf 89' lang='lat' dir='ltr'>lect.</span> <span class='ocrx_word' id='word_1_696' title='bbox 2814 5023 2873 5095; x_wconf 88' lang='lat'>3,</span> <span class='ocrx_word' id='word_1_697' title='bbox 2908 5021 3014 5082; x_wconf 89' lang='lat' dir='ltr'>ubi</span> <span class='ocrx_word' id='word_1_698' title='bbox 3039 5023 3245 5083; x_wconf 89' lang='lat' dir='ltr'>locum</span> 
     </span>
     <span class='ocr_line' id='line_1_100' title="bbox 1682 5110 3245 5193; baseline 0.001 -21"><span class='ocrx_word' id='word_1_699' title='bbox 1682 5113 1850 5172; x_wconf 88' lang='lat' dir='ltr'>hunc</span> <span class='ocrx_word' id='word_1_700' title='bbox 1887 5111 2334 5189; x_wconf 89' lang='lat' dir='ltr'>interpretatur</span> <span class='ocrx_word' id='word_1_701' title='bbox 2361 5110 2441 5172; x_wconf 88' lang='lat' dir='ltr'>de</span> <span class='ocrx_word' id='word_1_702' title='bbox 2486 5112 2781 5190; x_wconf 89' lang='lat' dir='ltr'>operibus</span> <span class='ocrx_word' id='word_1_703' title='bbox 2816 5120 3073 5193; x_wconf 90' lang='lat' dir='ltr'>propter</span> <span class='ocrx_word' id='word_1_704' title='bbox 3105 5132 3245 5192; x_wconf 74' lang='lat' dir='ltr'>quta</span> 
     </span>
     <span class='ocr_line' id='line_1_101' title="bbox 1681 5204 3241 5287; baseline 0.002 -23"><span class='ocrx_word' id='word_1_705' title='bbox 1681 5209 1961 5264; x_wconf 88' lang='lat' dir='ltr'>meretur</span> <span class='ocrx_word' id='word_1_706' title='bbox 2004 5204 2195 5265; x_wconf 90' lang='lat' dir='ltr'>homo</span> <span class='ocrx_word' id='word_1_707' title='bbox 2246 5204 2755 5283; x_wconf 83' lang='lat' dir='ltr'>justificationem</span> <span class='ocrx_word' id='word_1_708' title='bbox 2804 5207 2883 5268; x_wconf 89' lang='lat' dir='ltr'>de</span> <span class='ocrx_word' id='word_1_709' title='bbox 2940 5226 3241 5287; x_wconf 90' lang='lat' dir='ltr'>congruo.</span> 
     </span>
     <span class='ocr_line' id='line_1_102' title="bbox 1681 5296 3242 5379; baseline 0.001 -20"><span class='ocrx_word' id='word_1_710' title='bbox 1681 5296 1861 5360; x_wconf 90' lang='lat' dir='ltr'>Unde</span> <span class='ocrx_word' id='word_1_711' title='bbox 1891 5296 2167 5375; x_wconf 82' lang='lat' dir='ltr'>exponit,</span> <span class='ocrx_word' id='word_1_712' title='bbox 2193 5297 2441 5377; x_wconf 72' lang='lat' dir='ltr'>justum</span> <span class='ocrx_word' id='word_1_713' title='bbox 2463 5303 2575 5372; x_wconf 74' lang='lat' dir='ltr'>est,</span> <span class='ocrx_word' id='word_1_714' title='bbox 2612 5299 2675 5358; x_wconf 92' lang='lat' dir='ltr'>id</span> <span class='ocrx_word' id='word_1_715' title='bbox 2706 5303 2821 5374; x_wconf 89' lang='lat' dir='ltr'>est,</span> <span class='ocrx_word' id='word_1_716' title='bbox 2867 5317 3242 5379; x_wconf 88' lang='lat' dir='ltr'>congruum.</span> 
     </span>
     <span class='ocr_line' id='line_1_103' title="bbox 1679 5389 3245 5471; baseline 0.001 -20"><span class='ocrx_word' id='word_1_717' title='bbox 1679 5389 1800 5451; x_wconf 86' lang='lat' dir='ltr'>Alii</span> <span class='ocrx_word' id='word_1_718' title='bbox 1843 5393 2186 5469; x_wconf 87' lang='lat' dir='ltr'>exponunt,</span> <span class='ocrx_word' id='word_1_719' title='bbox 2216 5407 2335 5451; x_wconf 73' lang='lat' dir='ltr'>non</span> <span class='ocrx_word' id='word_1_720' title='bbox 2361 5396 2451 5453; x_wconf 75' lang='lat' dir='ltr'>est</span> <span class='ocrx_word' id='word_1_721' title='bbox 2478 5391 2775 5471; x_wconf 71' lang='lat' dir='ltr'>injustus,</span> <span class='ocrx_word' id='word_1_722' title='bbox 2807 5391 2872 5452; x_wconf 93' lang='lat' dir='ltr'>id</span> <span class='ocrx_word' id='word_1_723' title='bbox 2901 5395 2996 5453; x_wconf 86' lang='lat' dir='ltr'>est</span> <span class='ocrx_word' id='word_1_724' title='bbox 3024 5391 3245 5453; x_wconf 86' lang='lat' dir='ltr'>infide-</span> 
     </span>
     <span class='ocr_line' id='line_1_104' title="bbox 1679 5482 3244 5560; baseline 0.001 -17"><span class='ocrx_word' id='word_1_725' title='bbox 1679 5482 1791 5558; x_wconf 82' lang='lat' dir='ltr'>lis3</span> <span class='ocrx_word' id='word_1_726' title='bbox 1822 5482 2107 5560; x_wconf 91' lang='lat' dir='ltr'>promisit</span> <span class='ocrx_word' id='word_1_727' title='bbox 2132 5482 2302 5542; x_wconf 91' lang='lat' dir='ltr'>enim</span> <span class='ocrx_word' id='word_1_728' title='bbox 2326 5485 2495 5544; x_wconf 91' lang='lat' dir='ltr'>Deus</span> <span class='ocrx_word' id='word_1_729' title='bbox 2520 5483 3028 5545; x_wconf 89' lang='lat' dir='ltr'>misericordibus</span> <span class='ocrx_word' id='word_1_730' title='bbox 3055 5485 3244 5546; x_wconf 86' lang='lat' dir='ltr'>mise-</span> 
     </span>
     <span class='ocr_line' id='line_1_105' title="bbox 1679 5571 3249 5659; baseline 0.001 -19"><span class='ocrx_word' id='word_1_731' title='bbox 1679 5571 2038 5651; x_wconf 86' lang='lat' dir='ltr'>ricordiam,</span> <span class='ocrx_word' id='word_1_732' title='bbox 2071 5581 2133 5637; x_wconf 88' lang='lat' dir='ltr'>ct</span> <span class='ocrx_word' id='word_1_733' title='bbox 2159 5575 2595 5638; x_wconf 89' lang='lat' dir='ltr'>remissionem</span> <span class='ocrx_word' id='word_1_734' title='bbox 2624 5583 3070 5657; x_wconf 83' lang='lat' dir='ltr'>peccatorum3</span> <span class='ocrx_word' id='word_1_735' title='bbox 3102 5579 3249 5659; x_wconf 87' lang='lat' dir='ltr'>quia</span> 
     </span>
    </p>
   </div>
  </div>
 </body>
</html>
