3850 6225
680 396 848 451 sssc'r.
887 396 923 450 l.
960 392 1175 449 [rmum
1206 394 1435 448 usam
1476 394 1834 449 vlvnflmu
1866 393 2160 449 VALEANT
2194 397 2276 451 AD
2309 399 2638 461 Pnopnmu.
2675 400 2809 457 mc,

102 498 225 559 vel
274 498 683 578 paucioribus
722 500 979 572 meritiS,
1012 498 1253 560 caeteris
1281 498 1561 576 paribus·
1591 498 1700 558 At-

100 608 251 669 que
274 592 361 653 ita
384 592 493 653 fiet
510 596 577 651 ut
594 592 824 653 veritas
848 592 985 653 haee
1003 590 1080 651 de
1105 590 1521 669 inaequalitate
1546 609 1699 670 prae·

104 685 399 745 miorum
424 685 487 745 in
508 684 848 745 substantia
878 684 1135 745 visionis
1175 684 1479 745 beatificae
1508 684 1698 743 redu-

106 782 333 851 catur,
388 784 450 838 et
484 776 785 839 fundetur
820 778 887 837 in
936 777 1041 839 illo
1084 777 1388 857 principio
1428 775 1697 855 philoso-

98 871 337 948 phico,
384 871 555 951 quod
596 872 843 931 habitus
899 870 1242 932 intenditur
1276 871 1453 950 juxta
1496 870 1698 931 inten-

100 964 373 1025 sionem
409 970 607 1040 aetuS,
653 964 827 1043 quod
868 982 1172 1042 magnum
1226 963 1697 1024 incommodum

102 1063 177 1117 et
210 1058 679 1135 perabsurdum
714 1064 829 1118 est.

196 1152 305 1211 23.
352 1152 493 1213 Scio
538 1168 675 1212 esse
707 1150 825 1211 alia
848 1151 1178 1230 Scripturae
1204 1150 1363 1225 loca,
1408 1168 1549 1231 quae
1580 1168 1695 1229 per

102 1262 183 1305 se
240 1252 309 1305 et
356 1244 717 1305 immediate
772 1244 1041 1324 probant
1094 1244 1263 1303 illam
1304 1244 1693 1323 inaequalita-

98 1342 273 1407 tem,
306 1345 379 1399 ut
406 1344 501 1399 est
532 1337 707 1410 illud,
750 1342 775 1397 l
810 1337 891 1398 ad
921 1338 1195 1399 Corinth.
1234 1339 1343 1398 15:
1392 1335 1537 1399 Alia
1566 1336 1693 1399 cla-

98 1431 283 1493 ritas
312 1432 486 1504 solis,
521 1433 581 1495 et
620 1430 751 1493 alia
778 1430 1037 1494 claritas
1081 1432 1259 1503 lunae,
1293 1436 1349 1493 et
1398 1430 1527 1493 alia
1569 1430 1691 1492 cla-

101 1522 283 1585 ritas
320 1524 641 1587 stellarum
658 1549 681 1595 ;
721 1524 901 1587 stella
928 1524 1082 1587 enim
1111 1543 1149 1587 a
1176 1523 1358 1586 stella
1386 1524 1601 1605 differt
1626 1524 1693 1583 in

104 1616 411 1681 claritate
428 1663 444 1689 ,
491 1617 585 1679 sic
619 1622 677 1680 et
721 1616 1080 1680 resurrectio
1125 1620 1521 1677 mortuorum.
1567 1616 1691 1676 Nos

102 1718 337 1770 autem
388 1710 702 1790 loquimur
729 1710 809 1771 de
861 1713 979 1772 hac
1012 1710 1457 1790 inaequalitate,
1492 1726 1691 1787 quan-

104 1810 255 1863 tum
288 1823 367 1864 ex
411 1805 471 1863 vi
498 1802 937 1883 inaequalitatis
962 1804 1323 1864 meritorum
1353 1802 1559 1882 colligi
1580 1821 1693 1881 po·-

106 1900 263 1957 test.
306 1898 602 1969 Quamvis
630 1897 819 1957 etiam
854 1897 1147 1977 praedieta
1177 1896 1487 1957 sententia
1514 1914 1693 1956 occa-

104 1990 369 2051 sionem
397 1990 671 2071 praebeat
714 1990 1007 2051 eludendi
1040 1990 1190 2050 illud
1238 1989 1687 2063 testimonium,

108 2089 177 2144 et
234 2084 489 2159 similia,
524 2084 623 2146 vel
660 2084 925 2145 dicendo
981 2084 1323 2145 claritatem
1360 2101 1691 2162 resurgen-

110 2178 287 2238 tium
330 2196 467 2237 esse
502 2178 895 2257 inaequalem,
926 2196 1053 2237 non
1084 2178 1149 2237 in
1191 2194 1281 2249 se,
1314 2176 1512 2236 sedin
1559 2194 1692 2236 res-

106 2276 315 2348 pectu
360 2270 441 2331 ad
490 2270 703 2350 plures
757 2270 859 2331 vel
905 2270 1239 2331 nobiliores
1288 2269 1541 2341 titulos;
1588 2268 1688 2329 vel

103 2364 391 2424 dicendo
411 2363 579 2425 illam
608 2365 1095 2444 inaequalitatem
1114 2383 1238 2425 non
1271 2382 1407 2423 esse
1438 2364 1501 2424 in
1531 2382 1687 2443 proe-

102 2459 243 2519 mio
296 2458 652 2531 essentiali,
694 2458 807 2519 sed
855 2458 917 2518 in
974 2456 1503 2527 accidentalibus;
1540 2474 1686 2515 nam

107 2549 270 2610 dicti
315 2557 603 2612 auctores
642 2551 725 2612 ita
770 2552 957 2611 etiam
1002 2550 1344 2629 loquuntur
1390 2554 1451 2609 et
1502 2549 1689 2610 abso-

110 2642 249 2704 lute
296 2644 535 2717 dicunt,
574 2649 829 2723 propter
858 2645 1035 2723 plura
1065 2644 1310 2718 merita,
1350 2644 1557 2722 majus
1591 2642 1688 2702 vel

106 2737 393 2798 nobilius
420 2737 749 2818 praemium
782 2738 939 2811 dari,
977 2739 1029 2797 si
1072 2741 1295 2797 caetera
1326 2738 1449 2796 sint
1478 2734 1680 2814 paria3

104 2838 340 2911 postea
383 2849 537 2891 vero
579 2832 749 2891 hunc
802 2848 1127 2892 excessum
1178 2828 1535 2901 declarant,
1590 2828 1685 2888 vel

105 2943 230 3003 per
281 2925 491 2985 solum
518 2931 877 3004 respectum
907 2924 986 2984 ad
1016 2925 1149 3003 ipsa
1186 2923 1433 2995 merita,
1464 2921 1563 2982 vel
1608 2920 1687 2982 ad

108 3036 437 3079 summum
492 3038 607 3097 per
680 3035 1008 3078 excessum
1072 3018 1137 3077 in
1199 3014 1687 3078 accidentalibus

106 3113 414 3192 praemiis.
438 3113 704 3174 Multum
736 3130 891 3190 ergo
920 3118 1255 3173 enervatur
1280 3109 1437 3171 fides
1470 3116 1531 3170 et
1558 3127 1687 3170 cer-

109 3205 319 3266 titudo
368 3205 447 3266 de
499 3204 917 3284 inaequalitate
960 3223 1109 3266 vera
1145 3204 1542 3284 p1aemiorum
1596 3221 1689 3262 es-

108 3299 501 3373 sentialium,
535 3317 614 3360 ex
635 3299 743 3360 illa
769 3296 927 3358 falsa
956 3298 1265 3358 sententia
1290 3319 1309 3372 3
1355 3297 1451 3357 vel
1482 3295 1689 3375 potius

106 3411 143 3452 e
186 3392 531 3466 contrario,
563 3392 710 3472 quia
740 3392 875 3452 haec
918 3391 1220 3452 certitudo
1259 3389 1521 3451 diminui
1558 3406 1685 3450 non

111 3490 352 3565 potest,
393 3503 469 3547 ex
509 3485 617 3547 illa
652 3484 835 3564 plane
874 3484 1261 3546 convincitur
1298 3482 1469 3544 illam
1491 3482 1688 3542 vaile-

104 3582 311 3639 tatem
360 3577 761 3657 praemiorum
791 3576 869 3638 de
901 3575 1034 3638 solo
1073 3576 1249 3638 titulo
1280 3593 1417 3636 esse
1462 3572 1687 3636 confie-

103 3680 269 3746 tam,
315 3679 380 3733 et
422 3678 651 3751 praeter
679 3671 969 3733 Ecclesioe
1000 3689 1257 3732 sensum
1308 3676 1373 3732 et
1415 3670 1686 3748 Scriptu-

106 3785 197 3825 roe
234 3766 676 3826 intentionem.
717 3765 865 3838 Quae
906 3765 1117 3827 omnia
1155 3765 1407 3843 egregie
1456 3762 1685 3824 contir-

112 3867 377 3920 mantur
404 3877 483 3920 ex
506 3859 715 3920 verbis
744 3860 1010 3939 Eugenii
1034 3859 1135 3931 lv,
1168 3857 1233 3919 in
1258 3857 1479 3918 litteris
1502 3856 1685 3917 unio-

108 3953 215 4013 nis
263 3953 519 4014 Concilii
562 3953 902 4016 Florentini
942 3970 1131 4030 supra
1182 3951 1393 4025 citati,
1449 3949 1683 4012 scilieet

110 4044 381 4106 Sanetos
422 4046 608 4124 plene
650 4049 951 4126 purgatos
993 4045 1223 4106 intueri
1268 4045 1433 4105 clare
1478 4044 1685 4122 ipsum

106 4138 316 4198 Deum
341 4137 577 4199 trinum
606 4145 667 4200 et
700 4157 898 4198 unum
934 4138 1113 4199 sicuti
1146 4144 1273 4210 est;
1317 4137 1683 4198 meritorum

110 4236 331 4292 autem
361 4230 719 4294 diversitate
760 4230 957 4292 alium
1005 4231 1125 4292 alio
1156 4230 1495 4311 perfectius
1524 4248 1540 4302 ;
1573 4227 1686 4290 de-

112 4323 314 4384 clarat
345 4323 515 4384 enim
528 4323 1007 4387 fundamentum
1036 4323 1475 4404 inaequalitatis
1510 4323 1575 4382 in
1598 4322 1685 4383 vi-

112 4417 293 4476 sione
333 4417 445 4478 Dei
470 4435 609 4480 esse
637 4417 1063 4480 diversitatem
1082 4420 1471 4480 meritorum.
1507 4413 1685 4488 Quod

106 4508 595 4571 fundamentum
632 4511 815 4590 juxta
852 4511 1041 4572 aliam
1070 4511 1442 4572 sententiam
1464 4508 1683 4571 everti.-

109 4608 235 4678 tur,
274 4609 343 4662 ut
385 4603 649 4664 ostendi.
690 4605 765 4664 Et
811 4605 1038 4665 iterum
1092 4603 1379 4682 expendo
1428 4601 1683 4664 Pontifi-

118 4712 263 4754 cem
296 4713 427 4756 non
463 4696 669 4758 dicere
696 4696 1051 4760 intensam-is
1079 4697 1307 4769 meriti,
1350 4696 1462 4759 sed
1498 4697 1681 4758 abso-

108 4788 266 4862 lute,
298 4787 649 4854 diversitate
664 4789 1037 4854 moruorum.
1071 4789 1395 4861 Quomodo
1418 4790 1683 4868 loquun-

110 4885 215 4940 tur
278 4882 468 4943 etiam
512 4883 725 4944 Sancti
778 4884 1014 4956 Patres,
1059 4886 1129 4944 ut
1176 4882 1389 4943 videre
1435 4881 1581 4942 licet
1618 4881 1685 4942 in

110 4973 439 5054 Gregorio,
468 4977 575 5038 lib.
606 4979 647 5038 4
676 4977 925 5052 Moral„
950 4995 1090 5056 cap.
1135 4979 1234 5050 31,
1268 4977 1423 5037 alias
1442 4976 1544 5049 42,
1574 4975 1683 5036 ubi

112 5069 199 5128 ait
225 5086 343 5146 pro
380 5069 753 5132 discretione
782 5087 1046 5150 operum
1072 5087 1213 5132 esse
1256 5069 1681 5130 diversitatem

114 5159 497 5240 dignitatum
530 5168 594 5224 et
636 5164 1061 5224 mansionum.
1090 5165 1165 5224 Et
1192 5162 1539 5242 Cyprianus
1566 5161 1673 5222 lib.

116 5253 193 5312 de
223 5253 456 5314 Habitu
486 5253 823 5336 virginum,
872 5257 1037 5318 circa
1073 5255 1289 5328 finem,
1322 5255 1679 5334 Virginibus

114 5347 417 5424 promittit
456 5350 765 5428 majorem
791 5349 1081 5429 gloriam,
1126 5365 1317 5428 quam
1344 5353 1527 5410 vocat
1557 5367 1683 5410 ma-

102 5441 267 5518 joris
302 5443 533 5521 yratioe
572 5443 895 5524 preamium
917 5467 945 5517 ;
992 5441 1163 5503 unde
1218 5447 1461 5502 constat
1510 5441 1680 5520 loqui

118 5533 195 5594 de
234 5535 499 5614 praemio
548 5536 887 5611 essentiali,
926 5535 1099 5616 quod
1153 5534 1301 5598 dicit
1340 5534 1683 5614 virginibus

394 5650 483 5698 11.

3220 403 3341 465 465

1778 498 1986 577 majus
2035 499 2208 573 dari,
2253 519 2381 561 non
2438 502 2642 563 solum
2682 512 2936 583 propter
2973 508 3344 573 intensiores

1779 597 1978 665 aetus,
2031 591 2143 652 sed
2189 592 2334 675 quia
2368 596 2576 657 carnis
2609 598 2906 662 desideria
2935 612 3338 667 coercuerunt.

1778 684 1853 745 Et
1902 685 2126 746 eodem
2157 686 2345 748 modo
2381 688 2721 767 loquuntur
2760 692 2882 753 alii.

1858 780 1960 839 24.
2004 777 2230 853 Quinta
2255 787 2312 844 et
2354 784 2622 845 notanda
2661 787 2843 848 ratio.
2869 819 2952 834 —
2977 788 3152 850 Addo
3183 808 3344 870 proe-

1778 877 1977 945 terea‚
2021 874 2200 952 juxta
2237 873 2410 935 illam
2441 877 2838 951 sententiam,
2887 879 3068 941 facile
3108 890 3168 942 et
3205 883 3340 946 sine

1780 966 1907 1025 ulla
1939 967 2284 1028 temeritate
2315 967 2438 1028 dici
2469 987 2676 1047 posse,
2711 971 2835 1032 imo
2865 991 3096 1052 magna
3121 976 3344 1054 proha-

1780 1058 2016 1119 bilitate
2049 1060 2410 1140 conjectari,
2443 1063 2708 1123 Beatum
2755 1064 3177 1139 Franciseum,
3206 1088 3345 1130 ver-

1770 1150 1832 1212 bi
1883 1152 2107 1229 gratia,
2141 1171 2278 1213 esse
2325 1155 2631 1232 aequalem
2663 1158 2726 1217 iu
2779 1159 2976 1235 gloria
3027 1163 3342 1223 essentiali

1773 1246 1842 1304 B.
1883 1245 2116 1321 Pau103
2165 1254 2273 1308 aut
2311 1248 2676 1327 religiosum
2757 1253 3030 1331 aliquem
3093 1256 3345 1316 ordina-

1771 1338 1935 1397 rium
1971 1336 2036 1397 in
2089 1340 2287 1417 gratia
2324 1339 2710 1417 defunctum,
2745 1362 2881 1406 esse
2913 1346 3223 1425 aequalem
3271 1348 3336 1409 in

1773 1430 1972 1510 gloria
2015 1431 2130 1509 ipsi
2161 1432 2226 1493 Β.
2277 1432 2646 1508 Francisco;
2680 1454 3074 1517 consequens
3125 1448 3338 1503 autem

1775 1530 1869 1585 est
1921 1524 2304 1597 absurdum3
2340 1544 2509 1605 ergo·
2552 1529 2817 1607 Sequela
2841 1532 3159 1609 probatur,
3191 1534 3338 1613 quia

1773 1619 2173 1695 quantumvis
2217 1619 2444 1679 Paulus
2489 1623 2751 1682 excedat
2800 1623 3223 1701 Franciseum,
3276 1634 3340 1687 et

1770 1708 2140 1771 Franciseus
2179 1712 2489 1789 privatum
2528 1715 2889 1793 religiosum
2931 1716 2994 1776 in
3028 1716 3336 1778 excellen-

1771 1803 1857 1863 tia
1886 1804 2048 1875 vitae,
2075 1804 2138 1862 in
2169 1804 2561 1866 multitudiue
2593 1826 2857 1887 operum
2885 1816 2948 1869 et
2965 1810 3334 1889 gratiarum,

1775 1895 1837 1955 in
1856 1896 2224 1957 sustinentia
2244 1897 2608 1976 passionum
2625 1906 3171 1974 ettormentorum,
3189 1909 3334 1981 etc„

1774 1987 1927 2047 nihil
1969 1996 2180 2051 tamen
2225 1994 2390 2051 vetat
2435 1992 2602 2069 quod
2643 1992 2838 2053 semel
2864 1995 2926 2053 in
2963 1994 3088 2055 vita
3127 1995 3194 2055 in
3225 1996 3338 2055 ali-

1775 2099 1901 2159 quo
1953 2088 2158 2161 raptu,
2206 2084 2300 2143 vel
2333 2085 2558 2145 mentis
2595 2085 2944 2151 elevatione
2972 2086 3340 2149 Franciseus

1772 2176 2062 2237 habuerit
2090 2195 2282 2237 unum
2313 2184 2521 2239 actum
2547 2181 2777 2239 amoris
2811 2180 2945 2252 Dei,
2977 2187 3106 2241 tam
3137 2182 3343 2243 inten-

1772 2290 1934 2345 sum,
1967 2277 2240 2350 quantus
2281 2272 2396 2332 fuit
2445 2274 2823 2353 quicumque
2869 2281 3045 2335 aetus
3085 2276 3335 2337 merito·

1770 2366 1921 2436 riuS,
1955 2382 2141 2443 quem
2177 2366 2424 2435 Paulus,
2461 2374 2522 2427 et
2553 2368 2769 2427 Petrus
2803 2368 2868 2428 in
2907 2369 3026 2429 hae
3055 2370 3180 2431 vita
3227 2370 3340 2429 ha-

1768 2458 1948 2519 buit:
2005 2460 2121 2518 hoc
2179 2459 2346 2518 enim
2389 2462 2618 2520 sentire
2662 2478 2787 2521 non
2836 2468 2930 2521 est
2975 2468 3190 2523 contra
3247 2468 3338 2523 to-

1769 2558 1897 2613 tam
1927 2550 2342 2623 sanctitatem,
2375 2570 2566 2631 quam
2605 2555 2878 2614 Ecclesia
2919 2554 2996 2614 de
3029 2556 3337 2633 Apostolis

1771 2645 2102 2725 praedicat;
2145 2661 2354 2722 neque
2385 2652 2602 2706 contra
2632 2646 2886 2725 aliquod
2915 2647 3086 2707 aliud
3114 2648 3334 2726 princi-

1768 2737 1979 2817 pium:
2017 2744 2077 2797 et
2101 2756 2215 2818 per
2255 2756 2322 2797 se
2355 2742 2450 2799 est
2487 2738 2670 2800 valde
2713 2740 3026 2818 possibile.
3061 2741 3192 2801 Imo
3223 2760 3339 2803 sae-

1769 2849 1847 2910 pe
1878 2831 2206 2911 contingit,
2234 2835 2300 2891 ut
2329 2832 2434 2910 qui
2464 2833 2644 2892 estin
2674 2852 3010 2913 progressu
3039 2834 3338 2895 totiusvi·

1768 2931 1847 2985 tae
1879 2924 2076 2983 multo
2107 2924 2314 3005 mistus
2357 2924 2669 3003 perfectus
2709 2944 2898 3004 quam
2927 2928 3108 2999 alius,
3137 2926 3200 2986 in
3229 2926 3336 2987 ali-

1769 3035 1892 3097 quo
1943 3026 2085 3079 actu
2129 3018 2316 3078 unius
2355 3019 2672 3093 orationiS,
2721 3019 2821 3079 vel
2859 3020 3336 3099 contemplatio-

1766 3115 1865 3174 nis
1891 3113 2198 3174 intensius
2227 3115 2398 3174 amet
2433 3116 2656 3188 Deum,
2703 3133 2894 3194 quam
2925 3115 3084 3175 alius
3111 3116 3174 3176 in
3213 3115 3336 3175 sin·

1770 3205 1934 3286 gulis
1961 3205 2225 3278 actibuS,
2259 3212 2321 3266 ct
2344 3207 2680 3268 momentis
2710 3208 2850 3268 vitae
2881 3225 3038 3282 suae,
3085 3207 3336 3268 etiamsi

1771 3300 1930 3360 alter
1957 3300 2020 3359 in
2052 3299 2192 3360 vitoe
2233 3299 2639 3378 perfectione,
2671 3306 2734 3360 et
2779 3300 3068 3380 puritate,
3103 3320 3178 3362 ae
3206 3318 3336 3360 me-

1767 3393 2028 3454 ritorum
2085 3393 2482 3455 multitudine
2532 3394 2718 3472 longe
2757 3394 3020 3456 excellat
3065 3413 3080 3454 :
3133 3394 3336 3472 potuit

1770 3503 1921 3566 ergo
1951 3486 2129 3548 facile
2159 3486 2224 3549 id
2273 3487 2558 3548 accidere
2613 3487 2804 3548 etiam
2851 3487 3012 3548 inter
3050 3487 3335 3550 Francis—

1768 3599 1913 3641 eum
1947 3625 1964 3652 ,
2018 3585 2081 3640 et
2139 3579 2483 3658 quemlibet
2546 3580 2950 3659 Apostolum:
2985 3586 3049 3642 et
3101 3579 3336 3642 similes

1766 3673 2271 3751 comparationes
2287 3679 2550 3752 possunt
2575 3671 2754 3734 facile
2785 3671 2945 3734 fieri.
2989 3673 3076 3733 Ex
3108 3671 3334 3750 quibus

1764 3765 2028 3845 intelligi
2075 3771 2314 3846 potest,
2369 3765 2468 3826 vel
2519 3765 2864 3827 Ecclesiam
2914 3784 3042 3826 non
3097 3764 3332 3826 hahere

1764 3858 2016 3920 firmum
2065 3857 2544 3918 fundamentum
2589 3858 2677 3919 ‘ad
2707 3860 2792 3920 ita
2827 3859 3226 3920 sentiendum
3255 3857 3334 3918 de

1768 3951 2136 4012 excellentia
2173 3949 2528 4029 aliquorum
2561 3956 2920 4014 sanctorum
2951 3969 3142 4029 supra
3175 3949 3334 4010 alios

1768 4050 2040 4116 sanetOS,
2075 4046 2137 4104 et
2157 4044 2362 4123 justos
2391 4061 2404 4102 ε
2462 4042 2634 4120 quod
2665 4043 2898 4104 sentire
2927 4041 3110 4104 valde
3139 4050 3334 4104 teme-

1764 4139 2002 4199 rarium
2047 4145 2211 4200 esset
2239 4157 2250 4196 :
2283 4137 2384 4199 vel
2434 4143 2600 4198 certe
2631 4155 2994 4198 mensuram
3031 4136 3334 4199 essentia·-

1766 4232 1841 4292 lis
1859 4231 2256 4311 perfeetionis
2285 4230 2496 4310 glorioe
2527 4249 2654 4290 non
2684 4247 2822 4291 esse
2853 4229 3228 4290 sumendam
3257 4247 3332 4288 ex

1766 4342 1893 4386 uno
1948 4330 2092 4384 actu
2125 4323 2374 4384 intenso
2402 4368 2419 4396 ,
2473 4323 2588 4384 sed
2625 4340 2701 4382 ex
2745 4322 3038 4382 omnibus
3089 4321 3334 4382 actibus

1764 4417 2098 4478 meritoriis
2117 4415 2298 4476 simu]
2321 4416 2607 4494 sumptiS‚
2643 4418 2708 4475 et
2728 4415 2910 4494 juxta
2937 4432 3160 4476 omnes
3188 4432 3334 4492 per-

1763 4509 2068 4572 fectiones
2095 4527 2242 4570 suas
2283 4508 2712 4570 consideratis.

1772 4749 2022 4824 Quando
2047 4753 2105 4812 et
2133 4747 2416 4830 quomodo
2452 4747 2606 4811 idem
2637 4745 2965 4829 praemium
2995 4746 3170 4810 detur
3190 4746 3334 4828 plu-

2335 4839 2504 4903 ribus
2536 4840 2763 4902 titulis.

1843 5067 1946 5126 25.
1991 5062 2117 5126 Sed
2145 5063 2332 5143 objici
2361 5060 2538 5123 nobis
2565 5064 2800 5141 potest,
2835 5060 2980 5140 quia
3003 5059 3066 5119 in
3090 5060 3329 5122 Christo

1760 5159 2026 5221 Domino
2067 5157 2338 5218 fatemur
2389 5174 2504 5235 per
2555 5155 2800 5234 singula
2841 5173 3033 5232 opera
3067 5171 3180 5214 sua
3204 5173 3333 5214 me-

1762 5251 1987 5325 ruisse,
2021 5247 2326 5330 quidquid
2353 5247 2618 5320 meruit,
2653 5246 2922 5324 ideoque
2949 5245 3236 5324 pluribus
3261 5246 3330 5308 ti·

1762 5345 1907 5406 tulis
1949 5344 2119 5405 idem
2174 5341 2499 5422 praemium
2553 5341 2858 5402 meruisse
2900 5356 2913 5398 ε
2959 5338 3110 5417 quid
3178 5358 3327 5420 ergo

1764 5441 1996 5500 mirum
2025 5445 2092 5500 ut
2119 5438 2198 5500 de
2235 5436 2372 5498 aliis
2420 5435 2778 5496 hominibus
2808 5431 2978 5494 idem
3025 5433 3146 5495 diei
3187 5453 3333 5512 pos-

1764 5533 1878 5606 sit,
1914 5532 2267 5610 praesertim
2294 5531 2358 5590 in
2387 5529 2486 5590 his
2526 5527 2844 5608 operibuS,
2879 5544 3020 5604 quae
3075 5546 3332 5607 propor-
