3850 6225
776 380 911 432 CAP.
950 381 1033 433 ΙΙΙ.
1069 380 1437 434 ὃῡῑΝΠΝἸἮΒ
1469 379 1816 434 NONNULLAE
1847 381 2253 435 OBJECTlONES
2285 381 2549 444 CONTRA,
2583 381 2719 434 ETC.

137 481 366 536 contra
407 476 798 541 voluntatem
833 480 1024 559 signi;
1071 499 1246 560 erge,
1287 499 1366 543 ex
1399 481 1524 542 divi
1551 481 1715 542 Tho·

137 588 260 629 moe
301 570 614 644 doctrina,
651 591 778 634 non
803 573 994 634 habet
1035 575 1200 634 Deus
1227 574 1576 636 absolutam
1604 593 1714 635 vo-

137 662 456 724 luntatem
473 681 600 742 qua
618 667 766 726 velit
791 671 1001 728 actum
1025 667 1266 744 peccati
1295 686 1458 754 esse,
1481 667 1594 730 sed
1618 687 1716 728 so-

136 757 276 816 lum
319 759 822 833 antecedentem,
865 779 992 840 qua
1029 761 1161 822 vult
1205 779 1600 835 concurrere,
1660 761 1714 821 si

135 850 438 912 voluntas
465 858 674 914 creata
701 853 870 914 velit.
911 855 986 914 Et
1015 852 1248 914 ibidem
1279 855 1364 915 ait
1394 873 1578 934 posse
1607 873 1712 915 vo-

135 944 454 1006 luntatem
501 947 842 1008 humanam
887 947 1096 1008 facere
1140 949 1498 1028 oppositum
1535 951 1708 1029 ejuS,

136 1038 320 1114 quod
341 1057 381 1098 a
409 1039 540 1098 Deo
561 1040 934 1118 permissum
956 1047 1050 1102 est
1068 1059 1084 1112 ;
1111 1047 1174 1101 et
1199 1040 1474 1121 loquitur
1495 1049 1712 1122 aperte

137 1132 204 1192 in
251 1149 448 1192 sensu
489 1133 833 1212 composito
853 1177 868 1206 ‚
921 1139 984 1194 et
1023 1133 1228 1194 reddit
1269 1135 1568 1214 optimam
1611 1155 1714 1196 ra-

138 1225 380 1285 tionem
403 1243 417 1284 :
439 1223 598 1298 Quia
612 1227 938 1306 permissio
957 1228 1206 1306 respicit
1223 1229 1556 1310 potentiam
1577 1247 1716 1292 cau·

133 1337 222 1380 so:
247 1320 334 1381 ad
353 1323 678 1400 utrumque
703 1321 1112 1400 oppositorum
1138 1339 1204 1384 se
1229 1323 1534 1385 habentem
1550 1346 1579 1394 ,·
1602 1341 1716 1386 un-

136 1413 210 1474 de
237 1417 528 1474 neutrum
580 1413 988 1494 oppositorum
1017 1421 1228 1478 contra
1257 1413 1716 1496 permissionem

135 1511 256 1579 est,
313 1506 425 1568 sed
456 1512 777 1586 utrumque
813 1509 904 1568 est
941 1510 1264 1570 secundum
1317 1528 1444 1572 eam
1536 1527 1710 1590 ergo,

126 1597 317 1676 juxta
351 1598 726 1660 sententiam
745 1601 818 1660 D.
837 1600 1116 1674 Thomae,
1147 1601 1472 1680 permissio
1499 1620 1714 1680 pecca-

133 1691 179 1751 ti
209 1709 330 1769 pro
372 1691 644 1765 formali,
674 1709 804 1751 non
831 1691 1092 1754 includit
1116 1695 1712 1774 praedeterminatio-

135 1803 289 1844 nem
315 1784 458 1863 ejus
477 1804 592 1864 pro
619 1785 961 1858 materiali3
997 1786 1225 1866 alioqui
1249 1787 1504 1848 omnino
1529 1805 1714 1866 repu-

135 1881 370 1956 gnaret
415 1877 552 1939 fieri
603 1877 962 1956 oppositum
1010 1881 1150 1960 ejus
1202 1880 1267 1940 in
1309 1899 1499 1942 sensu
1541 1899 1713 1940 com-

139 1971 378 2048 posite.

215 2064 318 2124 15.
357 2063 720 2142 Capreolus,
743 2065 810 2127 in
835 2068 896 2140 2,
931 2065 996 2126 d.
1021 2068 1120 2139 25,
1155 2072 1375 2145 quaest.
1407 2070 1468 2140 1,
1501 2074 1618 2129 art.
1646 2070 1706 2142 3,

130 2156 214 2216 ad
270 2161 310 2216 4
369 2156 538 2218 Scoti
595 2164 762 2219 cont.
823 2159 1166 2220 secundam
1217 2159 1708 2236 conclusionem,

129 2250 432 2310 eamdem
445 2250 793 2314 doctrinam
806 2254 1100 2328 insinuat,
1129 2253 1283 2314 dum
1311 2253 1396 2314 ait
1423 2255 1712 2333 probabi-

125 2344 278 2404 liter
315 2344 538 2422 negari
583 2345 762 2425 signa
788 2347 1014 2425 prioris
1062 2353 1124 2408 et
1152 2348 1516 2426 posterioris
1546 2349 1714 2410 inter

126 2435 568 2518 causalitatem
613 2439 832 2516 primae
880 2446 942 2502 et
987 2439 1281 2502 secundae
1337 2457 1584 2512 causae3
1648 2447 1712 2503 et

129 2527 380 2589 subdit:
405 2529 556 2591 mis
585 2534 787 2593 autem
828 2531 1022 2614 signis
1044 2533 1364 2606 concessis,
1393 2535 1714 2596 secundum

125 2623 378 2684 modum
397 2625 676 2685 nostrum
705 2625 1086 2708 intelliyendi
1118 2625 1334 2696 solum,
1365 2630 1424 2688 et
1455 2626 1715 2689 nullate-

124 2733 252 2776 nus
280 2719 465 2778 extra
481 2714 872 2790 intellectum,
903 2720 1067 2780 Deus
1095 2719 1163 2780 in
1206 2723 1350 2782 actu
1376 2719 1713 2782 voluntatis

127 2807 420 2870 huma-nm
457 2813 672 2870 causat
686 2813 1016 2890 perfectam
1036 2810 1450 2873 rectitudinem
1467 2812 1536 2872 in
1562 2830 1714 2874 com-

119 2902 460 2980 paratione
479 2902 564 2963 ad
586 2919 668 2974 se,
701 2920 821 2964 non
843 2909 1042 2966 autem
1069 2903 1136 2965 in
1165 2905 1609 2986 comparatione
1635 2907 1719 2968 ad

125 2993 513 3056 voluntatem
541 2997 829 3069 creatam,
861 2997 918 3056 si
945 2995 1260 3076 loquamur
1289 2999 1356 3060 de
1393 3005 1536 3062 actu
1570 3017 1709 3078 pec-

125 3084 282 3149 cati.
314 3087 446 3148 Nec
472 3086 620 3147 inde
651 3087 937 3165 sequitur
961 3089 1091 3168 (ait)
1117 3089 1504 3151 voluntatem
1533 3109 1710 3153 crea-

125 3185 266 3239 tam
315 3179 382 3239 in
435 3180 712 3241 seeundo
753 3181 932 3260 signo
985 3199 1116 3243 non
1165 3182 1364 3245 libere
1413 3201 1702 3263 peccare,

125 3273 284 3351 quia
314 3271 676 3351 simpliciter
694 3277 902 3352 potest
930 3274 1177 3336 efficere
1196 3282 1406 3337 actum
1431 3283 1700 3351 rectum,

125 3366 284 3427 licet
321 3366 390 3425 in
424 3383 618 3426 sensu
655 3366 1000 3445 composito
1043 3386 1174 3428 non
1211 3369 1436 3446 possit,
1475 3368 1538 3429 id
1577 3375 1702 3443 est,

125 3458 338 3538 posito
364 3458 536 3537 quod
558 3461 726 3520 Deus
755 3459 928 3519 illum
975 3478 1106 3520 non
1136 3460 1344 3523 efficit.
1383 3461 1529 3532 Quae
1565 3461 1708 3523 doc-

125 3555 294 3613 trina
311 3553 396 3613 ad
413 3554 529 3615 hoc
544 3554 764 3625 tendit,
798 3554 967 3633 quod
989 3554 1076 3615 ibi
1103 3574 1230 3615 non
1263 3554 1574 3616 antecedit
1602 3556 1706 3617 de-

123 3649 492 3711 termInatio
515 3650 651 3721 Dei,
683 3656 746 3710 et
773 3648 878 3709 illa
899 3650 1100 3729 signa,
1143 3667 1282 3727 quae
1312 3650 1470 3711 ratio
1493 3660 1706 3712 nostra

120 3742 496 3819 distinguit,
559 3760 684 3802 non
729 3742 1070 3803 excludunt
1122 3762 1338 3804 veram
1392 3745 1708 3805 concomi-

119 3834 396 3896 tantiam
429 3852 777 3895 concursus
803 3835 998 3897 divini
1023 3841 1086 3897 et
1108 3836 1340 3909 nostri;
1370 3842 1432 3897 et
1457 3836 1602 3897 ideo
1617 3842 1708 3897 ta-

117 3928 204 3988 lis
231 3944 460 3987 sensns
487 3930 867 4007 compositus
893 3946 1022 3987 non
1050 3932 1144 3988 est
1174 3947 1250 3989 ex
1276 3930 1704 4007 suppositione

119 4020 586 4092 antecedente,
625 4021 740 4083 sed
785 4022 1276 4095 concomitante;
1321 4030 1704 4102 quapropter

117 4133 255 4175 non
271 4113 434 4175 tollit
445 4114 796 4175 absolutam
809 4119 1185 4193 potestatem
1202 4120 1370 4176 recte
1395 4116 1703 4195 operandi

121 4214 190 4269 et
213 4207 494 4269 habendi
521 4226 926 4281 concursum,
959 4226 1084 4287 quo
1115 4210 1278 4269 Deus
1309 4210 1496 4270 efficit
1523 4210 1704 4271 recti-

117 4301 414 4362 tudinem
433 4306 632 4376 εοεαε,
660 4302 850 4361 etiam
878 4300 942 4360 in
971 4301 1188 4362 ordine
1218 4301 1299 4361 ad
1317 4302 1702 4363 voluntatem

122 4398 436 4463 creatam,
485 4392 538 4453 si
581 4392 718 4471 ipsa
765 4393 1087 4471 cooperari
1128 4392 1296 4453 velit.
1335 4393 1702 4473 Expressius

119 4504 280 4547 vero
315 4485 383 4543 in
407 4486 474 4557 2,
517 4485 662 4545 dist.
710 4486 812 4558 28,
876 4490 1096 4561 quaest.
1141 4489 1196 4560 -1,
1244 4492 1360 4547 art.
1396 4489 1456 4558 3,
1490 4487 1572 4546 ad
1599 4488 1698 4559 12,

122 4584 299 4641 cont.
323 4579 367 4637 2
393 4577 621 4649 concl„
645 4596 792 4637 eum
821 4577 1198 4639 distinxisset
1225 4596 1370 4639 cum
1401 4579 1700 4657 Gregorio

120 4670 452 4749 duplic-em
503 4669 766 4729 modum
803 4669 1104 4748 operandi
1145 4670 1261 4730 Dei
1305 4688 1448 4731 cum
1486 4676 1700 4731 nostra

120 4765 478 4839 voluntate,
509 4764 767 4834 scilicet,
793 4764 894 4825 vel
923 4764 1265 4843 partialiter
1295 4765 1698 4827 eoefficiendo

124 4864 366 4929 actum,
398 4857 500 4917 vel
519 4857 966 4936 praemovendo
990 4863 1051 4918 et
1081 4858 1453 4937 applicando
1483 4859 1700 4920 volun·

123 4954 324 5011 tatem
364 4950 446 5009 ad
473 4950 674 5023 illum,
711 4950 957 5010 subdit:
1002 4948 1108 5013 Aa
1123 4950 1572 5032 productionem
1599 4969 1700 5014 ac-

126 5050 230 5107 tus
273 5043 428 5107 mali
471 5044 666 5107 solum
715 5044 919 5123 primo
959 5046 1126 5107 modo
1171 5046 1478 5107 concurrit
1507 5046 1696 5119 Deus,

121 5137 272 5219 quia
299 5156 422 5199 non
443 5136 604 5215 facit
623 5136 996 5201 voluntatem
1025 5156 1198 5219 apere
1219 5142 1422 5201 actum
1443 5138 1694 5200 malum.

123 5234 332 5309 Atque
361 5232 508 5291 hinc
535 5235 784 5291 constat
811 5230 1128 5309 quomodo
1148 5231 1592 5311 intelligendus
1622 5230 1700 5293 sit

125 5324 288 5383 alius
327 5324 504 5385 locus
530 5323 840 5401 Capreoli,
881 5323 991 5402 qui
1041 5323 1106 5383 in
1137 5324 1518 5385 contrarium
1549 5324 1700 5385 cita-

124 5422 251 5489 tur,
289 5435 368 5479 ex
395 5418 460 5491 2,
494 5416 638 5477 dist.
671 5418 772 5491 37,
805 5423 1028 5496 quaest.
1061 5421 1119 5491 1,
1152 5416 1232 5477 ad
1259 5419 1300 5478 2
1330 5417 1695 5498 principale,

127 5510 234 5569 ubi
261 5510 372 5583 ait,
403 5508 560 5571 dum
586 5508 878 5572 voluntas
905 5511 1036 5589 agit
1063 5516 1273 5571 actum
1309 5510 1568 5583 malum,
1599 5527 1698 5571 ac-

449 5627 539 5675 11.

3243 377 3361 439 113

1794 481 2035 542 tionem
2070 481 2206 560 ejus
2234 480 2445 559 quoad
2472 498 2660 542 omne
2692 481 3024 561 positivum
3056 500 3194 544 esse
3220 503 3361 563 pos-

1795 575 2095 638 teriorem
2112 577 2352 638 actione
2368 575 2503 648 Dei,
2528 575 2675 654 quia
2696 573 2871 634 nulla
2890 581 3175 636 creatura
3193 585 3363 640 mota

1797 669 1925 748 agit
1940 669 2056 729 nisi
2085 674 2255 730 mota
2295 687 2329 728 a
2354 669 2485 728 Deo
2506 686 2521 740 ;
2551 673 2613 727 et
2630 666 2793 726 infra
2810 665 2959 727 dicit
2976 667 3363 730 voluntatem

1795 761 2201 822 determinari
2240 763 2303 820 in
2322 755 2447 821 'hoc
2483 767 2625 820 actu
2651 779 2687 820 a
2713 761 2865 820 De0.
2904 760 2966 821 Si
2995 765 3209 820 tamen
3239 761 3366 822 sin-

1795 872 1939 914 cere
1984 854 2263 932 legatur,
2308 861 2370 915 et
2408 873 2553 915 cum
2598 852 2735 912 aliis
2778 853 2929 912 locis
2972 852 3359 924 conferatur,

1794 966 1923 1007 non
1950 947 2077 1027 agit
2096 947 2174 1008 de
2198 946 2849 1026 praedeterminafione
2874 946 3123 1024 primia,
3148 944 3260 1006 sed
3284 946 3363 1007 de

1795 1039 2343 1118 determinatione,
2376 1060 2514 1120 quae
2538 1039 2606 1100 fit
2634 1059 2746 1118 per
2766 1040 3105 1118 ipsummet
3130 1045 3359 1100 actum.

1793 1134 1918 1193 Nec
1945 1133 2221 1212 loquitur
2244 1133 2321 1194 de
2344 1135 2589 1194 actione
2613 1138 2722 1192 aut
2749 1132 3026 1192 motione
3048 1132 3360 1208 distincta,

1794 1245 1937 1304 quae
1973 1227 2037 1286 in
2060 1245 2131 1288 re
2162 1227 2239 1288 sit
2268 1227 2459 1306 prior,
2492 1225 2603 1286 sed
2633 1225 2711 1286 de
2746 1225 3017 1303 ipsomet
3054 1244 3363 1286 concursu

1795 1321 2158 1382 immediato
2191 1321 2254 1381 iu
2284 1326 2517 1392 actum,
2550 1338 2739 1398 quem
2776 1320 3120 1380 motionem
3156 1327 3359 1390 vocat,

1795 1433 1973 1474 more
2011 1413 2309 1493 loquendi
2350 1414 2423 1473 D.
2456 1415 2747 1484 Thomae;
2800 1416 2861 1472 et
2890 1413 3237 1473 secundum
3264 1432 3366 1474 ra-

1794 1507 2033 1568 tionem
2069 1513 2313 1568 tantum
2338 1507 2422 1568 ibi
2450 1505 2717 1568 admittit
2743 1506 2917 1586 prius
2938 1512 2999 1566 et
3026 1507 3359 1584 posteriue,

1795 1606 1866 1662 ut
1888 1601 2027 1660 aliis
2053 1599 2207 1661 locis
2234 1599 2595 1674 declaravit,
2629 1617 2769 1680 quae
2795 1599 2897 1660 hic
2929 1605 2991 1661 et
3016 1601 3083 1660 in
3100 1598 3227 1662 fine
3258 1619 3364 1662 su-

1795 1694 2061 1774 perioris
2090 1695 2229 1756 libri
2268 1695 2557 1756 indicavi.

1877 1790 1974 1849 16.
2022 1788 2345 1849 Conradus
2375 1792 2431 1850 1.
2474 1789 2536 1855 2,
2563 1806 2624 1866 q.
2666 1789 2767 1860 79,
2795 1793 2913 1848 art.
2952 1791 3014 1863 1,
3051 1787 3363 1870 expressis

1791 1883 2001 1945 verbis
2018 1883 2137 1942 hoc
2162 1881 2521 1946 declaravit.
2551 1881 2802 1942 dicens:
2840 1881 2989 1945 Cum
3004 1882 3071 1944 in
3096 1883 3209 1946 bac
3234 1900 3363 1944 ma-

1795 1977 1953 2040 teria
1980 1974 2205 2038 dicitur
2236 1976 2395 2055 quod
2419 1976 2583 2036 Deus
2612 1980 2703 2038 est
2728 1992 2913 2038 causa
2934 1980 3109 2038 actus
3125 1974 3365 2056 peccati

1792 2071 1995 2150 quoad
2012 2067 2417 2134 substantiam
2440 2086 2552 2150 per
2562 2068 2765 2148 prius,
2813 2073 2871 2132 et
2888 2067 3215 2148 plusquam
3260 2085 3363 2129 vo-

1793 2163 2001 2225 luntas
2024 2180 2302 2244 peccans,
2336 2162 2479 2224 ticet
2503 2179 2623 2222 non
2647 2167 2793 2244 apat
2819 2162 2912 2224 vel
2934 2158 3019 2223 sit
3056 2178 3241 2224 causa
3267 2163 3362 2226 de-

1790 2253 2150 2334 formitatis,
2180 2260 2343 2329 nota,
2363 2258 2615 2336 propter
2646 2253 2923 2327 Scotum,
2948 2255 3108 2334 quod
3129 2271 3249 2315 non
3267 2255 3361 2317 dc-

1793 2349 1886 2410 bet
1913 2344 2183 2430 intellipi
2214 2350 2392 2428 quasi
2429 2348 2641 2428 prima
2682 2365 2869 2411 causa
2902 2347 2971 2408 in
3025 2345 3228 2428 atiquo
3265 2347 3363 2409 in-

1793 2441 1990 2504 stanti
2025 2441 2293 2523 attinpat
2316 2441 2592 2521 effectum
2618 2446 2676 2504 et
2715 2440 3116 2522 operationem
3163 2458 3362 2505 causa·

1793 2535 2067 2596 secundoe
2081 2532 2151 2594 in
2166 2534 2390 2614 seipsa,
2407 2534 2585 2614 quasi
2600 2533 2810 2596 babeat
2835 2551 3021 2596 unam
3044 2534 3361 2596 motionem

1786 2625 2087 2707 proeciam
2106 2627 2333 2689 actioni
2358 2633 2653 2689 creatum
2676 2623 3009 2689 voluntatis
3020 2625 3358 2706 peccantis,

1793 2725 1850 2782 et
1875 2718 1993 2781 illa
2018 2720 2199 2780 motio
2215 2721 2456 2800 proevia
2471 2720 2657 2800 prius
2684 2719 2983 2800 producat
3012 2737 3125 2800 pro
3155 2719 3359 2799 aliquo

1791 2812 2079 2888 instanti,
2113 2830 2291 2892 quam
2316 2812 2617 2875 voluntas.
2650 2811 2775 2874 Ille
2802 2813 2960 2874 enim
2994 2829 3207 2875 sensus
3230 2813 3361 2887 fal-

1792 2923 1898 2967 sus
1925 2912 2055 2977 est,·
2100 2922 2219 2964 non
2246 2905 2425 2978 enim,
2468 2921 2603 2966 cwm
2644 2904 2872 2985 aliquis
2907 2905 3063 2978 vult,
3100 2910 3353 2985 oportet,

1794 3002 2115 3078 antequam
2154 2996 2319 3071 velit,
2357 2998 2692 3077 proecedere
2741 2997 3056 3059 motionem
3096 2998 3237 3070 Dei,
3268 2998 3360 3060 to-

1788 3093 2015 3171 quendo
2043 3093 2113 3155 de
2146 3089 2423 3153 naturali
2476 3089 2761 3154 volitione
2804 3090 2897 3153 vel
2919 3090 3106 3153 mala.
3166 3089 3263 3155 Ec
3289 3089 3357 3153 in

1787 3185 1893 3247 boc
1916 3202 2097 3247 sensu
2145 3184 2384 3247 videtur
2410 3201 2474 3245 se
2496 3184 2787 3261 fundasse
2834 3182 3077 3257 Scotus,
3130 3183 3196 3245 in
3233 3185 3357 3247 alio

1777 3278 2111 3358 proposito,
2158 3276 2260 3339 ubi
2292 3277 2427 3339 vult
2460 3278 2620 3357 quod
2654 3278 2739 3339 ad
2772 3278 2877 3339 boc
2918 3278 3075 3357 quod
3096 3296 3193 3341 res
3227 3280 3357 3341 sint

1789 3371 2217 3453 contingentes,
2250 3373 2521 3449 oporteat
2545 3368 2913 3431 voluntatem
2937 3369 3204 3433 divinam
3230 3388 3357 3434 esse

1787 3462 2241 3543 continentem,
2260 3462 2330 3525 id
2350 3466 2465 3537 est,
2497 3460 2764 3535 liberam,
2790 3462 2883 3524 ita
2904 3464 3061 3543 quod
3084 3464 3144 3525 si
3164 3482 3238 3527 ecc
3257 3482 3355 3527 ne·

1787 3555 2065 3617 cessitate
2102 3556 2303 3630 vellet,
2345 3553 2505 3617 nihil
2544 3559 2697 3617 esset
2738 3556 3105 3635 continqens.
3153 3556 3248 3618 Et
3286 3556 3355 3617 in

1788 3648 1894 3709 boc
1908 3649 2167 3710 scienter
2180 3648 2544 3711 contradicit
2548 3645 2947 3729 pbilosophis,
2972 3648 3153 3710 etiam
3168 3646 3353 3711 Aris-

1787 3740 1975 3815 toteli,
1997 3742 2273 3821 quamvis
2295 3740 2615 3803 immerito.
2645 3738 2772 3803 Sed
2791 3742 2861 3803 de
2874 3741 2979 3803 boc
2998 3739 3163 3803 alibi.
3199 3739 3355 3803 Sen-

1786 3850 1893 3895 sus
1932 3838 2133 3897 autem
2172 3851 2349 3895 verus
2378 3837 2490 3907 est,
2520 3834 2680 3913 quod
2713 3834 2972 3896 secunda
3001 3850 3185 3896 causa
3230 3851 3351 3895 non

1781 3927 2065 4005 producit
2090 3925 2215 3988 nisi
2239 3925 2305 3987 in
2330 3924 2555 3987 virtute
2598 3926 2837 4004 primoe,
2864 3944 2994 4005 quoe
3030 3926 3351 3987 secundam

1787 4020 2103 4104 conJunyit
2150 4036 2258 4081 suo
2282 4018 2545 4099 effectui,
2572 4022 2631 4079 et
2662 4016 2941 4081 intimius
2986 4018 3241 4098 attingit
3266 4025 3349 4095 ef-

1779 4116 2003 4191 fectum
2038 4130 2221 4193 quam
2258 4112 2541 4185 secunda,
2590 4112 2698 4173 sed
2732 4112 3091 4192 cooperando
3116 4111 3348 4173 intrin-

1782 4224 1908 4269 sece
1934 4208 2257 4269 secundum
2292 4207 2531 4267 modum
2551 4210 2790 4267 naturoe
2821 4221 3019 4267 causoe
3036 4206 3343 4279 secundae,-

1782 4301 1937 4363 unde
1964 4298 2219 4381 attinyit
2245 4298 2645 4379 operationem
2684 4297 3019 4360 voluntatis
3046 4299 3345 4378 modifica-

1785 4397 1911 4456 tam
1923 4394 2121 4473 juata
2147 4394 2540 4457 conditionem
2576 4391 2933 4455 voluntatis.
2970 4391 3063 4455 Εὐ
3090 4409 3227 4474 erqo
3252 4395 3343 4455 ta-

1781 4486 1864 4547 lis
1888 4490 2139 4567 effectus
2162 4502 2281 4547 non
2307 4486 2476 4550 babet
2514 4486 2915 4549 necessariam
2942 4484 3344 4548 habitudinem

1782 4580 1866 4641 ad
1889 4597 2139 4643 causam
2154 4580 2445 4661 primam,
2472 4579 2581 4643 sed
2614 4578 3069 4657 continqentem,
3108 4576 3251 4657 quia
3270 4580 3347 4657 fit

1782 4674 1854 4735 ab
1875 4690 1945 4736 ea
1959 4674 2281 4735 secundum
2306 4671 2699 4734 conditionem
2716 4669 3050 4733 voluntatis
3075 4676 3135 4733 et
3148 4688 3347 4735 causoe

1779 4766 2073 4839 secundoe,
2119 4782 2252 4844 quoe
2278 4769 2369 4827 est
2402 4765 2776 4843 continueris.
2834 4762 3001 4825 Unde
3027 4762 3198 4825 babet
3224 4782 3344 4824 mo-

1779 4859 2001 4920 tionem
2026 4857 2462 4936 cooperatioam
2478 4856 2751 4937 proprioe
2778 4855 3005 4917 actioni
3028 4859 3343 4932 creatura»,

1779 4954 1838 5012 et
1867 4950 2192 5013 secundum
2218 4949 2455 5011 modum
2470 4950 2625 5028 ejus.
2658 4948 2843 5021 Unde,
2872 4948 2931 5011 si
2958 4948 3123 5010 Deus
3144 4955 3348 5032 afferet

1779 5061 1853 5107 ecc
1880 5041 2231 5106 necessitate
2249 5046 2512 5115 naturoe,
2541 5046 2615 5103 ut
2636 5040 2980 5122 philosophi
2986 5048 3341 5121 posuerunt,

1778 5142 1975 5199 staret
1995 5136 2391 5199 nibilominus
2420 5132 2829 5217 continpentia
2846 5153 3073 5208 rerum,
3098 5141 3345 5216 propter

1781 5230 2285 5309 defectibilitatem
2324 5233 2383 5291 et
2421 5228 2757 5290 libertatem
2786 5245 3108 5290 causarum
3136 5243 3349 5288 secwn-

1779 5324 2019 5385 darum.
2078 5321 2274 5395 Quare
2317 5320 2385 5381 in
2432 5317 2739 5402 proposito
2782 5319 3115 5400 intdliyas,
3151 5317 3345 5395 juata

1777 5414 2061 5479 Doctoris
2106 5415 2307 5477 sancti
2342 5419 2617 5486 mentem,
2658 5414 2850 5475 Deum
2872 5410 3068 5493 primo
3096 5424 3341 5472 concae·-

1779 5526 1914 5571 rere
1941 5508 2021 5570 ad
2041 5510 2244 5571 actum
2264 5504 2519 5586 peccati,
2552 5503 2717 5586 quia,
2744 5504 3039 5577 ridelicet,
3060 5501 3341 5565 voluntas

2971 5608 3011 5669 8
