3850 6225
550 380 628 439 72

547 488 645 543 est
671 480 749 541 de
791 482 962 542 omni
991 480 1260 562 gratuita
1285 482 1561 543 motione
1593 488 1656 543 et
1679 484 2109 563 inspiratione,

548 592 739 654 quam
771 575 938 634 Deus
980 574 1262 636 conferre
1311 580 1516 651 potest
1537 621 1552 648 ,
1605 594 1735 637 non
1786 576 1991 637 solum
2048 577 2115 635 in

548 667 1128 747 supernaturalibus
1150 712 1165 739 ‚
1213 666 1325 727 sed
1355 668 1542 729 etiam
1573 668 1640 728 in
1679 669 2023 730 moralibus
2052 672 2115 729 et

548 760 832 841 politicis,
871 766 943 821 ut
989 780 1128 840 cap.
1179 764 1247 821 11
1305 759 1690 823 dicebamus.
1753 763 1910 825 Hinc
1961 779 2111 823 vero

547 857 762 933 aperte
787 853 1068 931 sequitur
1093 855 1296 915 Deum
1319 854 1556 915 nonita
1585 873 1838 915 movere
1865 871 2110 927 omneS,

548 964 696 1007 nam
725 946 1005 1025 exceptio
1039 946 1133 1023 (ut
1149 946 1348 1024 aiunt)
1379 946 1587 1008 firmat
1611 948 1927 1027 regulam;
1960 964 2111 1026 ergo

548 1039 744 1100 multo
795 1040 995 1118 magis
1051 1041 1332 1118 sequitur
1392 1058 1520 1100 non
1559 1039 2112 1119 praedeterminare

549 1150 790 1203 omnes,
846 1132 1044 1192 multo
1104 1133 1272 1193 enim
1324 1133 1532 1193 minus
1573 1139 1668 1194 est
1719 1150 1974 1193 movere
2034 1132 2119 1191 ad

550 1244 747 1286 unum
783 1226 1192 1287 determinate
1239 1225 1598 1301 volendum,
1646 1244 1836 1305 quam
1882 1226 2121 1305 praede-

545 1319 882 1380 terminare
910 1319 991 1380 ad
1017 1338 1214 1379 unum
1240 1338 1255 1391 ;
1280 1337 1430 1380 nam
1459 1321 1562 1399 qui
1591 1320 1765 1381 alteri
1790 1320 2119 1380 consilium

547 1418 820 1490 praestat,
855 1432 1000 1473 eum
1049 1419 1257 1473 movet
1299 1414 1379 1473 ad
1428 1432 1625 1473 unum
1677 1412 2113 1486 determinate,

548 1523 676 1565 non
705 1513 915 1566 autem
953 1506 1128 1566 illum
1157 1506 1533 1567 determinat
1560 1512 1631 1566 ut
1669 1506 1824 1566 illud
1860 1505 2115 1565 omnino

529 1598 727 1671 ⁴velit;
769 1606 830 1659 et
877 1599 960 1659 ita
1003 1600 1190 1659 etiam
1227 1600 1387 1671 ἰΠοε,
1433 1618 1590 1678 quos
1620 1602 1787 1661 Deus
1831 1618 1945 1678 per
1975 1616 2120 1676 gra-

548 1694 700 1755 tiam
739 1697 970 1767 movet,
999 1712 1128 1754 non
1156 1695 1682 1772 proedeterminat‚
1711 1700 1780 1754 ut
1805 1694 1993 1754 latius
2018 1694 2116 1752 in-

545 1786 664 1859 fra,
704 1786 748 1845 l.
787 1788 846 1859 3,
875 1786 1100 1847 dicam.
1140 1788 1212 1847 In
1237 1788 1353 1848 hoc
1385 1787 1522 1847 loco
1557 1793 1770 1866 aperte
1809 1786 1995 1848 docet
2022 1786 2117 1845 di-

547 1898 662 1939 vus
692 1880 964 1941 Thomas
1006 1879 1364 1958 hujusmodi
1394 1880 2113 1960 praedeterminationem

551 1990 678 2032 non
723 1973 1034 2051 pertinere
1082 1972 1164 2033 ad
1210 1972 1486 2034 debitam
1535 1972 2115 2034 subordinationem

551 2072 613 2126 et
639 2066 1124 2145 dependentiam
1149 2066 1324 2127 liberi
1351 2066 1586 2127 arbitrii
1611 2086 1648 2127 a
1671 2068 1870 2146 prima
1900 2084 2113 2139 causa,

553 2157 722 2238 quod
749 2175 916 2218 nunc
943 2163 1187 2219 tantum
1213 2160 1616 2221 intendimus,

635 2255 731 2311 11.
781 2253 854 2312 Et
909 2251 1200 2311 eamdem
1247 2252 1434 2331 plane
1497 2252 1848 2314 doctrinam
1895 2252 2123 2331 repetit

553 2346 719 2407 idem
761 2347 990 2406 Doctor
1027 2346 1292 2407 Sanctus
1334 2351 1391 2407 1.
1431 2349 1492 2421 2,
1536 2366 1596 2426 q.
1642 2348 1734 2420 10,
1775 2351 1891 2407 art.
1926 2349 1987 2421 4,
2033 2345 2122 2407 di·

553 2457 724 2511 cens,
756 2440 954 2499 Deum
987 2456 1054 2499 se
1093 2440 1568 2500 accommodare
1614 2439 1854 2501 naturis
1884 2456 2118 2512 rerum,

555 2551 788 2612 easque
845 2551 1100 2594 movere
1162 2533 1508 2594 secundum
1557 2552 1774 2595 earum
1827 2533 2124 2595 conditio-

553 2644 741 2697 nem;
785 2626 1058 2703 ideoque
1111 2625 1196 2686 ita
1247 2644 1500 2687 movere
1545 2628 1935 2687 voluntatem
1976 2644 2125 2686 nos-

555 2724 740 2778 tram.
777 2736 854 2777 ex
877 2736 944 2779 se
972 2717 1460 2791 indifferentem,
1494 2724 1716 2779 utnon
1744 2738 1821 2779 ex
1849 2718 2121 2779 necessi-

555 2817 682 2872 tate
731 2810 900 2870 illam
953 2812 1032 2871 ad
1089 2830 1285 2872 unum
1339 2811 1732 2872 determinet.
1793 2810 1926 2882 Quo
1980 2810 2121 2870 loco

556 2905 630 2965 D.
689 2904 960 2965 Thomas
1012 2904 1250 2964 nullam
1301 2904 1733 2982 exceptionem
1787 2902 2119 2975 adhibuit,

559 2998 706 3078 quia
734 2997 1008 3076 loquitur
1034 2998 1112 3059 de
1141 2998 1249 3059 tali
1276 2997 1576 3069 motione,
1609 3014 1749 3075 quae
1777 2996 2034 3057 omnino
2062 3002 2125 3056 et

560 3110 638 3153 ex
687 3092 1059 3154 necessitate
1117 3090 1344 3152 inserat
1405 3090 1997 3152 determinationem
2044 3088 2127 3150 ad

559 3202 758 3246 unum
788 3204 803 3257 ;
845 3185 1084 3246 clarum
1123 3191 1218 3246 est
1253 3192 1465 3245 autem
1491 3185 1656 3244 hanc
1685 3184 2128 3244 necessitatem

560 3297 690 3339 non
717 3297 855 3340 esse
881 3279 1068 3339 aliam
1089 3323 1104 3352 ,
1151 3279 1270 3340 nisi
1304 3297 1444 3357 quae
1475 3297 1552 3338 ex
1581 3278 1691 3338 tali
1719 3277 2127 3356 praemotione

558 3371 858 3446 infertur;
893 3379 954 3434 et
981 3373 1146 3433 hanc
1173 3371 1358 3434 docet
1374 3374 1446 3433 D.
1477 3372 1750 3432 Thomas
1767 3389 2125 3449 repugnare

563 3464 996 3526 indifferentiae
1041 3464 1364 3526 libertatis
1417 3465 1550 3536 Quo
1591 3463 1778 3524 modo
1820 3463 2010 3524 etiam
2040 3462 2129 3524 lo-

563 3559 774 3638 quitur
815 3557 920 3618 lib.
969 3559 1008 3618 3
1049 3563 1248 3619 contr.
1291 3557 1508 3630 Gent.,
1556 3573 1694 3636 cap.
1733 3558 1836 3630 90,
1881 3561 1951 3615 ut
1987 3573 2124 3636 cap.

565 3651 838 3731 proeced.
873 3649 1165 3711 diximuS.

647 3746 956 3806 Praeterea
1005 3744 1215 3805 afferri
1257 3749 1463 3824 potest
1505 3742 1674 3822 quod
1707 3741 1815 3815 ait,
1873 3761 1935 3821 q.
1971 3745 2009 3804 5
2052 3741 2131 3802 de

567 3838 784 3912 Verit.,
819 3844 934 3899 art.
976 3839 1036 3910 5,
1070 3837 1153 3898 ad
1191 3841 1246 3911 1,
1293 3855 1614 3917 exponens
1643 3837 2128 3912 Damascenum,

566 3939 743 3995 actus
813 3931 1044 3993 liberos
1105 3949 1238 3992 non
1295 3949 1434 3994 esse
1499 3949 1616 4011 per
1672 3930 2129 4010 providentiam

565 4026 840 4088 divinam
879 4025 964 4087 ita
1003 4023 1450 4086 determinatos
1485 4024 1565 4084 ad
1599 4041 1819 4096 unum,
1854 4023 2013 4085 sicut
2052 4041 2131 4084 ea

566 4135 707 4198 quae
737 4117 1092 4180 libertatem
1119 4133 1248 4177 non
1273 4117 1548 4188 habent,
1589 4121 1652 4177 et
1685 4114 1907 4176 similia
1938 4115 2131 4176 habet

566 4231 629 4291 q.
664 4213 701 4272 3
739 4211 819 4272 de
859 4211 1126 4284 potent„
1173 4215 1290 4270 art.
1338 4212 1398 4282 7,
1429 4209 1512 4269 ad
1541 4209 1640 4282 13,
1683 4208 1791 4268 ubi
1831 4225 2127 4288 expresse

567 4305 716 4367 dicit
739 4305 1323 4367 determinationem
1347 4308 1523 4364 actus
1548 4302 1815 4382 relinqui
1837 4303 1904 4362 in
1925 4309 2133 4382 potes-

566 4403 695 4460 tate
721 4398 976 4459 rationis
1007 4401 1070 4458 et
1095 4397 1450 4458 voluntatis.
1485 4398 1561 4457 Et
1581 4395 1747 4456 idern
1777 4396 1969 4457 habet
1996 4397 2131 4457 aliis

566 4492 719 4553 locis
760 4491 960 4552 citatis
1006 4509 1142 4569 cap.
1186 4489 1480 4568 praeced„
1529 4495 1805 4550 tractans
1847 4490 1984 4550 loca
2012 4491 2134 4550 Da—

569 4583 846 4644 masceni
903 4589 964 4644 et
1007 4582 1288 4662 Gregorii
1341 4583 1624 4660 Nysseni.
1686 4585 1923 4643 Rursus
1984 4583 2135 4643 facit

571 4675 742 4756 quod
787 4693 1107 4754 nunquam
1155 4676 1227 4735 D.
1279 4675 1549 4736 Thomas
1594 4674 1933 4737 declaravit
1969 4676 2135 4735 hanc

572 4769 1290 4849 praedeterminationem
1316 4787 1393 4828 ex
1411 4771 1588 4847 parte
1613 4768 1741 4839 Dei,
1771 4769 1882 4829 sed
1901 4768 2134 4847 ubique

571 4864 657 4925 ait
684 4882 813 4923 non
840 4863 1144 4941 impedire
1173 4863 1372 4922 Deum
1403 4879 1588 4921 usum
1610 4862 1911 4924 libertatis
1930 4907 1944 4934 ,
1988 4863 2137 4940 quia

575 4975 714 5018 sese
741 4956 1078 5034 unicuique
1105 4954 1195 5014 rei
1221 4955 1652 5016 accommodat
1672 4955 1852 5034 juxta
1879 4955 2137 5017 modum

573 5050 788 5128 ipsine,
814 5056 884 5111 ut
905 5047 1120 5109 videre
1143 5047 1287 5108 licet
1306 5048 1372 5107 in
1391 5047 1591 5108 citatis
1611 5049 1788 5122 lociS,
1819 5055 1882 5110 et
1905 5052 1943 5108 3
1966 5056 2131 5111 cont.

571 5144 781 5215 Gent.,
831 5159 966 5221 cap.
1001 5143 1102 5214 73,
1153 5146 1213 5200 et
1241 5157 1457 5218 opusc.
1502 5140 1580 5201 de
1612 5142 1834 5200 Praesc.
1885 5147 1947 5202 et
1984 5159 2139 5219 prse-

573 5237 733 5296 dest.
739 5281 760 5313 ,
775 5253 913 5312 cap.
943 5237 1002 5308 4,
1024 5235 1077 5294 si
1099 5249 1246 5294 vere
1275 5233 1360 5292 illi
1385 5233 1758 5295 attribuitur.
1795 5234 1931 5294 Alia
1960 5235 2141 5296 attin-

574 5347 795 5409 gemus
821 5327 980 5388 libro
1009 5325 1316 5404 sequenti,
1343 5326 1590 5406 agendo
1617 5327 1696 5388 de
1721 5345 2029 5388 concursu
2058 5327 2141 5388 ad

575 5429 785 5484 actum
811 5421 1076 5501 peccati.

657 5517 870 5581 Solum
916 5520 1124 5596 potest
1171 5513 1356 5593 objici
1405 5515 1575 5592 qnod
1628 5518 1656 5578 1
1717 5534 1780 5596 p.
1814 5561 1830 5590 ,
1895 5535 1956 5599 q.
2012 5517 2134 5594 25,

1307 382 1516 435 OPUSC.
1555 386 1596 447 1,
1629 384 1746 436 LlB.
1783 386 1820 437 1.
1859 386 1939 437 DE
1972 382 2290 437 CONCURSU
2326 384 2427 438 nm
2460 384 2584 437 CUM
2618 384 3007 453 vetUN'rATE.

2196 487 2311 541 art.
2346 483 2407 553 5,
2440 481 2523 542 ad
2548 485 2606 554 1,
2634 482 2803 557 dicit,
2834 482 2971 542 fieri
2992 498 3122 542 non
3146 498 3327 561 posse
3358 488 3423 545 ut
3448 485 3595 546 Deus
3620 489 3705 549 ali-

2192 592 2319 652 qua
2346 573 2537 635 faciat
2565 592 2705 653 quae
2733 592 2865 636 non
2894 574 3203 653 praescivit
3224 619 3239 646 ‚
3282 580 3343 634 et
3370 580 3705 653 praeordina-

2192 668 2279 729 vit
2308 686 2374 728 se
2401 667 2712 729 facturum
2736 713 2751 738 ‚
2796 669 2947 748 quia
2985 669 3194 746 ipsum
3230 668 3432 730 facere
3466 672 3705 751 subjacet

2192 760 2593 841 praescientiae
2617 764 2679 821 et
2698 760 3228 840 praeordinationi.
3248 761 3371 823 Sed
3395 763 3457 821 D.
3478 765 3707 827 Thomas
3763 814 3764 819 1

2195 870 2269 914 eo
2308 853 2445 913 loco
2493 854 2647 914 nihil
2682 854 2853 915 aliud
2878 854 3168 928 intendit,
3214 872 3404 933 quam
3442 858 3705 935 explicare

2194 946 2773 1008 subordinationem
2808 946 3067 1008 actionis
3093 946 3318 1008 divinae
3351 948 3431 1008 ad
3469 955 3621 1009 extra
3646 954 3709 1013 ad

2192 1039 2576 1101 voluntatem
2602 1039 2899 1113 divinam,
2922 1041 3069 1120 quja
3096 1040 3251 1100 nihil
3279 1045 3478 1119 potest
3502 1043 3707 1103 efficere

2200 1133 2319 1194 nisi
2348 1148 2463 1213 per
2489 1134 2873 1195 voluntatem
2904 1152 2971 1195 se
3000 1134 3271 1213 applicet
3303 1133 3384 1194 ad
3411 1136 3706 1213 agendum,

2201 1234 2261 1288 et
2290 1229 2453 1288 hanc
2476 1228 2721 1289 vocavit
2748 1228 3331 1308 praeordinationem
3366 1248 3382 1299 ;
3428 1228 3507 1288 ibi
3534 1236 3709 1291 tamen

2198 1340 2324 1382 non
2358 1322 2625 1401 explicat
2662 1322 2863 1400 qualis
2892 1320 3121 1382 debeat
3159 1340 3296 1381 esse
3328 1320 3430 1381 illa
3456 1325 3713 1400 praeordi-

2198 1416 2391 1487 nati0‚
2436 1434 2515 1476 an
2564 1414 2848 1477 absoluta
2886 1423 2949 1475 et
2969 1414 3517 1495 praedeterminans
3548 1418 3713 1477 omni-

2197 1528 2305 1581 n0,
2338 1508 2436 1569 vel
2470 1510 2673 1570 solum
2706 1510 2823 1569 sub
2852 1508 3234 1569 conditione.

2280 1605 2377 1664 12.
2428 1604 2865 1665 Bonaventura
2910 1604 2973 1661 in
3020 1604 3061 1661 Ξ
3081 1647 3096 1674 ,
3141 1601 3283 1662 dist.
3339 1602 3417 1662 36
3437 1647 3452 1674 ,
3499 1608 3601 1661 art.
3652 1608 3669 1661 1
3699 1650 3710 1673 ,

2198 1704 2420 1775 quaest.
2458 1700 2515 1769 1,
2555 1696 2635 1757 ad
2670 1697 2808 1769 ult„
2858 1698 3007 1755 satis
3050 1712 3346 1774 expresse
3377 1693 3550 1754 docet
3584 1696 3713 1757 hanc

2197 1792 2572 1851 sententiam
2598 1810 2613 1863 3
2646 1791 2791 1870 quia
2820 1795 3031 1851 tamen
3058 1790 3119 1850 in
3151 1788 3503 1867 particulari
3527 1790 3637 1867 agit
3654 1790 3713 1849 de

2198 1902 2505 1945 concursu
2534 1884 2643 1945 Dei
2676 1883 2757 1944 ad
2788 1890 2998 1943 actum
3024 1883 3284 1962 peccati,
3328 1881 3582 1942 referam
3608 1884 3716 1959 ejus

2196 1978 2389 2038 verba
2420 1978 2707 2057 sequenti
2736 1977 2921 2049 libro,
2952 1995 3006 2036 c.
3042 1978 3101 2049 3,
3126 1979 3188 2036 et
3212 1974 3411 2037 videri
3440 1976 3613 2035 etiam
3634 1994 3717 2053 po-

2200 2076 2323 2131 test
2355 2074 2414 2143 1,
2442 2070 2584 2131 dist.
2613 2072 2717 2143 40,
2744 2075 2859 2131 art.
2892 2072 2954 2142 2,
2982 2076 3205 2148 quaest.
3237 2073 3295 2130 1.

2284 2164 2457 2225 Alex.
2514 2163 2781 2235 AlensiS,
2832 2162 3134 2240 imprimis
3193 2166 3220 2222 1
3282 2171 3475 2241 part„
3531 2179 3586 2239 q.
3636 2163 3716 2229 23,

2202 2258 2468 2319 membr.
2498 2260 2557 2328 3,
2588 2262 2705 2316 art.
2736 2258 2799 2328 4,
2832 2257 2919 2317 ait
2944 2274 3199 2317 causam
3226 2254 3602 2333 superiorem
3619 2272 3720 2313 non

2206 2368 2343 2411 esse
2376 2349 2875 2423 determinatam,
2910 2356 2971 2411 ct
3012 2349 3155 2411 ideo
3194 2366 3321 2409 non
3358 2364 3570 2426 cogere
3598 2346 3723 2406 infe-

2203 2444 2457 2517 riorem,
2478 2449 2543 2505 et
2564 2449 2781 2521 quaest.
2808 2444 2911 2516 24,
2930 2443 3161 2503 memb.
3183 2444 3244 2515 5,
3268 2441 3603 2518 generatim
3620 2458 3722 2498 am-

2204 2537 2494 2617 plectitur
2518 2537 2863 2598 doctrinam
2892 2536 3194 2612 Anselmi,
3226 2535 3403 2613 quod
3427 2534 3723 2594 necessitas

2205 2630 2585 2693 antecedens
2627 2630 2785 2691 tollit
2830 2630 3207 2690 libertatem.
3257 2627 3497 2689 Deinde
3538 2644 3593 2704 q.
3622 2628 3720 2693 26,

2204 2725 2437 2786 memb.
2472 2728 2533 2797 4,
2574 2729 2690 2784 art.
2726 2726 2784 2795 3,
2819 2722 3236 2783 differentiam
3259 2720 3570 2781 constituit
3594 2720 3725 2777 inter

2204 2819 2459 2880 modum
2481 2836 2606 2897 quo
2631 2821 2798 2878 Deus
2818 2816 3102 2895 providet
3124 2814 3439 2876 naturalia
3460 2820 3521 2873 et
3540 2812 3723 2881 libera,

2206 2918 2267 2973 et
2296 2912 2749 2991 providentiam
2778 2910 2941 2970 circa
2969 2909 3165 2969 libera
3204 2909 3520 2969 dicitesse
3546 2925 3728 2967 secun-

2206 3005 2358 3065 dum
2385 3003 2853 3065 concessionem
2880 3050 2895 3075 ‚
2938 3004 3085 3081 quia
3111 3002 3309 3063 libero
3342 3000 3588 3060 arbitrio
3615 3016 3732 3057 con-

2206 3098 2372 3160 cedit
2394 3103 2465 3159 ut
2492 3096 2841 3158 consentiat
2862 3096 2962 3157 vel
2990 3115 3118 3157 non
3146 3091 3513 3167 consentiat,
3548 3091 3660 3151 sive
3683 3091 3732 3150 in

2208 3192 2445 3253 bonum
2466 3236 2483 3264 ‚
2526 3191 2655 3252 sive
2682 3191 2747 3250 in
2776 3189 3050 3262 malum;
3096 3196 3157 3249 et
3182 3187 3421 3248 memb.
3452 3189 3518 3256 7,
3550 3191 3653 3244 art.
3682 3186 3729 3252 ⁶2,

2210 3285 2294 3344 ait
2314 3285 2515 3344 Deum
2542 3301 2655 3344 sua
2679 3282 3069 3361 providentia
3093 3299 3222 3342 non
3246 3279 3479 3340 inferre
3504 3276 3735 3338 necessi-

2205 3381 2401 3437 tatem
2440 3375 2680 3436 actibus
2716 3375 2927 3435 liberis
2966 3374 3048 3435 ad
3084 3374 3204 3434 boc
3242 3371 3419 3452 quod
3450 3371 3606 3440 sint;
3648 3367 3737 3428 scd

2210 3487 2353 3531 cum
2374 3469 2508 3548 jam
2529 3467 2740 3528 futura
2765 3467 3083 3547 praevidet,
3110 3465 3191 3526 ad
3214 3467 3337 3526 hoc
3360 3464 3463 3524 vel
3488 3461 3631 3521 illud
3658 3478 3737 3518 or-

2210 3564 2408 3636 dinat;
2446 3568 2509 3624 et
2532 3563 2653 3623 hoc
2677 3561 3007 3624 confirmat
3036 3579 3113 3622 ex
3138 3559 3424 3620 doctrina
3441 3558 3737 3618 Damasce-

2211 3658 2275 3718 ni
2316 3675 2508 3737 supra
2548 3655 2836 3735 allegata.
2888 3657 2965 3715 Et
2993 3672 3055 3732 q.
3098 3655 3200 3724 40,
3228 3651 3467 3712 memb.
3496 3651 3557 3722 4,
3594 3647 3667 3708 ad
3691 3649 3735 3718 3,

2212 3750 2395 3812 docet
2418 3751 2617 3812 Deum
2643 3749 2803 3810 velle
2830 3750 3005 3809 actus
3024 3747 3255 3807 liberos
3276 3745 3415 3806 sine
3438 3743 3743 3824 praedeter-

2210 3844 2555 3904 minatione
2588 3859 2846 3914 eorum3
2884 3840 3032 3920 quia
3060 3841 3149 3900 sic
3174 3839 3307 3898 vult
3332 3837 3465 3909 illa,
3495 3841 3561 3896 ut
3586 3833 3745 3895 relin-

2211 3940 2362 4014 quat
2400 3940 2630 3996 nostroe
2671 3934 2949 3995 facultati
2992 3939 3055 3994 et
3086 3931 3391 3992 voluntati
3420 3951 3435 4002 ;
3478 3936 3541 3990 et
3576 3928 3622 3986 si
3654 3925 3745 3985 fiat

2210 4029 2591 4090 contrarium
2618 4075 2635 4102 ,
2689 4045 2817 4088 non
2844 4025 2915 4087 fit
2942 4031 3155 4087 contra
3186 4025 3325 4104 ejus
3350 4024 3742 4088 voluntatem,

2212 4121 2324 4182 sed
2348 4126 2577 4200 praeter
2600 4119 2990 4180 voluntatem
3016 4117 3415 4196 beneplaciti.

2291 4217 2388 4276 13.
2427 4212 2765 4292 Capreolus
2790 4212 2852 4271 in
2894 4216 2954 4284 1,
2985 4211 3128 4272 dist.
3159 4211 3259 4283 38,
3304 4214 3530 4289 quaest.
3563 4211 3618 4278 1,
3648 4209 3744 4263 art.

2214 4313 2274 4382 1,
2306 4307 2385 4368 ad
2423 4309 2462 4368 Ξ
2490 4305 2679 4379 Secti,
2724 4310 2921 4365 contr.
2964 4305 3005 4364 4
3028 4303 3334 4376 conclus,
3364 4303 3627 4381 primum
3656 4296 3747 4368 ait,

2214 4398 2669 4462 considerando
2716 4397 3008 4458 virtutem
3058 4413 3296 4468 eausae,
3342 4411 3598 4455 causam
3644 4389 3750 4469 pri-

2214 4511 2383 4553 mam
2402 4493 2576 4571 prius
2598 4508 2791 4570 agere
2814 4509 2831 4562 ;
2853 4487 3307 4550 considerando
3324 4493 3537 4548 autem
3554 4501 3753 4562 suppo·

2214 4586 2331 4646 sita
2352 4584 2623 4664 agentia,
2642 4599 2896 4644 causam
2926 4581 3267 4642 secundam
3288 4597 3429 4641 esse
3452 4574 3755 4639 immedia-

2212 4679 2439 4739 tiorem
2468 4677 2716 4738 effectui
2734 4693 2925 4754 quam
2952 4675 3242 4754 primam.
3274 4673 3515 4735 Deinde
3544 4669 3751 4737 subdit,

2214 4771 2361 4832 dato
2386 4771 2556 4848 quod
2585 4787 2775 4830 causa
2812 4768 3037 4848 prima,
3064 4767 3237 4847 prius
3266 4771 3493 4828 natura
3518 4763 3755 4838 attinge-

2216 4870 2311 4926 ret
2362 4865 2675 4936 effectum,
2726 4879 2917 4942 quam
2960 4859 3260 4933 secunda,
3300 4877 3430 4919 non
3464 4864 3669 4917 tamen
3704 4853 3755 4910 in

2220 4958 2427 5037 aliquo
2460 4957 2639 5037 signo
2668 4955 2859 5034 priori
2897 4953 2975 5014 ad
3000 4955 3251 5033 signum
3278 4953 3341 5012 in
3370 4969 3499 5030 quo
3536 4943 3757 5020 attingit

2220 5050 2515 5112 secunda.
2549 5049 2867 5127 Affertque
2890 5049 2961 5108 D.
2978 5047 3306 5119 Thomam,
3331 5063 3391 5124 q.
3416 5047 3457 5104 5
3477 5044 3557 5103 de
3586 5036 3752 5100 Verit.

2217 5151 2334 5204 art.
2371 5144 2430 5216 9,
2465 5143 2545 5202 ad
2562 5144 2659 5214 12,
2684 5141 3019 5210 dicentem,
3044 5139 3335 5201 effectum
3356 5155 3481 5198 non
3504 5131 3673 5209 sequi
3696 5146 3759 5186 ex

2221 5254 2413 5296 causa
2440 5235 2666 5314 prima,
2698 5233 2813 5292 nisi
2840 5233 3042 5313 posita
3061 5230 3357 5300 secundaz
3392 5227 3551 5289 etad
3572 5229 3663 5294 10,
3680 5221 3761 5280 di-

2222 5335 2503 5390 centem:
2538 5325 2713 5390 Actio
2748 5328 2965 5407 prima·
3006 5342 3205 5388 cau-sce
3240 5320 3655 5404 quodammodo
3682 5316 3761 5376 de-

2221 5419 2583 5485 terminatur
2604 5421 2689 5482 ad
2711 5421 2867 5481 hunc
2886 5419 3158 5498 effectum
3176 5435 3290 5498 por
3306 5431 3552 5479 causam
3575 5425 3764 5472 secun-

2220 5515 2379 5578 dam.
2414 5516 2488 5575 Et
2512 5513 2769 5574 tandem
2800 5512 2887 5574 sic
2912 5510 3227 5573 concludit
3250 5507 3588 5590 Capreolus
3624 5522 3637 5562 :
3667 5502 3765 5563 Εεσ
