3850 6225
468 354 589 417 288

466 461 755 522 habitura
802 458 1115 521 effectum.
1168 460 1575 541 Assumptum
1626 466 1831 539 patet,
1882 460 2029 539 quia

466 554 589 615 hoc
618 554 919 615 auxilium
972 554 1305 614 intrinsece
1358 560 1453 616 est
1476 554 1848 634 principium
1878 570 2032 631 ope-

466 647 669 719 randi,
704 652 765 707 et
784 646 903 706 sub
922 663 997 707 ea
1020 646 1262 707 ratione
1286 646 1489 721 datur,
1518 655 1588 709 ut
1613 665 1803 725 supra
1823 646 2034 707 decla-

466 746 675 801 ratum
710 745 838 813 est3
874 739 1191 818 quantitas
1218 747 1429 801 autem
1466 740 1749 819 principii
1775 740 2027 817 agendi,

468 840 539 894 ut
560 834 685 894 tale
716 840 831 906 est,
862 834 925 893 in
947 834 1291 912 quantitate
1318 834 1562 895 virtutis
1592 833 1889 895 consistit.
1921 834 2032 894 Po-

467 932 590 989 test
631 928 820 987 etiam
848 926 969 987 hoc
1004 926 1308 987 declarari
1335 927 1636 1005 exemplis
1664 926 1941 1006 physicis
1973 931 2034 987 et

468 1019 761 1080 humanis
783 1038 795 1078 :
826 1038 970 1079 nam
992 1019 1260 1098 impetus
1280 1020 1619 1101 impressus
1635 1006 1891 1099 aequ‘alis
1912 1024 2028 1091 est,

468 1113 611 1175 licet
634 1112 702 1172 in
726 1113 845 1173 hoc
877 1112 976 1172 vel
1012 1112 1117 1173 illo
1162 1131 1347 1192 passo
1391 1113 1598 1173 minus
1626 1113 1705 1174 sit
1742 1118 2036 1192 operatu-

468 1225 611 1279 rus;
646 1212 709 1266 et
732 1204 837 1283 qui
858 1204 963 1266 dat
988 1206 1298 1285 aequalem
1328 1224 1568 1279 ensem,
1596 1205 1840 1285 aequale
1867 1206 2038 1265 auxi-

468 1299 623 1359 linm
644 1298 899 1378 praebet,
933 1297 1077 1360 licet
1104 1298 1260 1358 alter
1299 1317 1426 1360 non
1456 1300 1533 1360 sit
1556 1300 1881 1379 aequaliter
1931 1299 2036 1359 illo

470 1410 721 1453 usurus.
768 1394 955 1451 Recte
986 1408 1139 1469 ergo
1174 1390 1404 1452 dicitur
1432 1396 1551 1451 hoc
1574 1393 1779 1471 majus
1802 1391 2038 1452 benefi-

469 1486 658 1559 cium,
692 1490 752 1545 et
780 1484 983 1564 major
1009 1484 1229 1563 gratia,
1263 1502 1391 1545 non
1438 1490 1649 1546 tamen
1678 1484 1932 1564 proprie
1963 1504 2036 1545 ac

468 1577 809 1641 formaliter
857 1578 1063 1656 majus
1104 1577 1429 1639 auxilium.
1476 1582 1681 1656 Atque
1726 1579 1810 1639 ita
1854 1579 2038 1639 satis-

469 1672 703 1733 factum
732 1674 829 1731 est
854 1671 1051 1731 tertiae
1084 1670 1441 1750 objectioni.

1038 1874 1291 1937 CAPUT
1332 1874 1517 1935 XXII.

472 2064 718 2118 auctio-r
760 2061 1258 2109 raorosmomsus
1300 2060 1593 2107 neuram
1622 2060 1835 2105 ‘tortus
1882 2060 2036 2107 timu

972 2153 1521 2219 conrannwmroa.

553 2333 581 2390 1
597 2374 611 2389 .
651 2328 875 2391 Prima
916 2324 1247 2407 propositio
1292 2326 1361 2388 de
1400 2322 1627 2387 auxilio
1679 2324 2031 2404 sufficiente.

472 2422 727 2483 —Duae
773 2426 918 2481 sunt
968 2419 1345 2480 assertiones
1406 2418 1716 2498 proecipue
1764 2438 1801 2477 a
1852 2416 2036 2477 nobis

472 2518 727 2577 intentae
768 2516 834 2575 in
875 2520 1005 2574 toto
1041 2514 1159 2574 hoc
1203 2531 1415 2591 opere.
1448 2513 1585 2575 Una
1613 2511 1695 2572 ad
1736 2511 2038 2571 auxilium

474 2608 812 2681 sufficienS,
862 2606 1057 2667 altera
1095 2606 1175 2666 ad
1210 2606 1429 2666 efficax
1467 2605 1807 2685 pertinens.
1852 2606 2032 2673 Nam,

472 2704 617 2764 licet
656 2704 787 2763 hoec
810 2702 1118 2779 posterior
1144 2700 1325 2761 nobis
1354 2700 1431 2759 sit
1460 2698 1863 2778 principalius
1897 2717 2040 2777 pro·

474 2796 700 2876 posita,
737 2794 873 2854 sine
928 2793 1118 2871 priori
1164 2798 1375 2854 tamen
1428 2792 1735 2853 declarari
1770 2810 1897 2851 non
1931 2808 2043 2869 po-

474 2889 611 2950 tuit.
660 2886 865 2949 Prima
918 2904 1069 2965 ergo
1124 2886 1384 2946 assertio
1434 2885 1533 2958 sit,
1580 2904 1692 2965 per
1740 2885 2042 2945 auxilium

478 2980 794 3043 sufficiens
818 2980 951 3040 dari
972 2980 1207 3041 homini
1227 2986 1297 3040 ut
1323 2998 1469 3040 vere
1494 2984 1556 3040 et
1580 2979 1831 3041 realiter
1850 2978 2046 3059 possit

478 3076 727 3137 efficere
750 3080 960 3136 actum
982 3072 1541 3152 supernaturalem,
1576 3071 1627 3133 si
1652 3072 1833 3147 velit,
1869 3072 1956 3136 ita
1975 3078 2045 3134 ut

478 3169 632 3229 nihil
662 3168 744 3228 illi
789 3167 869 3228 ad
900 3167 1239 3228 volendum
1274 3166 1457 3240 desit,
1512 3166 1681 3246 quod
1708 3185 1835 3226 non
1874 3166 2042 3226 sitin

478 3262 617 3340 ejus
640 3265 969 3340 potestate.
1000 3261 1145 3321 Haec
1176 3260 1322 3320 satis
1346 3259 1609 3338 probata
1641 3265 1737 3320 est
1760 3259 1823 3318 in
1860 3277 2042 3338 supe·

478 3354 769 3416 rioribus,
806 3354 1077 3432 Legatur
1120 3370 1233 3431 pro
1278 3352 1385 3412 illa
1413 3352 1591 3413 divus
1630 3351 2038 3430 Augustinu8‚

480 3447 560 3508 de
582 3447 745 3528 Spir.
770 3451 833 3508 et
852 3446 996 3520 litt.‚
1023 3464 1161 3525 cap.
1192 3447 1253 3520 3,
1278 3445 1355 3506 de
1386 3447 1639 3523 Correp.
1682 3452 1743 3506 et
1774 3452 1962 3525 grat.,
1985 3465 2040 3506 c.

482 3543 551 3602 11
583 3545 645 3600 et
676 3541 773 3614 12,
800 3543 863 3602 et
904 3537 1012 3600 lib.
1044 3541 1122 3602 83
1160 3538 1604 3612 Quaestionum,
1647 3557 1709 3617 q.
1750 3539 1854 3615 68,
1888 3544 1950 3599 et
1979 3539 2044 3599 in

481 3633 707 3706 Ench.‚
732 3651 786 3694 c.
819 3634 919 3694 32.

562 3730 764 3806 Atque
794 3727 940 3788 hinc
998 3726 1319 3788 inferimus
1358 3726 1585 3807 prim0‚
1618 3744 1729 3786 eos
1770 3726 1875 3804 qui
1925 3743 2052 3785 non

481 3821 769 3894 credunt,
809 3821 1167 3900 simpliciter
1193 3839 1375 3899 posse
1404 3817 1685 3892 credere,
1716 3819 1819 3880 vel
1854 3837 2055 3880 remo-

480 3921 567 3988 te,
598 3914 649 3975 si
686 3913 967 3974 nondum
992 3913 1319 3974 illuminati
1346 3917 1513 3984 sunt,
1544 3912 1642 3972 vel
1672 3912 1978 3991 proxime,
2003 3910 2056 3970 si

474 4008 608 4088 jam
656 4011 801 4067 sunt
849 4005 1227 4068 sufficienter
1266 4007 1508 4078 vocati;
1560 4005 1791 4084 alioqui
1822 4005 1922 4066 vel
1965 4007 2054 4066 eis

482 4101 927 4182 praeciperetur
968 4100 1371 4179 impossibile,
1412 4100 1509 4162 vel
1551 4117 1680 4161 non
1718 4104 2056 4179 peccarent

482 4215 612 4258 non
640 4192 977 4256 credendo.
1010 4195 1085 4254 Et
1116 4193 1339 4254 eadem
1366 4195 1609 4255 ratione
1636 4200 1900 4272 possunt
1931 4193 2054 4253 sal-

481 4289 613 4350 vari
642 4288 747 4368 qui
790 4305 917 4348 non
947 4287 1303 4366 samnitum
1340 4286 1508 4365 quod
1537 4287 1706 4348 enim
1747 4287 2048 4359 JoanneS,

482 4382 685 4462 capite
717 4381 941 4459 prim0‚
980 4379 1165 4440 dicit:
1198 4378 1371 4443 Dedit
1398 4379 1485 4442 eis
1503 4383 1863 4462 potestatem
1890 4379 2058 4456 filios

485 4475 603 4538 Dei
622 4473 782 4554 fieri,
813 4491 941 4532 non
968 4472 1171 4532 solum
1200 4489 1417 4532 verum
1448 4479 1541 4532 est
1574 4470 1637 4531 in
1678 4471 1775 4532 his
1794 4470 2058 4531 homini-

484 4569 627 4641 buS,
670 4567 733 4626 in
756 4566 982 4644 quibus
1011 4565 1115 4625 illa
1144 4571 1419 4644 potestas
1448 4565 1529 4626 ad
1552 4573 1759 4626 actum
1804 4565 2054 4626 reduci-

486 4668 608 4742 tur,
638 4660 746 4722 sed
778 4659 965 4720 etiam
1004 4659 1067 4718 in
1106 4657 1203 4719 his
1232 4659 1337 4737 qui
1372 4677 1488 4719 sua
1514 4659 1697 4738 culpa
1733 4677 1863 4720 non
1894 4657 2054 4718 fiunt

486 4754 595 4815 filii
624 4754 759 4826 Dei,
792 4770 935 4814 cum
960 4751 1201 4832 possint
1224 4751 1380 4812 fieri.

564 4849 625 4908 2.
661 4845 1019 4909 Occurritwr
1037 4844 1771 4924 objectioni.-Secundo,
1788 4844 2054 4905 infertur

486 4942 649 5002 hanc
694 4938 1179 5019 propositionem
1210 4937 1570 5016 simpliciter
1613 4937 1837 4998 falsam
1867 4955 2006 4998 esse
2037 4955 2051 4996 ε

502 5033 801 5102 Voluntas
826 5047 944 5091 non
958 5031 1161 5110 potest
1186 5029 1435 5103 credero,
1462 5027 1589 5090 nisi
1620 5027 1703 5093 sit
1726 5030 2059 5109 efficaciter

488 5143 529 5187 a
553 5125 678 5186 Deo
698 5123 1252 5206 proedeterminata,
1276 5125 1349 5183 ut
1372 5121 1517 5184 velit
1554 5124 1803 5186 credere.
1832 5123 2056 5193 Probae

487 5225 628 5280 tur:
662 5236 811 5278 nam
833 5233 999 5296 saepe
1024 5215 1339 5287 voluntaS,
1367 5233 1505 5293 quae
1532 5233 1661 5276 non
1688 5216 1820 5277 vult
1844 5216 2056 5277 crede-

486 5331 582 5388 re,
611 5316 817 5393 potest
844 5311 907 5372 id
936 5310 1117 5383 velle,
1154 5316 1215 5369 et
1242 5315 1457 5369 tamen
1488 5309 1592 5370 illa
1618 5310 1907 5370 voluntas
1929 5329 2058 5371 non

488 5413 584 5468 est
613 5404 947 5467 efficaciter
980 5401 1521 5482 praedeterminata
1560 5411 1626 5463 ut
1666 5401 1858 5476 velit;
1906 5421 2056 5483 ergo

486 5499 799 5573 voluntas,
832 5515 957 5558 non
988 5494 1529 5575 proedeterminata
1558 5501 1625 5555 ut
1652 5495 1823 5570 velit,
1854 5501 2058 5575 potest

1305 360 1515 416 owse.
1552 362 1592 421 1.
1630 360 1745 414 Lm.
1780 360 1864 414 m.
1900 360 1984 413 m:
2015 360 2288 417 Auxims
2323 363 2554 417 DIVlNAE
2585 362 2851 417 enum.

2109 462 2272 525 velle
2309 465 2591 526 credere.
2635 465 2812 525 Dicet
2853 461 3076 541 aliquis
3115 462 3498 523 voluntatem
3535 462 3649 521 sine

2112 556 2218 617 illa
2245 555 2891 637 praedeterminafione
2915 556 3154 617 habere
3181 557 3544 635 potestatem
3563 570 3650 613 vo-

2110 650 2284 711 lendi
2304 696 2320 724 ,
2351 669 2478 711 non
2509 656 2722 711 tamen
2751 666 2935 728 posse
2963 649 3052 709 uti
3075 648 3176 709 illa
3203 652 3527 727 potestate,
3553 648 3650 707 nisi

2115 744 2452 805 accedente
2501 742 3185 824 praedeterrninatione3
3231 746 3293 802 et
3331 740 3474 800 ideo
3513 758 3654 800 com·

2113 835 2271 897 mitti
2317 836 2874 915 aequivocationem
2915 834 2980 893 in
3019 834 3262 895 ratione
3309 833 3495 904 facta,
3527 852 3652 893 nam

2117 934 2212 990 est
2253 930 2484 1007 duplex
2521 928 2746 989 modus
2775 927 3122 1007 potestati8‚
3177 932 3238 988 et
3281 928 3460 1006 juxta
3489 942 3652 985 unum

2118 1023 2342 1084 dicitur
2367 1040 2575 1101 posse,
2605 1023 2792 1082 etiam
2818 1038 2960 1081 cum
2989 1038 3116 1081 non
3148 1026 3242 1080 est
3270 1018 3654 1099 praedetermi-

2117 1122 2288 1189 nata,
2309 1122 2393 1188 et,
2418 1114 2765 1175 secundum
2781 1113 2996 1187 alium,
3017 1130 3145 1174 non
3165 1130 3358 1191 posse
3379 1112 3508 1170 sine
3525 1130 3656 1189 prm-

2119 1208 2660 1269 determinatione.
2695 1206 2865 1267 Sicut
2883 1206 3073 1267 etiam
3099 1222 3249 1265 vere
3275 1203 3502 1263 dicitnr
3525 1204 3656 1279 ignis

2119 1318 2247 1361 non
2289 1318 2474 1379 posse
2503 1298 2846 1361 calefacere
2871 1298 3008 1359 sine
3037 1315 3377 1371 concursu,
3409 1297 3658 1375 quamvis

2119 1394 2464 1472 potentiam
2487 1392 2718 1453 habeat
2761 1390 3014 1470 quando
3043 1408 3174 1450 non
3203 1389 3402 1449 habet
3439 1406 3659 1449 concur-

2120 1504 2279 1545 sum.
2321 1486 2443 1547 Sed
2485 1486 2621 1547 ha-'ec
2647 1484 3056 1565 aequivocatio
3087 1500 3254 1561 soepe
3287 1489 3384 1543 est
3431 1500 3466 1540 a
3509 1483 3659 1542 nobis

2117 1579 2184 1639 in
2211 1578 2636 1657 superioribus
2681 1577 2950 1650 sublata,
2981 1576 3129 1653 quia
3171 1594 3304 1636 non
3343 1574 3574 1655 agimus
3597 1575 3660 1635 de

2117 1674 2396 1752 potentia
2431 1672 2604 1732 nuda
2635 1676 2698 1732 et
2717 1678 2982 1741 remota,
3009 1669 3122 1729 sed
3143 1669 3224 1729 de
3253 1668 3530 1747 potentia
3551 1686 3662 1745 pro-

2117 1766 2286 1826 xima
2313 1782 2458 1825 cum
2490 1764 2784 1826 omnibus
2812 1761 3277 1823 conditionibus
3303 1760 3661 1839 praerequisi-

2118 1860 2196 1919 tis
2225 1859 2306 1920 ad
2347 1857 2760 1939 operandum,
2805 1863 2868 1918 et
2899 1856 3174 1916 habente
3215 1859 3533 1934 paratum,
3571 1870 3660 1913 seu

2120 1953 2184 2013 iu
2217 1956 2526 2031 potestate
2577 1970 2692 2011 sua
2723 1968 2909 2011 omne
2961 1948 3371 2029 adjutorium,
3413 1945 3510 2006 vel
3545 1964 3660 2006 con·

2119 2064 2370 2106 ctu-sum
2402 2045 2658 2105 alterius
2699 2062 2904 2105 causoe
2933 2041 3014 2103 ad
3043 2059 3222 2102 suam
3261 2040 3660 2118 operationem

2115 2138 2584 2211 necessarium;
2645 2139 2776 2198 haec
2831 2136 2998 2197 enim
3051 2135 3184 2195 sola
3237 2139 3450 2212 potest
3489 2133 3660 2192 vocari

2116 2232 2394 2312 potentia
2433 2231 2710 2302 moralis,
2759 2234 2820 2291 et
2857 2230 2994 2289 haec
3035 2228 3166 2288 sola
3213 2226 3446 2286 sufficit
3484 2232 3547 2284 ut
3579 2244 3659 2284 vo-

2115 2326 2341 2386 luntati
2377 2330 2436 2385 et
2489 2342 2616 2385 non
2661 2322 3044 2403 impotentiae
3073 2321 3393 2381 tribuatur
3419 2317 3662 2379 defectus

2117 2419 2399 2479 actionis.
2457 2416 2800 2497 Loquendo
2851 2422 3063 2476 autem
3115 2413 3194 2473 de
3247 2412 3526 2491 potentia
3567 2412 3660 2471 hoe

2117 2512 2331 2585 mod0,
2357 2530 2485 2571 non
2515 2516 2728 2589 posset
2753 2510 3067 2581 voluntaS,
3099 2522 3332 2567 carens
3363 2504 3662 2584 praedeter-

2118 2604 2484 2676 minatione,
2533 2604 2654 2663 dici
2691 2609 2916 2681 potens
2945 2600 3028 2661 ad
3065 2598 3431 2670 volendum,
3465 2597 3512 2657 si
3547 2598 3662 2657 abs-

2123 2716 2244 2778 que
2269 2697 2374 2757 ina
2403 2694 3052 2775 praedeterminatione
3093 2711 3222 2752 non
3251 2696 3470 2770 posset
3493 2690 3655 2761 velle;

2123 2792 2293 2871 quia,
2327 2789 2479 2851 dum
2511 2794 2681 2850 caret
2719 2789 2826 2849 illa
2855 2785 3530 2867 praedeterminatione,
3559 2802 3660 2843 non

2123 2885 2315 2946 habet
2335 2884 2509 2943 illam
2537 2883 2600 2942 in
2631 2900 2744 2943 sua
2759 2887 3088 2961 potestate,
3123 2896 3338 2957 neque
3363 2877 3429 2935 in
3459 2896 3562 2936 sua
3581 2895 3660 2936 vo-

2123 2980 2387 3053 luntate,
2409 2982 2478 3037 ut
2499 2975 2796 3037 latissime
2817 2976 2882 3035 in
2911 2972 3342 3053 superioribus
3369 2970 3658 3049 probatum

2127 3078 2242 3136 est.

2205 3170 2264 3228 3.
2302 3165 2584 3230 Secunda
2609 3162 2946 3245 propositio
2987 3163 3056 3225 do
3081 3161 3320 3224 muntilio
3347 3162 3578 3242 efficaci.
3599 3191 3662 3205 —

2123 3261 2412 3324 Secunda
2441 3257 2702 3320 assertio
2741 3257 3122 3336 principum,
3172 3275 3320 3335 quae
3369 3275 3444 3316 ex
3469 3271 3664 3334 praece·

2124 3355 2295 3416 denti
2322 3353 2454 3414 fere
2485 3351 2814 3430 colligitur,
2849 3356 2967 3421 est,
3009 3350 3321 3410 auxilium
3369 3349 3588 3420 efficax,
3615 3347 3660 3406 id

2127 3455 2243 3522 est,
2285 3454 2426 3509 actu
2463 3445 3040 3507 efficiens.liberum
3071 3462 3452 3506 consensum
3485 3445 3545 3502 in
3581 3443 3664 3500 ho-

2129 3541 2323 3617 mine,
2367 3541 2532 3602 ultra
2580 3538 2880 3600 auxilium
2931 3538 3248 3598 sufficiens
3303 3537 3538 3597 nullam
3575 3555 3662 3595 no-

2133 3653 2278 3698 vam
2326 3633 2668 3694 motionem
2725 3632 2790 3692 in
2845 3630 3097 3692 homine
3135 3647 3398 3709 ponere,
3454 3637 3664 3708 praeter-

2135 3745 2326 3808 quam
2370 3725 2682 3787 actualem
2737 3724 3043 3784 influxum
3071 3725 3284 3804 gratiae
3329 3723 3658 3803 adjuvantia

2137 3829 2200 3882 et
2245 3820 2607 3898 generalem
2655 3835 3028 3879 concursum
3089 3818 3308 3898 gratia}
3336 3863 3357 3893 ,
3411 3818 3512 3896 qui
3573 3817 3664 3874 im·

2139 3913 2410 3975 mediate
2479 3917 2770 3972 versatur
2831 3911 2998 3972 circa
3051 3911 3263 3990 ipsum
3329 3925 3662 3970 consensum

2136 4007 2424 4068 liberum.
2471 4005 2650 4068 Unde
2693 4003 2764 4065 fit
2811 4009 2882 4064 ut
2919 4003 3060 4080 tale,
3089 4003 3394 4064 auxilium
3434 4021 3551 4062 non
3584 4019 3663 4060 vo-

2135 4105 2312 4160 cetur
2375 4098 2593 4158 efficax
2651 4096 2734 4158 ab
2819 4097 3030 4176 aliqua
3097 4097 3378 4158 motione
3446 4093 3662 4176 physice

2133 4189 2723 4271 praedeterminante
2737 4233 2759 4265 ,
2813 4207 3005 4268 quam
3047 4187 3242 4250 addat
3289 4207 3478 4268 supra
3521 4186 3662 4247 auxi-

2135 4284 2290 4346 lium
2343 4283 2661 4344 sufficiens
2691 4301 2708 4356 3
2769 4281 2883 4343 sed
2927 4282 3026 4342 vel
3097 4299 3174 4342 ex
3223 4281 3449 4342 actuali
3507 4279 3662 4340 actio-

2136 4395 2220 4438 ne
2245 4422 2260 4449 ,
2305 4383 2370 4438 et
2411 4375 2891 4437 concomitantia
2931 4374 3190 4435 actualis
3225 4391 3586 4444 concursuS,
3623 4371 3660 4428 si

2137 4472 2260 4532 late
2299 4475 2364 4532 et
2389 4471 2597 4532 minus
2633 4470 2884 4550 proprie
2917 4469 3160 4530 dicatur
3195 4470 3414 4531 efficax
3431 4514 3448 4541 ,
3486 4467 3541 4527 id
3567 4470 3656 4534 est,

2139 4571 2284 4627 actu
2311 4563 2588 4626 efficiens
2618 4583 2635 4637 3
2683 4563 2806 4638 vel,
2837 4563 2888 4622 si
2917 4563 3204 4642 proprius
3231 4563 3568 4643 loquamur,
3591 4558 3661 4618 di-

2135 4659 2294 4719 citur
2323 4659 2543 4719 efficax
2565 4675 2642 4718 ex
2667 4655 2889 4716 morali
2913 4656 3187 4718 efficacia
3207 4658 3529 4738 conjuncta
3545 4669 3656 4713 cum

2133 4748 2566 4812 infallibilitate
2595 4749 2932 4810 inducendi
2957 4749 3272 4826 effectum,
3299 4767 3486 4828 quem
3509 4745 3660 4806 habet

2134 4848 2205 4905 ut
2239 4843 2456 4904 subest
2479 4841 2810 4903 intentioni
2841 4847 2906 4902 et
2931 4842 3203 4904 scientiae
3221 4841 3407 4922 primi
3431 4838 3654 4919 agentis,

2139 4958 2174 4999 a
2205 4955 2330 5018 quo
2361 4937 2482 5000 tale
2509 4935 2810 4997 auxilium
2839 4935 3043 4997 datur.
3073 4937 3226 4998 Tota
3257 4937 3387 4998 haec
3413 4932 3654 5000 assertio,

2137 5037 2205 5092 ut
2243 5031 2392 5104 dixi,
2434 5029 2716 5109 sequitur
2751 5047 2831 5090 ex
2858 5029 3272 5108 praecedenfi;
3319 5030 3460 5108 quia
3483 5027 3528 5088 si
3567 5023 3655 5085 ali-

2137 5124 2289 5204 quid
2312 5124 2483 5185 aliud
2513 5130 2738 5203 praeter
2765 5141 3140 5184 concursum
3168 5124 3653 5204 proportionatum

2139 5217 2494 5296 requiratur
2512 5215 2595 5276 ad
2617 5216 2929 5278 actualem
2954 5217 3344 5278 effectionem
3369 5210 3653 5277 voluntatis

2139 5327 2284 5370 cum
2305 5309 2636 5370 sufficienti
2661 5309 2915 5383 auxilio,
2947 5309 3066 5370 hoc
3085 5310 3219 5388 ipso
3247 5310 3562 5370 destruitur
3576 5321 3654 5363 ve-

2139 5403 2290 5463 ritas
2334 5401 2696 5463 sufficientis
2741 5403 2975 5464 auxilii.
3027 5404 3102 5463 Et
3161 5403 3278 5463 hoc
3335 5404 3490 5464 idem
3535 5397 3652 5459 satis

2139 5503 2354 5576 aperte
2383 5497 2595 5559 docuit
2617 5497 2960 5559 Concilium
2983 5498 3428 5574 Tridentinum,
3451 5513 3572 5558 cum
3583 5491 3651 5554 di·
