3850 6225
538 367 658 429 400

620 477 678 537 7.
712 473 950 535 Citatur
965 480 1266 553 praeterea
1289 494 1402 556 pro
1429 476 1550 539 hac
1579 478 1892 539 sententia
1919 478 2099 539 divus

539 569 833 641 ThomaS‚
868 569 930 629 in
965 570 1024 641 3,
1065 569 1332 633 distinct.
1375 573 1476 646 21,
1523 579 1740 653 quaest.
1785 580 1841 645 t,
1875 581 1992 635 art.
2036 576 2097 648 4,

541 668 758 741 quoest.
791 664 852 737 2,
889 663 970 723 ad
1004 665 1064 733 4,
1093 664 1208 725 ubi
1243 665 1444 726 solum
1489 666 1574 728 ait
1618 667 1937 728 hominem
1987 684 2103 745 per

541 756 978 835 poenitentiam
1012 774 1142 817 non
1179 757 1460 837 plenarie
1489 761 1728 821 restitui
1759 761 1839 822 ad
1871 766 2103 821 statum

542 849 885 922 charitatiS,
929 868 964 909 a
996 868 1122 929 quo
1172 853 1494 929 peccando
1539 852 1793 925 cecidit;
1845 860 1907 914 et
1958 852 2101 915 ideo

541 962 648 1007 nec
669 944 942 1024 plenarie
967 943 1232 1023 recipere
1257 948 1538 1025 effectum
1559 946 1838 1029 priorum
1857 948 2103 1011 ’Μήιο-

541 1055 704 1108 νοιηι,
733 1034 859 1098 nisi
895 1040 1190 1117 quantum
1231 1040 1314 1100 ad
1337 1038 1660 1117 proemimn
1707 1042 2097 1115 accidentale,

543 1130 704 1211 quod
721 1132 1110 1191 mensuratur
1151 1131 1384 1195 actibus
1431 1134 1634 1215 maffia
1685 1152 1864 1215 quam
1895 1135 2107 1199 habitu

545 1222 894 1285 charitatis.
927 1223 1016 1283 Ex
1045 1224 1274 1302 quibus
1313 1225 1518 1287 verbis
1556 1234 1802 1287 constat
1839 1229 1911 1288 D.
1948 1228 2107 1289 Tho·

543 1336 714 1379 mam
766 1318 886 1377 hoc
943 1316 1081 1379 loco
1133 1318 1216 1379 ad
1277 1338 1594 1381 summum
1655 1322 1886 1383 sentire
1934 1322 2106 1383 idem

544 1411 716 1491 quod
775 1408 1020 1472 Alensis
1077 1417 1188 1472 aut
1250 1414 1710 1487 Bonaventnra,
1771 1416 2067 1477 nimirum
2086 1462 2103 1489 ,

543 1505 874 1585 praemium
941 1506 1272 1567 essentiale
1309 1553 1326 1581 ,
1403 1508 1794 1587 respondens
1867 1510 2107 1573 meritis

543 1598 952 1679 mortificatis,
989 1602 1050 1659 et
1079 1607 1298 1680 postea
1324 1620 1440 1681 per
1483 1604 1918 1664 contritionem
1960 1604 2109 1665 vivi·

543 1690 768 1767 ficatis,
793 1702 855 1759 et
879 1697 994 1776 ipsi
1027 1695 1379 1759 contritioni
1407 1712 1479 1754 ae
1503 1696 1955 1775 posterioribus
1980 1714 2110 1755 me·

543 1787 679 1848 ritis
714 1833 730 1860 ,
785 1788 1243 1869 proportionari
1302 1788 1587 1850 charitati
1635 1789 1935 1850 restitutae
1996 1806 2109 1849 scu

545 1878 741 1952 finali,
797 1887 861 1943 et
907 1883 1070 1944 hanc
1119 1900 1304 1962 posse
1357 1900 1496 1943 esse
1551 1882 1880 1955 minorem,
1915 1900 2109 1961 quam

547 1972 817 2035 charitas
863 1974 1047 2037 fuerit
1081 1994 1196 2055 per
1227 1982 1553 2055 peccatum
1581 1975 1831 2035 amissa.
1865 1975 2109 2047 Quanta

545 2083 696 2127 vero
743 2066 848 2128 illa
878 2069 978 2142 sit,
1021 2075 1083 2130 et
1125 2088 1249 2149 qua
1298 2070 1699 2149 proportione
1728 2068 2111 2147 respondeat

527 2160 646 2221 wel
696 2162 1089 2237 contritioni,
1141 2164 1244 2225 vel
1287 2164 1522 2225 meritis
1575 2162 2105 2243 praecedcntibuS,

545 2254 618 2313 D.
651 2254 922 2317 Thomas
947 2275 1075 2318 non
1099 2257 1411 2329 declarat;
1445 2257 1647 2318 solum
1683 2256 1854 2317 addit
1881 2274 2111 2336 proece-

547 2348 838 2412 dentibus
903 2353 1260 2414 auctoribus
1324 2352 1654 2431 praemium
1723 2352 2105 2413 accidentale

547 2460 674 2504 non
731 2446 951 2519 minui,
1007 2447 1117 2508 sed
1173 2447 1566 2526 adaequatum
1616 2444 1837 2521 reddi,
1897 2446 2111 2506 etiam-

549 2536 600 2597 si
655 2538 1062 2601 substantiale
1132 2539 1392 2601 diminui
1461 2538 1800 2617 contingat.
1875 2538 2113 2599 Citatur

549 2630 734 2691 etiam
769 2632 832 2691 in
878 2635 915 2692 3
945 2637 1133 2712 part„
1170 2639 1394 2713 quaest.
1429 2632 1533 2707 88,
1567 2638 1684 2693 art.
1727 2634 1766 2693 2
1799 2637 1861 2693 et
1899 2637 2015 2692 art.
2048 2633 2109 2705 5,

547 2724 630 2785 ad
669 2726 727 2800 3,
771 2724 878 2786 ubi
911 2726 1064 2786 nihil
1105 2724 1278 2787 addit
1318 2726 1416 2787 his
1463 2744 1604 2806 quoe
1653 2726 1958 2796 diximus;
2000 2724 2113 2785 sed

549 2817 838 2879 eamdem
869 2820 1126 2880 omnino
1163 2818 1537 2880 sententiam
1573 2836 1869 2897 expresse
1900 2815 2115 2878 decla-

548 2918 686 2985 rat3
719 2918 782 2973 et
809 2912 872 2971 in
902 2930 1162 2991 corpore
1189 2918 1306 2974 art.
1342 2916 1404 2989 5,
1444 2912 1684 2974 dixerat
1719 2930 1910 2991 opera
1938 2912 2113 2991 prius

549 3005 918 3067 mortificata
957 3024 1070 3086 per
1108 3006 1542 3085 poenitcntiam
1582 3022 1957 3085 recuperare
1982 3002 2114 3064 effi·

551 3100 787 3162 caciam
815 3099 1202 3181 perducendi
1247 3119 1418 3176 eum,
1454 3100 1562 3180 qui
1601 3119 1676 3162 ea
1711 3098 1882 3175 fecit,
1934 3098 1999 3158 in
2026 3096 2117 3158 vi-

549 3201 678 3256 tam
725 3201 1049 3269 uternam,
1093 3191 1264 3272 quod
1295 3197 1390 3256 est
1431 3194 1832 3266 reviviscere3
1873 3211 1952 3252 ex
1989 3209 2113 3270 quo

551 3287 872 3349 evidenter
909 3293 1175 3363 constat,
1227 3287 1573 3348 secundum
1635 3289 1708 3348 D.
1769 3287 2108 3358 Thomam,

551 3380 770 3441 merita
813 3379 1180 3442 reviviscere
1245 3381 1455 3458 quoad
1505 3379 1836 3459 praemium
1905 3395 2116 3438 essen-

551 3473 720 3535 tiale.

631 3567 691 3627 8.
723 3567 940 3646 Hujus
982 3565 1283 3648 opinionis
1320 3567 1796 3646 fundamentum.
1829 3597 1912 3612 -
1951 3565 2119 3626 Fun·

551 3659 920 3722 dementum
975 3661 1166 3742 hujus
1215 3661 1538 3722 sententiae
1598 3661 1802 3722 solum
1851 3659 2121 3721 sumitur

555 3771 632 3814 ex
661 3753 935 3832 quadam
981 3754 1241 3835 physica
1277 3753 1543 3829 ratione,
1578 3753 1746 3833 quia
1784 3753 1985 3813 forma
2020 3749 2121 3811 vel

549 3848 802 3910 habitus
851 3849 1056 3910 solum
1111 3846 1458 3909 infunditur
1497 3849 1679 3926 juxta
1731 3845 2122 3908 latitudinem

551 3939 924 4002 intensivam
964 3941 1384 4021 dispositionis
1425 3945 1636 4018 actus3
1673 3957 1824 4018 ergo
1848 3937 2121 3999 charitas

554 4039 617 4095 et
643 4035 841 4114 gloria
885 4035 1086 4096 solum
1131 4034 1478 4095 infunditur
1508 4033 1688 4113 juxta
1723 4031 2121 4093 latitudinem

553 4127 932 4189 intensivam
963 4127 1382 4207 dispositionis
1424 4130 1627 4198 actus;
1665 4144 1816 4205 ergo
1849 4124 2121 4184 charitas

555 4227 618 4282 et
661 4221 862 4300 gratia
893 4220 1096 4280 solum
1127 4219 1474 4281 infunditur
1511 4218 1572 4278 in
1615 4219 1734 4279 hac
1777 4218 1904 4278 vita
1940 4217 2120 4297 juxta

551 4313 974 4375 intensionem
1005 4320 1180 4375 actus
1217 4311 1532 4374 charitatis
1563 4329 1677 4373 seu
1709 4310 2115 4373 contritionis.

553 4407 740 4485 Erg0,
775 4407 827 4467 si
856 4406 995 4486 quis
1021 4425 1360 4486 resurgens
1383 4425 1418 4466 a
1461 4411 1720 4485 peccato
1760 4403 1956 4464 habet
1980 4420 2122 4462 con-

555 4499 866 4560 tritionem
894 4507 956 4562 et
996 4500 1393 4562 dilectionem
1433 4501 1502 4558 ut
1533 4503 1696 4569 octo,
1730 4496 1972 4556 etiamsi
2012 4494 2123 4554 ha·-

554 4591 760 4653 buerit
827 4599 970 4654 ante
1042 4577 1369 4673 peccatum
1427 4590 1802 4671 quamplura
1858 4589 2117 4662 merita,

556 4686 762 4745 solum
801 4687 1205 4766 consequitur
1245 4685 1510 4765 gratiam
1553 4689 1616 4744 et
1661 4683 2023 4744 charitatem
2056 4687 2124 4743 ut

557 4783 730 4849 oct03
769 4796 921 4857 ergo
957 4780 1008 4838 si
1034 4779 1238 4840 statim
1269 4778 1595 4849 moriatur,
1635 4781 1879 4836 tantum
1909 4793 2124 4836 conse-

557 4875 783 4949 quetur
806 4871 1067 4950 gloriam
1091 4877 1162 4932 ut
1185 4876 1348 4943 oct0,
1382 4871 1528 4950 quia
1561 4869 1759 4949 gloria
1784 4887 1910 4930 non
1939 4868 2124 4929 datur

556 4962 673 5024 nisi
705 4964 1052 5024 secundum
1073 4965 1483 5043 quantitatem
1523 4963 1738 5042 gratiae
1771 4967 1834 5022 et
1863 4960 2127 5022 charita-

557 5056 658 5131 tis,
689 5056 754 5116 in
782 5075 906 5136 qua
947 5056 1135 5116 homo
1179 5056 1462 5128 decedit;
1515 5055 1686 5134 quia,
1739 5072 1885 5114 cum
1927 5051 2125 5133 gratia

559 5152 691 5212 sola
730 5151 834 5212 det
854 5153 961 5231 jus
996 5152 1075 5212 ad
1105 5151 1388 5231 gloriam,
1434 5169 1622 5211 nemo
1673 5150 1862 5210 habet
1892 5149 1999 5229 jus
2044 5148 2125 5210 ad

557 5244 820 5324 gloriam
862 5245 1270 5306 excedentem
1297 5242 1716 5305 intensionem
1744 5243 1989 5322 gratiae3
2024 5260 2123 5304 er·-

559 5355 638 5416 go
667 5355 874 5416 neque
906 5338 1010 5398 illa
1041 5337 1468 5417 consequitur.

637 5432 700 5492 9.
744 5433 946 5510 Atque
969 5451 1046 5493 ex
1073 5433 1191 5493 hac
1220 5431 1462 5492 ratione
1501 5431 1779 5490 inferunt
1808 5429 1952 5490 dicti
1982 5446 2125 5490 auc-

562 5527 730 5585 tores
759 5524 955 5584 multa
980 5570 996 5600 ,
1039 5529 1102 5586 et
1135 5524 1544 5586 admiratione
1585 5523 1798 5604 dig-na.
1849 5521 2128 5584 Primum

1113 372 1322 427 OPUSG.
1359 376 1418 429 V.
1455 376 1760 430 nanneno
1795 378 1874 429 ml:
1906 338 2383 433 navtvlscENTm
2416 380 2796 435 umrroumi.
2832 380 3071 433 msl‘UT.
3108 383 3167 434 u.

2182 486 2277 541 est
2328 480 2395 543 id
2438 481 2518 543 de
2560 500 2687 561 quo
2736 498 2905 540 nunc
2934 478 3669 561 agimuS,·scilicet,me1-ita

2180 576 2552 636 mortificata
2596 593 2723 634 non
2764 575 2850 635 ita
2888 574 3255 637 reviviscere
3292 573 3372 633 ad
3410 578 3670 637 essentiale

2182 669 2535 747 praemium,
2560 673 2629 728 ut
2654 670 2909 746 propter
2927 666 3031 725 illa
3050 666 3229 726 detur
3252 665 3467 743 aliquis
3494 670 3671 745 spec-ia·

2183 760 2257 822 lis
2284 761 2514 841 gradus
2546 760 2759 840 gratiae
2803 760 2905 819 vel
2931 758 3141 839 gloriae
3170 758 3487 819 distinctus
3512 761 3577 818 ab
3602 762 3671 821 illo

2182 854 2289 935 qui
2332 856 2591 916 daretur
2630 872 2747 934 per
2786 852 2985 914 solam
3022 852 3473 925 contritionem,
3506 859 3557 913 et
3592 855 3674 915 alia

2182 966 2375 1028 opera
2408 949 2746 1020 meritoria,
2794 964 2933 1027 quae
2955 946 3113 1007 fiunt
3139 952 3283 1025 post
3314 945 3569 1007 ultimam
3592 948 3677 1007 dis-

2184 1042 2557 1121 positionem
2588 1060 2788 1121 usque
2818 1040 2901 1100 ad
2922 1044 3221 1111 mortem3
3256 1038 3401 1118 quia
3427 1039 3550 1100 talis
3578 1060 3678 1119 gra-

2184 1135 2271 1197 tia
2292 1141 2353 1196 et
2374 1135 2569 1215 gloria
2604 1153 2733 1195 non
2757 1138 2963 1214 potest
2990 1132 3295 1193 excedere
3332 1132 3675 1193 intensionem

2188 1228 2383 1290 contri
2394 1228 2599 1301 tioniS,
2615 1228 2715 1288 vel
2740 1226 2939 1288 ultimi
2958 1229 3135 1287 act-us
3150 1225 3463 1286 charitatis
3478 1226 3677 1288 maxime

2186 1320 2439 1396 intensi,
2466 1338 2656 1400 quem
2684 1321 2873 1381 homo
2897 1320 2962 1379 in
3002 1320 3119 1379 bac
3152 1318 3279 1379 vita
3310 1325 3445 1397 post
3466 1319 3678 1379 ultimam

2188 1414 2626 1476 contritionem
2658 1414 2889 1475 elicuit.

2268 1510 2593 1572 Illationes
2618 1526 2693 1571 ex
2720 1508 3020 1591 proediota
3043 1508 3302 1571 ratione.
3324 1506 3613 1569 -Prima
3632 1540 3681 1552 —

2186 1604 2263 1663 Et
2292 1602 2697 1662 nihilominus
2723 1602 2899 1663 aiunt
2926 1602 2989 1661 hi
3026 1606 3319 1662 auctores
3346 1600 3546 1661 merita
3580 1620 3679 1679 pre

2192 1695 2477 1757 cedentia
2504 1695 2872 1755 reviviscere
2902 1694 2983 1755 ad
3008 1694 3217 1775 majus
3244 1694 3681 1773 proemiuin,licet

2188 1808 2319 1851 non
2346 1789 2674 1861 intensiuS,
2712 1806 2829 1850 nec
2862 1788 3249 1859 distinctum,
3284 1786 3395 1847 sed
3424 1786 3569 1847 idem
3592 1787 3681 1866 plu-

2190 1882 2363 1943 ribus
2386 1882 2580 1943 titulis
2594 1882 2893 1945 dandum.
2916 1882 3093 1953 Quod
3109 1882 3198 1942 ita
3223 1880 3555 1942 declarant:
3584 1898 3681 1939 nam

2190 1977 2509 2037 beatitudo
2551 1982 2783 2038 aeterna
2834 1996 2963 2037 non
3002 1977 3195 2037 babet
3238 1974 3613 2037 essentialiter
3642 1981 3683 2035 nt

2190 2072 2271 2132 sit
2298 2071 2623 2149 praemium
2650 2088 2937 2150 operum,
2965 2069 3079 2131 sed
3102 2071 3221 2131 hoc
3248 2070 3439 2130 habet
3452 2088 3519 2129 ex
3536 2069 3681 2128 divina

2190 2164 2607 2225 ordinatione.
2672 2163 2851 2227 Unde
2908 2169 3112 2243 potest
3164 2162 3285 2223 sub
3346 2181 3466 2222 una
3506 2162 3681 2222 ratione

2190 2274 2496 2330 crescere,
2524 2257 2669 2319 licet
2700 2257 2815 2317 sub
2833 2258 2951 2317 alia
2982 2275 3109 2318 non
3132 2262 3477 2329 crescat3ut
3500 2256 3681 2334 quando

2194 2352 2380 2411 homo
2424 2368 2540 2429 per
2586 2356 3049 2411 sacramentum
3091 2350 3320 2411 crescit
3346 2350 3411 2409 in
3451 2350 3607 2429 gratia
3632 2366 3680 2407 ex

2192 2460 2382 2521 opere
2422 2448 2679 2521 operato
2699 2488 2714 2515 ,
2758 2442 3025 2503 debetur
3060 2442 3147 2503 illi
3176 2444 3385 2522 major
3416 2442 3675 2513 beatitudo,

2192 2541 2498 2615 quantum
2532 2536 2615 2595 ad
2652 2534 2960 2596 rationem
2986 2536 3247 2596 visionis
3276 2540 3341 2597 et
3364 2534 3675 2604 haereditatis,

2192 2647 2321 2690 non
2369 2634 2581 2689 tamen
2630 2630 2836 2708 majus
2877 2630 3249 2708 praemium3
3287 2630 3431 2709 quia
3472 2628 3557 2688 illc
3590 2646 3677 2705 gra-

2195 2723 2315 2785 dus
2364 2722 2789 2795 beatitudinis,
2849 2722 2955 2803 qui
3012 2724 3320 2785 accrescit
3364 2740 3437 2783 ex
3458 2722 3506 2780 vi
3533 2720 3679 2799 gmtiae

2195 2816 2688 2889 sacramentalia,
2722 2834 2850 2876 non
2895 2816 3153 2893 respicit
3186 2816 3494 2877 meritum.
3516 2814 3593 2875 Sic
3618 2830 3681 2873 er·

2194 2927 2297 2989 go,
2318 2910 2513 2982 aiunt,
2534 2914 2791 2989 propter
2810 2910 3031 2969 merita
3057 2909 3455 2980 mortificata,
3476 2908 3589 2966 licet
3606 2922 3681 2982 per

2194 3003 2623 3081 poenitentiam
2661 3002 3071 3077 vivificentur,
3114 3020 3248 3063 non
3284 3002 3527 3063 habebit
3550 3001 3681 3058 homo

2195 3096 2504 3176 majorem
2540 3094 2846 3157 visionem
2886 3095 3023 3170 Dei,
3074 3082 3521 3176 nec‘majorem
3546 3089 3683 3153 beati—

2194 3189 2516 3262 tudinem;
2552 3189 2811 3250 habebit
2852 3195 3068 3250 tamen
3124 3190 3339 3270 majus
3388 3186 3679 3268 praemium,

2196 3283 2343 3363 quia
2362 3283 2601 3344 illamet
2622 3283 2800 3355 visio,
2845 3289 2912 3344 ut
2950 3284 3097 3344 data
3134 3289 3397 3362 propter
3422 3281 3595 3342 omnia
3617 3277 3684 3338 illa

2196 3377 2419 3438 merita
2464 3382 2559 3438 est
2590 3377 2797 3456 majus
2842 3376 3167 3455 praemium
3201 3377 3267 3436 in
3302 3377 3526 3436 ratione
3548 3373 3685 3432 hono-

2197 3469 2284 3529 ris
2306 3475 2367 3531 ct
2405 3469 2629 3544 laudis,
2664 3469 2834 3549 quod
2872 3476 2967 3530 est
2991 3469 3324 3549 proprium
3346 3466 3563 3528 virtutis
3580 3481 3685 3542 pia·-

2198 3563 2418 3636 mium,
2446 3561 2625 3641 juxta
2655 3562 3003 3623 doctrinam
3032 3562 3385 3623 Aristotelis
3420 3575 3581 3639 quam
3611 3555 3683 3614 de-

2200 3655 2399 3716 clarat
2422 3657 2492 3716 D.
2524 3656 2796 3716 Thomas
2838 3659 2894 3715 1.
2926 3657 2989 3726 2,
3034 3661 3262 3734 quaest.
3300 3657 3402 3725 21,
3434 3659 3535 3710 art.
3560 3651 3605 3708 Ξ.
3633 3647 3679 3704 Et

2204 3768 2282 3810 ex
2309 3749 2496 3810 rebus
2535 3749 2825 3809 humanis
2856 3748 3165 3809 declarari
3198 3752 3439 3828 potcst3
3476 3761 3596 3804 nam
3616 3757 3680 3799 res

2203 3841 2484 3916 minima,
2528 3843 2627 3902 vel
2669 3841 2879 3902 minus
2918 3841 3303 3920 stipendium
3326 3886 3345 3916 ,
3382 3841 3431 3900 si
3470 3839 3535 3897 sit
3568 3832 3683 3894 testi·

2202 3935 2486 3996 monium
2534 3935 2789 4014 majoris
2839 3935 3081 3997 virtutis
3128 3937 3231 3995 vel
3283 3934 3573 3999 doctrinae,
3612 3929 3681 3986 aul

2203 4029 2466 4089 aliarum
2482 4028 2781 4089 nobilium
2804 4029 3145 4102 actionum,
3166 4025 3569 4090 honorabilius
3584 4037 3684 4098 pre·

2200 4123 2397 4182 mium
2426 4127 2538 4196 est,
2568 4139 2759 4200 quam
2788 4121 3166 4201 stipendium
3194 4137 3487 4202 magnum
3504 4119 3683 4196 propter

2201 4215 2355 4276 viles
2403 4216 2679 4276 actiones
2706 4260 2718 4272 .
2776 4215 2978 4293 Atque
3036 4214 3157 4276 hoc
3220 4215 3410 4275 modo
3467 4213 3681 4272 Summus

2203 4306 2507 4382 Pontifex,
2562 4307 2735 4368 verbi
2791 4308 2991 4387 gratia
3016 4353 3032 4382 ,
3082 4315 3193 4369 aut
3232 4309 3553 4386 Imperator
3594 4297 3684 4357 mit·

2202 4407 2345 4464 tens
2382 4401 2683 4481 gladium,
2740 4401 2839 4462 vel
2878 4400 3115 4480 aliquid
3166 4401 3369 4462 simile
3412 4399 3470 4459 in
3504 4397 3683 4471 signum

2204 4495 2482 4569 honoris,
2533 4500 2791 4573 propter
2833 4511 2937 4554 res
2978 4493 3165 4555 bene·
3189 4499 3422 4573 gestas„
3472 4491 3683 4551 censetur

2202 4588 2525 4648 moraliter
2565 4588 2717 4648 dare
2758 4605 3059 4665 magnum
3094 4587 3439 4666 praemium,
3474 4575 3683 4662 quamvis

2203 4680 2609 4741 materialiter
2644 4699 2746 4741 res
2774 4680 2878 4740 illa
2906 4697 3035 4740 non
3060 4679 3139 4740 sit
3166 4678 3378 4760 magni
3406 4673 3611 4737 valoris.
3634 4667 3682 4726 Et

2202 4774 2323 4834 hoc
2360 4774 2546 4834 etiam
2578 4772 2770 4835 modo
2804 4773 3053 4852 praemia
3096 4773 3455 4832 meritorum
3488 4759 3681 4828 Christi.

2204 4867 2257 4927 si
2285 4866 2689 4927 materialiter
2702 4865 3198 4938 considerentur,
3225 4883 3355 4926 non
3376 4849 3682 4923 habentinti-

2208 4961 2465 5022 nitatem
2522 4961 2796 5038 aliquam
2844 4978 2859 5034 ς
2918 4959 2973 5019 si
3020 4965 3231 5020 tamen
3294 4954 3682 5019 considerentur

2206 5059 2515 5132 quatenus
2558 5052 2638 5114 ab
2684 5053 2823 5132 ipso
2862 5054 2993 5113 Deo
3040 5051 3269 5112 dantur
3315 5056 3381 5111 ut
3422 5046 3598 5109 debita
3630 5053 3677 5096 et

2204 5147 2409 5226 rigore
2450 5146 2706 5227 justitiae
2740 5191 2757 5220 ,
2820 5145 3055 5206 habent
3118 5143 3475 5205 intinitatem
3524 5147 3677 5215 quam-

2206 5239 2351 5300 dam
2391 5239 2457 5299 in
2484 5239 2725 5300 ratione
2756 5238 3017 5319 praemii,
3048 5238 3193 5318 quia
3230 5243 3375 5297 sunt
3398 5223 3674 5295 testimonia

2205 5331 2532 5414 cujusdam
2578 5331 2835 5394 infinitae
2874 5332 3208 5412 dignitatis.
3258 5329 3361 5392 Sic
3404 5341 3536 5404 ergo
3570 5315 3673 5376 visit]

2204 5429 2412 5500 beata,
2445 5432 2755 5504 quatenus
2785 5445 2821 5486 a
2864 5427 2995 5486 Deo
3046 5425 3229 5484 datur
3267 5423 3331 5483 in
3358 5417 3575 5482 laudem
3602 5411 3675 5469 ho·

2208 5537 2433 5581 norum
2492 5537 2779 5600 operum,
2841 5519 3031 5580 habet
3100 5517 3401 5579 rationem
3458 5503 3669 5590 praemi¹3
