3850 6225
559 371 588 405 ,υ

636 478 737 537 21.
788 474 1068 541 Soiontia
1095 478 1369 543 absoluta
1400 483 1750 557 futm‘orum
1777 481 2125 562 continqm-

559 569 716 633 tium
743 570 844 632 cui
865 570 1136 635 libertati
1165 589 1284 633 non
1311 572 1736 637 renitatur.—
1761 572 2123 635 Secundum

561 662 918 741 exemplum
939 662 1016 725 de
1043 664 1250 727 divina
1275 666 1554 739 scientia,
1587 685 1716 727 non
1739 671 1834 729 est
1859 666 1940 727 ad
1958 684 2118 739 rem,

561 755 708 835 quia
739 756 995 818 scientia
1025 757 1377 819 futurorum
1407 759 1692 821 absoluta
1722 766 1786 821 et
1825 758 2120 838 simplici-

559 853 678 921 ter,
732 849 810 910 de
851 868 978 929 qua
1029 852 1308 931 procedit
1358 858 1826 933 argumentum,
1859 850 2119 913 includit

563 942 1054 1021 suppositionem
1078 945 1268 1007 futuri
1301 947 1578 1021 effectuS,
1604 946 1920 1026 quomodo
1943 964 2119 1007 sanc-

563 1035 606 1095 ti
638 1035 868 1097 citandi
902 1037 1085 1113 infra,
1119 1058 1256 1119 cap.
1293 1042 1391 1114 45,
1424 1040 1636 1101 dicunt
1677 1058 1780 1102 res
1805 1059 1937 1102 non
1978 1056 2117 1101 esse

559 1126 800 1190 futuras
855 1132 1002 1209 quia
1057 1134 1470 1211 praesciuntur
1513 1134 1758 1206 futurae,
1817 1133 1931 1195 sed
1978 1133 2121 1194 ideo

563 1222 838 1300 praesciri
867 1225 1015 1303 quia
1042 1226 1266 1288 futurae
1295 1232 1470 1299 sunt;
1517 1231 1581 1289 et
1609 1228 1692 1289 ita
1718 1227 1824 1289 illa
1853 1226 2122 1287 necessi-

564 1320 660 1375 tas
690 1322 784 1377 est
813 1334 890 1377 ex
919 1319 1344 1397 suppositione
1374 1322 1801 1399 consequenti.

643 1409 746 1469 Ad
811 1427 932 1471 nou
995 1414 1366 1492 peccandum
1421 1411 1849 1479 determinatus
1913 1412 2122 1477 extitit

569 1498 848 1565 Christus
875 1504 1193 1569 Dominus.
1217 1538 1299 1553 --
1319 1508 1596 1569 Tertium
1636 1508 1993 1587 exemplum
2038 1506 2124 1566 la-

566 1599 700 1654 tum
751 1594 1052 1658 offerebat
1113 1618 1406 1679 campum
1459 1600 1706 1663 dicendi
1761 1600 1842 1662 de
1901 1599 2125 1661 Christi

566 1686 812 1748 Domini
843 1687 1126 1753 libertate
1159 1691 1225 1754 in
1266 1694 1394 1754 suis
1437 1694 1807 1766 actionibuS,
1841 1692 1955 1754 sed
1993 1693 2125 1753 haec

569 1780 902 1859 disputatio
951 1785 1033 1846 ad
1081 1787 1274 1849 alium
1309 1789 1514 1851 locum
1557 1794 1816 1869 spectat,
1863 1788 1971 1849 ubi
2013 1806 2125 1867 pro

567 1872 822 1949 viribus,
857 1875 1000 1939 licet
1023 1898 1152 1941 non
1171 1900 1284 1960 pro
1313 1882 1636 1959 dignitate,
1669 1883 1983 1943 declarata
2004 1886 2121 1941 est.

570 1965 748 2038 Quod
783 1988 930 2049 ergo
970 1972 1052 2033 ad
1091 1992 1226 2035 rem
1269 1982 1642 2054 praesentem
1683 1980 1944 2055 spectat,
1976 1973 2128 2033 dici-

571 2078 712 2121 mus
759 2064 1140 2127 voluntatem
1181 2066 1401 2130 Christi
1438 2068 1706 2141 Domini,
1757 2070 1914 2129 sicut
1948 2086 2023 2127 ex
2066 2064 2125 2127 vi

571 2156 820 2217 unionis
861 2158 1274 2224 determinata
1307 2169 1402 2225 est
1431 2163 1510 2225 ad
1551 2182 1680 2226 non
1709 2162 2123 2242 peccandum,

571 2268 682 2309 seu
715 2251 880 2313 facta
928 2257 1021 2315 est
1053 2255 1495 2336 impeccabilis,
1541 2259 1624 2319 ita
1667 2275 1794 2318 non
1821 2256 2126 2317 mansisse

567 2342 832 2405 liberam
856 2347 934 2406 ad
971 2351 1378 2427 peccandum.
1409 2352 1636 2413 Mansit
1655 2358 1868 2413 tamen
1893 2349 2129 2429 simpli-

570 2436 723 2497 citer
751 2438 947 2500 libera
979 2442 1058 2503 ad
1087 2445 1500 2522 operandum,
1535 2464 1662 2506 non
1689 2444 1892 2505 solum
1919 2442 2130 2523 quoad

571 2529 1068 2595 circumstantias
1139 2538 1452 2599 actionum
1525 2557 1784 2599 suarum
1807 2582 1829 2615 ,
1905 2554 2129 2597 verum

569 2624 780 2701 quoad
831 2626 1273 2704 substantiam,
1327 2632 1517 2693 etiam
1566 2631 1632 2692 in
1687 2649 1764 2693 ea
1807 2631 2127 2691 voluntate

569 2736 696 2795 qua
723 2737 836 2798 pro
865 2722 1046 2783 nobis
1077 2725 1236 2785 mori
1269 2725 1495 2795 voluit:
1530 2726 1656 2787 imo
1695 2727 1759 2787 in
1809 2744 1884 2786 ea
1930 2724 2129 2785 maxi-

569 2828 694 2883 me,
737 2830 886 2873 nam
929 2814 1186 2877 libertas
1224 2818 1306 2879 ad
1347 2820 1738 2898 peccandum
1782 2836 1990 2897 neque
2032 2824 2128 2879 est

569 2906 924 2967 necessaria
962 2908 1042 2968 ad
1087 2909 1432 2972 libertatem
1484 2912 1864 2991 simpliciter,
1915 2928 2125 2989 neque

569 2996 651 3057 ad
690 2998 852 3061 illius
883 3001 1331 3078 perfectionem
1359 3006 1600 3067 attinet.
1627 3009 1724 3078 At,
1745 3005 1900 3065 sicut
1919 3004 2127 3066 Chris-

567 3094 670 3152 tus
727 3092 1025 3155 Dominus
1073 3096 1231 3158 liber
1281 3096 1396 3160 fuit
1444 3096 1508 3158 in
1564 3098 1696 3170 his,
1753 3117 1892 3178 qnae
1953 3102 2127 3158 extra

567 3186 768 3246 Deum
807 3187 972 3248 claro
1012 3189 1214 3250 visum
1258 3191 1448 3251 voluit
1483 3198 1543 3252 et
1593 3192 1840 3265 amavit,
1880 3191 1963 3251 ita
1998 3209 2133 3264 non,

568 3279 787 3341 habuit
836 3281 1220 3344 voluntatem
1263 3292 1442 3344 suam
1483 3285 1742 3364 physice
1793 3283 2125 3362 praedeter-

563 3371 864 3434 minatam
894 3374 976 3434 ad
1004 3375 1278 3453 aliquem
1316 3381 1524 3437 actum
1570 3395 1686 3456 per
1713 3377 2125 3438 extrinsecam

567 3466 878 3526 actionem
910 3467 1008 3527 vel
1039 3468 1404 3544 motionem,
1455 3470 1566 3530 sed
1614 3471 1747 3550 ipse
1803 3488 1871 3530 se
1927 3469 2125 3531 libere

567 3559 1025 3634 determinavit,
1071 3568 1482 3623 concurrente
1517 3564 1671 3639 De0‚
1701 3562 1802 3624 vel
1847 3562 2125 3642 generali

567 3671 898 3728 concursu,
925 3653 1023 3713 vel
1055 3672 1168 3733 per
1201 3653 1430 3715 auxilia
1469 3657 1708 3735 gratiae,
1735 3656 1914 3735 juxta
1940 3655 2125 3716 ratio-

565 3763 714 3807 nem
755 3751 1008 3808 actuum
1047 3763 1206 3824 quos
1241 3748 1595 3811 exercebat.
1647 3750 1722 3810 Et
1757 3750 1842 3810 ita
1895 3766 1973 3809 ex
2004 3748 2127 3809 hoc

567 3839 856 3919 exemplo
892 3839 1045 3899 nihil
1073 3845 1289 3902 contra
1321 3840 1666 3902 doctrinam
1705 3841 1996 3902 traditam
2024 3859 2126 3902 su-

565 3932 650 3992 mi
677 3938 914 4010 potest;
949 3934 1265 4012 quomodo
1295 3940 1506 3996 autem
1533 3936 1669 3997 haec
1695 3935 1905 3996 omnia
1938 3934 2127 3996 simul

566 4025 628 4084 in
669 4026 907 4087 Christo
950 4027 1202 4088 inventa
1232 4027 1485 4102 fuerint,
1526 4029 1696 4102 alibi,
1728 4035 1798 4089 ut
1834 4029 1983 4102 dixi,
2017 4028 2127 4089 de-

563 4118 869 4180 claratum
889 4124 1006 4181 est.
1039 4121 1182 4182 Haec
1210 4122 1399 4200 igitur
1430 4122 1507 4183 de
1535 4123 1654 4184 hac
1681 4123 1943 4202 physica
1972 4140 2125 4201 prae-

563 4211 1080 4274 determinatione
1107 4213 1451 4276 inhaerente
1471 4215 1532 4275 in
1547 4216 1866 4276 voluntate
1891 4215 2121 4276 dixisse

565 4305 848 4364 sufficiat.

1127 4495 1376 4557 CAPUT
1419 4495 1546 4558 XII.

558 367 638 431 06
1307 378 1518 432 OPUSC.
1555 380 1594 443 1,
1631 380 1747 433 Llss.
1783 380 1820 432 1.
1859 380 1939 432 DE
1972 378 2289 433 CONCURSU
2324 381 2423 433 DE!
2457 382 2583 437 cml
2616 380 3003 433 VOLUNTATE.

2202 480 2639 545 determinatio
2659 482 2921 561 physica
2948 498 3065 560 per
3096 480 3437 543 efficaciam
3462 485 3721 549 extrinse—

2202 592 2343 633 cam
2382 575 2605 636 divinae
2644 573 2984 636 voluntatis
3014 578 3077 635 et
3105 576 3421 654 potentiae,
3450 583 3511 638 et
3538 596 3723 641 esseu-

2200 667 2413 727 tialem
2442 668 3047 741 subordinationem,
3076 675 3140 730 et
3175 668 3504 730 obediendi
3541 690 3722 734 neces-

2202 760 2469 834 sitatem,
2506 780 2647 841 quae
2682 760 2867 823 estin
2898 762 3067 822 omni
3113 779 3184 823 re
3218 769 3429 823 creata
3468 774 3723 843 respectu

2199 854 2539 917 voluntatis
2568 854 2839 915 efficacis
2868 858 2931 916 et
2957 854 3333 934 beneplaciti
3362 856 3493 916 Dei.

2284 951 2341 1008 1.
2388 950 2473 1011 In
2512 966 2627 1030 quo
2664 948 2959 1029 differam
2997 950 3070 1011 ab
3108 948 3411 1011 Icoeretiois
3448 948 3498 1010 ii
3538 949 3721 1013 Catao-

2197 1040 2332 1115 lioi,
2374 1041 2479 1122 qui
2526 1043 2681 1105 liano
2723 1041 3046 1121 physicam
3078 1042 3725 1123 proedetorminationem

2202 1136 2546 1198 concedunt.
2589 1134 2961 1217 Stapletou..
2990 1136 3031 1197 4
3072 1137 3140 1199 de
3178 1135 3425 1215 Justifi,
3468 1154 3591 1217 cap.
3624 1141 3647 1197 1
3678 1146 3722 1201 et

2202 1228 2263 1300 4;
2288 1227 2591 1307 Roffons..
2616 1228 2723 1303 fol.
2760 1229 2880 1289 314
2906 1233 2965 1292 et
2990 1246 3109 1309 seq.
3127 1254 3153 1301 ;
3194 1228 3463 1301 Ruard„
3494 1231 3723 1292 articulo

2201 1324 2452 1401 septimo
2467 1346 2494 1394 ,·
2518 1320 2957 1394 Bellus-minus,
2988 1322 3139 1383 libro
3162 1320 3361 1400 primo
3388 1322 3461 1383 de
3482 1322 3645 1386 erat.
3680 1330 3724 1386 et

2202 1414 2387 1476 libero
2443 1412 2697 1477 arbitrio
2716 1458 2733 1478 .
2784 1432 2915 1493 cap.
2956 1413 3315 1486 duodecimo,
3368 1414 3476 1477 lib.
3518 1418 3576 1487 4,
3612 1435 3721 1497 cap.

2206 1508 2429 1569 decimo
2478 1513 2719 1587 quarto,
2762 1507 2869 1569 lib.
2923 1508 2987 1581 6,
3048 1525 3181 1589 cap.
3234 1524 3407 1581 nono,
3460 1509 3562 1569 lib.
3602 1512 3635 1569 2
3674 1514 3728 1573 de

2208 1599 2381 1663 Stat.
2406 1616 2564 1682 pec„
2595 1618 2728 1679 cap.
2772 1601 2830 1659 3.
2858 1631 2941 1645 —
2967 1600 3355 1661 Sententiam
3402 1601 3587 1679 igitur
3630 1603 3729 1663 hoc

2206 1694 2623 1753 affirmantem
2662 1692 2883 1753 falsam
2917 1710 3054 1754 esse
3097 1692 3477 1772 judicamus
3524 1696 3594 1754 Et
3634 1696 3727 1755 ini-

2205 1786 2445 1865 primis,
2494 1792 2800 1865 quantum
2844 1804 2923 1847 ex
2954 1787 3403 1847 recentioribus
3452 1789 3729 1866 scriptori-

2206 1880 2327 1941 bus
2350 1879 2456 1958 qui
2489 1883 2705 1941 contra
2726 1878 3049 1940 haereticos
3074 1879 3261 1958 hujus
3288 1881 3583 1959 temporis
3608 1882 3729 1941 scri—

2206 1978 2489 2053 pserunt,
2526 1972 2855 2051 colligitur,
2888 1973 3195 2034 Lutherus
3222 1978 3289 2035 et
3311 1974 3616 2046 CalvinuS,
3646 1992 3733 2034 eo·

2205 2084 2473 2145 rumque
2505 2071 2845 2127 sectatores
2878 2065 3093 2127 dicunt
3128 2085 3247 2127 nos
3288 2067 3671 2127 determinari
3702 2086 3731 2125 a

2207 2162 2337 2220 Deo
2384 2160 2449 2221 in
2500 2160 2759 2239 singulis
2812 2160 3091 2233 actibus;
3144 2160 3443 2222 differunt
3488 2167 3677 2220 tamen
3702 2180 3734 2219 a

2206 2254 2353 2314 viris
2382 2254 2711 2315 Catholicis
2738 2254 2843 2333 qui
2886 2253 3051 2315 hanc
3088 2254 3467 2315 sententiam
3492 2272 3735 2331 sequun-

2208 2352 2328 2424 tur,
2363 2346 2533 2427 qnod
2561 2348 2623 2407 hi
2655 2353 3083 2437 non‘negant,
3126 2347 3515 2408 voluntatem
3546 2347 3735 2405 huma-

2208 2459 2357 2501 nam
2384 2442 2579 2502 libere
2609 2440 2881 2520 operari,
2913 2440 3061 2518 quia
3101 2446 3338 2520 negant
3364 2458 3445 2501 ex
3478 2440 3581 2500 illa
3602 2458 3737 2519 prae-

2208 2534 2726 2597 determinatione
2754 2533 3093 2594 voluntatis
3116 2533 3293 2611 sequi
3324 2551 3467 2594 eam
3494 2532 3736 2593 necessi-

2205 2632 2397 2690 tatem
2436 2628 2762 2707 operandi,
2794 2645 2933 2706 quae
2964 2627 3314 2689 libertatem
3356 2644 3611 2705 prorsus
3650 2645 3737 2685 ex-

2208 2722 2453 2794 cludat;
2484 2720 2576 2781 illi
2603 2739 2774 2793 vero,
2804 2738 2951 2782 cum
2996 2720 3250 2783 videant
3304 2738 3381 2781 ex
3424 2720 3739 2799 praedeter-

2206 2815 2547 2875 minatione
2594 2814 2700 2873 illa
2752 2814 2915 2875 hanc
2962 2813 3143 2892 sequi
3188 2812 3643 2885 necessitatem,
3686 2817 3739 2871 ut

2206 2914 2350 2970 sunt
2386 2907 2781 2987 impudentes
2814 2914 2877 2969 et
2904 2907 3195 2968 Ecclesiae
3228 2907 3519 2981 rebelleS,
3550 2912 3737 2984 aperte

2209 3003 2397 3065 etiam
2449 3002 2803 3063 libertatem
2872 3020 3109 3081 negare
3166 3020 3295 3061 non
3356 3006 3506 3063 sunt
3559 3000 3736 3060 veriti.

2208 3096 2365 3158 Hinc
2394 3095 2643 3156 Lutheri
2686 3115 2807 3156 vox
2852 3095 2957 3156 illa
3004 3100 3099 3158 est
3145 3094 3313 3176 apud
3356 3094 3733 3158 Roffensem:

2204 3191 2403 3252 Homo
2438 3189 2635 3252 malta
2658 3190 2809 3253 solet
2828 3206 3182 3272 proponere,
3212 3196 3455 3254 coactus
3492 3189 3741 3267 Deipro·

2204 3282 2471 3346 videntia
2484 3307 2511 3356 ,·
2546 3289 2607 3344 et
2646 3282 2790 3343 illa:
2822 3282 2969 3348 Nou
2995 3281 3155 3348 siout
3186 3302 3317 3356 nos,
3344 3285 3451 3344 sed
3472 3280 3627 3344 siout
3650 3280 3738 3340 ille

2204 3375 2359 3447 vult,
2402 3377 2497 3437 ita
2552 3376 2839 3449 vivimus,
2884 3377 3165 3454 facimus,
3214 3383 3333 3438 etc.
3388 3377 3481 3436 Ex
3534 3375 3739 3452 quibus

2204 3469 2431 3538 verbis,
2466 3475 2529 3528 et
2570 3469 2705 3530 aliis
2750 3487 2891 3548 quae
2940 3469 3215 3550 praedicti
3266 3476 3557 3530 auctores
3596 3467 3738 3527 refe-

2205 3567 2369 3639 runt,
2416 3562 2817 3642 intelligimus
2854 3563 2971 3624 hos
2996 3563 3323 3624 haereticos
3362 3581 3494 3624 non
3526 3579 3739 3642 negare

2206 3657 2359 3736 quin
2380 3657 2671 3718 voluntas
2689 3663 2903 3718 nostra
2920 3657 3179 3736 physice
3203 3665 3503 3736 operetur
3518 3655 3749 3732 quando

2204 3751 2356 3824 vult,
2388 3750 2501 3811 sed
2526 3752 2673 3829 quia
2703 3751 2963 3830 physica
3004 3751 3279 3828 quadam
3324 3750 3681 3811 efficacitate
3720 3767 3751 3808 a

2205 3844 2335 3904 Deo
2360 3843 2949 3922 proedeterminamr
2976 3849 3047 3904 ut
3072 3843 3242 3916 velit,
3274 3863 3389 3924 per
3416 3843 3752 3904 efficacissi-

2204 3954 2376 3997 mam
2426 3937 2811 3999 voluntatem
2852 3955 2978 4016 qua
3024 3938 3195 3999 illam
3244 3937 3580 4016 praevenit,
3626 3935 3751 3996 ideo

2206 4029 2381 4091 aiunt
2418 4035 2697 4092 nostram
2742 4031 3127 4092 voluntatem
3166 4030 3413 4110 passive
3467 4049 3535 4091 se
3578 4029 3752 4088 habe-

2204 4143 2273 4186 re
2314 4124 2379 4184 in
2421 4143 2499 4186 ea
2538 4125 2839 4198 motione,
2880 4124 2982 4186 vel
3015 4125 3163 4204 quia
3202 4142 3329 4184 non
3368 4123 3567 4184 libere
3612 4123 3748 4202 agit,

2203 4217 2303 4278 vel
2332 4223 2503 4280 certe
2530 4217 2677 4297 quia
2708 4221 2801 4296 (ut
2822 4218 3094 4279 morales
3122 4217 3475 4297 philosophi
3504 4217 3753 4296 loquun-

2204 4313 2327 4390 tur)
2354 4328 2484 4371 non
2514 4329 2581 4371 se
2610 4311 2761 4390 agit,
2794 4311 2908 4372 sed
2944 4312 3150 4391 agitur
3184 4329 3222 4370 a
3258 4311 3388 4371 Deo
3416 4327 3432 4382 ς
3480 4309 3752 4389 quamvis

2205 4404 2355 4465 dum
2402 4404 2629 4483 agitur,
2660 4405 2797 4484 ipsa
2830 4403 3017 4464 etiam
3048 4403 3275 4464 efficiat
3304 4406 3515 4464 actum
3552 4401 3753 4481 physi-

2204 4517 2279 4559 ca
2316 4497 2667 4570 efficientia,
2702 4501 2766 4558 et
2791 4497 2879 4558 ita
2905 4497 2969 4558 in
2998 4497 3103 4558 illo
3132 4496 3435 4576 principio
3474 4495 3755 4556 convenit

2074 4638 2081 4646 .
2202 4591 2305 4652 hic
2334 4609 2509 4652 error
2549 4609 2693 4651 cum
2724 4589 3018 4670 opinione
3045 4589 3337 4661 recitata3
3372 4589 3657 4668 quamvis
3696 4588 3753 4645 in

561 4698 676 4744 NON
707 4699 884 4744 mnus
918 4699 1182 4744 mmmm
1224 4699 1738 4746 INDIFFEMNTIAM
1777 4701 2123 4746 muniturus

641 4793 751 4836 PER
787 4793 1078 4848 PHYSIGQ
1105 4793 1804 4840 PRAEDBTEaMmATloNEM
1829 4795 1910 4838 Ex
1936 4794 2123 4839 CAUSA

637 4884 1046 4944 Exrnmsrct,
1115 4885 1278 4937 QUAM
1339 4885 1418 4930 Ex
1470 4887 1832 4932 lxuAEnuNTE
1881 4887 2121 4932 Pitano-

645 4977 842 5022 TloNss.

641 5150 955 5210 Hactenus
1001 5150 1404 5211 tractavimus
1435 5152 1812 5212 sententiam
1849 5152 2013 5212 hanc
2038 5150 2119 5212 de

559 5243 818 5321 physica
859 5243 1512 5321 praedeterminatione
1543 5245 1876 5306 voluntatis
1900 5245 2119 5304 huma-

559 5355 654 5396 nae
702 5337 762 5396 in
811 5335 1002 5415 priori
1049 5355 1238 5397 sensu
1283 5337 1592 5416 superiuS,
1635 5356 1772 5416 cap.
1811 5339 1872 5406 5,
1916 5337 2119 5398 decla-

557 5435 718 5502 rato;
751 5429 1062 5508 reliquum
1081 5435 1173 5490 est
1191 5436 1259 5491 ut
1276 5430 1468 5491 alium
1495 5449 1748 5492 sensum
1779 5430 1861 5490 ibi
1888 5448 2120 5510 propo-

553 5521 740 5584 situm
771 5541 1246 5602 persequamur,
1275 5525 1529 5598 scilicet,
1549 5543 1628 5585 an
1655 5524 1764 5584 fiat
1784 5523 1922 5584 talis
1954 5542 2117 5603 prse-

2204 4683 2561 4747 confitenda
2590 4685 2689 4746 vel
2718 4683 3007 4763 neganda
3030 4683 3265 4744 arbitrii
3297 4683 3585 4744 libertate
3610 4679 3755 4741 mul-

2202 4783 2337 4838 tum
2366 4777 2571 4838 distet.
2604 4779 2681 4838 Et
2710 4777 2827 4838 hoc
2855 4777 2935 4836 sit
2974 4777 3268 4854 primum,
3300 4793 3423 4836 non
3457 4775 3597 4834 leve
3624 4775 3755 4832 fun-

2203 4870 2593 4946 damentum,
2626 4870 2795 4948 quod
2821 4889 2939 4930 nos
2964 4869 3045 4930 ad
3068 4869 3241 4930 illam
3268 4870 3643 4929 sententiam
3668 4885 3753 4926 re-

2194 4963 2533 5042 jiciendam
2567 4963 2904 5042 plurimum
2924 4968 3163 5035 movet;
3188 4980 3293 5029 ne,
3328 4960 3583 5030 scilicet,
3618 4979 3753 5020 cum

2200 5056 2509 5117 haereticis
2554 5057 2617 5118 in
2656 5057 2757 5118 illo
2800 5056 3127 5135 principiO,
3174 5056 3347 5116 nulla
3390 5055 3753 5116 auctoritate

2200 5151 2298 5210 vel
2344 5151 2711 5212 necessstate
2758 5156 3021 5228 cogente
3046 5193 3062 5222 ‚
3100 5150 3569 5224 conveniamuS,
3618 5165 3753 5208 cum

2200 5243 2356 5304 alias
2382 5243 2811 5304 difficillimum
2838 5243 3197 5321 judicemus
3234 5261 3449 5304 veram
3487 5241 3755 5302 hominis

2196 5336 2547 5398 libertatem
2578 5336 2760 5409 tueri,
2796 5336 2846 5396 si
2876 5337 3162 5397 voluntas
3190 5341 3403 5396 nostra
3432 5355 3507 5396 ex
3550 5337 3755 5395 effica-

2198 5429 2293 5492 cia
2322 5429 2529 5492 divina
2558 5431 2677 5492 hoc
2722 5431 2910 5492 modo
2959 5429 3215 5509 physice
3253 5427 3757 5509 praedetermine-

2198 5530 2319 5585 tur.
2354 5521 2533 5596 Quod
2558 5542 2687 5586 non
2716 5523 2897 5584 aliter
2922 5525 3329 5586 ostendemus
3350 5541 3541 5603 quam
3564 5520 3757 5599 appli-
