3850 6225
495 391 615 453 218

495 497 832 576 exclusiva,
859 502 1015 576 sola,
1057 517 1184 562 nou
1217 495 1491 560 excludit
1527 510 1902 558 concursum
1943 493 2058 556 Dei

495 593 1042 669 concomitantem‚
1087 591 1202 654 sed
1252 589 1931 671 praedeterminantem,
1978 589 2057 651 de

493 702 620 764 quo
649 687 890 750 subdit:
923 689 1056 754 Nec
1094 685 1334 768 aliquid
1349 683 1502 762 facit
1529 684 1626 746 vie
1651 683 2053 758 necessitatis,

491 779 592 842 ubi
614 785 898 861 operam
926 781 1130 845 electio
1172 779 1304 842 ecla
1331 776 1702 850 volantati„
1731 781 1794 837 et
1821 794 1960 856 cap.
1994 779 2055 849 2,

496 889 572 933 ex
599 873 718 935 hac
747 873 1030 936 doctrina
1053 870 1390 944 concludit,
1420 869 1621 931 Deum
1656 869 2059 949 praedestina·

491 965 664 1028 tione
701 985 818 1028 sua
867 985 997 1029 non
1039 985 1268 1047 cogere
1315 967 1726 1036 voluntatem,
1755 979 1967 1042 neque
2000 961 2060 1021 ei

493 1059 807 1136 resistere,
833 1062 948 1122 sed
977 1079 1118 1124 eam
1147 1062 1216 1122 in
1239 1074 1352 1122 sua
1385 1061 1688 1140 potestate
1717 1057 2051 1118 dimittere.

493 1151 672 1223 Quod
704 1153 770 1214 in
807 1171 878 1216 re
914 1153 1086 1216 idem
1121 1159 1216 1216 est
1256 1153 1427 1233 quod
1459 1151 1630 1212 illam
1655 1167 1784 1210 non
1820 1148 2061 1229 praede-

493 1245 852 1308 terminare.
888 1247 963 1309 Et
987 1263 1176 1325 super
1193 1246 1578 1316 Mammium,
1607 1243 1769 1304 circa
1800 1241 1906 1302 illa
1919 1257 2061 1303 ver-

491 1337 572 1398 ba
602 1339 820 1417 capitis
853 1340 1034 1400 noni:
1073 1339 1226 1403 fiat
1249 1339 1530 1402 voluntas
1565 1341 1696 1409 tua,
1727 1335 1814 1395 ait
1841 1333 2060 1395 volun-

493 1436 686 1493 tatem
737 1432 843 1495 Dei
873 1451 1001 1494 non
1031 1449 1256 1512 cogere
1286 1431 1650 1502 humanam,
1681 1428 1747 1490 id
1787 1433 1904 1498 est,
1946 1445 2060 1488 ne-

491 1525 786 1587 cessitare
804 1545 819 1599 3
846 1527 993 1606 quia
1009 1544 1262 1605 semper
1285 1525 1456 1586 illam
1475 1523 1771 1602 relinquit
1787 1539 1930 1584 cum
1954 1538 2063 1600 po·

493 1622 718 1681 testate
749 1619 1102 1682 resistendi.
1135 1621 1210 1682 Et
1237 1620 1258 1698 (
1281 1618 1454 1699 quod
1482 1616 1664 1679 valde
1711 1615 2060 1678 notandum

493 1713 620 1792 est)
653 1713 841 1774 etiam
871 1713 1077 1794 ipsum
1122 1714 1384 1777 Paulum
1429 1713 1516 1774 ait
1558 1711 1642 1772 ita
1683 1709 1876 1770 fuisse
1920 1726 2061 1788 per-

493 1823 772 1882 cussum,
805 1809 874 1868 ut
901 1807 1190 1869 voluntas
1229 1807 1368 1885 ejus
1401 1812 1552 1869 tunc
1591 1804 1779 1866 fuerit
1820 1803 2020 1864 libera
2038 1847 2055 1874 ,

493 1905 562 1961 ut
590 1900 932 1974 resisteret,
969 1901 1020 1960 si
1055 1901 1262 1962 vellet.
1295 1898 1534 1964 Similia
1563 1897 1759 1958 multa
1797 1903 2061 1976 possunt

493 1993 654 2054 sumi
687 2011 764 2053 ex
779 1993 1121 2067 Bernard0‚
1142 1995 1250 2054 lib.
1265 1993 1344 2054 de
1367 1993 1537 2054 Grat.
1575 1997 1638 2052 et
1661 1991 1766 2051 lib.
1798 1989 2055 2065 Arbitr„

493 2091 556 2148 et
585 2103 662 2147 ex
697 2086 1006 2147 Richardo
1037 2085 1115 2148 de
1160 2089 1225 2149 S.
1259 2087 1439 2159 vict„
1475 2090 1652 2146 tract.
1687 2089 1714 2145 1
1762 2084 1842 2145 de
1881 2086 2061 2147 Statu

492 2181 657 2241 inter
703 2180 970 2254 homin„
1001 2187 1160 2260 part.
1197 2183 1252 2253 1,
1287 2199 1342 2240 c.
1379 2181 1477 2252 14,
1510 2179 1618 2239 ubi
1677 2176 1785 2252 ait,
1811 2179 2061 2243 liberta-

492 2271 576 2337 tis
602 2290 750 2347 esee,
779 2277 852 2336 rt
879 2291 1202 2338 consensus
1227 2273 1360 2353 ejus
1391 2271 1736 2352 extorqueri
1763 2273 1854 2336 vel
1898 2267 2061 2336 colai-

491 2364 616 2429 beri
640 2384 760 2428 mm
785 2369 982 2448 possit
1005 2393 1031 2440 ‚·
1061 2373 1124 2428 et
1151 2385 1208 2428 c.
1255 2368 1314 2440 3,
1349 2365 1504 2426 illud
1533 2367 1619 2426 ait
1663 2383 1802 2426 esse
1839 2383 2061 2426 neces-

493 2459 726 2520 sarium
751 2465 812 2522 et
838 2478 968 2521 non
993 2459 1286 2534 liberum,
1325 2458 1426 2520 cui
1453 2459 1741 2520 voluntas
1767 2459 2059 2521 resistere

498 2569 626 2612 nou
667 2557 891 2632 potest.
976 2583 986 2590 ·

572 2647 673 2708 21.
725 2645 842 2720 Qui
910 2646 1118 2710 dicant
1187 2645 1488 2710 Faustum
1557 2645 2063 2728 Smipelayianoe

493 2740 748 2803 Itoereeie
799 2745 1162 2822 suspectum.
1195 2773 1278 2788 —
1307 2740 1462 2800 Huic
1503 2739 1691 2800 etiam
1729 2739 2053 2800 sententies

489 2833 659 2894 favet
687 2833 1060 2912 Gregorius,
1088 2835 1128 2895 6
1155 2833 1399 2907 Mox-al„
1434 2851 1488 2894 c.
1535 2835 1636 2906 11,
1673 2832 1887 2893 dicens
1921 2851 1935 2892 :
1974 2831 2057 2896 Si

489 2943 754 3008 superna
781 2926 988 3006 qratia
1027 2932 1330 2990 nocentem
1369 2943 1490 2989 nme
1527 2926 1824 3008 praevenit
1837 2971 1852 2998 ,
1899 2943 2057 2988 nun-

489 3037 672 3100 quam
715 3023 984 3099 profecto
1020 3019 1282 3084 inveniet
1318 3037 1490 3101 quem
1515 3023 1852 3082 remaneret
1887 3019 2058 3080 inno-

492 3119 713 3176 centem
731 3136 756 3182 ,·
805 3132 1070 3195 superna
1121 3116 1318 3197 iffitur
1349 3115 1549 3196 pietas
1589 3113 1774 3195 prim
1809 3115 1945 3195 ayit
1990 3114 2057 3175 in.

493 3205 666 3267 nobie
693 3204 930 3286 aliquid
959 3208 1092 3269 eine
1135 3210 1326 3277 nobis,
1369 3212 1463 3282 tot,
1514 3208 1894 3287 subsequente
1919 3224 2057 3287 quo-

489 3316 602 3380 que
648 3302 854 3361 nostro
907 3300 1091 3363 libero
1128 3300 1378 3364 arbitrio
1396 3346 1414 3375 ,
1455 3301 1615 3382 quod
1644 3300 1788 3381 jam
1827 3300 2057 3381 appeti·-

489 3408 628 3453 mue
651 3436 666 3463 ,
713 3397 866 3473 aqut
920 3394 1246 3457 nobiscum.
1304 3393 1567 3454 Possent
1619 3393 1808 3453 etiam
1861 3392 2059 3452 multa

491 3484 716 3545 adduci
745 3504 822 3547 ex
841 3484 1326 3559 Faust0,Galliae
1357 3486 1685 3565 EpiscopO,
1718 3486 1780 3545 in
1811 3484 2057 3547 duobus

489 3578 664 3639 libris
690 3597 848 3658 quos
871 3578 950 3641 de
973 3581 1168 3659 gratia
1191 3584 1254 3640 et
1277 3580 1475 3640 libero
1505 3578 1758 3641 arbitrio
1787 3578 2052 3658 scripsit,

492 3675 555 3734 et
583 3672 896 3733 habentur
921 3680 1091 3733 tomo
1118 3674 1156 3733 5
1179 3672 1470 3733 Biblioth.
1499 3674 1707 3735 Sanct.
1736 3673 1902 3734 Patr.
1932 3671 2057 3733 Sed

491 3784 567 3827 ea
609 3768 858 3839 omitto,
905 3766 1051 3847 quia
1084 3772 1411 3846 suspectus
1455 3773 1550 3828 est
1593 3766 1672 3827 de
1714 3766 2059 3846 Semipela-

491 3860 822 3939 gianorum
874 3878 1125 3935 errore,
1169 3866 1240 3921 ut
1273 3864 1516 3921 constat
1559 3878 1636 3921 ex
1688 3860 1872 3921 Petro
1911 3860 2055 3920 Dia-

491 3970 674 4027 con0,
707 3952 814 4034 lib.
859 3952 940 4015 de
983 3954 1228 4015 incarn.
1261 3959 1324 4015 et
1350 3958 1508 4033 grat.
1537 3973 1552 4027 ς
1581 3954 2049 4034 chrysostome,

489 4065 543 4107 c.
579 4047 618 4107 8
647 4051 710 4109 et
742 4045 968 4118 ultim:
1004 4053 1064 4108 et
1095 4047 1279 4108 Joan.
1321 4048 1620 4122 Maxent.,
1649 4046 1714 4107 in
1744 4047 2045 4125 Rescript.

489 4138 571 4201 ad
611 4140 1007 4202 Hormisdam
1041 4141 1301 4219 Papam,
1337 4140 1566 4227 colum.
1609 4142 1712 4214 ης
1743 4145 1804 4201 et
1833 4139 1853 4217 (
1880 4138 2051 4218 quod

490 4232 740 4311 gravius
787 4235 916 4313 est)
943 4234 1088 4313 quia
1127 4233 1457 4296 Hormisda
1493 4232 1681 4313 Papa,
1729 4233 2055 4295 consultus

489 4344 526 4385 a
578 4327 884 4405 quodam,
933 4327 1042 4405 qui
1081 4327 1432 4407 appellatur
1481 4328 1842 4401 possessor,
1899 4326 2051 4407 quid

489 4420 568 4481 de
601 4420 775 4481 libris
803 4418 1011 4483 Fausti
1041 4420 1438 4483 sentiendum
1469 4428 1657 4495 esset,
1691 4421 1846 4481 nihil
1879 4420 2050 4482 aliud

489 4514 847 4592 respondet,
873 4514 1014 4587 nisi,
1036 4532 1221 4597 neque
1245 4512 1447 4591 illm,
1463 4532 1646 4596 neque
1671 4532 2046 4596 quemquam,

489 4624 636 4687 quoe
661 4608 730 4669 in
759 4608 1182 4671 auctoritatem
1205 4606 1472 4671 Pate-um
1500 4624 1620 4668 non
1659 4609 1884 4689 recipit
1907 4624 2053 4671 eea-

487 4716 622 4761 men
671 4696 994 4763 catholice
1025 4699 1168 4778 fidei
1181 4746 1196 4771 ,
1239 4702 1346 4765 aut
1372 4700 1832 4764 Eceleeiaetieoe
1869 4700 2052 4765 disci·

481 4792 673 4875 plime
703 4792 1150 4873 ambiquitatem
1178 4810 1354 4874 posse
1373 4793 1637 4877 pignere,
1667 4798 1776 4857 aut
1809 4793 2053 4874 recipio·

487 4884 578 4948 eis
599 4886 1025 4967 pra-judicium
1042 4904 1409 4967 comparare.
1429 4886 1711 4949 Habetur
1727 4886 1862 4946 haec
1891 4884 2052 4966 epis-

488 4976 616 5039 tola
645 4978 714 5039 in
743 4978 966 5039 eodem
995 4983 1166 5041 tomo
1195 4982 1234 5041 5
1263 4980 1579 5053 Biblioth„
1626 4986 1686 5040 et
1713 4997 1916 5059 nuper
1945 4998 2052 5039 ex-

491 5088 642 5133 cusa
701 5075 792 5132 est
847 5072 1012 5132 inter
1061 5072 1356 5151 epistolas
1411 5072 1756 5133 decretales
1781 5118 1796 5144 ‚
1848 5077 1912 5133 et
1958 5076 2055 5134 est

491 5184 554 5225 n.
588 5164 666 5227 67
712 5164 1058 5225 Hormisdae
1099 5166 1308 5244 Papae,
1343 5165 1450 5243 qui
1498 5165 1564 5225 in
1613 5164 1814 5225 citatis
1844 5165 2053 5226 verbis

488 5256 736 5318 videtur
771 5258 1048 5319 alludere
1079 5258 1160 5319 ad
1187 5258 1508 5319 decretum
1533 5258 1783 5329 Gelasii‚
1815 5259 1880 5317 in
1910 5276 2047 5336 cap.

494 5348 736 5415 Sancta
773 5350 1073 5424 Romana,
1121 5350 1516 5412 distinctione
1571 5353 1678 5424 17,
1737 5351 1840 5411 ubi
1889 5350 2053 5412 inter

489 5443 682 5505 libros
741 5446 1136 5524 apocryphos
1188 5463 1380 5523 opera
1433 5444 1640 5507 Fausti
1697 5450 2046 5505 enumerat.

489 5536 670 5603 Unde
717 5538 783 5599 in
823 5540 958 5599 vita
1007 5537 1336 5619 Fulgentii,
1371 5537 1574 5619 capite
1626 5532 1729 5611 283
1784 5536 2053 5599 refertur

1335 393 1547 448 OPUSC.
1583 397 1626 458 1,
1657 394 1772 446 us.
1809 395 1894 447 ΙΙΙ.
1930 395 2011 446 DE
2043 393 2317 448 Auxlms
2350 393 2581 447 mvmAE
2610 395 2877 448 GRATIAE.

2138 493 2505 576 Fulgentius
2532 512 2679 556 eum
2705 496 3102 576 reprobasse,
3134 505 3197 560 et
3224 500 3379 576 Ado,
3416 503 3481 564 in
3502 506 3661 566 Chro-

2137 587 2291 662 nic.‚
2332 587 2695 650 haereticum
2734 607 2881 650 eum
2904 597 3117 664 νοσεῖς
3156 597 3221 654 et
3254 594 3475 656 eodem
3508 600 3663 662 modo

2140 682 2332 744 sentit
2360 681 2437 742 de
2466 681 2571 744 illo
2598 681 2975 746 Trithemius
3007 686 3073 746 in
3100 686 3351 762 Fausto,
3388 696 3450 750 et
3468 691 3661 754 Joann.

2138 777 2507 840 Montinien.
2544 778 2609 837 in
2643 777 2905 857 epistola
2946 779 3027 840 ad
3055 781 3377 844 Lectorem
3414 801 3546 862 quie
3578 787 3665 848 ha-

2138 871 2327 932 betur
2386 874 2535 930 ante
2594 889 2787 950 opera
2848 873 3133 952 Prosper-i
3152 919 3173 950 ‚
3226 876 3313 936 ait
3376 876 3663 953 Faustum,

2139 982 2285 1026 cum
2338 963 2635 1026 Cassiano
2684 971 2747 1026 et
2804 967 2941 1028 aliis
2965 1012 2982 1041 ,
3040 971 3455 1047 pervertendo
3496 974 3667 1052 potius

2140 1075 2331 1137 quam
2356 1057 2751 1132 disserendo,
2782 1077 3183 1141 oppugnasse
3211 1080 3407 1140 opera
3417 1064 3667 1146 Prosperi

2140 1150 2220 1212 de
2256 1151 2489 1213 Gratia.
2544 1152 2618 1212 Et
2668 1153 2965 1232 quoniam
3006 1153 3393 1228 Gennadius,
3439 1157 3501 1216 in
3540 1158 3669 1220 libro

2139 1245 2221 1306 de
2248 1245 2375 1306 Vir.
2408 1244 2723 1320 illustrib„
2756 1263 2945 1326 quem
2965 1246 3126 1308 libro
3146 1247 3317 1309 beati
3342 1248 3669 1329 Hieronymi

2140 1338 2389 1418 adjecit,
2422 1338 2719 1398 Faustum
2740 1346 2803 1400 et
2830 1340 2968 1419 ejus
2992 1339 3183 1402 libros
3212 1341 3291 1402 de
3320 1342 3520 1420 gratia
3544 1345 3672 1404 mul-

2144 1435 2279 1494 tum
2340 1432 2774 1506 commendat,
2837 1433 3039 1513 ipsum
3088 1433 3485 1496 Gennadium
3534 1435 3671 1498 idem

2142 1526 2177 1588 J
2182 1543 2419 1588 oannes
2446 1525 2812 1588 Montinien.
2848 1533 3207 1605 suspectum
3247 1526 3399 1588 facit
3427 1527 3673 1608 Pelagia-

2140 1637 2240 1680 nae
2270 1619 2544 1680 heresis.
2584 1621 2661 1680 Et
2700 1619 3081 1698 conjecturae
3110 1638 3271 1699 quas
3306 1619 3577 1694 adducit,
3598 1622 3674 1682 in-

2138 1713 2337 1773 firmae
2368 1729 2495 1772 non
2530 1717 2697 1785 sunt,
2740 1713 3025 1791 quamvis
3062 1714 3229 1775 male
3256 1715 3673 1794 interpretetur

2140 1823 2279 1886 cap.
2316 1808 2389 1868 21
2424 1806 2503 1868 de
2530 1805 2887 1868 Ecclesiast.
2918 1805 3223 1887 dog-mat„
3254 1806 3335 1868 de
3364 1825 3491 1888 quo
3516 1827 3672 1888 supra

2140 1899 2375 1961 dictum
2405 1904 2520 1960 est.
2562 1899 2870 1978 Denique,
2908 1899 3052 1960 licet
3078 1899 3144 1960 in
3178 1900 3425 1979 praefat.
3455 1901 3672 1962 illorum

2138 1992 2441 2054 librorum
2462 2037 2480 2065 ,
2512 1991 2781 2054 Faustus
2812 1998 2982 2054 recte
3026 1992 3107 2054 de
3156 1994 3363 2071 gratia
3404 1993 3569 2074 loqui
3604 1997 3675 2056 vi-

2140 2086 2382 2159 deatur,
2417 2091 2630 2146 tamen
2660 2085 2958 2162 Isidorus,
2986 2087 3053 2146 in
3090 2087 3231 2147 Vita
3268 2086 3575 2168 Fulgentii
3604 2093 3673 2164 (ut

2140 2179 2478 2258 allegatum
2501 2178 2731 2258 reperi,
2770 2178 2975 2258 ipsum
3005 2180 3172 2240 enim
3196 2179 3416 2242 videre
3442 2200 3567 2242 non
3590 2202 3677 2262 po·

2137 2273 2275 2352 tui),
2331 2273 2419 2333 ait
2466 2273 2766 2333 Faustum
2825 2273 3173 2334 incredibili
3205 2273 3545 2336 calliditate
3584 2279 3677 2338 Ca-

2140 2366 2441 2430 tholicum
2476 2366 2674 2428 videri
2712 2367 3005 2438 voluisse,
3046 2385 3193 2428 cum
3230 2375 3401 2430 esset
3428 2369 3677 2448 Pelagia-

2140 2479 2281 2520 nus.
2314 2459 2705 2540 Quapropter
2730 2459 2909 2522 multi
2942 2459 3227 2521 moderni
3266 2461 3594 2541 scriptores
3620 2463 3677 2522 li-

2140 2553 2289 2616 bros
2326 2553 2465 2614 illos
2520 2571 2667 2614 cum
2722 2558 2977 2614 auctore
3030 2553 3325 2632 rejiciunt
3350 2600 3367 2628 ,
3426 2557 3679 2634 quamvis
3792 2567 3794 2642 j

2141 2664 2271 2708 non
2326 2647 2532 2708 desint
2580 2649 2867 2710 nonnulli
2904 2649 3009 2728 qui
3066 2647 3369 2710 Faustum
3399 2650 3517 2712 hac
3556 2658 3677 2710 nota
3792 2693 3795 2742 !

2135 2740 2407 2802 liberare
2436 2739 2753 2814 studeant,
2802 2741 2949 2820 quia
2979 2741 3043 2802 in
3086 2743 3177 2802 eis
3216 2741 3397 2802 libris
3436 2743 3583 2802 nihil
3606 2745 3679 2802 vi-

2136 2833 2321 2895 detur
2347 2832 2635 2907 inveniri,
2678 2833 2847 2914 quod
2884 2851 3029 2894 eum
3066 2835 3387 2896 catholica
3420 2835 3677 2896 doctrina

2138 2933 2355 3007 aperte
2396 2933 2731 3008 repugnet.
2764 2927 3035 3005 (Contra
3074 2927 3373 2990 Faustum
3424 2930 3680 2990 scribunt

2136 3016 2366 3084 Joann.
2399 3038 2440 3081 a
2462 3022 2733 3094 Bonon.,
2752 3021 2864 3082 lib.
2902 3019 2980 3082 de
3009 3021 3333 3096 Pmdest„
3362 3042 3425 3103 p.
3466 3025 3525 3096 3,
3554 3042 3675 3102 pag.

2138 3116 2289 3188 1163
2318 3115 2630 3188 Turrim„
2662 3115 2726 3177 in
2754 3116 2864 3176 lib.
2900 3116 2979 3177 de
3007 3116 3201 3179 Elect.
3228 3116 3457 3190 divin„
3486 3118 3589 3178 fol.
3616 3121 3675 3189 ὃς

2137 3208 2456 3282 Bellarm.‚
2490 3208 2531 3269 1.
2578 3212 2619 3271 2
2662 3210 2743 3271 de
2770 3210 2939 3271 Grat.
2964 3256 2981 3283 ,
3012 3228 3070 3270 c.
3106 3214 3174 3273 11
3226 3216 3293 3272 et
3334 3214 3433 3273 ⁴5.
3472 3246 3552 3259 —
3582 3214 3678 3272 Pro

2136 3299 2363 3362 Fausto
2400 3301 2678 3363 scribunt
2713 3303 3024 3374 Ruardus‚
3064 3308 3181 3364 art.
3206 3306 3266 3375 7,
3292 3304 3331 3383 ἓ
3356 3303 3497 3369 Nec
3520 3307 3679 3387 ipsa,-

2138 3393 2404 3467 Driedo‚
2448 3393 2527 3455 de
2574 3394 2912 3467 Concord.,
2966 3394 3075 3457 fol.
3122 3396 3225 3470 20,
3270 3397 3349 3458 52
3394 3403 3465 3459 et
3490 3398 3587 3465 57,
3632 3405 3679 3457 et

2136 3492 2381 3547 tractat.
2438 3488 2481 3547 4
2536 3486 2619 3549 de
2684 3488 2970 3567 Captivit.
3032 3495 3097 3550 et
3150 3488 3495 3569 redempt„
3544 3509 3595 3549 c.
3632 3492 3680 3561 2,

2138 3585 2299 3659 part.
2333 3582 2405 3653 ὃς
2430 3580 2707 3652 covarr„
2738 3581 2779 3641 l.
2803 3581 2846 3641 4
2870 3580 3129 3656 variat„
3160 3600 3215 3643 c.
3246 3584 3379 3662 17.)

2220 3668 2354 3733 Alia
2384 3671 2739 3733 testimonia
2768 3674 3043 3748 Petrum,
3086 3674 3315 3755 quibus
3348 3694 3543 3756 supra
3566 3694 3681 3755 pro-

2134 3766 2421 3827 bavimus
2460 3763 2547 3827 ita
2576 3764 2713 3826 dari
2754 3768 2941 3829 nobis
2972 3768 3387 3831 sufficientem
3416 3771 3680 3851 gratiam,

2138 3865 2206 3920 ut
2244 3857 2323 3919 sit
2370 3856 2435 3919 in
2466 3862 2773 3937 potestate
2816 3866 3031 3923 nostra
3058 3862 3295 3923 habere
3336 3862 3551 3923 omnia
3588 3880 3685 3921 ne.-

2136 3952 2407 4013 cessaria
2447 3950 2527 4011 ad
2564 3952 2978 4031 operandum,
3016 3954 3180 4017 hanc
3222 3955 3416 4016 etiam
3458 3962 3682 4035 partem

2132 4044 2527 4119 confirmant,
2552 4064 2727 4121 nam,
2759 4066 3158 4127 quacumque
3188 4050 3434 4110 ratione
3458 4066 3683 4111 assera-

2129 4147 2234 4203 tur
2271 4140 2479 4202 divina
2528 4142 2817 4203 voluntas
2870 4144 3113 4218 efficax,
3160 4147 3222 4205 et
3254 4142 3683 4223 -praedetermi-

2130 4252 2291 4295 nans
2320 4239 2623 4307 nostram,
2660 4252 2797 4295 esse
2826 4236 3186 4297 necessaria
3212 4236 3293 4297 ad
3326 4242 3683 4317 supernatu-

2130 4328 2297 4389 rales
2338 4332 2535 4397 actus,
2592 4328 2949 4389 necessario
3010 4330 3293 4408 sequitur
3345 4329 3519 4391 illam
3567 4348 3675 4390 non

2134 4438 2272 4481 esse
2302 4420 2365 4480 in
2396 4424 2702 4499 potestate
2744 4428 2982 4495 nostra,
3026 4426 3095 4483 ut
3132 4422 3281 4483 satis
3309 4422 3679 4484 declaratum

2134 4519 2249 4575 est.

2132 4699 2243 4762 Em
2276 4698 2659 4763 scholasticis
2704 4702 2811 4781 qui
2854 4706 3069 4766 contra
3098 4700 3407 4767 ›to-reticos
3444 4702 3687 4785 seripse-

2356 4798 2529 4869 nmt,
2556 4794 2757 4857 eadem
2782 4794 3014 4857 veritas
3042 4797 3457 4876 confirmatur.

2192 4980 2292 5041 22.
2315 4979 2705 5061 Quapropter
2718 4998 2797 5042 ex
2812 4982 3195 5045 scholasticis
3217 4986 3583 5047 Ductoribus
3598 4986 3683 5047 ni-

2132 5072 2218 5133 hil
2248 5072 2391 5134 novi
2418 5080 2534 5147 est,
2566 5074 2737 5154 quod
2764 5076 2883 5137 hoc
2912 5076 3051 5139 loco
3082 5078 3445 5155 afferamus,
3474 5087 3683 5157 praeter

2134 5182 2210 5226 ea
2253 5183 2392 5244 quae
2433 5166 2591 5227 libro
2644 5168 2843 5247 primo
2882 5169 2963 5231 de
3020 5171 3297 5255 generali
3350 5190 3645 5235 concursu
3664 5218 3677 5239 .

2134 5276 2247 5319 seu
2274 5260 2515 5321 influxu
2544 5261 2759 5339 primae
2802 5280 3007 5325 eausoe
3040 5264 3309 5326 adducta
3338 5272 3516 5337 sunt;
3544 5284 3681 5327 nam

2132 5352 2215 5413 ‘dli
2247 5354 2309 5413 in
2338 5353 2701 5415 universum
2740 5356 3083 5435 loquuntur
3104 5356 3183 5419 de
3208 5360 3447 5421 actibus
3473 5360 3681 5419 volun-

2131 5446 2311 5519 tatis,
2356 5452 2485 5507 tam
2538 5449 2929 5511 naturalibus
2966 5470 3159 5530 quam
3210 5452 3679 5533 supernaturali·

2132 5540 2285 5614 bus;
2334 5548 2396 5603 et
2433 5542 2591 5603 ratio
2621 5542 2945 5619 libertatiS,
2988 5546 3053 5605 in
3090 5560 3215 5625 qua
3252 5546 3552 5620 nituntur,
3582 5564 3679 5629 ge-
