3850 6225
741 399 877 452 CM).
914 400 953 451 1.
986 399 1155 463 Quot·
1186 399 1425 452 numm
1458 397 1731 451 ΑΒΒΙΤΒΙΙ
1763 398 2065 452 Lim-:Rus
2097 399 2636 462 mmrfssnssn'rmm,
2673 399 2808 452 E‘l'c.
3335 393 3372 454 7

160 519 355 580 qnam
376 501 441 562 in
460 501 877 563 inferioribus
906 503 1161 564 Patrum
1183 501 1524 562 sententias
1546 499 1730 561 omit-

166 595 353 656 timus
376 639 393 666 ,
448 594 619 675 quod
652 595 1177 674 frequentissimae
1208 594 1332 655 sint
1352 637 1367 666 ,
1419 593 1569 654 etin
1599 597 1728 654 toto

164 688 355 766 h‘uJus
376 687 585 766 operis
603 705 945 768 progressu
968 687 1331 765 frequenter
1350 684 1727 764 attingendae

167 781 313 841 sint.

250 879 309 935 7.
356 876 613 938 Ratione
640 876 939 956 probatur
961 893 1114 939 ms
1150 874 1327 938 liberi
1352 869 1615 936 arbitrii.
1650 903 1733 916 -

1809 502 1850 560 4
1892 519 1948 560 c.
1993 501 2072 562 de
2116 501 2318 562 Divin.
2360 520 2568 573 nom.‚
2616 519 2757 562 cum
2803 500 3092 574 dixisset,
3137 500 3374 560 malum

1812 593 2092 673 (scilicet)
2125 595 2326 673 eulpae
2361 613 2438 655 ex
2467 594 2888 655 imbecillitate
2917 595 3244 673 proficisci,
3291 594 3374 652 si-

1810 687 2000 764 bique
2043 687 2110 746 in
2141 687 2312 746 hunc
2354 687 2614 746 modum
2643 687 3007 765 objecisset:
3059 686 3188 749 Sed
3221 686 3376 748 dicet

1810 777 2114 860 quispiam
2129 779 2482 860 infirmitati
2497 779 2864 860 supplicium
2889 797 3009 840 non
3033 779 3245 850 deberi,
3272 779 3382 841 sed

1812 877 2044 946 contra,
2080 870 2332 948 veniam,
2363 873 2741 950 respondet:
2783 869 2864 934 Si
2889 889 3008 933 non
3037 875 3377 952 suppeteret

165 967 345 1030 Ratio
374 972 587 1028 tamen
615 968 823 1030 brevis
858 966 1387 1048 praetermittenda
1426 983 1554 1025 non
1588 969 1683 1024 est
1712 981 1729 1034 3
1800 971 2096 1047 potestas,
2139 972 2294 1030 recte
2321 985 2385 1028 80
2412 967 2669 1036 haberet,
2714 967 3070 1046 honestaque
3097 969 3248 1026 esset
3275 982 3377 1025 ra-

164 1079 317 1122 nam
358 1061 441 1122 ad
480 1079 555 1122 ea
597 1079 737 1140 quse
778 1062 1043 1124 dicenda
1083 1067 1229 1122 sunt
1267 1059 1565 1122 conferet.
1612 1059 1733 1118 Aut

166 1173 319 1234 ergo
352 1155 545 1216 homo
568 1173 649 1216 ex
674 1161 900 1216 natura
930 1173 1043 1216 sua
1074 1154 1339 1232 incapax
1368 1157 1464 1213 est
1490 1169 1642 1212 usus
1663 1150 1732 1209 li-

159 1247 425 1308 bertatis
448 1266 489 1308 a
516 1248 701 1309 nobis
728 1247 1025 1327 expositae
1054 1265 1199 1308 cum
1229 1243 1525 1325 praedicta
1554 1242 1734 1304 indif-

160 1339 456 1413 ferentia,
492 1347 603 1402 aut
624 1345 719 1402 est
743 1359 943 1420 capax
970 1339 1127 1420 ejuS.
1168 1339 1233 1402 Si
1264 1338 1537 1418 primum
1566 1335 1735 1397 dica-

164 1437 291 1506 tur,
325 1433 613 1510 sequitur
638 1452 767 1494 non
796 1433 996 1494 solum
1024 1451 1235 1494 carere
1266 1431 1587 1492 hominem
1614 1447 1733 1489 usu

164 1524 367 1584 libero
403 1543 663 1586 suorum
688 1532 940 1587 actuum
964 1571 981 1598 ‚
1024 1525 1135 1587 sed
1169 1525 1359 1586 etiam
1395 1541 1609 1584 carere
1640 1522 1736 1582 in·-

166 1623 346 1678 terna
388 1617 685 1682 facultate
708 1665 725 1692 ‚
774 1625 839 1681 et
873 1619 1150 1698 potentia
1186 1635 1327 1698 quae
1366 1622 1591 1678 natura
1620 1633 1735 1676 sua

169 1715 396 1789 potens
424 1712 505 1772 sit
532 1712 777 1792 operari
807 1729 953 1773 eum
986 1711 1279 1791 praedicta
1314 1708 1733 1770 indifferentia

171 1810 234 1865 et
262 1805 565 1874 dominio,
608 1806 778 1884 quod
816 1805 885 1866 in
918 1804 1402 1884 disputationem
1436 1819 1582 1864 cum
1617 1803 1734 1862 Ca-

169 1899 417 1960 tholicis
462 1918 591 1960 non
636 1899 804 1960 eadit
841 1919 857 1972 ;
914 1904 1012 1960 est
1057 1898 1225 1960 enim
1272 1895 1731 1958 evidentissime

164 1997 383 2052 eontra
406 1991 751 2054 doctrinam
771 1993 940 2054 fidei.
968 1994 1130 2072 Ergo
1152 1990 1507 2054 necessario
1528 1989 1733 2050 faten-

166 2084 323 2146 dum
364 2091 460 2146 est
495 2085 817 2146 hominem
860 2091 1087 2146 natura
1122 2102 1237 2146 sua
1266 2101 1404 2145 esse
1434 2100 1731 2162 capacem

166 2179 357 2256 hujus
380 2177 559 2238 liberi
588 2197 765 2253 usus,
798 2185 861 2240 et
882 2179 1117 2240 habere
1145 2179 1457 2240 internam
1478 2176 1735 2236 faculta-

167 2278 297 2333 tem
325 2270 409 2331 ad
431 2270 647 2344 illum;
689 2289 842 2350 ergo
874 2272 1063 2333 etiam
1090 2272 1155 2331 in
1184 2269 1411 2331 actuali
1442 2269 1733 2330 exercitio

167 2366 593 2426 humanarum
650 2365 967 2426 actionum
1022 2365 1250 2425 retinet
1302 2364 1471 2424 hunc
1523 2378 1731 2432 usum,

168 2458 326 2519 alias
368 2463 595 2536 praeter
630 2464 923 2519 naturam
966 2475 1216 2537 semper
1250 2461 1567 2535 ageretur,
1616 2471 1736 2514 nee

164 2553 337 2612 Deus
354 2550 440 2610 illi
455 2550 811 2630 provideret
828 2550 1013 2611 modo
1034 2549 1452 2622 convenienti,
1483 2565 1733 2626 suaeque

166 2652 413 2706 natnrae
450 2644 945 2706 accommodato.
1000 2644 1255 2706 Accedit
1291 2643 1461 2722 quod
1492 2643 1573 2704 ad
1598 2659 1737 2703 rem

166 2737 477 2800 moralem
528 2737 789 2817 perinde
834 2742 1001 2798 esset
1044 2737 1366 2797 hominem
1410 2753 1733 2814 nunquam

165 2832 378 2910 reipsa
416 2849 531 2892 sua
559 2830 758 2892 libera
797 2830 885 2891 uti
925 2830 1249 2902 facultate,
1288 2847 1363 2891 ac
1400 2829 1573 2889 illam
1604 2846 1735 2888 non

165 2925 443 2998 habere3
478 2941 687 3003 neque
718 2923 887 2984 enim
920 2923 1141 3002 maj0ri
1168 2921 1357 2983 laude
1384 2927 1495 2982 aut
1520 2939 1735 3000 repre-

170 3017 477 3078 hensione
506 3017 733 3096 dignus
762 3021 929 3078 esset
954 3016 1015 3076 in
1044 3016 1177 3076 suis
1205 3015 1465 3088 actibuS‚
1499 3014 1573 3087 si,
1606 3032 1735 3074 non

176 3110 421 3172 habens
446 3110 757 3171 internam
794 3109 1153 3171 facultatem
1180 3108 1263 3170 ad
1288 3109 1453 3171 bene
1484 3113 1546 3169 et
1569 3106 1735 3169 male

174 3192 569 3285 dperandum
589 3248 606 3277 ‚
640 3205 939 3265 alterutro
972 3222 1051 3265 ex
1075 3204 1173 3265 his
1200 3203 1403 3265 modis
1440 3220 1736 3283 operare-

159 3304 289 3371 tur,
326 3315 519 3377 quam
548 3296 623 3369 si,
648 3297 891 3357 habens
908 3295 1103 3368 illam,
1134 3314 1355 3359 carens
1380 3302 1593 3357 autem
1615 3314 1731 3355 usu

161 3393 302 3469 ejus
344 3409 423 3451 ex
457 3390 905 3469 impedimento
935 3432 953 3462 ,
1002 3394 1113 3449 aut
1148 3407 1339 3451 causa
1371 3388 1581 3468 aliqua
1614 3388 1731 3449 sibi

161 3484 425 3543 minime
452 3482 840 3555 voluntaria,
882 3480 1119 3543 eisdem
1157 3481 1361 3543 modis
1394 3487 1610 3561 ageret
1632 3479 1733 3541 vel

164 3576 377 3656 potius
406 3582 719 3657 agentur.
756 3577 889 3636 Hae
918 3576 1087 3637 enim
1113 3575 1193 3636 de
1222 3592 1413 3636 causa
1436 3577 1523 3635 ita
1551 3593 1732 3636 excu-

162 3677 340 3731 satur
384 3688 423 3729 a
464 3669 649 3748 eulpa
679 3712 697 3741 ,
738 3668 847 3747 qui
880 3687 957 3729 ex
998 3668 1338 3731 invincibili
1376 3668 1730 3747 ignorantia

162 3760 405 3840 aliquid
448 3761 583 3822 vult
608 3806 625 3834 ,
666 3779 741 3823 ac
768 3760 822 3821 si
854 3760 1112 3821 omnino
1148 3766 1314 3822 esset
1354 3760 1491 3821 talis
1520 3759 1735 3839 cogni-

162 3856 355 3917 tionis
384 3855 673 3933 incapax,
714 3855 818 3915 vel
848 3872 1089 3927 amens,
1136 3859 1244 3915 aut
1271 3853 1485 3932 aliquo
1514 3853 1733 3933 hujus-

160 3948 339 4009 modi
362 3946 631 4009 naturali
660 3946 911 4009 defectu
938 3950 1280 4007 teneretur.

248 4042 309 4102 8.
358 4040 531 4104 Num
574 4042 861 4121 probatior
910 4039 1274 4103 testimoniis
1320 4039 1609 4103 Petrum.
1652 4070 1733 4084 —

165 4134 589 4207 Quamobrem
610 4134 821 4195 omnia
844 4134 1177 4212 Scripturae
1200 4139 1263 4195 et
1286 4134 1537 4195 Patrum
1562 4132 1734 4193 testi-

164 4229 413 4297 monia,
458 4227 526 4287 in
567 4226 795 4305 quibus
835 4226 1328 4305 praescribuntur
1371 4225 1735 4287 hominihus

164 4323 485 4403 praecepta
503 4320 667 4381 bene
688 4319 1014 4397 operandi,
1044 4320 1147 4379 vel
1168 4319 1449 4389 consilia,
1474 4318 1735 4379 vellaus

170 4420 283 4477 aut
320 4413 727 4493 reprehensio
754 4457 771 4485 ,
820 4414 921 4473 vel
963 4413 1342 4492 promittitur
1379 4412 1731 4490 praemium,

166 4526 364 4589 poena
394 4510 502 4567 aut
537 4504 845 4586 judicium
872 4505 1153 4567 futurum
1180 4505 1568 4585 praedicitur,
1600 4523 1737 4565 om-

168 4600 279 4661 nia
310 4599 615 4677 (inquam)
644 4604 859 4677 aperte
878 4598 1251 4659 confirmant
1272 4616 1399 4660 non
1423 4598 1627 4659 solum
1648 4597 1737 4657 fa·-

168 4692 473 4755 cultatem
496 4690 759 4752 liberam
784 4691 851 4751 in
874 4691 1081 4764 nobie,
1110 4691 1222 4752 sed
1250 4691 1439 4752 etiam
1464 4708 1647 4751 usum
1674 4696 1737 4751 et

168 4785 537 4847 exercitium
563 4783 865 4845 libertatis
887 4802 1033 4845 cnm
1052 4779 1347 4863 proedicto
1376 4783 1651 4846 dominio
1672 4789 1737 4845 et

166 4877 609 4941 indifferentia.
640 4876 739 4939 Sic
768 4877 937 4939 enim
962 4878 1285 4955 eleganter
1308 4876 1463 4939 dixit
1490 4879 1736 4956 Augus-

165 4974 339 5034 tinus
361 4971 485 5049 (ep.
512 4971 617 5049 46)
651 4988 666 5029 :
704 4968 785 5033 Si
811 4988 931 5031 nou
952 4975 1043 5033 ort
1060 4968 1176 5033 Dei
1194 4971 1427 5051 qratia,
1454 4970 1737 5050 quomodo

164 5067 335 5129 Dem-
374 5063 577 5126 salvat
620 5064 953 5125 mvndvm?
980 5068 1035 5125 et
1090 5062 1148 5124 ri
1192 5080 1313 5124 non
1352 5067 1444 5125 est
1483 5063 1737 5125 liberum

166 5156 516 5228 arbitrium,
572 5157 855 5237 quomodo
892 5153 1140 5235 judicat
1188 5156 1477 5217 mundwm
1494 5156 1523 5216 ,2
1568 5154 1739 5215 Sicut

168 5251 341 5314 enim
371 5250 573 5327 gratia
612 5267 741 5309 non
780 5248 981 5309 salvat
1020 5248 1139 5309 nisi
1168 5266 1315 5309 eum
1356 5248 1461 5307 cui
1486 5266 1599 5325 per
1626 5246 1741 5307 ali-

164 5362 358 5425 quem
390 5349 599 5404 actum
623 5342 725 5403 vel
750 5340 1225 5403 convenientem
1252 5359 1439 5403 usum
1466 5340 1739 5419 applica-

163 5444 294 5511 tur,
326 5437 413 5498 ita
434 5434 745 5514 judicium
770 5452 899 5495 non
926 5433 1126 5497 fertur
1154 5434 1233 5495 de
1260 5433 1553 5495 facultate
1584 5433 1738 5493 libe-

167 5550 265 5604 ra,
299 5529 413 5592 sed
435 5528 516 5591 de
538 5528 739 5590 libero
767 5545 886 5588 usu
914 5526 1074 5606 ejus,
1104 5526 1495 5607 Quapropter
1522 5525 1733 5597 Dion„

1814 1059 1921 1123 tio.
1959 1058 2080 1123 Sin
2107 1077 2148 1122 a
2171 1060 2314 1122 bono
2333 1065 2604 1141 potestas
2627 1060 3060 1140 proficiscitur,
3091 1059 3248 1138 quod
3271 1057 3378 1119 dat

1814 1153 1905 1231 (ut
1941 1152 2152 1216 divina
2187 1154 2426 1233 scripta
2463 1153 2740 1231 tradunt)
2777 1152 3098 1232 unicuiqae
3139 1151 3377 1212 omnino

1813 1265 1883 1310 ea
1904 1265 2024 1328 qua
2045 1247 2146 1309 illi
2165 1248 2603 1310 acommodata
2625 1254 2791 1318 mat,
2820 1246 3124 1309 laudanda
3149 1261 3269 1304 non.
3285 1247 3377 1306 ert

1814 1360 1855 1404 a
1879 1343 2047 1404 bonis
2073 1343 2352 1422 defleam,
2383 1341 2703 1404 declinatio
2733 1345 2908 1420 atque
2927 1338 3262 1418 prolapsio.
3303 1337 3372 1396 In

1816 1434 2044 1514 quibus
2069 1434 2278 1495 verbis
2305 1439 2500 1493 totam
2536 1433 2846 1494 rationem
2886 1431 2966 1492 ob
3007 1449 3198 1509 quam
3241 1447 3377 1489 ma-

1814 1529 1947 1588 lum
1975 1526 2212 1587 homini
2241 1527 2614 1605 imputatur,
2652 1526 2718 1586 in
2743 1525 2974 1586 dictam
3003 1527 3376 1603 potestatem

1814 1627 1879 1683 et
1904 1620 2386 1681 indifferentiam
2419 1625 2694 1680 revocat.
2746 1619 2822 1678 Et
2853 1662 2869 1690 ,
2901 1621 2972 1677 ut
3000 1615 3277 1676 declaret
3309 1633 3377 1675 se

1814 1732 1944 1774 non
1993 1712 2163 1792 loqui
2211 1712 2290 1774 de
2337 1713 2470 1773 sola
2517 1713 2758 1772 remota
2805 1714 3110 1788 potestate
3135 1753 3150 1780 ‚
3207 1707 3380 1769 addit

1813 1804 2080 1867 conferri
2113 1805 2346 1866 homini
2385 1805 2596 1864 omnia
2621 1823 2696 1865 ea
2726 1822 2866 1883 quae
2905 1800 3375 1864 accommodata

1812 1905 1980 1973 sunt,
2010 1901 2224 1978 utique
2251 1900 2332 1960 ad
2354 1900 2625 1960 liberum
2650 1917 2836 1959 usum
2855 1897 2999 1958 talis
3029 1895 3373 1975 potestatis

1812 1995 1903 2057 Sit
1922 2013 2072 2074 ergo
2097 1994 2366 2072 primum
2390 1994 2580 2073 hujus
2597 1992 2874 2054 materiae
2893 1991 3376 2051 fundamentum

1813 2087 2228 2150 certissimum
2249 2131 2266 2158 ,
2305 2087 2438 2147 dari
2477 2088 2542 2147 in
2581 2087 2762 2147 nobis
2807 2085 3000 2146 talem
3024 2084 3378 2144 libertatem

1814 2199 1976 2261 quae,
2007 2181 2071 2241 in
2095 2181 2228 2259 ipso
2253 2199 2372 2240 usu
2401 2181 2822 2240 humanorum
2839 2185 3116 2252 actuum,
3140 2175 3378 2236 indiffe-

1814 2273 2081 2336 rentiam
2126 2273 2205 2333 ad
2249 2274 2590 2335 volendum
2616 2273 2716 2334 v-el
2744 2273 3087 2334 nolendum
3123 2271 3374 2340 habeat,

1816 2386 1946 2429 non
1973 2367 2143 2446 quod
2166 2373 2308 2446 post
2325 2385 2533 2440 usum,
2567 2385 2680 2428 seu
2705 2367 2772 2426 in
2793 2385 2982 2427 sensu
3005 2363 3369 2442 composito,

1817 2467 1889 2521 ut
1908 2461 2104 2532 aiunt,
2121 2467 2322 2522 stante
2343 2460 2570 2522 actuali
2593 2461 2979 2540 operatione,
3012 2459 3218 2520 adhuc
3243 2473 3380 2516 ma·-

1818 2559 1972 2616 neat
2023 2554 2437 2614 indifferentia
2461 2599 2478 2626 ,
2535 2555 2647 2616 sed
2695 2554 2862 2632 quod
2909 2555 3044 2632 ipse
3089 2569 3240 2612 usus
3301 2549 3381 2609 sit

1818 2666 1962 2710 cum
2009 2647 2446 2723 indifferentia,
2518 2665 2708 2726 quam
2761 2647 2990 2708 retinet
3049 2643 3328 2724 potentia
3356 2686 3377 2716 ,

1817 2742 2008 2802 etiam
2035 2741 2100 2801 in
2130 2741 2264 2820 ipso
2291 2741 2544 2801 instanti
2583 2741 2647 2801 in
2675 2758 2798 2819 quo
2829 2740 3026 2800 libere
3057 2741 3373 2816 operatur,

1814 2839 2002 2912 prout
2056 2833 2226 2912 prior
2265 2839 2488 2894 natura
2533 2833 2896 2912 intelligitur
2946 2831 3254 2910 applicata
3299 2826 3380 2886 ad

1816 2925 2204 3006 operandum
2237 2945 2380 2988 cum
2414 2927 2705 2987 omnibus
2728 2925 3042 3004 requisitis
3073 2924 3154 2985 ad
3184 2938 3382 3000 agen-

1816 3019 1990 3092 dum,
2019 3019 2097 3080 de
2124 3037 2248 3098 quo
2275 3019 2462 3080 latius
2487 3019 2714 3098 disput.
2750 3022 2826 3081 19
2851 3020 3024 3088 Met.,
3051 3022 3203 3078 sect.
3231 3019 3292 3078 9.

1894 3118 1957 3177 9.
2001 3115 2094 3175 Ex
2134 3132 2281 3193 quc,
2327 3118 2397 3174 ut
2439 3114 2584 3175 huie
2629 3115 2814 3194 capiti
2861 3114 3050 3174 finem
3094 3111 3380 3189 impona-

1814 3226 1981 3280 mm,
2013 3207 2212 3268 obiter
2243 3211 2597 3277 annotetur,
2629 3226 2756 3267 non
2783 3207 2932 3267 satis
2963 3224 3098 3267 esse
3127 3202 3375 3265 Doctori

1814 3300 2158 3380 TheologO.
2189 3300 2340 3361 dum
2360 3300 2524 3361 hanc
2549 3298 2696 3361 fidei
2726 3300 3050 3361 veritatem
3075 3295 3373 3365 defendit,

1814 3412 2032 3457 eamve
2056 3412 2200 3455 cum
2227 3393 2390 3468 aliie,
2418 3400 2529 3455 aut
2551 3394 2869 3473 principiis
2897 3391 3105 3464 certis,
3135 3395 3244 3451 aut
3267 3390 3378 3450 du-

1810 3488 1931 3549 biis
1955 3487 2352 3566 opinionibus
2381 3486 2689 3560 conciliat,
2719 3504 2851 3547 non
2888 3484 3195 3563 (inquam)
3226 3483 3377 3543 satis

1812 3600 1952 3643 esse
1998 3581 2047 3641 si
2097 3580 2250 3641 nihil
2283 3580 2507 3640 doceat
2543 3578 2714 3658 quod
2750 3580 3084 3658 ipsammet
3120 3576 3378 3637 faculta-

1812 3682 1941 3737 tem
1988 3674 2184 3735 lihere
2230 3673 2554 3752 operandi,
2602 3680 2904 3752 quantum
2949 3671 3024 3731 ad
3069 3674 3378 3731 remotam

1814 3768 1869 3847 ej
1880 3787 1952 3829 us
1967 3768 2311 3846 potentiam
2336 3766 2428 3843 (ut
2443 3767 2532 3827 sic
2557 3766 2812 3845 dicam),
2835 3770 3118 3826 evertere
3141 3766 3248 3823 aut
3267 3762 3379 3822 de·-

1814 3869 2053 3923 struere
2077 3860 2368 3922 ‘videatur
2402 3878 2416 3919 z
2451 3860 2564 3921 sed
2603 3858 3031 3921 necessarium
3076 3861 3376 3936 praeterea

1814 3974 1952 4018 esse
1976 3960 2046 4015 ut
2067 3954 2240 4015 illam
2269 3952 2558 4014 ostendat
2577 3970 2723 4013 vere
2753 3970 2828 4012 ae
2855 3952 2920 4011 in
2940 3969 3006 4011 re
3031 3968 3170 4011 esse
3193 3966 3379 4027 expe-

1814 4048 2008 4109 ditam
2035 4046 2116 4107 ad
2137 4047 2405 4108 liberum
2435 4063 2620 4105 usum
2646 4050 2710 4105 et
2729 4043 3092 4105 exercitium
3123 4058 3253 4103 suae
3281 4041 3377 4099 in-

1813 4139 2201 4214 differentiae,
2239 4138 2552 4216 nullisque
2589 4137 2860 4197 externis
2897 4154 2972 4197 ac
3003 4154 3134 4195 non
3158 4134 3376 4194 volun-

1812 4233 1988 4292 tariis
2016 4230 2480 4309 impedimentis
2498 4230 2583 4290 ita
2607 4229 2842 4289 involvi
2873 4235 2936 4289 et
2960 4227 3162 4305 ligari,
3191 4232 3262 4287 ut
3281 4243 3376 4285 re-

1813 4343 1966 4385 vera
2005 4342 2330 4403 nunquam
2369 4342 2484 4385 sua
2517 4324 2717 4384 libera
2759 4322 3054 4383 facultate
3089 4320 3178 4380 uti
3209 4320 3378 4378 sina-

1814 4425 1938 4478 tur.
1985 4418 2059 4478 Et
2099 4418 2216 4477 hoc
2246 4423 2338 4479 est
2377 4418 2446 4477 in
2472 4420 2603 4477 tota
2646 4416 2765 4476 hae
2795 4414 3213 4477 controversia
3246 4429 3372 4490 prae

1818 4510 2014 4572 oculis
2041 4510 2435 4581 habendum,
2479 4510 2778 4588 quoniam
2804 4526 3030 4571 verum
3059 4508 3120 4567 in
3149 4506 3254 4565 illa
3279 4505 3378 4583 ju-

1816 4602 2050 4663 dicium
2073 4588 2158 4663 ‘ex
2188 4604 2306 4663 hoc
2335 4602 2636 4681 principio
2667 4602 2938 4662 maxime
2979 4600 3216 4680 pendet
3247 4617 3262 4668 ;
3317 4604 3378 4657 et

1817 4696 1960 4757 ideo
2001 4714 2170 4757 nunc
2197 4696 2456 4756 modum
2493 4696 2680 4775 hujus
2719 4694 3150 4755 indifferentiae
3188 4690 3376 4769 paulo

1818 4789 2095 4849 exactius
2140 4788 2494 4855 declarabo,
2539 4788 2782 4848 etiamsi
2810 4785 3038 4847 limites
3065 4783 3383 4845 desidera·

1815 4887 1893 4942 tae
1920 4881 2242 4943 brevitatis
2279 4880 2582 4941 excedere
2621 4879 2858 4953 videar,
2896 4879 3218 4959 quoniam,
3258 4877 3378 4937 hoc

1820 4974 2016 5035 semel
2045 4973 2313 5034 stabilito
2353 4979 2416 5033 et
2449 4980 2737 5033 accurate
2765 4972 3104 5044 intellecto,
3135 4968 3378 5031 facilius

1821 5066 1939 5129 erit
1963 5066 2204 5144 reliqua
2229 5082 2619 5145 percurrere.

2463 5320 2728 5339 --·—-——-
