3850 6225
491 368 572 427 44

489 472 698 545 libile;
727 470 846 533 hoc
881 472 1032 534 item
1059 472 1209 533 satis
1230 491 1367 535 esse
1397 477 1465 534 ut
1487 491 1600 551 per
1623 472 1794 533 illam
1822 472 2048 533 motio-

493 584 642 627 nem
696 566 1029 627 efficaciter
1073 584 1109 627 a
1154 568 1286 627 Deo
1333 565 1732 627 determinari
1782 565 2045 627 dicatur.

495 658 618 719 Sed
643 658 948 737 imprimis
992 660 1110 720 hoc
1149 677 1279 719 non
1307 662 1510 737 potest
1539 660 1876 719 consistere
1906 676 2051 719 cum

496 751 590 811 his
633 752 1188 831 propositionibus:
1237 753 1459 815 Posita
1493 750 1608 813 Des·
1632 752 1908 825 motione,
1952 770 2054 814 vo-

493 845 704 909 luntas
721 862 842 907 non
859 851 1060 927 potest
1082 863 1200 907 non
1218 848 1459 928 operari
1472 869 1498 917 ;
1523 846 1653 905 vel:
1679 844 1900 908 Posito
1925 863 2056 908 mo-

495 937 674 1013 tione,
699 955 931 1001 necesso
958 942 1048 1003 est
1075 940 1334 1019 operari,
1377 956 1533 1017 quas
1587 938 1733 999 dicti
1764 942 2053 999 auctores

495 1036 558 1091 et
588 1048 753 1109 saepe
773 1031 1000 1093 docent
1025 1037 1086 1093 et
1120 1033 1194 1092 D.
1227 1033 1482 1093 Thomoe
1515 1032 1882 1093 auctoritate
1909 1032 2071 1093 con-'

493 1123 768 1197 firmant,
795 1124 903 1203 qui
934 1124 1000 1183 in
1025 1127 1081 1185 ⁴.
1115 1126 1176 1197 2,
1209 1142 1270 1202 q.
1307 1126 1405 1198 10,
1437 1126 1613 1185 artic.
1655 1126 1718 1199 4,
1759 1124 1841 1187 ad
1868 1127 1929 1200 3,
1964 1125 2053 1187 sic

495 1216 614 1277 ait:
671 1215 753 1279 Si
795 1218 960 1279 Deus
1003 1223 1230 1279 moveat
1267 1218 1636 1282 voluntatem
1680 1220 1764 1283 ad
1791 1219 2053 1299 aliquid,

492 1309 858 1391 impossibile
881 1314 972 1373 est
985 1310 1136 1391 poni
1174 1313 1333 1391 quod
1355 1312 1636 1375 voluntas
1658 1330 1778 1375 non
1823 1329 2057 1375 movea—

423 1486 428 1491 ⁸
495 1410 620 1467 tur.
667 1404 786 1467 Ubi
817 1422 946 1463 non
993 1404 1196 1465 solum
1249 1404 1336 1465 ait
1373 1423 1625 1484 semper
1651 1406 1736 1466 ita
1777 1406 2051 1477 evenire,

496 1499 608 1559 sed
646 1499 1028 1578 impossibile
1075 1518 1210 1561 esse
1245 1500 1424 1561 aliter
1448 1502 1833 1580 contingere.
1877 1500 2057 1573 Quod

493 1593 813 1654 verissime
843 1593 1016 1667 dixit,
1068 1610 1216 1654 nam
1246 1594 1488 1655 locutus
1531 1601 1623 1656 est
1667 1595 1747 1657 de
1777 1595 2055 1656 motione

495 1688 912 1767 cooperativa,
942 1706 1106 1767 quae,
1153 1688 1316 1750 facta
1351 1689 1823 1769 compositione,
1856 1690 2058 1751 inclu-

495 1780 584 1841 dit
615 1786 820 1841 actum
873 1781 1096 1861 ipsum.
1134 1782 1212 1841 At
1259 1782 1534 1861 praedicti
1566 1788 1852 1845 auctores
1879 1784 2057 1844 illum

493 1874 984 1953 interpretantur
1043 1875 1122 1936 de
1173 1876 1294 1935 hac
1338 1876 1616 1938 motione
1659 1877 1910 1956 praevia,
1942 1895 2059 1955 per

495 1986 685 2046 quam
717 1968 932 2029 dicunt
962 1970 1163 2029 Deum
1191 1968 1613 2030 determinare
1643 1969 2051 2031 voluntatem.

493 2062 660 2139 Ergo
696 2079 820 2121 non
853 2069 1116 2140 possunt
1144 2067 1602 2141 consequenter
1628 2062 1864 2137 dicere,
1895 2064 2057 2141 posi-

492 2159 556 2213 ta
581 2154 686 2213 illa
703 2154 1004 2228 motione,
1023 2174 1206 2233 posse
1227 2154 1614 2217 voluntatem
1633 2155 1804 2216 illam
1825 2157 2060 2235 abjice-

493 2264 586 2320 re,
620 2253 809 2325 prout
835 2247 1176 2309 Concilium
1205 2250 1311 2309 ait.
1347 2249 1584 2310 Deinde
1613 2249 1939 2310 videamus
1966 2268 2051 2311 an

495 2358 570 2401 ea
597 2340 924 2420 responsio
943 2343 1140 2421 possit
1155 2360 1298 2403 cum
1331 2342 1535 2422 priore
1577 2344 1890 2405 sententia
1915 2362 2061 2405 con-

495 2439 682 2507 stare,
714 2434 864 2512 quin
895 2453 1036 2497 eam
1085 2441 1350 2508 mutent,
1383 2441 1548 2497 etex
1577 2437 1892 2497 communi
1925 2456 2062 2497 om-

497 2526 674 2587 nium
699 2546 1006 2588 consensu
1031 2528 1168 2589 haec
1186 2529 1414 2607 praevia
1445 2530 1876 2591 determinatio
1906 2530 2061 2611 phy-

495 2621 622 2681 sica
651 2621 988 2683 voluntatis
1013 2642 1046 2683 e
1077 2622 1285 2685 medio
1309 2625 1582 2687 tollatur.

574 2715 633 2774 7.
677 2716 990 2777 Dissensio
1043 2718 1206 2780 inter
1249 2718 1536 2779 ultimum
1579 2737 1933 2801 responsum
1984 2736 2057 2783 ao

489 2807 754 2888 priorem
775 2809 1133 2874 sententiam
1161 2810 1438 2891 aper-itm·
1467 2828 1541 2875 σω
1565 2812 1794 2894 duplici
1833 2814 2051 2895 capite.

493 2931 574 2946 —
601 2902 938 2963 Possumus
975 2908 1187 2963 autem
1219 2906 1647 2983 argumentari
1701 2924 1828 2966 uno
1865 2906 2054 2967 modo

496 3014 574 3056 ex
602 2995 906 3075 principio
942 2996 1246 3057 efficiente
1298 2998 1670 3071 extrinseco,
1717 3017 1756 3059 a
1779 3017 1904 3077 quo
1925 3000 2057 3061 haec

495 3088 1062 3169 praedeterminatio
1095 3088 1408 3168 procedit;
1455 3090 1577 3153 alio
1602 3091 1789 3152 modo
1817 3110 1894 3152 ex
1921 3092 2058 3171 ipsa

493 3183 742 3245 formali
789 3183 1331 3257 determinatione,
1391 3203 1530 3264 quae
1595 3187 1895 3247 voluntati
1940 3188 2060 3246 im-

495 3275 678 3354 primi
733 3275 979 3348 dicitur,
1027 3277 1199 3354 prius
1247 3283 1474 3338 natura
1505 3296 1694 3356 quam
1735 3285 2053 3357 operetur.

495 3369 586 3428 Ex
637 3367 825 3447 priori
883 3369 1108 3447 capite,
1163 3377 1569 3450 argumentor
1615 3371 1680 3432 in
1727 3371 1896 3432 hunc
1923 3389 2060 3432 mo-

495 3462 682 3522 dum:
717 3463 770 3522 si
797 3463 961 3524 Deus
989 3463 1321 3526 efficaciter
1345 3483 1420 3526 ac
1441 3457 1698 3545 physice
1721 3465 2060 3544 proedeter-

495 3555 692 3617 minat
721 3556 1104 3618 voluntatem
1125 3557 1204 3618 ad
1237 3558 1473 3638 aliquid
1496 3558 1854 3632 volendum,
1881 3558 1945 3618 id
1968 3557 2061 3619 fa-

497 3650 579 3710 cit
615 3668 692 3710 ex
727 3651 1034 3726 absoluta,
1086 3651 1324 3712 efficaci
1359 3658 1420 3714 et
1468 3651 1920 3732 praedefinitiva
1951 3671 2062 3714 vo-

493 3741 757 3816 luntate,
806 3763 932 3823 qua
982 3745 1116 3806 vult
1145 3745 1464 3806 hominem
1511 3746 1596 3806 ita
1637 3746 2063 3824 praedetermi-

495 3855 674 3910 nare,
705 3843 772 3898 ut
811 3839 1066 3899 omnino
1095 3838 1242 3900 velit
1275 3837 1339 3900 id
1367 3838 1450 3899 ad
1475 3839 1646 3918 quod
1674 3839 1880 3918 ipsum
1902 3857 2062 3918 prae-

496 3932 904 4007 determinat;
945 3932 1058 3994 sed
1079 3933 1368 3995 voluntas
1396 3934 1678 3995 humana
1703 3952 1827 3994 non
1857 3933 2060 3995 solum

497 4045 626 4087 non
662 4027 931 4098 resistet,
973 4027 1085 4088 sed
1133 4045 1250 4088 nec
1275 4027 1568 4089 resistere
1591 4032 1796 4106 potest
1823 4027 2062 4088 efficaci

497 4120 795 4181 voluntati
839 4120 948 4180 Dei
978 4119 1586 4198 praedeterminantis
1633 4121 1832 4192 illam;
1881 4139 2056 4200 erge,

497 4212 700 4292 posita
746 4211 850 4271 illa
893 4213 1194 4286 motione,
1249 4231 1377 4274 non
1431 4212 1636 4275 solum
1673 4213 2057 4293 operabitur,

500 4305 614 4366 sed
644 4305 833 4365 etiam
859 4323 986 4365 non
1013 4306 1242 4384 poterit
1272 4324 1400 4368 non
1431 4306 1700 4385 operari,
1729 4323 1840 4366 seu
1865 4304 2061 4384 (quod

502 4397 670 4458 idem
712 4399 829 4477 est)
877 4417 1004 4458 non
1035 4400 1262 4476 poterit
1313 4401 1602 4462 resistere
1633 4393 1720 4458 illi
1755 4399 2059 4472 motioni;

499 4490 654 4550 alias
707 4489 1024 4551 resisteret
1063 4491 1174 4552 Dei
1215 4492 1536 4552 voluntati.
1599 4493 1796 4571 Major
1837 4497 1935 4552 est
1962 4508 2064 4551 re·-

502 4583 856 4661 eeptissima
891 4602 930 4642 a
969 4583 1282 4662 praedictis
1329 4584 1710 4658 auctoribuS,
1757 4603 1874 4644 nec
1917 4603 2061 4644 eam

502 4695 737 4755 negare
763 4683 1046 4755 possunt,
1077 4678 1194 4738 nisi
1235 4677 1490 4740 omnino
1519 4678 1738 4741 tollant
1764 4678 1880 4738 has
1903 4678 2061 4757 phy-

501 4772 664 4832 sicas
713 4771 1430 4849 proedeterminatione53
1467 4772 1612 4850 quia
1653 4791 1762 4834 eas
1809 4773 2061 4851 potissi-

499 4883 673 4926 mum
693 4865 1192 4938 introduxerunt,
1223 4869 1294 4926 ut
1317 4869 1512 4928 totam
1543 4865 1818 4927 divinam
1845 4867 2057 4946 provi-

501 4957 778 5018 dentiam
827 4957 892 5019 in
959 4959 1055 5020 his
1107 4959 1531 5020 voluntatibus
1593 4960 1951 5020 efficacibus
2000 4964 2063 5020 et

501 5049 1076 5130 praedefinientibus
1101 5051 1350 5114 fundari
1373 5051 1706 5129 docerent3
1733 5052 1902 5131 quod
1923 5071 2063 5132 pos-

501 5149 604 5205 tea
629 5145 1002 5206 videbimus.
1046 5146 1352 5225 Denique,
1413 5146 1463 5206 si
1505 5145 1610 5206 illa
1637 5146 2063 5224 praedetermi-

501 5239 670 5300 natio
699 5257 827 5299 non
853 5245 1020 5300 esset
1049 5258 1126 5302 ex
1159 5239 1395 5302 efficaci
1423 5238 1740 5302 voluntate
1766 5239 1904 5313 Dei,
1932 5258 2061 5300 non

503 5332 926 5413 haheressvim
967 5333 1048 5393 ad
1087 5332 1626 5395 determinandam
1675 5333 2060 5394 voluntatem

501 5425 772 5486 hominis
798 5426 1155 5499 efficaciter,
1205 5433 1274 5488 ut
1303 5427 1418 5505 ipsi
1461 5427 1710 5496 volunt:
1757 5427 1902 5506 quia
1934 5445 2063 5487 non

502 5523 706 5597 potest
735 5517 904 5578 illam
929 5518 1184 5596 habere,
1231 5520 1345 5582 nisi
1373 5539 1449 5582 ex
1477 5519 1712 5583 efficaci
1741 5520 2061 5582 voluntate

1249 372 1456 425 OPUSC.
1493 373 1536 435 1,
1567 372 1680 424 Llss.
1717 372 1756 423 1.
1793 370 1872 425 DE
1905 369 2223 424 CONCURSU
2255 374 2358 425 nm
2392 374 2517 427 CUM
2548 371 2937 426 VOLUNTATE.

2127 472 2277 546 Dei;
2337 490 2457 534 nec
2504 473 2693 535 etiam
2738 473 2871 533 haec
2912 472 3473 553 praedeterminatio
3525 476 3689 533 esset

2132 567 2353 629 efficax
2382 573 2451 628 ut
2470 568 2755 627 voluntas
2784 572 2927 627 actu
2953 573 3279 628 moveatur
3302 574 3364 627 et
3393 583 3687 644 cooperc-

2134 664 2266 731 tur3
2296 660 2465 739 quia,
2490 677 2567 720 ex
2585 659 2832 721 illorum
2854 660 3184 733 sententia,
3208 661 3496 721 voluntas
3517 676 3688 719 crea-

2131 756 2197 811 ta
2226 770 2549 830 nunquam
2580 758 2724 814 actu
2762 753 2996 831 aliquid
3040 754 3193 826 vult,
3228 754 3347 815 nisi
3388 754 3559 832 prius
3588 771 3689 811 vo-

2132 842 2339 905 luntas
2380 844 2659 907 increata
2720 846 3053 907 efficaciter
3098 846 3246 907 velit
3288 864 3362 907 ac
3401 843 3689 925 praeordi-

2132 943 2241 997 net
2268 936 2438 998 illam
2466 938 2531 999 id
2554 939 2737 1001 velle.
2798 940 2904 1001 Est
2928 957 3077 1019 ergo
3134 944 3304 999 certa
3344 938 3451 999 illa
3492 938 3690 1016 major

2132 1032 2473 1111 propositio
2538 1033 2604 1093 in
2667 1033 2895 1093 horum
2962 1038 3290 1093 auctorum
3354 1032 3683 1093 sententia.

2132 1126 2335 1187 Minor
2370 1145 2517 1187 vero
2557 1126 2639 1188 de
2676 1126 2799 1188 fide
2848 1132 2977 1199 est3
3013 1133 3081 1188 ut
3110 1127 3277 1188 enim
3316 1125 3545 1187 Paulus
3590 1124 3693 1201 (ad

2134 1222 2310 1281 Rom.
2336 1221 2399 1299 9)
2426 1220 2544 1281 ait:
2595 1220 2905 1287 Voluntati
2928 1220 3061 1298 ejice
3100 1218 3237 1301 quis
3261 1219 3539 1282 resistit?
3566 1218 3691 1287 Nisi

2134 1312 2293 1374 forte
2338 1313 2761 1393 respondeant
2787 1313 3053 1374 Paulum
3092 1331 3222 1373 non
3260 1311 3501 1373 dicere:
3546 1311 3695 1383 Quis

2136 1412 2341 1486 potest
2390 1406 2721 1468 resistcre?
2756 1406 2905 1467 sed:
2966 1406 3115 1479 Quia
3161 1406 3440 1470 resistit?
3493 1423 3695 1484 eaque

2134 1500 2375 1561 ratione
2414 1517 2543 1560 non
2582 1517 2719 1561 esse
2748 1500 2897 1578 ipsis
2928 1500 3332 1573 contrarium,
3369 1498 3539 1577 quod
3564 1517 3697 1559 non

2136 1594 2403 1656 doceant
2428 1594 2811 1655 voluntatem
2838 1594 3182 1655 humanam
3199 1611 3238 1654 a
3260 1592 3468 1654 divina
3488 1594 3699 1653 effica-

2136 1688 2292 1751 citer
2334 1693 2571 1753 motam
2606 1688 2662 1749 ei
2704 1688 3084 1761 restitutam,
3116 1687 3287 1767 quod
3328 1687 3555 1749 Paulus
3586 1706 3698 1747 ne-

2138 1787 2271 1861 gat3
2302 1782 2415 1843 sed
2450 1780 2656 1843 solum
2688 1800 2873 1861 posse
2902 1782 2959 1843 ei
2988 1781 3303 1855 resistere,
3336 1781 3508 1861 quod
3537 1782 3700 1842 Pau-

2134 1874 2233 1935 lus
2261 1893 2390 1937 non
2422 1881 2632 1954 negat.
2666 1876 2742 1935 At
2772 1874 2940 1935 enim
2968 1874 3108 1955 quis
3134 1893 3267 1935 non
3296 1876 3464 1937 dicat
3482 1875 3698 1953 fugam

2134 1970 2298 2029 hanc
2316 1965 2510 2029 videri
2540 1974 2755 2028 contra
2784 1974 3062 2029 mentem
3095 1968 3291 2040 Pauli,
3330 1968 3455 2028 imo
3478 1975 3697 2029 contra

2138 2079 2537 2124 communem
2576 2066 2867 2123 sensum?
2896 2061 3003 2122 llla
3032 2062 3266 2123 etenim
3289 2062 3615 2123 admiratio
3638 2069 3701 2124 et

2138 2156 2540 2235 interrogatio
2568 2155 2731 2216 hanc
2772 2155 2896 2216 vim
2920 2155 3148 2215 habet:
3179 2155 3327 2228 Quis
3356 2162 3577 2235 potens
3608 2164 3701 2218 cst

2141 2249 2221 2311 ad
2244 2247 2705 2310 resistendum?
2728 2248 2877 2321 Sed,
2902 2248 3015 2309 etsi
3058 2249 3123 2309 in
3161 2249 3353 2311 verbo
3372 2255 3571 2331 potest
3606 2250 3699 2309 vis

2142 2342 2273 2417 fiat,
2308 2342 2427 2403 hoc
2470 2343 2657 2403 etiam
2697 2342 2903 2421 ipsum
2950 2341 3269 2421 Scriptura
3314 2361 3444 2404 non
3484 2343 3696 2416 tacuit,

2140 2436 2365 2497 Esther
2389 2437 2498 2497 13:
2524 2434 2669 2501 Non
2688 2443 2781 2499 est
2796 2437 2901 2519 qui
2916 2434 3115 2519 possit
3138 2442 3263 2501 tuce
3286 2436 3568 2499 resistere
3602 2455 3703 2497 vo·-

2139 2532 2389 2595 luntati.

2218 2626 2279 2685 8.
2325 2622 2605 2688 Alterum
2659 2630 2865 2705 caput,
2910 2640 2986 2685 em
3032 2641 3145 2705 quo
3184 2624 3485 2706 probatur
3536 2624 3703 2686 dicta

2138 2717 2459 2780 dissensio.
2481 2749 2563 2762 —
2588 2718 2677 2777 Ex
2710 2716 2905 2777 altero
2932 2717 3156 2795 capite,
3192 2716 3424 2777 scilicet
3452 2734 3531 2777 ex
3550 2735 3701 2795 prae-

2138 2810 2660 2871 determinatione
2715 2809 2965 2871 formali
2989 2854 3003 2883 ,
3061 2815 3268 2889 potest
3320 2810 3511 2871 etiam
3572 2810 3703 2871 effi-

2139 2921 2254 2965 cax
2294 2907 2737 2981 argumentum
2782 2902 2967 2963 sumi.
3000 2904 3154 2965 Nam
3195 2902 3704 2964 illa-determina-

2138 2998 2223 3057 tio
2268 2994 2491 3056 dicitur
2536 3013 2675 3056 esse
2721 2994 2955 3075 aliquid
3000 2996 3375 3074 impressum
3406 3014 3443 3055 a
3476 2997 3610 3056 Deo
3638 2995 3707 3053 in

2138 3095 2351 3150 nostra
2380 3090 2696 3152 voluntate
2730 3108 2845 3169 per
2872 3090 3070 3150 solam
3118 3090 3231 3151 Dei
3262 3090 3655 3152 effectionem
3684 3107 3699 3148 :

2141 3182 2459 3262 interrogo
2492 3202 2641 3262 ergo
2672 3202 2753 3244 an
2786 3183 2889 3243 illa
2918 3183 3355 3244 determinatio
3400 3181 3711 3242 subdatur

2142 3275 2282 3336 usui
2320 3276 2521 3337 libero
2553 3277 2888 3338 voluntatis
2916 3277 2979 3336 in
3008 3275 3227 3336 ordine
3259 3275 3341 3336 ad
3370 3283 3576 3338 actum
3606 3295 3711 3337 se-

2141 3370 2449 3443 cundum,
2482 3370 2567 3430 ita
2604 3376 2675 3431 ut
2712 3369 2997 3430 voluntas
3026 3370 3221 3448 possit
3246 3369 3350 3429 illa
3372 3370 3460 3429 uti
3494 3377 3713 3430 etnon

2140 3463 2227 3522 uti
2268 3463 2349 3524 ad
2389 3463 2757 3536 volendum;
2788 3463 2886 3523 vel
2914 3481 3042 3522 non
3082 3463 3385 3524 subdatur
3414 3462 3526 3534 illi,
3565 3465 3705 3536 sed,

2141 3553 2245 3616 illa
2272 3557 2497 3634 posita,
2526 3557 2881 3617 necessario
2912 3562 3164 3617 emanet
3186 3556 3267 3616 ab
3296 3556 3403 3616 illa
3432 3556 3614 3631 actio,
3650 3564 3717 3618 et

2142 3667 2357 3710 secum
2396 3651 2599 3728 rapiat
2625 3650 3009 3712 voluntatem
3042 3649 3124 3710 ad
3172 3650 3466 3711 eumdem
3498 3657 3715 3710 actum

2142 3742 2551 3816 eliciendum;
2584 3745 2749 3805 inter
2777 3745 2913 3804 haec
2944 3744 3114 3804 enim
3142 3743 3268 3804 duo
3298 3744 3538 3804 nullum
3582 3763 3709 3823 po-

2140 3841 2261 3898 test
2298 3837 2577 3898 medium
2607 3839 2963 3918 excogitari.
2999 3837 3061 3900 Si
3095 3856 3247 3918 ergo
3292 3838 3561 3916 primum
3616 3857 3719 3898 as-

2143 3935 2409 4004 seratur,
2439 3931 2529 3990 nil
2558 3931 2731 3991 aliud
2752 3932 2814 3991 id
2838 3937 2933 3992 est
2962 3949 3151 4009 quam
3185 3931 3391 3992 dicere
3412 3930 3721 3991 determi-

2142 4023 2462 4085 nationem
2490 4025 2661 4084 illam
2687 4043 2815 4085 non
2842 4043 2981 4085 csse
3011 4024 3594 4086 determinationem
3630 4025 3721 4084 ad

2142 4137 2303 4197 opus
2332 4124 2394 4180 et
2431 4119 2511 4179 ad
2544 4119 2909 4180 exercitium
2937 4125 3133 4192 actus,
3166 4119 3279 4180 sed
3308 4137 3445 4180 esse
3466 4120 3549 4178 ad
3572 4137 3721 4179 mo-

2144 4210 2297 4272 dum
2330 4211 2659 4292 cujusdam
2712 4212 2962 4273 habitus
2998 4212 3099 4272 vel
3142 4218 3315 4273 actus
3364 4212 3570 4290 primi,
3604 4214 3722 4291 qui

2143 4303 2221 4366 de
2250 4323 2317 4364 se
2348 4305 2429 4365 ad
2456 4323 2655 4365 unum
2682 4312 2889 4366 actum
2920 4305 3210 4378 inclinat,
3242 4305 3448 4366 adhuc
3492 4310 3719 4365 tamen

2140 4399 2434 4478 relinquit
2458 4401 2801 4478 potentiam
2830 4399 3289 4461 indifferentem
3333 4405 3395 4459 et
3436 4399 3721 4458 indeter-

2141 4492 2443 4554 minatam
2475 4493 2683 4571 quoad
2730 4493 3112 4566 exercitium,
3146 4497 3209 4552 ct
3250 4499 3724 4570 consequenter

2144 4587 2333 4647 etiam
2372 4587 2581 4664 quoad
2628 4585 3176 4665 specificationem,
3242 4585 3387 4663 quia
3430 4586 3481 4646 si
3533 4585 3722 4644 illum

2142 4685 2350 4741 actum
2382 4697 2507 4738 non
2538 4683 2809 4751 exercet,
2834 4678 3060 4756 poterit
3090 4677 3311 4738 elicere
3334 4677 3551 4736 alium.

2218 4775 2279 4834 9.
2334 4771 2511 4842 Quod
2539 4772 2589 4832 si
2622 4773 2741 4832 hoc
2768 4776 2969 4831 totum
2998 4770 3395 4842 concedatur,
3428 4771 3723 4830 contenti

2140 4869 2391 4939 erimus,
2412 4868 2557 4945 quia
2578 4866 2713 4945 jam
2734 4866 2964 4927 tollitur
2983 4865 3419 4926 determinatio
3443 4866 3723 4945 physica

2141 4961 2479 5022 voluntatis
2516 4959 2597 5020 ad
2634 4977 2867 5032 unum;
2898 4977 3046 5020 nam
3085 4958 3173 5020 sic
3206 4960 3341 5037 ipsa
3376 4960 3719 5037 praemotio

2140 5055 2373 5130 divina,
2406 5061 2475 5116 ut
2502 5055 2565 5114 in
2594 5059 2803 5114 actum
2824 5051 3169 5114 secundum
3198 5056 3402 5127 exeat,
3430 5071 3469 5112 a
3490 5059 3723 5114 nostra

2140 5148 2423 5210 libertate
2454 5147 2752 5226 pendere,
2776 5146 2875 5206 vel
2898 5145 3061 5206 illius
3091 5145 3359 5206 liberum
3388 5165 3579 5206 usum
3609 5165 3725 5206 ex-

2140 5249 2419 5321 pectare,
2464 5241 2707 5302 dicitur.
2752 5241 3013 5313 Tamen,
3052 5238 3103 5300 si
3150 5240 3285 5300 haec
3333 5257 3487 5300 vera
3534 5247 3718 5314 sunt,

2140 5335 2367 5398 falsum
2415 5335 2669 5396 omnino
2721 5339 2814 5393 est
2859 5332 3031 5393 illam
3066 5332 3541 5412 proemotionem
3570 5353 3725 5396 esse

2142 5429 2725 5492 determinationem
2745 5427 3070 5507 physicam
3090 5433 3318 5487 nostrae
3338 5427 3723 5502 voluntatis;

2142 5523 2421 5605 alioquin
2442 5523 2629 5584 etiam
2658 5522 2909 5583 habitus
2938 5521 3061 5583 dici
3088 5527 3299 5600 posset
3328 5521 3733 5584 determina-
