3850 6225
515 411 634 474 538

512 519 836 598 proprium
865 521 1230 585 attributum
1267 519 1544 600 justitias,
1585 518 1825 581 habens
1855 537 2079 606 quam-

513 612 662 674 dam
677 615 1181 677 convenientiam
1199 613 1555 685 formalem,
1581 614 1696 674 etsi
1714 613 2077 692 analogum,

513 724 656 768 cum
679 707 918 786 justitia
947 708 1392 770 commutativa
1421 713 1654 779 creata,
1687 707 1931 768 ratione
1972 725 2081 767 cu·

506 799 613 879 jus
647 802 898 880 propria
939 809 1004 864 et
1042 800 1322 863 formatis
1367 801 1603 880 justitia
1635 801 2079 862 commutativa

514 891 636 954 dici
661 899 890 972 potest,
919 895 1063 957 licet
1083 914 1120 957 a
1139 895 1346 973 rigore
1371 894 1560 972 hujus
1583 893 1862 972 justitiae,
1893 897 2081 972 prout

515 991 610 1047 est
651 985 714 1046 in
757 989 1078 1062 creaturis,
1135 988 1346 1066 aliquo
1387 985 1576 1048 modo
1612 986 1924 1066 discrepet
1966 1005 2079 1048 seu

513 1075 758 1142 differat
804 1081 869 1142 in
913 1083 1158 1162 objecto
1209 1079 1452 1142 formali
1487 1099 1638 1154 suo;
1683 1087 1874 1160 atque
1915 1082 2079 1142 hanc

505 1171 812 1254 justitiam
835 1177 1109 1238 maxime
1139 1177 1300 1236 Deus
1347 1181 1598 1236 exercet
1627 1176 1692 1236 in
1729 1175 2075 1236 retribuen-

511 1265 608 1327 dis
643 1268 912 1346 praemiis
941 1269 1306 1331 meritorum
1327 1313 1342 1340 ‚
1385 1269 1486 1328 vel
1523 1267 1852 1347 condignis
1895 1267 2081 1328 satis-

511 1358 884 1420 factionibus
927 1361 1348 1441 acceptandis.
1385 1361 1604 1422 Plures
1641 1367 1851 1438 partes
1885 1360 2081 1421 habet

377 1476 396 1492 ·
511 1453 648 1514 hoec
678 1453 961 1527 assertio,
1006 1471 1168 1534 quas
1199 1455 1512 1534 sigillatim
1543 1455 1971 1534 probabimus.
2002 1455 2079 1514 Et

511 1546 814 1625 imprimis
845 1548 1218 1626 generatim,
1255 1548 1428 1628 quod
1455 1548 1521 1608 in
1547 1549 1680 1610 Deo
1727 1549 1805 1610 sit
1833 1549 1955 1610 hoc
1984 1553 2079 1608 at-

510 1639 812 1702 tributum
828 1642 1084 1720 justitiae
1111 1642 1594 1716 commutativae,
1625 1661 1702 1703 ex
1731 1642 1910 1704 dictis
1934 1643 2079 1702 hac-

511 1739 696 1796 tenus
727 1734 910 1796 facile
941 1735 1353 1796 concluditur.
1387 1735 1594 1796 Primo
1614 1781 1634 1810 ,
1683 1737 1830 1814 quia
1871 1735 2077 1794 omnis

511 1825 724 1900 virtus,
769 1845 908 1906 quoe
959 1829 1304 1889 formaliter
1345 1834 1594 1907 sumpta
1629 1825 2077 1907 perfectionem

512 1919 660 1980 dicit
685 1920 820 1981 sine
849 1921 1342 2000 imperfectione,
1371 1922 1434 1982 in
1461 1923 1590 1982 Deo
1617 1919 1961 1982 formaliter
1988 1917 2080 1978 in-

509 2014 776 2086 venitur,
811 2021 880 2075 ut
907 2015 970 2074 in
999 2015 1276 2076 secunda
1315 2015 1660 2076 assertione
1689 2012 2079 2074 declaratum

513 2113 610 2168 est
644 2125 661 2180 ς
718 2107 832 2168 sed
868 2107 1105 2186 justitia
1149 2107 1618 2178 commutativa,
1658 2111 1730 2166 ut
1765 2107 1876 2178 sic,
1922 2105 2073 2165 dicit

509 2200 980 2280 perfectionem,
1007 2207 1073 2262 ut
1097 2219 1214 2279 per
1237 2219 1304 2262 se
1331 2207 1549 2262 notum
1581 2204 1694 2276 est,
1739 2205 1802 2260 et
1831 2198 2071 2259 nullam

511 2293 773 2355 includit
811 2294 1348 2374 imperfectionem
1370 2339 1386 2367 ,
1431 2300 1502 2356 ut
1539 2293 1606 2354 in
1641 2293 1824 2354 tertia
1873 2309 2079 2353 asser-

510 2387 680 2450 tione
717 2391 814 2449 est
841 2389 1209 2468 probatum;
1241 2394 1338 2449 est
1367 2405 1520 2467 ergo
1548 2388 1614 2448 in
1645 2389 1774 2448 Deo
1799 2386 2081 2448 formali-

509 2487 629 2556 ter,
661 2481 906 2560 eritque
947 2499 1146 2542 unum
1177 2501 1254 2543 ex
1301 2481 1615 2543 attributis
1649 2482 1810 2559 ejuS.
1843 2482 2075 2542 Secun-

511 2573 617 2646 do,
649 2575 796 2652 quia
826 2575 890 2636 in
915 2577 1040 2636 Deo
1065 2581 1162 2636 est
1196 2575 1446 2654 propria
1468 2575 1732 2654 justitia,
1765 2577 1836 2634 ut
1869 2580 2081 2634 osten-

511 2667 744 2742 dimus,
785 2673 849 2730 et
879 2668 984 2728 illa
1025 2665 1216 2729 habet
1251 2667 1580 2728 formalem
1620 2667 1894 2748 aliquam
1930 2685 2081 2728 con-

509 2761 896 2822 venientiam
931 2779 1076 2822 cum
1113 2761 1352 2841 justitia
1390 2761 1830 2822 commutativa
1859 2759 2080 2819 huma-

508 2872 615 2926 na,
651 2873 778 2914 non
823 2860 1068 2914 tantum
1101 2853 1449 2916 secundum
1499 2845 2079 2915 communissimam

507 2947 823 3008 rationem
843 2947 1124 3026 justitiae,
1158 2947 1270 3008 sed
1313 2947 1498 3007 etiam
1537 2947 1602 3006 in
1641 2947 1738 3006 his
1779 2964 1916 3024 quoe
1942 2963 2081 3024 pro-

509 3039 646 3120 pria
675 3045 818 3100 sunt
861 3040 1116 3120 justitiae
1150 3040 1609 3101 commutativae
1649 3047 1834 3119 prout
1875 3058 1912 3098 a
1954 3038 2083 3098 dis-

509 3134 802 3223 tributiva
847 3134 948 3194 vel
987 3134 1168 3214 legali
1203 3135 1635 3213 distinguitur3
1665 3152 1816 3213 ergo
1857 3150 2083 3195 secun·

509 3228 662 3289 dum
689 3229 879 3290 talem
915 3230 1224 3291 rationem
1265 3248 1412 3291 vere
1456 3248 1528 3291 ae
1563 3230 1812 3309 proprie
1855 3228 2081 3291 dicitur

511 3320 666 3383 illud
693 3322 1056 3384 attributum
1097 3322 1376 3383 divinum
1409 3322 1648 3403 justitia
1686 3322 2079 3383 commutati·

510 3432 612 3477 va.
647 3414 856 3477 Minor
897 3433 976 3476 ex
1023 3415 1200 3476 dictis
1246 3415 1434 3477 etiam
1465 3421 1730 3488 constat,
1765 3415 1909 3493 quia
1940 3432 2079 3494 pro-

509 3508 719 3587 prium
752 3508 1010 3586 justitia
1036 3508 1490 3571 commutativae
1517 3514 1614 3569 est
1639 3508 1951 3587 respicere
1975 3508 2081 3587 jus

509 3600 834 3680 proprium
881 3605 943 3661 et
1001 3600 1376 3679 particulare
1441 3602 1696 3662 alterius
1716 3646 1731 3674 ,
1801 3605 1866 3661 et
1923 3600 2081 3662 illud

512 3694 766 3773 explere
815 3712 928 3754 seu
971 3694 1248 3755 tribuere
1286 3694 1632 3756 secundum
1661 3694 2077 3773 aequalitatem

511 3804 626 3847 seu
651 3786 1124 3865 proportionem
1151 3786 1238 3849 rei
1271 3786 1352 3847 ad
1377 3806 1547 3859 rem;
1591 3788 1711 3849 hoc
1741 3786 1909 3847 enim
1941 3806 2081 3847 mu·-

509 3896 632 3941 nus
661 3896 788 3939 non
817 3884 1056 3957 spectat
1085 3878 1167 3940 ad
1189 3880 1498 3961 justitiam
1523 3880 1818 3958 legalem,
1849 3898 1969 3942 nec
1999 3880 2081 3941 ad

511 3972 996 4045 distributivam,
1023 3979 1096 4033 ut
1129 3978 1348 4052 postea
1374 3974 1726 4036 videbimus
1751 3996 1764 4047 ς
1805 3982 1902 4039 est
1930 3994 2081 4053 ergo

511 4064 834 4145 proprium
863 4067 1356 4137 commutativoe;
1385 4074 1686 4129 ettamen
1727 4068 1880 4130 illud
1909 4086 2085 4131 exer-

511 4176 658 4220 cere
675 4156 918 4237 justitia
941 4157 1152 4219 divina
1179 4166 1408 4238 potest,
1441 4167 1510 4223 ut
1534 4178 1612 4221 ex
1625 4162 1816 4241 priori
1847 4168 2081 4241 puncto

511 4248 860 4332 generatim
889 4256 1086 4329 patet,
1115 4251 1263 4329 quia
1291 4253 1354 4313 in
1383 4252 1488 4314 illo
1519 4256 1661 4315 actu
1683 4254 1854 4315 nulla
1885 4255 2083 4316 invol-

510 4343 678 4405 vitur
703 4343 1112 4421 imperfectio.
1133 4346 1208 4406 Et
1231 4346 1404 4425 quod
1427 4348 1516 4408 ita
1545 4366 1618 4408 se
1647 4348 1937 4409 habuerit
1960 4348 2083 4409 cir-

513 4454 590 4497 ca
617 4434 838 4497 Christi
879 4437 1126 4497 Domini
1157 4440 1449 4500 meritum
1475 4445 1536 4501 et
1570 4442 2078 4514 satisfactionem,

514 4528 660 4589 alibi
699 4528 1110 4601 ostendimus,
1145 4538 1208 4592 et
1235 4531 1314 4593 de
1357 4534 1598 4594 caeteris
1636 4534 1995 4595 bominibus
2022 4534 2083 4593 id

515 4622 722 4682 statim
751 4622 1150 4701 attingemus.

589 4716 691 4776 28.
735 4716 1194 4794 Consequentia
1249 4736 1400 4779 vero
1449 4718 1651 4798 prima
1723 4722 2035 4800 probatur
2064 4766 2081 4794 ,

515 4814 652 4871 tum
681 4808 828 4887 quia
847 4809 1088 4888 justitia
1115 4812 1462 4875 secundum
1507 4813 1680 4875 illum
1707 4822 2083 4895 conceptum

517 4918 917 4963 communem
941 4903 1194 4981 justitiae
1223 4906 1536 4980 increatae,
1567 4913 1629 4968 et
1663 4908 1776 4969 soli
1802 4926 2089 4969 commu·-

515 4994 722 5055 tativae
753 5000 1000 5067 creatae,
1031 5016 1158 5057 non
1205 5004 1302 5059 est
1317 5000 1556 5078 justitia
1587 5001 1872 5063 absolute
1921 5008 1984 5063 et
2022 5002 2085 5061 in

516 5077 840 5147 communi
865 5095 1136 5168 sumpta,
1165 5092 1313 5168 quia
1343 5111 1470 5154 non
1503 5099 1598 5155 est
1625 5094 1977 5155 communis
2004 5093 2088 5155 ad

511 5178 819 5259 justitiam
871 5184 1381 5245 commutativam
1419 5191 1483 5247 et
1519 5184 1790 5265 legalem
1814 5206 1828 5221 ·
1877 5204 2085 5266 neque

523 5271 710 5333 etiam
735 5278 966 5351 ‘potest
1017 5274 1140 5335 alia
1207 5277 1600 5356 particularis
1649 5280 1794 5340 dete
1895 5281 2087 5340 inatio

517 5364 608 5427 illi
633 5364 806 5440 addi,
839 5372 908 5428 ut
939 5373 1112 5446 patet
1145 5368 1326 5433 tacite
1371 5370 1780 5433 discurrendo
1807 5390 1924 5451 per
1954 5390 2089 5433 om-

519 5476 636 5519 nes
669 5460 911 5540 species
933 5462 1189 5541 justitiae
1219 5464 1524 5525 hactenus
1547 5466 1965 5543 excogitatas3
1995 5484 2089 5527 er-

523 5568 604 5641 go
641 5552 877 5637 optime
925 5554 1152 5619 dicitur
1187 5574 1328 5621 csse
1363 5558 1605 5641 justitia
1643 5560 2088 5623 commutativa

2710 313 2740 346 b

1469 417 1684 471 OPUSC-
1719 373 1801 470 'vt
1839 417 2209 470 msrunuo
2242 419 2321 470 DE
2354 417 2627 470 Jusrl'na
2664 417 2782 471 om.

2158 519 2531 580 abstrahens
2572 539 2608 580 a
2654 523 2865 582 creata
2894 525 2955 582 et
2990 521 3305 595 increata3
3358 525 3491 582 tum
3526 525 3680 587 etiam

2158 613 2304 692 quia
2338 615 2467 673 tota
2508 613 2785 674 definitio
2806 613 3061 692 justitiae
3098 616 3551 676 commutativae
3582 619 3681 678 fcr-

2160 705 2405 768 maliter
2431 713 2699 786 sumpta,
2722 713 2791 768 ut
2818 725 2857 768 a
2878 707 3061 768 nohis
3086 707 3409 769 declarata
3432 715 3543 782 est,
3566 729 3683 772 con-

2158 799 2331 860 venit
2372 799 2515 860 huic
2560 799 2876 860 communi
2904 800 3128 861 rationi
3160 801 3443 880 justitiae,
3470 811 3529 862 et
3564 821 3683 864 con-

2160 898 2501 971 sequenter
2556 894 2744 953 etiam
2782 893 3043 973 justitiae
3088 893 3312 954 divinae
3379 896 3684 958 secundum
3787 939 3788 982 3

2159 985 2417 1046 modum
2462 985 2803 1066 proprium.
2860 987 3043 1050 Unde
3092 987 3351 1048 tandem
3394 1007 3683 1066 possumus
3787 987 3788 1038 ἶ

2158 1083 2523 1159 retorquere
2566 1087 3012 1160 argumentum
3046 1081 3219 1160 quod.
3264 1081 3461 1142 fiebat
3506 1091 3683 1144 contra

2159 1191 2309 1246 nos;
2340 1191 2487 1233 nam
2512 1174 2751 1253 justitia
2778 1175 3221 1236 commutativa
3248 1180 3353 1236 est
3394 1193 3529 1252 quae
3564 1196 3679 1238 cca-

2158 1267 2353 1328 stituit
2372 1267 2795 1346 aequalitatem
2820 1269 2887 1328 in
2914 1267 3074 1328 datis
3104 1275 3167 1329 et
3194 1269 3494 1346 acceptis;
3518 1269 3613 1328 sed
3632 1271 3681 1330 in
3787 1317 3788 1356 3

2157 1361 2287 1421 Deo
2334 1367 2429 1420 est
2466 1360 2709 1440 justitia
2761 1362 3146 1422 constituens
3194 1359 3601 1439 aequalitatem
3632 1363 3679 1422 in
3787 1379 3788 1456 }

2158 1452 2319 1514 datis
2358 1459 2421 1514 et
2446 1455 2739 1532 acceptis,
2768 1454 3115 1516 formaliter
3146 1455 3265 1528 hos
3292 1455 3581 1514 terminos
3610 1456 3683 1514 in-
3787 1467 3788 1502 ὲ

2162 1547 2520 1625 telligendo,
2552 1555 2622 1608 ut
2662 1566 2851 1628 supra
2894 1547 3395 1618 declaravimus3
3444 1565 3578 1625 ergo
3608 1557 3681 1610 est

2156 1640 2218 1700 in
2251 1640 2377 1702 Deo
2408 1643 2659 1720 propria
2695 1641 2933 1720 justitia
2962 1641 3433 1705 commutativa.

2237 1735 2337 1794 29.
2390 1731 2833 1798 Commutativa
2855 1734 3121 1815 jutitia
3142 1735 3425 1797 increata
3450 1736 3679 1813 quomoda

2158 1827 2374 1907 differt
2400 1845 2442 1888 a
2470 1828 3073 1892 creata—Sem&
3098 1825 3469 1910 differentia.
3486 1829 3683 1889 -Ter-

2159 1921 2249 1980 tia
2280 1921 2648 2000 differentia.
2670 1951 2749 1968 -
2768 1922 2845 1984 Ut
2873 1927 3085 1982 autem
3123 1920 3512 1998 intelligatur
3540 1921 3685 1982 diffe-

2158 2013 2361 2074 rentia
2398 2014 2561 2074 inter
2599 2015 2903 2094 ⁴justitiam
2942 2015 3457 2076 commutativam
3482 2016 3685 2075 increa-

2160 2119 2287 2168 tam
2332 2112 2393 2167 et
2434 2114 2705 2168 creatam
2733 2154 2749 2179 ,
2780 2125 2967 2186 quam
3006 2109 3071 2168 in
3106 2107 3390 2168 secunda
3426 2115 3585 2186 parte
3607 2128 3683 2168 as-

2160 2200 2448 2262 sertionis
2486 2201 2828 2280 tetigimus,
2870 2201 3129 2262 adverto
3170 2201 3391 2281 plures
3434 2201 3685 2262 differen-

2160 2295 2279 2355 tias
2322 2295 2657 2374 excogitari
2696 2311 2883 2374 posse
2924 2295 3091 2355 inter
3112 2296 3221 2375 jus
3262 2294 3509 2373 justitia!
3546 2313 3683 2356 ccm-
3787 2301 3788 2332 ³

2158 2389 2500 2460 matutine,
2533 2387 2701 2466 quod
2752 2388 2943 2448 habet
2992 2406 3398 2466 unaquaeque
3442 2397 3679 2449 creatura
3787 2429 3788 2438 ι

2158 2486 2451 2559 respectu
2492 2481 2789 2553 alterius,
2840 2485 2903 2540 et
2957 2481 3129 2559 quod
3180 2481 3377 2542 habet
3436 2490 3677 2561 respectu

2160 2575 2291 2634 Dei.
2320 2573 2525 2636 Prima
2552 2580 2669 2648 est,
2698 2573 2867 2652 quod
2890 2581 3095 2652 potest
3124 2592 3257 2634 una
3298 2583 3569 2635 creatura
3598 2577 3679 2636 ha-

2158 2668 2309 2728 bere
2332 2667 2437 2746 jus
2462 2667 2527 2727 in
2554 2667 2741 2726 aliam
2784 2667 3220 2746 independens
3250 2685 3291 2727 a
3314 2667 3609 2730 voluntate
3631 2677 3677 2730 et
3787 2697 3788 2714 2

2158 2760 2573 2837 promissione
2602 2759 2763 2838 ejus,
2792 2760 2937 2838 quia
2968 2761 3067 2822 vel
3096 2777 3174 2822 ex
3214 2767 3446 2821 natura
3466 2763 3677 2833 suaset

2161 2869 2237 2913 ex
2280 2853 2529 2931 speciali
2578 2851 2747 2914 dono
2797 2855 2929 2928 Dei,
2980 2856 3079 2916 vel
3130 2856 3257 2916 alio
3308 2855 3483 2916 titulo
3516 2861 3677 2937 potest

2160 2946 2395 3006 habere
2430 2947 2553 3006 tale
2594 2947 2943 3008 dominium
2982 2949 3083 3010 vel
3104 2949 3236 3028 jus,
3268 2949 3405 3009 sine
3432 2948 3545 3008 ullo
3564 2967 3678 3007 con-

2160 3057 2349 3101 cursu
2390 3041 2490 3099 vel
2530 3041 2951 3119 dependentia
2982 3042 3244 3102 alterius
3292 3049 3591 3103 creaturae.
3623 3043 3679 3104 Et

2161 3134 2384 3194 eadem
2427 3134 2689 3206 ratione,
2722 3152 2800 3194 ex
2836 3135 2895 3195 vi
2930 3135 3071 3196 talis
3112 3136 3299 3217 juris,
3338 3154 3415 3196 ex
3452 3136 3671 3197 naturali

2160 3226 2531 3289 rectitudine
2584 3227 2841 3289 rationis
2896 3229 3093 3290 on'tur
3150 3231 3213 3291 in
3266 3230 3389 3291 alia
3440 3234 3677 3291 creatura

2158 3320 2501 3382 necessitas
2529 3321 2814 3398 quaedam
2834 3339 2965 3381 non
2990 3322 3269 3384 violandi
3296 3322 3445 3385 illud
3466 3325 3675 3402 juS‚seu

2162 3413 2448 3474 servandi
2470 3413 2641 3486 illud,
2664 3419 2975 3490 quatenus
3002 3414 3085 3475 ad
3110 3416 3278 3476 itlius
3301 3434 3519 3477 munus
3546 3434 3677 3495 spec-

2160 3512 2269 3568 tat.
2306 3510 2383 3567 At
2410 3524 2559 3567 vero
2606 3514 2897 3587 respectu
2922 3508 3029 3569 Dei
3060 3510 3309 3570 nullum
3348 3528 3482 3571 esse
3514 3514 3675 3589 potest

2152 3602 2260 3681 jus
2282 3602 2561 3680 justitiae,
2596 3602 2766 3683 quod
2795 3602 2877 3663 ab
2912 3603 3051 3683 ipso
3092 3604 3391 3666 collatum
3436 3622 3551 3663 nou
3584 3604 3672 3671 sit;

2162 3696 2307 3773 quia
2336 3712 2479 3755 cum
2506 3696 2586 3756 sit
2605 3694 2861 3773 aliquod
2888 3696 3149 3769 bonum,
3182 3714 3445 3757 necesse
3464 3702 3671 3757 estesse

2162 3788 2457 3849 collatum
2508 3789 2591 3849 ab
2626 3788 2799 3867 ipso;
2843 3794 2905 3851 et
2954 3790 3175 3851 eadem
3206 3790 3447 3851 ratione
3474 3806 3673 3865 semper

2162 3881 2243 3941 ab
2296 3881 2461 3941 illius
2518 3881 2839 3943 voluntate
2894 3882 3168 3961 pendetz
3220 3883 3487 3963 ideoque
3514 3882 3671 3941 domi-

2162 3976 2339 4035 nium
2384 3980 2664 4035 creatum
2694 3994 2771 4036 ex
2800 3974 2933 4036 sola
2960 3976 3020 4035 vi
3048 3994 3163 4037 sua
3192 3994 3321 4037 non
3356 3982 3544 4055 potest
3568 3990 3669 4033 esse
3787 4008 3788 4021 ι

2162 4069 2311 4144 tale,
2360 4074 2429 4130 ut
2482 4070 2612 4130 Deo
2660 4068 2892 4130 inferat
2950 4072 3391 4131 necessitatem
3436 4067 3667 4129 servandi
3787 4070 3788 4097 ³

2162 4162 2261 4223 vel
2302 4161 2581 4222 solvendi
2613 4162 2789 4235 illud,
2830 4162 2947 4223 nisi
2988 4162 3051 4223 in
3096 4162 3325 4224 virtute
3350 4162 3555 4241 prioris
3591 4178 3669 4217 vo·
3787 4198 3788 4201 κ

2164 4255 2419 4315 luntatis
2474 4262 2537 4316 et
2576 4254 3007 4334 promissionis
3046 4256 3221 4335 ejus;
3268 4256 3409 4336 quia
3434 4256 3667 4316 voluntas
3787 4244 3788 4273 ³

2162 4348 2369 4408 divina
2404 4364 2653 4427 semper
2692 4354 2789 4408 est
2829 4348 3023 4410 libera
3072 4368 3366 4428 suprema
3412 4350 3664 4409 libertate.

2164 4446 2227 4502 et
2250 4439 2414 4515 ideo,
2446 4441 2561 4501 nisi
2592 4459 2659 4502 se
2702 4440 2837 4521 ipsa
2878 4448 3231 4515 necessitet,
3264 4448 3333 4503 ut
3376 4444 3459 4503 sic
3484 4440 3664 4507 dicam,
3787 4502 3788 4511 χ

2164 4552 2241 4595 ex
2272 4534 2459 4612 priori
2488 4536 2917 4614 suppositione
2964 4554 3077 4596 sen
3114 4536 3511 4615 promissione
3544 4536 3666 4610 (qua.

2164 4627 2371 4705 potius
2416 4634 2509 4688 est
2558 4628 2865 4689 rectitudo
2912 4632 2973 4689 et
3009 4628 3487 4699 immutabilitas,
3516 4643 3661 4704 quam

2164 4719 2553 4798 necessitas),
2588 4740 2625 4780 a
2650 4720 2824 4781 nullo
2856 4720 3101 4800 objecto
3132 4728 3339 4783 creato
3364 4716 3661 4781 necessitati

2164 4816 2369 4892 potest
2402 4812 2482 4873 ad
2531 4813 2768 4893 aliquid
2800 4814 3117 4891 agendum
3152 4822 3325 4875 extra
3366 4832 3459 4887 se,
3498 4810 3661 4872 eonfe-

2165 4906 2433 4967 rendum
2498 4912 2607 4968 aut
2655 4906 3179 4968 conservandum.
3238 4906 3538 4977 Secundo,
3582 4904 3659 4981 jus

2168 5006 2471 5060 creaturae
2502 5000 2687 5059 unius
2728 5006 3018 5079 respectu
3055 5000 3307 5062 alterius
3332 5004 3515 5080 potest
3554 5014 3657 5057 esse

2170 5093 2424 5154 omnino
2452 5094 2781 5172 praecisum
2820 5112 2857 5153 a
2890 5094 3035 5175 jure
3080 5094 3183 5155 vel
3210 5094 3470 5155 dominio
3498 5090 3653 5154 illius:

2170 5186 2316 5265 quia
2346 5184 2642 5263 qua-,tibet
2678 5192 2965 5247 creatura
3004 5188 3195 5249 habet
3228 5189 3366 5267 jura
3392 5186 3481 5246 vel
3504 5181 3657 5244 domi·

2168 5279 2273 5339 nia
2314 5278 2527 5351 finita3
2560 5296 2767 5358 neque
2806 5280 2872 5340 in
2906 5280 3027 5341 hoc
3068 5288 3163 5342 est
3208 5278 3355 5341 ordo
3394 5296 3495 5359 per
3528 5295 3581 5335 sc
3612 5278 3655 5332 et

2170 5371 2521 5432 essentialis
2546 5372 2711 5433 iuter
2736 5380 3059 5434 creaturas
3088 5390 3346 5453 capaces
3374 5368 3590 5433 dominii
3608 5372 3652 5426 et

2162 5466 2345 5545 juris,
2393 5471 2461 5527 nt
2488 5471 2633 5526 sunt
2675 5466 2824 5528 soloe.
2862 5466 3311 5529 intellectuales
3348 5472 3409 5527 et
3443 5464 3651 5525 rationa-

2168 5559 2297 5632 les;
2340 5576 2489 5621 nam
2526 5560 2695 5641 quod
2738 5578 2902 5623 unus
2936 5560 3127 5623 homo
3170 5560 3245 5627 sit
3287 5560 3396 5623 sub
3432 5552 3647 5623 dominio
