3850 6225
431 405 549 468 588
1805 416 1995 469 mnzx
2026 413 2254 471 RERUM.

1081 527 1331 568 cantum.

427 661 542 715 Non
581 667 756 726 potest
795 662 900 716 dici
935 663 1189 716 hahuisse
1229 663 1506 730 praemium
1553 663 1823 720 infinitum
1855 677 1989 731 pro-

491 743 604 802 pter
633 738 808 792 solum
833 739 1077 792 meritum
1103 739 1386 798 infinitum.
1406 739 1518 794 imo
1538 753 1637 794 nec
1661 743 1854 806 majus,
1881 740 1990 793 nisi

491 821 643 866 aucta
668 827 726 868 re
746 813 872 867 data
891 814 966 866 itti
986 815 1036 866 in
1057 815 1353 879 praemium,
1374 827 1462 880 op.
1485 823 1532 878 s,
1556 814 1696 882 disp.
1711 822 1760 878 2.
1782 822 1912 870 sect.
1938 821 1987 868 1.

429 887 724 942 satisfactio
745 889 938 942 Christi
961 888 1182 943 fundata
1221 891 1276 944 in
1317 892 1676 957 promissione
1719 899 1772 945 et
1808 899 1983 958 pact0,

493 966 712 1030 aequalis
757 966 857 1019 fuit
899 980 962 1020 ex
1007 967 1224 1034 propria
1263 975 1318 1020 et
1355 981 1486 1022 vera
1524 969 1747 1036 justitia,
1793 981 1882 1034 op.
1938 973 1985 1032 o,
2063 1019 2067 1023 .

490 1049 620 1096 sect.
643 1047 690 1096 Β.

427 1120 646 1183 Fuitque
665 1133 728 1172 ex
751 1119 926 1187 rigore
947 1119 1180 1185 justitiae,
1206 1119 1280 1172 11).
1349 1139 1359 1148 ·

427 1192 704 1256 Quomodo
723 1202 826 1248 stet
861 1208 984 1248 cum
1013 1207 1078 1248 eo
1123 1202 1278 1261 pacto
1320 1195 1580 1250 meruisse
1619 1208 1718 1263 pro
1745 1196 1989 1251 Patribus

491 1271 688 1323 veteris
706 1271 1026 1334 testamenti,
1050 1272 1120 1324 11).

429 1347 905 1408 christivotuntas‚
939 1348 1146 1400 etiamsi
1187 1361 1248 1402 ex
1291 1348 1340 1402 vi
1377 1348 1598 1402 unionis
1635 1349 1990 1404 determinata

490 1422 589 1476 fuit
621 1423 688 1474 ad
713 1435 821 1477 non
846 1423 1194 1488 peccandum.
1225 1432 1338 1477 erat
1368 1431 1546 1477 tamen
1583 1425 1898 1490 simpliciter
1921 1425 1989 1476 ti-

488 1499 616 1552 bera
635 1497 703 1551 ad
733 1499 1082 1564 operandum,
1113 1500 1274 1553 etiam
1303 1500 1482 1566 quoad
1509 1501 1864 1554 substantiam
1891 1514 1991 1556 ac·-

487 1583 590 1636 tus,
621 1588 710 1644 op.
742 1581 793 1640 1,
821 1577 855 1629 1.
881 1581 928 1640 1,
953 1589 1000 1630 c.
1026 1581 1103 1630 11.

1019 1758 1380 1798 ootxts‘rtntru.

429 1893 780 1947 coexistentia
813 1893 948 1946 nihil
983 1895 1130 1948 atiud
1171 1903 1253 1949 est
1289 1909 1450 1962 quarn
1495 1896 1814 1951 simuttanea
1851 1895 1994 1950 exis·

490 1971 652 2024 tentia
671 1971 919 2035 duorum,
942 1985 1029 2038 op.
1065 1979 1113 2036 2,
1145 1973 1180 2024 1.
1207 1977 1252 2034 1,
1284 1986 1330 2026 c.
1357 1979 1403 2027 ’1.

1081 2149 1325 2188 coemtio.

432 2283 665 2336 Actustis
683 2285 962 2340 existentia
980 2287 1172 2352 objecti
1213 2300 1322 2341 non
1367 2295 1448 2342 est
1481 2289 1785 2342 necessario
1810 2289 1993 2356 requi-

488 2357 590 2412 sits
621 2360 690 2412 ad
725 2361 827 2415 hoc
862 2369 918 2414 ut
947 2373 1319 2430 cognoscatur,
1338 2377 1429 2432 op.
1452 2370 1502 2427 s,
1528 2366 1562 2416 t.
1588 2369 1637 2430 1,
1664 2378 1710 2419 c.
1742 2370 1788 2416 8.

1064 2555 1358 2594 conculam.

432 2705 734 2760 Concursus
766 2707 854 2761 Dei
881 2720 988 2774 quo
1023 2710 1198 2764 innuit
1237 2711 1291 2762 in
1322 2709 1588 2772 effectum,
1625 2721 1726 2763 nec
1761 2712 1991 2777 praevius

487 2788 588 2910 {⁸¹1
625 2795 724 2837 nec
757 2783 1040 2840 distinctus
1075 2787 1144 2838 ab
1187 2786 1420 2850 actione,
1454 2799 1559 2852 qua
1581 2787 1656 2850 tit,
1680 2799 1770 2854 op.
1799 2792 1847 2849 1,
1879 2787 1987 2852 1.1,

425 2933 540 2994 Quo
559 2947 724 2988 sensu
751 2947 914 2988 causa
931 2937 1102 3002 prima
1123 2937 1333 2992 dicatur
1351 2950 1672 2992 concurrere
1707 2937 1993 2992 immedia-

491 3009 594 3062 tius
617 3024 778 3075 quam
803 3013 1058 3074 secunda,
1089 3013 1158 3066 11).

425 3083 530 3137 Cur
585 3099 752 3154 agens
815 3097 1050 3143 creatum
1108 3089 1342 3157 requirat
1409 3101 1730 3145 concursum
1801 3088 1989 3155 primoe

488 3176 682 3228 csusae,
709 3166 762 3218 11)
791 3206 802 3227 ,
831 3180 878 3219 c.
911 3172 957 3218 6.

427 3247 531 3301 cur
551 3256 870 3297 concursum
893 3243 982 3296 Dei
1014 3242 1306 3297 motionem
1337 3251 1491 3298 vocet
1521 3245 1560 3295 D
1603 3244 1857 3305 Thomas,
1891 3242 1985 3307 11).,

491 3336 540 3375 c.
573 3326 652 3373 11.

427 3401 566 3453 neus
595 3407 704 3448 non
731 3394 1000 3447 concurrit
1025 3393 1250 3446 confuse
1271 3393 1342 3445 ad
1379 3400 1530 3447 actus
1563 3395 1617 3447 in
1659 3393 1985 3461 particulam

488 3473 648 3527 etiam
671 3472 718 3523 si
740 3468 930 3523 offerat
949 3482 1274 3523 concursum
1303 3468 1689 3533 indioerenter,
1720 3480 1818 3522 nec
1847 3482 1990 3523 caeco

493 3546 674 3607 modo,
697 3545 792 3607 11)..
817 3558 866 3597 c.
887 3549 967 3597 ts.

427 3624 566 3677 Deus
590 3620 748 3676 offert
767 3620 1024 3673 voluntati
1059 3630 1382 3675 concursum
1405 3619 1476 3673 ad
1495 3620 1633 3674 aiios
1655 3620 1816 3673 etiam
1837 3626 1993 3673 actus

489 3696 858 3758 sufficientem,
884 3696 1130 3761 quamvis
1158 3694 1276 3747 ilios
1297 3707 1404 3748 non
1431 3696 1812 3761 operetunib..
1833 3710 1880 3749 c.
1910 3700 1989 3749 11.

427 3772 732 3825 concursus
748 3770 838 3824 Dei
863 3770 932 3823 ad
957 3770 1130 3823 maios
1153 3777 1304 3823 nctus
1335 3770 1472 3824 atius
1505 3778 1590 3825 est
1630 3784 1662 3824 s
1704 3772 1997 3838 praedeter-

490 3848 804 3909 minatione,
837 3858 924 3912 op.
952 3851 999 3909 1,
1039 3846 1072 3899 Ι.
1102 3851 1220 3908 2,c.
1249 3852 1299 3898 Β.

428 3926 730 3979 concursus
759 3922 848 3975 Dei
881 3922 1098 3989 proprie
1140 3922 1248 3975 dici
1297 3928 1470 3987 potest
1509 3921 1784 3985 auxilium,
1815 3934 1904 3987 op.
1944 3926 1992 3983 1,

493 4000 528 4053 1.
552 4006 600 4063 ⁸,
627 4014 673 4053 c.
698 4004 747 4051 3.

427 4080 730 4133 concursus
765 4074 831 4128 nd
871 4078 1022 4128 actus
1051 4074 1486 4141 supernaturales
1515 4072 1768 4127 auxilium
1801 4086 1997 4140 super-

493 4152 736 4207 naturale
767 4158 870 4213 est,
893 4150 988 4211 ib..
1023 4162 1071 4203 c.
1104 4156 1152 4202 Ω.

429 4230 732 4283 concursus
751 4226 844 4279 Dei
865 4225 1140 4293 quomodo
1169 4236 1278 4278 non
1305 4224 1374 4277 sit
1397 4224 1725 4283 indifferens.
1753 4224 1846 4287 11)..
1873 4236 1922 4277 c.
1946 4230 1995 4277 3.

431 4306 734 4358 Concursus
755 4314 864 4355 non
887 4308 968 4355 est
988 4300 1234 4354 diversus
1243 4301 1312 4353 ab
1329 4302 1538 4354 actione
1553 4314 1729 4353 causae
1749 4300 2001 4353 secundae

494 4380 676 4433 necin
703 4392 766 4432 ea
795 4377 948 4445 ponit
970 4376 1194 4443 aliquid,
1215 4376 1312 4429 sed
1343 4376 1400 4429 in
1424 4376 1640 4437 effectu,
1663 4376 1735 4429 11).

433 4457 571 4510 Deus
597 4468 704 4521 qua
731 4454 1002 4507 voluntate
1029 4451 1244 4505 confert
1275 4464 1432 4506 suum
1455 4464 1778 4505 concursum
1803 4452 1872 4504 sd
1905 4464 2001 4505 ac-

493 4537 580 4583 tus
609 4530 796 4589 matos.
827 4542 915 4595 op.
945 4533 992 4581 1.
1019 4527 1056 4579 1.
1084 4532 1132 4589 Β,
1155 4541 1202 4580 c.
1227 4532 1275 4580 3.
1926 4557 1935 4565 -

432 4608 538 4660 cur
555 4606 822 4672 generalis
849 4610 1072 4658 vocetur
1108 4602 1356 4658 voluntas
1393 4603 1506 4665 Dei,
1543 4616 1650 4668 qua
1679 4603 1838 4657 offert
1865 4614 2001 4657 con-

497 4694 714 4735 cursum
745 4679 812 4732 ad
840 4688 992 4732 actus
1015 4678 1204 4739 maios»,
1237 4679 1311 4730 11).

435 4760 540 4811 Cur
558 4768 688 4811 vero
711 4756 918 4809 dicatur
943 4754 1282 4819 indifferens,
1305 4754 1376 4806 11),

435 4836 736 4887 concursus
765 4833 850 4884 Dei
899 4843 1008 4885 non
1057 4838 1232 4897 potest
1271 4831 1602 4884 voluntatem
1633 4830 1999 4883 determinare

497 4910 614 4961 sine
639 4908 746 4968 itta.
779 4920 870 4973 op.
896 4906 1001 4969 1,1.
1027 4912 1146 4968 s,c.
1175 4910 1257 4957 11.

437 4985 570 5048 Quid
591 4986 660 5037 sit
680 4982 932 5036 eutitium
951 4984 1036 5035 Dei
1060 4996 1154 5048 per
1171 4982 1390 5036 modum
1411 4995 1724 5043 concursus,
1741 4982 1813 5035 11).
1827 4996 1900 5043 ,.c
1917 4986 1997 5034 1⁸.

437 5064 593 5121 Dens,
619 5072 682 5113 ex
703 5059 976 5112 voluntate
999 5072 1162 5123 quam
1191 5058 1344 5123 quasi
1369 5059 1472 5109 sub
1499 5058 1808 5111 conditione
1837 5056 2003 5110 habet

499 5138 839 5190 circumnos
857 5142 1017 5187 actus
1038 5142 1096 5187 ut
1121 5135 1266 5195 flant,
1285 5134 1352 5186 ad
1375 5134 1496 5187 iitos
1519 5146 1841 5187 concursum
1870 5145 2003 5199 prae·

499 5214 608 5273 bet,
633 5211 703 5264 ib.

439 5289 624 5342 Nullus
663 5287 832 5339 tibere
867 5286 1076 5353 operari
1121 5290 1310 5352 potest,
1353 5286 1482 5351 quin
1529 5286 1722 5338 habeat
1757 5291 1999 5351 paratum

501 5364 603 5417 sibi
633 5374 954 5427 concursum
985 5360 1094 5423 Dei.
1117 5373 1208 5428 op.
1235 5365 1284 5423 1,
1310 5361 1342 5413 1.
1372 5367 1418 5423 1,
1439 5374 1487 5415 c.
1513 5365 1573 5412 12
1595 5367 1649 5413 et
1670 5364 1749 5413 11.

373 5435 384 5451 “
439 5440 571 5503 Quid
601 5438 670 5490 sit
695 5438 1058 5491 necessarium
1081 5444 1140 5490 ut
1159 5444 1278 5490 actu
1308 5449 1610 5503 operemur,
1637 5436 1731 5498 11)..
1754 5450 1799 5491 c.
1827 5442 1904 5489 12.

438 5514 727 5573 Voluntati.
761 5526 868 5581 qua
903 5515 1108 5579 praebet
1135 5514 1272 5566 Deus
1309 5526 1468 5567 suum
1513 5524 1857 5575 concursum,
1901 5524 2003 5567 vo·

501 5590 678 5644 luntas
697 5592 934 5645 humans
959 5594 1136 5657 potest
1163 5590 1429 5653 resistere,
1453 5587 1548 5653 ib..
1573 5600 1620 5642 c.
1648 5592 1726 5641 15.

2706 531 2990 571 conexum.

2070 667 2197 720 Cum
2224 667 2478 722 omnibus
2518 666 2731 734 praeviis
2768 666 3037 732 requisitis
3065 665 3135 719 ad
3156 662 3526 730 operandum,
3552 662 3642 714 ad-

2134 745 2239 797 huc
2260 743 2313 795 in
2338 757 2501 797 sensu
2537 743 2837 809 composito
2866 743 3115 795 voluntas
3142 741 3320 793 libera
3361 747 3549 791 manet
3578 739 3643 790 ad

2129 821 2481 887 operandum,
2500 833 2563 874 ex
2576 819 2813 874 concilio
2832 817 3265 883 Tridentino,op.
3290 821 3343 881 1,
3360 817 3397 868 i.
3422 821 3471 877 1,
3496 829 3541 868 c.
3562 819 3638 865 1ο.

2708 994 2991 1035 consuunt.

2071 1123 2359 1180 Consilium
2400 1136 2677 1188 nunquam
2721 1127 2803 1174 est
2852 1120 2997 1174 circa
3040 1121 3227 1182 tinem,
3262 1119 3365 1172 sed
3408 1118 3483 1170 de
3529 1129 3645 1170 me·

2132 1199 2253 1264 diis‚
2278 1211 2375 1288 op.⁹
2395 1205 2441 1264 4,
2468 1199 2610 1265 disp.
2638 1203 2684 1262 1,
2710 1203 2839 1257 sect.
2864 1202 2915 1250 2.

2692 1381 3005 1421 coniuctus·

2069 1509 2193 1572 Quae
2232 1509 2439 1562 dicatur
2477 1507 2841 1574 contingentia
2883 1505 3194 1574 improprie,
3224 1518 3351 1572 quae
3402 1505 3647 1558 districte

2130 1589 2185 1636 et
2208 1585 2443 1652 proprie,
2470 1597 2559 1650 op.
2591 1589 2639 1645 2,
2674 1584 2710 1636 1.
2736 1589 2784 1646 t,
2806 1598 2854 1636 c.
2891 1589 2940 1634 1.

2665 1758 3039 1798 mmmmm.

2072 1881 2197 1944 Quoe
2218 1881 2306 1942 sit,
2338 1885 2391 1933 et
2428 1879 2573 1932 unde
2610 1879 2891 1946 proveniat
2930 1878 3323 1946 contingentia,
3348 1889 3441 1944 op.
3464 1881 3514 1938 Ξ,
3540 1877 3575 1929 Ι.
3598 1883 3639 1936 1,

2136 1971 2183 2010 e.
2219 1962 2269 2009 1.

2076 2033 2307 2086 Effectus
2340 2031 2720 2098 contingentiae
2754 2030 3043 2098 provenire
3082 2035 3257 2094 potaet
3278 2041 3313 2080 a
3338 2030 3469 2091 Deo,
3502 2029 3587 2080 vel
3614 2041 3647 2079 a

2137 2108 2411 2162 voluntate
2438 2117 2632 2170 creatu,
2656 2107 2729 2160 11).

2074 2183 2303 2238 Effectus
2324 2183 2485 2236 etiam
2514 2189 2673 2250 prout
2696 2187 2877 2235 sunta
2922 2183 3044 2244 Deo,
3086 2179 3336 2234 absolute
3370 2177 3483 2231 dici
3518 2192 3641 2244 pos-

2134 2269 2253 2315 sent
2278 2261 2667 2326 contingentes.
2692 2259 2766 2310 ib.

2079 2337 2477 2402 propositiones
2508 2336 2577 2389 de
2597 2335 2774 2388 mturo
2800 2331 3129 2400 contingenti
3158 2331 3366 2384 habent
3396 2331 3647 2383 detenui-

2138 2419 2317 2465 natam
2340 2411 2636 2472 νει-11111011),
2662 2411 2757 2471 11).,
2782 2423 2831 2462 c.
2860 2415 2908 2460 2.

2075 2489 2201 2552 Quae
2223 2488 2291 2540 sit
2322 2488 2413 2540 illa
2444 2487 2647 2541 veritas
2688 2498 2851 2552 quam
2896 2485 3098 2538 habent
3128 2482 3537 2550 propositiones
3578 2483 3645 2534 de

2140 2563 2317 2617 futuro
2340 2563 2690 2630 contingenti,
2716 2561 2810 2614 11)..
2832 2575 2879 2614 c.
2905 2566 2951 2612 8.

2074 2640 2217 2692 Licet
2260 2641 2373 2692 haec
2420 2638 2599 2691 sutura
2644 2651 2757 2691 non
2802 2641 3201 2705 cognoscantur
3242 2634 3298 2688 in
3334 2642 3641 2706 causasta-

2138 2731 2263 2768 men
2310 2727 2421 2769 non
2460 2721 2861 2783 cognoscuntur
2904 2713 3023 2766 sine
3060 2724 3241 2774 causa,
3272 2712 3361 2764 vel
3402 2712 3521 2777 eius
3558 2712 3641 2762 in-

2134 2793 2293 2852 fluxu.
2318 2792 2389 2846 11).

2496 2905 2889 2944 contuemur!
2922 2905 3195 2944 ΡΒΒΕΗΤΙΔ
3204 2931 3215 2942 .

2072 3019 2301 3074 Effectus
2360 3019 2653 3087 improprie
2718 3020 3041 3086 contingens
3108 3026 3363 3084 respectu
3420 3017 3641 3080 alicujus

2130 3111 2323 3160 causae,
2368 3097 2619 3163 cognosci
2672 3108 2783 3150 non
2833 3103 3005 3163 potest
3046 3107 3110 3148 ex
3150 3097 3201 3149 vi
3248 3107 3439 3149 causae
3466 3095 3643 3161 proxi-

2130 3188 2255 3239 mae,
2286 3188 2379 3241 op.
2402 3174 2517 3233 §.L
2545 3179 2595 3235 1,
2616 3188 2662 3226 c.
2689 3178 2737 3224 1.

2068 3250 2204 3315 Quid
2232 3251 2535 3316 requiratur
2562 3256 2621 3301 ut
2647 3256 2796 3302 certo
2822 3255 3224 3315 cognoscantur
3254 3246 3487 3301 effectus
3512 3260 3641 3301 con—

2128 3327 2397 3390 tingentes
2423 3326 2585 3378 futuri
2611 3340 2644 3378 a
2676 3338 2839 3378 causa
2868 3326 3055 3383 libera,
3086 3322 3161 3375 11).

2069 3400 2203 3464 Quid
2256 3400 2326 3453 sit
2380 3402 2665 3467 praesentia
2728 3400 2991 3467 objectiva
3052 3400 3247 3452 horum
3318 3398 3643 3465 contingen-

2132 3476 2284 3540 tium,
2306 3478 2403 3541 ib„
2419 3491 2467 3530 c.
2494 3482 2544 3530 9.

2720 3594 2995 3631 connino,

2074 3708 2146 3760 Ex
2166 3712 2356 3759 natura
2381 3718 2482 3759 sua
2516 3706 2651 3759 satis
2680 3718 2789 3758 non
2830 3712 2912 3758 est
2956 3704 3027 3757 ad
3076 3702 3378 3758 tollendum
3418 3705 3641 3757 omnino

2139 3792 2343 3838 reatum
2378 3796 2553 3851 poenae
2574 3796 2637 3835 ex
2658 3784 2819 3849 culpa
2846 3790 3043 3845 ortum,
3074 3793 3165 3849 op.
3190 3788 3240 3844 6,
3266 3788 3404 3835 sect.
3440 3786 3488 3832 2.

2724 3958 2979 3996 cunnum
2988 3984 2999 3995 .

2079 4082 2327 4139 creatura
2348 4094 2381 4135 a
2412 4094 2471 4135 se
2508 4094 2621 4135 non
2648 4080 2826 4140 habet,
2856 4080 2953 4133 scd
2974 4092 3007 4133 a
3032 4081 3142 4135 Deo
3174 4077 3369 4145 recipit
3384 4078 3475 4144 jus
3493 4076 3637 4141 quod

2142 4158 2209 4211 ad
2244 4157 2391 4211 ilium
2425 4156 2602 4218 habet,
2638 4170 2725 4221 op.
2750 4162 2800 4219 θ,
2824 4162 2953 4207 sect.
2982 4160 3030 4207 1.

2080 4234 2330 4287 creatura
2358 4234 2445 4299 ius
2475 4232 2683 4285 habens
2712 4231 2767 4284 in
2796 4230 2955 4283 aliam
2986 4229 3173 4295 aliquo
3202 4228 3371 4282 modo
3402 4228 3647 4294 superior

2140 4316 2225 4362 est
2274 4310 2382 4370 itta,
2410 4308 2503 4370 11)..
2536 4314 2664 4361 sect.
2692 4312 2739 4359 a.

2076 4388 2169 4440 Jus
2198 4387 2357 4439 unius
2388 4392 2644 4438 creatum
2676 4384 2733 4438 in
2760 4384 2921 4437 aliem
2950 4382 3239 4450 praecisum
3268 4394 3391 4434 aese
3416 4385 3586 4447 potest
3610 4392 3641 4429 a

2136 4466 2259 4529 jure
2280 4462 2441 4525 itlius,
2472 4461 2542 4512 11).

2832 4604 2884 4673 D

2580 4792 2745 4830 nnn!
2776 4792 2836 4828 n·
2864 4790 3117 4829 ACCRPTU!
3126 4816 3137 4827 .

2080 4910 2265 4961 Datum
2286 4914 2339 4961 et
2360 4912 2637 4973 acceptum
2666 4906 2947 4959 intervenit
2968 4906 3025 4957 in
3048 4904 3500 4959 retributionerei
3528 4917 3651 4969 pro-

2144 4983 2340 5047 missae,
2364 4996 2454 5049 op.
2478 4988 2526 5045 o,
2558 4988 2687 5035 sect.
2721 4988 2751 5033 2

2754 5123 2965 5161 ῦΙζΒΙῖῦΙ
2974 5148 2986 5160 .

2080 5253 2301 5317 Quando
2325 5252 2561 5305 debitum
2584 5264 2705 5305 csse
2723 5250 2891 5317 possit
2909 5250 3027 5303 sine
3052 5249 3479 5317 imperfectione,
3490 5263 3579 5317 op.
3600 5256 3647 5313 6,

2144 5336 2274 5383 sect.
2300 5335 2349 5380 s.

2798 5418 2937 5456 usus.

2082 5513 2221 5565 Deus
2248 5524 2355 5577 qua
2392 5508 2603 5563 ratione
2638 5509 2709 5561 sit
2744 5508 2913 5573 tiber;
2944 5508 3063 5575 ipse
3098 5506 3251 5561 sotus
3280 5514 3367 5560 est
3417 5507 3647 5573 primum

2146 5588 2393 5649 liberum,
2420 5598 2510 5653 op.
2532 5588 2580 5649 1,
2604 5584 2642 5647 1,
2670 5588 2717 5649 1,
2738 5597 2784 5639 c.
2812 5588 2858 5635 8.
