3850 6225
1824 624 2120 714 LIBER
2174 625 2574 715 PRIMUS.

686 950 1115 1231 DE
1298 768 2992 1233 SGIENTIA
3153 950 3700 1239 DE]

1459 1433 1497 1496 1³
1500 1432 1855 1499 UTURORUM
1898 1432 2421 1499 GON’l'lNGENTlUM
2461 1434 2948 1499 ABSOLIJTORUM.

1676 1714 2747 1769 ψ

688 2057 995 2136 Principio
1021 2103 1036 2129 ‚
1082 2059 1527 2137 disputandum
1574 2058 1694 2119 hoc
1738 2058 1877 2119 loco
1922 2058 2170 2123 videtur

607 2148 683 2209 de
720 2150 1053 2229 hypothesi
1085 2170 1225 2230 quoe
1269 2152 1333 2212 in
1384 2153 1501 2212 hoc
1541 2151 1718 2212 titulo
1763 2154 2166 2232 supponitur,

607 2242 765 2312 dari,
798 2245 1051 2317 scilicet,
1085 2246 1343 2325 aliquos.
1364 2247 1621 2307 effectus
1662 2246 1765 2323 qui
1810 2246 2173 2325 contingen-

606 2343 703 2397 ter
735 2338 1044 2399 eveniant.
1084 2340 1209 2401 Sed
1234 2339 1313 2401 de
1345 2341 1461 2401 hac
1502 2358 1570 2401 re
1616 2341 1741 2401 late
1790 2340 2054 2402 disserui
2105 2341 2172 2401 in

607 2432 836 2510 disput.
885 2435 961 2495 19
986 2430 1449 2514 Metaphysicae‚
1504 2440 1565 2495 et
1593 2434 1735 2495 ideo
1778 2434 1859 2495 ab
1896 2453 1974 2497 ea
2002 2452 2171 2494 nunc

609 2527 1149 2605 supersedendum
1192 2535 1306 2589 est.
1354 2529 1443 2587 Ex
1472 2528 1575 2588 illo
1605 2548 1753 2590 vero
1800 2530 1938 2591 loco
1961 2531 2168 2609 aliqua

606 2618 877 2681 breviter
904 2620 1313 2699 supponenda
1356 2626 1521 2681 sunt.

1200 2844 1450 2907 CAPUT
1493 2843 1539 2903 1.

608 3071 937 3118 sumzc‘rtm
992 3070 1195 3118 emtus
1245 3070 1631 3118 DEGLARATUR
1660 3101 1680 3131 ,
1724 3071 1799 3118 m·
1848 3070 2166 3118 NONNULLAE

766 3167 1217 3215 mrmcuvrsssss
1256 3166 1535 3212 LEVIORES
1570 3165 2002 3212 EXPEDIUNTUR.

692 3370 750 3427 t.
786 3365 947 3440 Quid
968 3367 1056 3428 sit
1079 3367 1301 3428 nunde
1316 3367 1637 3446 proveniat
1656 3364 2170 3446 contamina.—

610 3459 883 3519 Primum
914 3459 1101 3538 igitur
1132 3459 1532 3521 statuendum
1572 3465 1665 3520 est
1692 3458 1897 3519 futura
1935 3459 2171 3520 contin·

612 3553 821 3632 gentia
863 3553 1148 3632 quaedam
1210 3571 1347 3614 esse
1400 3553 1546 3614 talia
1588 3552 1934 3614 secundum
1969 3553 2120 3632 quid
2147 3598 2164 3625 ,

611 3665 724 3706 seu
768 3665 882 3726 per
910 3646 1231 3718 accidenti,
1262 3652 1323 3708 et
1368 3647 1449 3706 ab
1488 3647 1871 3719 extrinse003
1906 3646 2028 3706 alia
2061 3663 2172 3706 ve-

611 3760 680 3801 ro
702 3740 1083 3819 simpliciter,
1115 3759 1229 3818 per
1253 3757 1343 3810 se,
1376 3757 1487 3799 seu
1513 3738 1593 3798 ab
1622 3740 1978 3800 intrinseco.
2009 3738 2165 3800 Dici-

610 3837 713 3894 tur
738 3832 907 3894 enim
940 3833 1197 3894 effectus
1230 3833 1623 3912 contingens,
1666 3833 1771 3910 qui
1827 3833 1911 3892 ita
1947 3830 2038 3903 fit,
2069 3830 2168 3891 vel

614 3927 979 3987 efficiendus
1013 3932 1169 3987 esta
1210 3945 1323 3987 sua
1352 3945 1537 3986 causa
1572 3925 1874 4004 proxima,
1911 3930 1983 3984 ut
2027 3942 2168 4003 pos·

612 4021 685 4080 sit
736 4021 815 4080 ab
854 4021 957 4080 illa
998 4039 1124 4080 non
1176 4019 1353 4092 fieri3
1392 4021 1509 4080 hoc
1557 4023 1765 4078 autem
1822 4036 1897 4078 ex
1940 4016 2173 4096 duplici

612 4115 811 4194 capite
866 4114 1195 4192 provenire
1252 4117 1475 4193 potest.
1536 4111 1761 4183 Primo,
1796 4129 1871 4170 ex
1910 4110 2173 4188 impedi-

612 4211 823 4266 mento
857 4206 1225 4278 extrinsec0‚
1264 4211 1327 4266 et
1358 4223 1485 4265 non
1535 4223 1611 4264 ex
1662 4204 2002 4264 intrinseca
2047 4203 2173 4263 vir-

612 4307 743 4360 tute
787 4317 989 4359 causa!
1011 4315 1030 4374 ;
1076 4305 1137 4359 et
1176 4299 1293 4359 hoc
1342 4303 1583 4360 tantum
1620 4295 1806 4356 modo
1842 4297 2172 4357 'invenitur

614 4393 1035 4472 contingentia
1076 4392 1139 4452 in
1174 4391 1494 4452 effectibus
1538 4389 1903 4476 inferiorum
1957 4407 2172 4449 causa-

614 4505 755 4546 rum
796 4484 1193 4556 naturalium,
1224 4489 1534 4562 quatenus
1564 4484 1859 4544 eveniunt
1904 4483 2039 4544 sine
2077 4483 2173 4542 in-

615 4584 902 4640 terventu
928 4578 1190 4657 alicujus
1239 4595 1442 4638 cansae
1477 4577 1705 4637 liberae.
1736 4577 1913 4646 Nam,
1949 4576 1996 4635 si
2027 4595 2172 4637 con-

616 4673 921 4732 sideretur
955 4671 1148 4733 virtus
1194 4677 1253 4732 et
1283 4671 1507 4732 modus
1540 4669 1767 4749 agendi
1802 4687 2008 4730 causae
2033 4687 2172 4748 pro-

614 4766 795 4826 ximoe
839 4764 981 4825 talis
1010 4765 1289 4836 effecum,
1324 4764 1493 4824 nulla
1536 4769 1631 4823 est
1658 4763 2080 4842 contingentia
2107 4762 2172 4822 in

616 4861 719 4920 illo
750 4859 996 4928 effectu,
1028 4859 1171 4936 quia
1214 4875 1403 4918 causa
1432 4857 1567 4936 ejus
1600 4873 1724 4916 non
1750 4855 1941 4916 habet
1968 4863 2172 4936 potes-

615 4959 806 5014 tatem
849 4951 1165 5031 propriam
1204 4957 1265 5011 et
1313 4951 1713 5011 intrinsecam
1749 4949 1829 5009 ad
1874 4969 2002 5010 non
2041 4949 2176 5010 effi-

618 5045 910 5106 ciendum
942 5044 1140 5116 illum,
1188 5043 1299 5103 sed
1342 5063 1417 5103 ex
1440 5043 1776 5103 intrinseca
1801 5043 2174 5103 necessitate

618 5142 935 5216 operatur,
970 5137 1183 5215 positis
1213 5136 1503 5197 omnibus
1531 5135 1863 5213 requisitis,
1898 5134 2052 5206 Quia
2085 5140 2178 5195 ta-

614 5251 763 5292 men
800 5249 989 5292 causa
1036 5230 1141 5290 illa
1168 5229 1531 5308 imperfecta
1563 5234 1686 5300 est,
1730 5235 1793 5289 et
1828 5246 1940 5307 per
1987 5247 2178 5306 oppo-

618 5325 903 5386 sitionem
934 5323 1190 5384 alterius
1218 5322 1501 5401 impediri
1536 5326 1743 5400 potest
1780 5321 1863 5382 ab
1903 5321 2174 5400 agendo,

616 5419 760 5480 ideo
806 5436 879 5480 ex
926 5417 1043 5477 hoc
1096 5417 1295 5496 capite
1330 5420 1537 5496 potest
1593 5414 1695 5476 ille
1742 5415 2002 5476 effectus
2037 5433 2177 5476 esse

613 5511 1003 5591 contingens⁸
1035 5509 1471 5590 contingentia
1490 5525 1641 5568 vero
1664 5507 1767 5568 illa
1793 5507 2018 5568 dicitnr
2037 5527 2176 5569 esse

2253 2056 2598 2119 secundum
2615 2058 2941 2137 quid‚quia
2955 2065 3051 2121 est
3063 2066 3312 2121 tantum
3327 2068 3600 2139 respectu
3611 2063 3742 2121 unius

2251 2168 2482 2224 causae,
2515 2158 2584 2211 ut
2613 2151 2899 2231 impediri
2935 2158 3140 2231 potest
3177 2154 3260 2213 ab
3291 2153 3454 2225 alia;
3497 2172 3608 2214 non
3641 2175 3743 2215 vern

2253 2251 2542 2323 respectu
2571 2246 2757 2305 totius
2785 2246 3166 2307 collectionis
3187 2249 3626 2308 occurrentium
3646 2270 3744 2309 cau-

2257 2356 2493 2398 sarum.
2529 2338 2756 2399 Dicitur
2807 2340 2994 2400 etiam
3027 2340 3384 2401 extrinseca
3417 2346 3476 2401 et
3517 2360 3614 2421 per
3633 2346 3742 2403 acci-

2252 2432 2430 2503 dem,
2463 2431 2608 2509 quia
2641 2450 2766 2491 non
2797 2434 3084 2511 provenit
3113 2453 3190 2493 ex
3217 2434 3556 2494 intrinseca
3577 2437 3742 2495 virtute

2251 2542 2456 2584 causae
2489 2542 2603 2603 per
2651 2544 2716 2585 se
2749 2526 3013 2603 agentiS,
3047 2526 3160 2586 sed
3201 2528 3286 2587 ab
3319 2526 3634 2588 extrinseco
3667 2530 3742 2589 im—

2249 2617 2563 2696 pediente.
2627 2618 2836 2678 Altera
2885 2638 3032 2679 vero
3089 2620 3516 2699 contingentia
3556 2624 3740 2698 propria

2251 2715 2366 2781 est,
2413 2726 2554 2787 quae
2597 2712 2882 2789 provenit
2929 2728 3010 2771 ex
3035 2711 3330 2773 libertate
3363 2712 3602 2791 alicujus
3637 2732 3736 2771 can-

2249 2820 2374 2875 sae3
2409 2821 2548 2881 quae
2589 2802 2812 2864 merito
2843 2802 3070 2864 dicitur
3109 2822 3248 2865 esse
3275 2824 3400 2883 per
3423 2824 3486 2865 se
3519 2811 3575 2865 et.
3597 2806 3658 2865 ab
3679 2807 3738 2864 in·

2249 2896 2541 2967 trinsec0‚
2593 2896 2740 2973 quia
2787 2900 3072 2975 provenit
3109 2916 3186 2957 ex
3223 2899 3556 2960 intrinseca
3593 2906 3740 2977 potes-

2248 2992 2397 3062 tate,
2431 3007 2620 3067 quam
2653 3008 2765 3068 per
2789 3009 2856 3051 sc
2905 2990 3094 3052 habet
3125 2991 3254 3070 ipsa
3301 3010 3492 3052 causa
3529 2993 3738 3069 proxima

2249 3084 2331 3145 ad
2379 3084 2890 3164 suspendendum
2925 3104 3108 3146 snum
3153 3104 3546 3159 concursum,
3585 3086 3739 3165 positis

2251 3178 2439 3238 etiam
2468 3178 2760 3240 omnibus
2795 3180 3110 3258 requisitis
3141 3180 3222 3240 ad
3257 3180 3740 3256 agendum;etob

2251 3270 2542 3331 eamdem
2597 3289 2854 3332 causam
2909 3271 3133 3332 dicitur
3183 3273 3324 3334 haee
3395 3272 3738 3350 contingentia

2251 3363 2633 3442 simpliciter,
2663 3365 2832 3443 quia,
2859 3365 3058 3444 posita
3087 3365 3461 3426 collectione
3483 3384 3737 3426 causarum

2249 3457 2532 3517 omnium
2561 3505 2577 3530 ,
2637 3459 2738 3518 vel
2791 3458 3391 3536 impedimentorum
3439 3477 3738 3519 concurren-

2249 3552 2427 3620 tium,
2473 3550 2678 3612 adhuc
2705 3552 2962 3611 effectus
2989 3558 3194 3631 potest
3223 3551 3365 3613 fieri
3397 3561 3458 3614 et
3497 3571 3606 3613 non
3627 3552 3735 3612 fieri.

2329 3645 2390 3704 2.
2432 3645 2522 3706 De
2561 3661 2682 3724 qua
2717 3645 3127 3725 contingentia
3161 3663 3284 3707 aon
3309 3647 3396 3708 sit
3417 3649 3636 3724 futurus
3653 3662 3738 3705 ser-

2249 3737 2522 3799 mo.-1n
2549 3738 2838 3814 praesenti
2869 3756 3018 3817 ergo
3049 3757 3177 3799 non
3207 3746 3306 3800 est
3335 3739 3568 3800 futmus
3591 3753 3736 3798 sermo

2252 3829 2330 3890 de
2372 3829 2561 3908 priori
2607 3830 3068 3908 contingentiam
3105 3831 3252 3910 quia
3287 3832 3373 3892 de
3423 3831 3643 3893 scientia
3679 3837 3738 3888 ti-

2251 3923 2404 3982 lium
2428 3922 2778 3984 futurorum
2803 3925 2974 3984 nulla
3019 3931 3111 3986 est
3141 3925 3494 3995 difficultas,
3523 3924 3619 3984 sed
3651 3923 3734 3981 dun

2254 4023 2398 4076 sunt
2427 4017 2593 4076 clara
2625 4034 2639 4076 :
2675 4035 2870 4076 unum
2923 4025 3018 4079 est
3063 4018 3252 4078 talem
3299 4019 3578 4080 effectum
3611 4035 3668 4075 ex
3701 4014 3738 4070 vi

2254 4108 2445 4170 solius
2487 4127 2616 4169 suae
2659 4129 2866 4170 causae
2919 4111 3220 4190 proximae
3273 4131 3407 4172 non
3475 4129 3629 4191 posse
3665 4127 3736 4168 co-

2255 4203 2470 4282 gnosci
2526 4209 2596 4264 ut
2639 4209 2810 4264 certo
2867 4205 3191 4278 suturum;
3245 4206 3438 4283 quia,
3487 4205 3610 4264 licet
3643 4201 3736 4260 talis

2253 4315 2442 4356 causa
2496 4315 2574 4358 ex
2623 4315 2692 4357 se
2731 4298 3144 4359 determinata
3197 4299 3275 4360 sit
3323 4298 3408 4360 ad
3458 4295 3734 4357 faciendum

2254 4391 2580 4459 effectum,
2619 4390 2902 4468 impediri
2947 4397 3160 4452 tamen
3201 4397 3428 4470 potest,
3457 4409 3562 4449 nee
3607 4407 3668 4448 ex
3696 4383 3736 4440 vi

2252 4482 2416 4544 illius
2473 4483 2664 4542 solius
2707 4485 3002 4562 cognosci
3043 4488 3248 4563 potest
3299 4504 3383 4544 an
3415 4479 3734 4562 impedienda

2254 4576 2350 4649 sit,
2385 4594 2606 4637 necne.
2657 4577 2842 4637 Aliud
2897 4581 3013 4648 est,
3055 4579 3508 4656 comprehenso
3543 4579 3648 4635 toto
3669 4590 3736 4630 or-

2252 4668 2398 4728 dine
2427 4668 2804 4728 naturalium
2845 4687 3196 4742 causarum,
3245 4688 3386 4748 quae
3411 4669 3488 4730 ad
3513 4669 3732 4728 effectum

2251 4761 2748 4840 promovendum
2789 4762 2887 4822 vel
2925 4763 3395 4840 impediendum
3441 4771 3732 4822 concurret*³

2252 4861 2534 4934 possunt,
2583 4855 2904 4916 evidenter
2955 4856 3250 4934 cognosci
3295 4875 3376 4916 an
3421 4856 3516 4915 ille
3543 4853 3730 4914 effectus

2257 4947 2694 5027 impediendus
2751 4949 2850 5020 sit,
2893 4965 3116 5021 necne,
3157 4957 3226 5010 ut
3267 4955 3432 5011 recte
3475 4946 3648 5009 docuit
3681 4944 3728 5000 D.

2255 5043 2550 5114 'rhomam
2605 5046 2630 5102 1
2671 5047 2868 5102 contr.
2902 5041 3112 5112 Gent.,
3155 5060 3294 5122 cap.
3328 5044 3428 5113 67,
3471 5039 3664 5102 ratione
3687 5035 3726 5099 3.

2259 5141 2322 5196 et
2361 5135 2445 5194 ihi
2489 5135 2904 5196 Ferrariensis
2947 5136 3204 5197 notavit.
3249 5137 3322 5196 Et
3349 5135 3498 5195 ratio
3539 5137 3615 5192 est
3649 5127 3730 5187 cvi·
3803 5165 3805 5184 2

2259 5228 2436 5298 dem,
2470 5228 2616 5306 quia
2657 5235 2948 5307 respectu
3003 5229 3193 5288 totius
3239 5224 3589 5288 collectionis
3629 5237 3729 5280 cau·
3803 5305 3805 5314 ⁴

2259 5339 2494 5393 sarum,
2529 5321 2784 5383 effectus
2814 5341 2940 5382 non
2979 5328 3076 5383 est
3111 5323 3488 5401 contingens,
3527 5315 3620 5376 sed
3655 5329 3730 5369 ne·

2259 5413 2607 5484 cessarius;
2645 5413 2795 5492 quia
2835 5432 3055 5475 omnes
3083 5415 3202 5476 illae
3229 5430 3428 5475 causae
3455 5401 3726 5490 necessario
3804 5443 3805 5498 ἒ

2259 5513 2623 5588 operantur.
2658 5506 2785 5567 sive
2825 5507 3274 5586 promovendO,
3307 5506 3430 5566 sive
3461 5497 3724 5580 impedien-
3804 5499 3805 5504 ’
