3850 6225
694 405 831 460 GAP.
868 408 991 462 vm.
1028 407 1375 462 NONNULLAE
1408 409 1823 462 ASSERTIONES
1854 413 1940 463 Ex
1975 411 2284 464 DOCTRINA
2316 413 2556 478 TOTlUS,
2595 415 2725 468 ETc.

656 642 905 704 CAPUT
954 641 1106 703 VIII.

112 871 467 920 nossem
508 875 907 922 assssnrlolms
946 876 1025 922 Ex
1066 875 1361 922 nocuum
1397 875 1605 922 Torms

416 971 575 1016 mnu
618 970 861 1016 smunm
896 969 1321 1018 cofflomwmi.

154 1176 183 1233 1
200 1218 215 1232 .
264 1175 572 1253 Superest
590 1180 660 1236 ut
680 1192 757 1236 ex
778 1175 1089 1247 omnibuS,
1114 1193 1251 1254 quae
1271 1175 1335 1236 in
1355 1176 1477 1236 hoc
1498 1175 1657 1236 libro

70 1265 401 1345 disputata
441 1275 609 1343 sunt,
650 1268 987 1329 nonnullas
1025 1269 1368 1331 sententias
1410 1287 1527 1330 seu
1560 1287 1659 1330 as-

68 1362 393 1423 sertiones
424 1361 818 1440 colligamuS,
856 1367 925 1423 ut
952 1367 1237 1423 nostrum
1269 1362 1349 1424 de
1380 1367 1510 1424 tota
1538 1363 1657 1422 hac

70 1473 271 1515 causa
290 1455 607 1534 judicium
632 1455 1023 1518 manifestius
1045 1461 1311 1532 constet,
1333 1461 1395 1517 et
1417 1463 1487 1518 ut
1510 1475 1655 1535 pru-

70 1548 235 1609 dens
278 1550 483 1612 lector
525 1550 865 1612 nonnullos
908 1550 1209 1628 loquendi
1254 1550 1476 1612 modos
1518 1550 1653 1610 ani-

67 1641 454 1716 madvertat,
491 1648 553 1704 et
574 1661 657 1703 an
680 1644 745 1704 in
776 1644 867 1705 eis
896 1644 1129 1723 aliquid
1152 1643 1410 1723 periculi
1438 1643 1540 1704 vel
1564 1642 1651 1703 ot-

68 1734 383 1797 fensionis
428 1753 567 1798 esse
608 1737 844 1816 possit,
897 1742 1131 1798 attente
1178 1737 1535 1800 consideret
1574 1755 1648 1796 ac

72 1833 353 1890 censeat.

154 1923 385 1986 Prima
422 1925 701 1988 asemio.
756 1957 837 1971 —
881 1924 1087 1986 Primo
1142 1941 1293 2003 ergo
1348 1941 1425 1984 ex
1470 1922 1647 1984 dictis

76 2015 429 2095 colligimus
474 2018 675 2078 Deum
714 2035 843 2079 non
876 2034 1263 2096 praemovere
1304 2016 1644 2090 moraliter,

76 2129 183 2170 seu
210 2111 487 2170 excitare
516 2111 599 2171 ad
623 2109 1139 2172 actus'moraliter
1161 2109 1392 2182 malos;
1428 2109 1647 2170 intelli-

77 2203 281 2282 gimus
327 2208 545 2263 autem
581 2221 831 2283 semper
874 2203 1131 2263 nomine
1172 2207 1347 2263 actus
1392 2202 1541 2262 mali
1578 2203 1645 2262 il-

76 2297 199 2355 lum
230 2301 477 2356 motum
520 2297 886 2368 voluntatiS‚
934 2295 1063 2375 qui,
1096 2313 1171 2356 eo
1198 2301 1482 2373 tempore
1517 2313 1643 2374 quo

72 2389 263 2449 libere
290 2389 395 2461 fit,
430 2408 557 2450 non
580 2393 785 2468 potest
808 2389 971 2450 bene
992 2387 1315 2449 moraliter
1334 2387 1497 2462 fieri,
1524 2407 1643 2448 nec

72 2501 289 2544 carere
312 2484 537 2544 morali
566 2483 824 2544 malitia.
860 2485 933 2543 Et
960 2483 1079 2542 hoc
1110 2499 1301 2542 sensu
1328 2482 1643 2543 existima·

74 2595 209 2636 mus
238 2577 409 2638 hanc
437 2577 848 2639 assertionem
880 2593 1017 2636 esse
1048 2580 1306 2648 certam,
1334 2593 1412 2636 ex
1438 2574 1644 2636 verbis

71 2670 185 2728 illis
200 2671 237 2730 J
240 2669 425 2730 acobi
447 2687 463 2729 :
486 2671 649 2732 Deus
670 2669 829 2731 enim
851 2668 1185 2732 intentator
1202 2667 1499 2730 malorum
1519 2672 1645 2730 est.-

72 2763 195 2843 ipse
228 2767 433 2825 autem
462 2763 757 2824 neminem
794 2765 1035 2834 tentat,⁴
1084 2765 1147 2821 et
1176 2778 1253 2820 ex
1280 2759 1643 2820 definitione

74 2855 323 2916 Concilii
342 2854 689 2916 Tridentini
713 2855 1003 2934 superius
1028 2859 1314 2927 tractata,
1333 2859 1493 2914 etex
1522 2859 1646 2914 tra-

72 2949 303 3010 ditione
346 2951 719 3010 Sanctorum
772 2949 1075 3009 omnium.
1152 2950 1228 3008 Et
1280 2947 1425 3026 quia
1470 2947 1642 3008 nullo

74 3043 259 3103 modo
302 3043 591 3104 excusari
620 3049 831 3122 posset
866 3043 1034 3103 Deus
1064 3042 1213 3121 quin
1253 3045 1420 3103 esset
1451 3059 1641 3102 causa

75 3138 333 3215 peceati,
363 3138 415 3197 si
442 3138 565 3198 hoc
590 3137 781 3198 modo
808 3136 891 3197 ad
920 3142 1269 3215 peccatum,
1296 3154 1409 3197 seu
1438 3136 1518 3197 ad
1538 3154 1642 3197 ac-

80 3236 205 3289 tum
224 3231 467 3291 malum
492 3230 837 3303 induceret,
870 3230 971 3290 vel
1002 3228 1322 3304 excitaret,
1352 3230 1642 3309 legantur

80 3324 235 3383 dicta
264 3324 469 3403 eapite
499 3322 706 3397 tertie,
738 3323 803 3383 in
826 3323 1023 3383 initio.

156 3420 213 3477 Ξ.
254 3417 541 3481 Secunda
575 3418 853 3480 assertio.
885 3450 967 3465 -—
984 3414 1367 3497 Adjuuqitur
1386 3434 1642 3483 censura

84 3512 361 3591 opposita·
410 3510 789 3573 assertionis.
822 3542 903 3556 —
934 3508 1223 3571 Secundo
1255 3553 1271 3584 ,
1320 3510 1467 3571 hinc
1520 3510 1643 3571 col-

84 3601 197 3681 ligo
224 3605 423 3663 Deum
450 3620 779 3681 nunquam
810 3620 1197 3683 praemovere
1252 3603 1643 3664 voluntatem

86 3696 341 3757 hominis
368 3697 491 3757 hoc
521 3696 743 3757 morali
770 3696 982 3772 modu,
1002 3714 1117 3774 per
1144 3696 1548 3759 excitationes
1576 3702 1638 3760 et

82 3790 511 3866 persuasiones
538 3790 829 3863 morales„
863 3790 947 3850 ad
968 3790 1245 3869 aliquem
1278 3796 1489 3851 actum
1540 3791 1637 3851 in·-

84 3880 461 3943 differentem
492 3900 605 3944 seu
624 3900 701 3945 ex
730 3901 799 3945 se
820 3883 1081 3955 bonum,
1102 3884 1219 3946 hac
1250 3884 1513 3962 positiva
1538 3886 1637 3945 in-

84 3976 343 4036 tentione
370 3980 443 4038 ut
470 3977 659 4038 bomo
688 3976 835 4039 inde
865 3978 1258 4039 occasionem
1285 3985 1490 4040 sumat
1504 3996 1636 4039 ma-

90 4067 139 4126 le-
180 4069 501 4147 operandi,
552 4088 667 4131 seu
700 4071 893 4131 alium
949 4076 1157 4133 aetum
1204 4072 1475 4133 liberum
1524 4072 1637 4133 eli-

90 4161 293 4235 ciendi,
326 4182 515 4241 quem
564 4182 695 4223 non
747 4170 975 4243 potest,
1004 4164 1123 4225 nisi
1154 4166 1343 4239 male,
1382 4166 1629 4228 elicere.

90 4254 217 4315 Haec
254 4257 481 4317 veritas
508 4274 639 4317 non
668 4256 916 4319 videtur
954 4264 1085 4320 tam
1124 4277 1421 4339 expresse
1452 4260 1531 4321 de
1559 4259 1637 4320 fi-

88 4351 177 4421 de,
206 4350 361 4411 sicut
384 4350 772 4430 praecedens,
795 4352 943 4431 quia
971 4370 1179 4432 neque
1206 4359 1303 4415 est
1326 4353 1389 4413 in
1424 4354 1632 4415 termi-

90 4446 173 4503 nis
206 4444 477 4513 definita,
508 4462 717 4522 neque
738 4444 825 4506 ita
856 4462 1151 4524 expressa
1182 4446 1251 4507 in
1280 4446 1626 4525 Scriptura.

92 4538 325 4597 Videtur
354 4542 571 4597 tamen
597 4537 757 4599 adeo
788 4546 981 4612 certa,
1004 4546 1075 4600 ut
1101 4540 1409 4601 contraria
1442 4539 1519 4602 sit
1539 4558 1632 4600 er-

94 4648 286 4702 ronea,
327 4632 477 4710 quia
518 4636 733 4691 nostra
782 4632 1043 4694 assertio
1094 4650 1209 4713 per
1244 4650 1631 4712 consequen-

96 4723 223 4783 tiam
254 4726 397 4785 satis
430 4724 793 4785 evidentem
846 4725 1133 4805 sequitur
1180 4744 1257 4786 ex
1312 4726 1625 4787 revelantia.

98 4814 275 4875 Primo
320 4816 793 4895 quidem„quia
834 4818 941 4879 illa
982 4818 1247 4879 intentio
1286 4824 1381 4879 est
1413 4820 1633 4880 intrin-

98 4925 221 4967 sece
251 4910 409 4971 mala
442 4916 503 4969 et
530 4910 769 4989 turpis;
824 4930 977 4990 ergo
1006 4916 1321 4992 repugnat
1367 4912 1633 4973 bonitati

100 5000 317 5063 divinae.
346 5002 660 5077 Secundo,
691 5003 838 5082 quia
868 5004 920 5065 si
964 5005 1125 5065 Deus
1150 5010 1362 5084 posset
1400 5006 1633 5068 directe

104 5084 395 5158 intendere
424 5096 601 5157 illum
628 5096 822 5156 finem
848 5142 863 5169 ‚
920 5096 1109 5158 etiam
1162 5106 1375 5177 posset
1413 5099 1633 5161 imme-

108 5186 247 5247 diate
266 5188 343 5249 ad
362 5190 537 5251 illum
566 5189 861 5263 excitare,
894 5195 957 5251 et
988 5193 1349 5270 pertrahere
1382 5194 1637 5254 morali-

110 5285 190 5339 ter
216 5282 615 5357 voluntatem,
669 5284 817 5363 quia
844 5285 977 5362 ⁸hoc
1030 5285 1309 5346 medium
1360 5304 1487 5347 uon
1540 5293 1634 5349 est

109 5376 325 5453 turpius
350 5395 531 5457 qnam
550 5378 695 5438 finis
719 5424 735 5452 ,
790 5378 1044 5452 scilicet,
1093 5380 1403 5453 excitatio,
1436 5398 1634 5461 quam

114 5484 453 5543 consensus;
500 5472 549 5532 si
580 5488 729 5552 ergo
750 5477 957 5552 potest
975 5474 1141 5534 Deus
1172 5473 1405 5536 directe
1428 5475 1635 5537 inten-

120 5558 249 5621 dere
266 5562 423 5624 illum
440 5582 835 5641 consensum,
865 5566 1113 5630 etillum
1138 5586 1253 5647 per
1274 5568 1395 5629 alia
1423 5570 1629 5632 media

3189 411 3305 472 149

1744 529 2104 590 procurare,
2124 512 2355 573 directe
2379 515 2604 592 poterit
2631 515 2818 575 etiam
2849 515 3142 576 eumdem
3159 537 3306 596 pro-

1745 623 1965 666 curare
1984 607 2335 679 excitand0‚
2353 607 2452 667 vel
2477 608 2884 686 proponendo
2901 608 3146 689 objecta
3165 628 3305 688 quae

1745 699 1826 758 ad
1856 699 2030 760 illum
2062 708 2377 775 moveant,
2411 701 2512 762 vel
2542 703 3067 782 pulchritudinem
3109 705 3306 766 sensi-

1744 791 1936 854 bilem
1962 811 2180 856 eorum
2226 795 2756 874 repraesentandO,
2798 795 2899 856 vel
2940 796 3076 858 aliis
3099 797 3303 860 modis

1740 887 2077 948 similibus:
2112 888 2270 950 sicut
2297 907 2448 969 ergo
2471 890 2590 949 hoc
2609 895 2920 969 repugnat
2937 890 3162 952 divina}
3189 892 3304 952 bo-

1737 980 1915 1043 nitati
1948 985 2013 1043 et
2033 982 2466 1060 providentiae,
2496 981 2581 1042 ita
2622 989 2684 1043 et
2711 983 2944 1044 directe
2973 984 3302 1045 intendere

1738 1073 1911 1134 illum
1943 1095 2322 1138 consensum
2351 1096 2364 1150 ;
2415 1076 2565 1150 imo,
2586 1077 2732 1157 quia
2762 1078 2894 1140 haec
2914 1078 3174 1140 intentio
3202 1097 3305 1140 re-

1740 1176 1979 1248 pugnat
2006 1172 2160 1246 De0,
2205 1175 2516 1252 repugnat
2545 1172 2736 1234 etiam
2764 1171 2866 1234 ille
2895 1172 3302 1252 providentiae

1739 1262 1985 1324 modus.

1821 1359 1880 1418 3.
1929 1357 2142 1422 Tertia
2168 1358 2533 1423 asserti0.—-
2549 1360 2752 1440 Atque
2777 1359 2924 1420 binc
2955 1359 3156 1422 infero
3183 1367 3304 1422 ter·

1737 1452 1822 1513 tio
1848 1497 1863 1524 ‚
1888 1451 2134 1530 quoties
2165 1453 2480 1532 Scriptura
2509 1471 2688 1515 sacra
2713 1453 2958 1516 videtur
2980 1455 3110 1516 Deo
3133 1456 3302 1516 attri-

1732 1545 1929 1605 buere
1973 1545 2432 1620 excitationem,
2463 1549 2561 1608 vel
2613 1549 2918 1610 moralem
2960 1549 3302 1610 motionem

1732 1637 1813 1699 ad
1836 1643 2012 1700 actus
2037 1638 2260 1712 malos,
2282 1640 2472 1720 impie
2493 1659 2566 1701 ac
2591 1646 2828 1703 temere
2851 1641 3080 1720 exponi
3106 1643 3302 1704 altero

1732 1749 1767 1792 e
1800 1731 2046 1791 duobus
2079 1731 2280 1792 modis
2317 1733 2379 1792 in
2417 1735 2912 1812 praecedentibus
2945 1735 3303 1796 assertioni-

1728 1825 1847 1886 bus
1882 1825 2224 1899 damnatis3
2259 1827 2556 1887 nimirum
2593 1827 2761 1906 quod
2803 1826 3161 1888 immediate
3205 1828 3302 1889 in-

1728 1919 1917 1982 ducat
1959 1919 2024 1980 in
2065 1926 2271 1981 actum
2315 1921 2574 1998 malum,
2603 1921 2704 1982 vel
2731 1923 2798 1984 in
2847 1922 3081 2002 aliquid
3127 1922 3298 1983 aliud

1730 2031 1801 2074 eo
1825 2014 2036 2074 animo
2067 2019 2130 2074 et
2153 2013 2522 2088 intentione,
2551 2020 2620 2076 ut
2644 2015 2932 2077 voluntas
2961 2016 3210 2078 labatur
3232 2018 3298 2076 in

1728 2113 1940 2168 actum
1963 2106 2222 2168 malum.
2250 2109 2378 2172 Hac
2402 2109 2571 2169 enim
2596 2108 3104 2188 interpretatione
3129 2109 3297 2171 attri-

1725 2200 1938 2262 buitur
1955 2200 2180 2262 divinis
2202 2200 2420 2262 litteris
2447 2201 2607 2263 falsa
2637 2219 2710 2264 ac
2741 2202 2930 2282 impia
2961 2205 3292 2265 sententia.

1724 2294 1901 2358 Unde
1932 2312 2295 2373 repugnans
2339 2301 2434 2356 est
2463 2296 2743 2356 omnium
2774 2297 3143 2359 Sanctorum
3174 2297 3296 2358 Pa-

1722 2391 1889 2447 trum
1933 2391 1996 2447 et
2035 2387 2562 2449 Scholasticorum
2594 2390 3105 2468 expositionibuS,
3135 2408 3292 2469 quos

1727 2498 1915 2558 supra
1952 2480 2159 2555 retuli,
2203 2487 2264 2542 et
2305 2481 2513 2543 statim
2556 2482 2892 2543 nonnullos
2930 2483 3286 2545 insinuabo.

1726 2572 1970 2632 Debent
1994 2590 2144 2652 ergo
2174 2573 2334 2634 tales
2356 2573 2703 2635 locutiones
2743 2574 3002 2656 intelligi
3029 2577 3294 2655 permis-

1728 2664 1857 2724 sive
1890 2671 2156 2742 tantum‚
2183 2665 2379 2728 altero
2407 2686 2442 2728 e
2470 2667 2716 2728 duobus
2741 2669 2943 2729 modis
2971 2687 3158 2748 supra
3186 2687 3294 2750 po-

1728 2758 1882 2831 sitis,
1914 2779 2054 2840 cap.
2085 2762 2146 2834 5,
2171 2767 2280 2822 aut
2306 2780 2423 2841 per
2449 2761 2650 2822 solam
2689 2763 3090 2842 negationem
3117 2765 3296 2824 auxi-

1726 2851 1811 2923 lii,
1860 2853 1961 2914 vel
1999 2854 2318 2916 moraliter
2359 2856 2720 2930 necessarii,
2765 2855 2866 2918 vel
2912 2857 3082 2934 quod
3127 2859 3292 2918 Deus

1722 2944 2027 3024 praevidet
2061 2947 2162 3007 hic
2204 2953 2266 3008 et
2293 2967 2460 3010 nunc
2499 2948 2632 3010 fore
2678 2957 3100 3029 opportunum
3132 2969 3144 3010 ε
3187 2957 3296 3012 aut

1724 3057 1839 3119 per
1863 3039 2194 3118 positivam
2223 3042 2656 3121 operationem
2682 3043 2938 3119 bonam,
2966 3061 3106 3131 quge
3130 3043 3293 3106 futu-

1720 3150 1791 3193 ra
1822 3139 1916 3193 est
1939 3135 2134 3197 ruinae
2159 3136 2426 3212 occasi0,
2452 3155 2580 3199 non
2610 3138 2992 3200 intendendo
3016 3138 3286 3212 ruinam,

1722 3225 1835 3287 sed
1860 3228 2259 3305 praevidendo
2299 3236 2362 3291 et
2397 3231 2836 3311 permittendo.
2875 3232 3067 3293 Priori
3099 3232 3288 3294 modo

1720 3326 2044 3397 exponunt
2072 3322 2479 3401 Augustinus,
2511 3324 2691 3404 epist.
2725 3326 2826 3399 89,
2869 3333 3086 3405 quaest.
3120 3330 3181 3399 2,
3215 3326 3292 3387 li·-

1719 3412 1835 3473 bro
1862 3414 1946 3475 20
1969 3414 2050 3475 de
2079 3414 2280 3484 civit..
2322 3436 2461 3496 cap.
2497 3420 2596 3491 19,
2631 3417 2710 3478 de
2741 3416 2912 3479 Grat.
2948 3425 3010 3480 et
3037 3420 3145 3479 lib.
3191 3438 3290 3480 ar·

1722 3504 1863 3565 bitr.
1884 3550 1899 3578 ,
1945 3506 2128 3585 capit.
2175 3510 2284 3583 233
2327 3510 2829 3589 chrysostomuS,
2859 3511 3074 3573 homil.
3116 3512 3196 3573 83
3223 3512 3288 3573 in

1722 3600 1950 3661 Joann.
1971 3646 1988 3675 ,
2020 3608 2082 3663 et
2109 3602 2323 3664 homil.
2361 3604 2400 3665 8
2429 3606 2493 3666 in
2533 3609 2562 3666 1
2601 3606 2680 3666 ad
2712 3606 3023 3680 Corinth.;
3057 3607 3288 3687 Grego-

1722 3694 1876 3768 rius,
1906 3697 1945 3755 3
1973 3696 2216 3771 Moral.,
2251 3716 2388 3777 cap.
2425 3700 2526 3773 16,
2563 3699 2673 3760 lib.
2718 3702 2822 3772 32,
2861 3719 2916 3761 c.
2963 3703 3039 3762 12
3085 3709 3146 3762 et
3175 3704 3284 3777 133

1719 3789 2069 3865 AnselmuS,
2099 3791 2178 3852 de
2207 3792 2344 3853 Cas.
2374 3791 2570 3867 diab.,
2599 3811 2736 3872 cap.
2763 3792 2992 3867 ultim.;
3023 3796 3145 3856 Leo
3177 3796 3288 3857 Pa-

1716 3898 1819 3960 pa,
1865 3900 2054 3943 serm.
2105 3886 2142 3944 7
2183 3883 2266 3945 de
2317 3885 2516 3957 Pass.;
2567 3886 2745 3947 divus
2790 3887 3062 3947 Thomas
3111 3892 3170 3949 1.
3219 3890 3282 3966 2,

1716 3982 1934 4055 quaest.
1965 3979 2066 4051 79,
2093 3984 2209 4039 art.
2245 3982 2303 4053 1,
2335 3984 2396 4041 et
2419 3978 2560 4040 libr.
2591 3980 2629 4040 3
2657 3986 2873 4042 contra
2902 3981 3111 4055 Gent.‚
3141 4001 3278 4063 cap.

1717 4072 1857 4143 162,
1886 4075 1950 4131 et
1973 4070 2478 4151 frequentissime
2504 4074 2886 4153 expositores
2925 4076 3282 4154 hujusmodi

1714 4164 2214 4226 testimoniorum
2265 4167 2598 4247 Scripturas
2651 4169 2715 4229 in
2765 4170 3032 4249 propriis
3087 4168 3238 4230 locis
3261 4216 3278 4243 ,

1716 4274 1855 4335 quae
1883 4258 2034 4319 satis
2055 4258 2336 4339 vulgaria
2361 4266 2527 4321 sunt.
2558 4260 2888 4322 Posteriori
2917 4262 3104 4323 modo
3129 4281 3281 4323 usus

1716 4356 1811 4410 est
1847 4352 2252 4430 Augustinus,
2301 4360 2522 4431 quaest.
2561 4355 2639 4415 18
2667 4359 2729 4415 et
2762 4356 2843 4416 ‘24
2870 4355 2934 4415 in
2963 4356 3185 4428 Exod.,
3221 4362 3282 4416 et

1712 4442 1821 4503 lib.
1850 4445 1889 4504 5
1917 4450 2137 4505 contra
2178 4445 2520 4521 lulianum,
2555 4464 2693 4526 cap.
2727 4448 2784 4521 3,
2819 4454 2882 4509 et
2909 4447 2986 4508 de
3019 4447 3186 4508 Grat.
3220 4454 3282 4508 et

1714 4535 1817 4595 lib.
1850 4536 2029 4597 arbit.
2052 4582 2067 4609 ‚
2097 4538 2281 4618 capit.
2317 4540 2428 4611 21;
2459 4545 2523 4600 et
2563 4540 2924 4621 GregoriuS,
2954 4541 3168 4601 homil.
3207 4545 3274 4601 11

1712 4628 1777 4689 in
1820 4630 2078 4705 Ezech.,
2109 4632 2215 4693 lib.
2249 4636 2328 4695 25
2367 4634 2613 4709 Moral.,
2661 4654 2800 4715 cap.
2845 4640 2952 4709 123
2995 4638 3279 4717 Rupert.,

1714 4724 1970 4803 Apocal.
2017 4726 2124 4799 1“1;
2165 4725 2237 4786 D.
2271 4728 2566 4801 ThomaS,
2597 4728 2677 4789 ad
2706 4732 2885 4791 Rom.
2931 4732 2994 4805 9,
3025 4730 3169 4791 lect.
3219 4733 3278 4804 3,

1712 4816 1820 4876 ubi
1868 4816 2190 4897 eleganter
2237 4820 2303 4880 id
2354 4820 2651 4895 declarat,
2707 4829 2769 4884 et
2821 4842 2900 4885 ex
2948 4824 3283 4903 Scripturis

1715 4907 2062 4971 confirmat.

1804 5095 2170 5179 bingiam-is
2191 5102 2464 5181 quaedam
2497 5101 2786 5182 expositio
2813 5108 3206 5185 quorumdam

2168 5193 2434 5257 locorum
2465 5194 2837 5278 Scriptum.

1793 5388 1853 5446 4.
1900 5386 2140 5450 Fertur
2177 5388 2488 5469 judicium
2529 5390 2597 5452 de
2629 5392 2947 5473 proposita
2978 5394 3278 5459 doctrina.

1712 5510 1793 5523 —
1819 5480 1956 5539 Non
1997 5478 2225 5541 desunt
2254 5487 2468 5542 tamen
2503 5482 2802 5563 Theologi
2841 5486 2972 5563 qui,
3009 5504 3137 5546 non
3177 5488 3285 5548 ob-

1714 5572 2022 5633 stantibus
2043 5573 2142 5634 his
2157 5574 2450 5635 omnibus
2468 5574 2796 5653 praedictiS,
2813 5578 3163 5658 Scripturas
3179 5598 3286 5641 ex-
