3850 6225
627 434 795 487 SECT.
833 436 916 488 ΙΙΙ.
965 436 1178 489 UTRUH
1210 435 1376 489 TOTA
1409 436 1640 491 cuma
1673 435 1794 488 PER
1826 434 2153 487 PECCATUM
2188 418 2415 487 Atussa
2446 430 2695 493 stum,
2728 428 2863 483 mc,
3231 427 3349 489 489

131 558 280 602 rere
329 538 412 600 ad
465 539 624 599 hauc
661 538 1160 599 reviviscentiam
1201 540 1566 600 meritorum
1609 557 1704 599 re·

133 633 456 695 movendo
489 631 851 710 prohibenS,
885 633 1030 709 quia
1065 631 1266 693 solum
1293 634 1606 695 concurrit
1633 639 1704 694 ut

134 727 464 805 dispositio
495 726 846 786 neccssaria
875 725 959 786 ad
991 726 1108 787 hoc
1139 733 1209 788 ut
1235 726 1528 805 praedicta
1559 745 1703 788 con-

133 820 293 881 ditio
319 820 668 899 expleatur,
698 818 1010 892 videlicet,
1041 818 1212 897 quod
1241 821 1428 880 homo
1459 820 1560 893 sit,
1587 839 1702 880 seu

133 916 407 977 decedat
457 917 522 976 in
571 919 736 976 statu
777 914 1012 994 gratiae,
1052 914 1222 993 qnod
1277 914 1538 993 perinde
1585 920 1700 976 est.

131 1014 278 1072 Non
331 1028 482 1090 ergo
525 1009 840 1071 concurrit
895 1014 962 1069 ut
1014 1007 1338 1087 dispositio
1373 1026 1487 1087 per
1525 1027 1592 1069 se
1624 1008 1707 1069 ad

127 1106 346 1185 priora
373 1104 618 1173 merita,
650 1101 749 1164 vel
779 1099 1054 1163 valorem
1085 1119 1329 1176 eorum,
1373 1107 1442 1162 ut-
1467 1103 1708 1180 priores

133 1201 468 1279 opiniones
493 1196 934 1276 supponebant
958 1215 972 1267 ;
1017 1195 1130 1256 sed
1159 1196 1362 1257 solum
1409 1202 1474 1257 ut
1499 1196 1709 1275 dispo-

130 1295 278 1354 sitio
309 1294 390 1353 ad
409 1298 638 1353 statum
676 1290 912 1369 gratim,
957 1288 1066 1368 qui
1087 1290 1482 1350 necessarius
1518 1297 1612 1351 est
1639 1293 1709 1351 nt

125 1387 388 1447 tollatur
430 1383 952 1463 impedimentum
985 1382 1250 1461 peccati,
1297 1389 1359 1443 et
1387 1383 1530 1443 ideo
1571 1402 1709 1443 ces-

126 1486 276 1539 sant
303 1478 738 1557 proportiones
763 1494 1008 1548 omneS,
1037 1476 1184 1554 quia
1215 1476 1296 1535 ad
1319 1476 1486 1537 huuc
1509 1475 1705 1537 finem

125 1572 222 1632 nil
252 1570 448 1632 refert
471 1569 642 1649 quod
665 1574 860 1631 status
893 1568 1106 1647 gratiae
1133 1568 1214 1629 sit
1232 1569 1304 1628 in
1347 1567 1572 1647 maJ'ori
1603 1568 1704 1629 vel

121 1664 360 1725 minori
387 1662 762 1733 intensione,
793 1660 941 1739 quia
969 1678 1084 1739 per
1103 1678 1568 1745 quamcumque
1590 1662 1702 1721 mi-

123 1758 372 1818 nimam
421 1755 686 1835 gratiam
737 1754 973 1819 tellitur
1025 1754 1394 1832 praedictum
1437 1754 1700 1833 impedi-

125 1855 424 1911 mentum
445 1866 462 1918 ;
501 1853 564 1909 et
583 1847 684 1907 illa
707 1848 912 1926 major
933 1846 1202 1908 intensio
1225 1865 1352 1907 nou
1383 1853 1476 1907 est
1495 1847 1700 1927 dispo-

121 1942 273 2003 sitio
303 1960 417 2022 per
439 1959 508 2003 se
551 1940 848 2019 requisita
878 1941 956 2001 ad
993 1940 1184 2001 talem
1215 1940 1532 2001 effectum.

211 2038 314 2095 ⁶20.
359 2034 804 2113 Aryumeutum
846 2038 1062 2097 contra
1091 2052 1298 2095 veram
1319 2035 1681 2097 doctrinam.

117 2162 212 2175 —
239 2128 364 2190 Sed
423 2134 674 2188 contra:
709 2145 858 2188 nam
917 2126 1064 2187 hinc
1111 2126 1396 2205 sequitur
1445 2146 1698 2189 omnem

117 2222 456 2282 hominem
483 2226 920 2297 resurgentem
945 2238 982 2279 a
1033 2225 1290 2299 peccato
1319 2222 1563 2281 mortali
1589 2240 1702 2300 per

117 2332 598 2395 quamcumque
645 2313 1105 2385 contritionem,
1141 2314 1326 2375 etiam
1375 2314 1552 2375 valde
1606 2334 1700 2375 re-

119 2410 412 2479 missam,
469 2407 828 2468 habiturum
857 2408 1064 2487 majus
1111 2408 1442 2487 praemium
1481 2427 1699 2469 esseu-

117 2503 278 2563 tiale
319 2502 716 2576 meritorum,
756 2519 943 2580 quam
994 2502 1319 2562 habuisset
1367 2507 1512 2562 ante
1553 2520 1700 2581 pec-

119 2604 377 2669 eatum3
421 2612 818 2672 consequens
867 2594 1118 2655 videtur
1169 2594 1550 2667 absurdum;
1599 2614 1700 2655 cr—

119 2708 230 2768 gO.
259 2686 526 2767 Sequela
557 2692 756 2766 patet,
773 2705 920 2747 nam
951 2687 1054 2747 ille
1084 2688 1340 2748 habebit
1368 2688 1698 2767 praemium

123 2781 464 2842 essentiale
493 2780 886 2859 respondens
935 2780 1330 2852 contritioni,
1373 2786 1438 2841 et
1477 2787 1698 2859 pra-te-

115 2894 232 2937 rea
291 2876 548 2936 habehit
596 2875 908 2953 integrum
933 2875 1262 2952 praemium
1309 2874 1694 2953 respondens

117 2969 440 3047 prioribus
493 2968 732 3029 meritis
763 2986 778 3037 ;
829 2984 979 3047 ergo
1033 2968 1394 3047 simpliciter
1441 2968 1694 3029 habebit

113 3064 334 3142 majus
363 3062 711 3142 praemium.
737 3061 942 3122 Minor
959 3064 1170 3122 autem
1193 3062 1518 3141 probatur,
1542 3062 1686 3140 quia

111 3159 374 3218 videtur
394 3157 841 3218 inconveniens
869 3157 1038 3236 quod
1059 3175 1170 3235 per
1189 3157 1512 3216 minimam
1543 3175 1688 3217 con-

113 3252 440 3312 tritionem
471 3251 680 3312 statim
709 3250 899 3310 homo
933 3250 1171 3328 integre
1203 3255 1388 3328 atque
1411 3250 1686 3329 perfecte

109 3349 494 3422 reparetur,
539 3346 603 3404 et
651 3342 822 3421 quod
883 3343 1304 3403 interveniens
1355 3350 1686 3421 peccatum
1713 3364 1726 3378 ·

111 3438 272 3496 nihil
301 3437 604 3516 impediat
631 3456 646 3508 ;
703 3443 838 3498 tum
868 3437 1058 3496 etiam
1087 3437 1233 3515 quia
1276 3437 1430 3496 alias
1458 3437 1684 3496 melius

108 3535 286 3590 esset
315 3529 551 3590 homini
579 3547 844 3608 peccare
861 3534 922 3589 et
947 3547 1300 3608 resurgere,
1329 3548 1519 3607 quam
1551 3548 1686 3590 om-

106 3624 270 3683 nino
311 3623 392 3682 ab
449 3627 716 3702 utroque
759 3627 902 3682 actu
941 3640 1234 3692 cessare;
1295 3623 1440 3700 quia
1495 3623 1682 3702 priori

105 3715 308 3776 modo
351 3721 618 3795 augetur
645 3721 972 3795 praemium
1011 3714 1248 3794 gloriae,
1283 3721 1346 3776 et
1382 3733 1512 3776 nou
1539 3733 1687 3794 pos—-

105 3809 356 3870 teriori.

191 3905 298 3962 21.
345 3901 552 3964 Facile
603 3890 888 3964 solvilur.
927 3933 1010 3948 —
1059 3903 1186 3962 Hoc
1241 3911 1686 3980 argumentum

101 3994 328 4073 magni
371 3993 610 4055 faciunt
651 4001 940 4055 auctores
973 3997 1298 4055 contrariae
1337 3997 1680 4068 sententiae,

101 4091 194 4150 ita
256 4095 328 4148 ut
379 4088 684 4150 Ledesma
717 4087 882 4149 dicat
915 4106 1310 4166 consequens
1342 4091 1495 4151 illud
1545 4109 1684 4150 esse

99 4201 372 4254 novum,
411 4188 473 4242 et
510 4181 786 4242 alienum
829 4201 866 4242 a
913 4183 1194 4242 doctrina
1225 4183 1498 4256 patrum,
1528 4203 1686 4263 quos

101 4275 124 4352 (
157 4274 410 4353 inquit)
443 4274 492 4334 si
527 4274 811 4336 moderni
843 4274 1162 4354 legissent,
1195 4295 1518 4355 nunquam
1543 4297 1686 4338 sen-

99 4369 376 4430 tentiam
421 4367 591 4427 iliam
635 4366 1014 4428 docuissent.
1060 4368 1200 4446 Ipse
1245 4387 1396 4430 vero
1434 4369 1682 4430 nullum

99 4464 485 4524 Sanctorum
522 4461 774 4522 Petrum
801 4460 1080 4532 adducit,
1123 4461 1231 4540 qui
1257 4462 1404 4523 huic
1433 4469 1680 4523 senten-

97 4557 213 4617 tiae
269 4573 622 4634 repugnare
671 4553 976 4616 videatur.
1010 4557 1134 4616 Nos
1191 4574 1338 4618 vero
1395 4557 1460 4616 in
1495 4575 1682 4636 supe-

97 4647 260 4708 riori
303 4647 724 4726 disputatione
767 4648 964 4708 multa
996 4666 1071 4708 ex
1109 4649 1394 4710 Patribus
1425 4650 1682 4710 adduxi-

93 4759 253 4802 mus
283 4741 364 4801 ad
411 4741 802 4820 probandam
831 4742 998 4802 hanc
1023 4743 1521 4804 reviviscentiam
1551 4763 1682 4804 mc-

95 4835 400 4908 ritorum,
431 4835 496 4893 in
527 4834 752 4912 quibus
781 4835 988 4912 potius
1015 4834 1226 4894 favent
1255 4835 1398 4896 huic
1429 4841 1680 4897 senten-

93 4928 208 4988 tiae
239 4943 432 5005 quam
461 4933 815 5006 repugnent
843 4946 860 4996 ;
890 4945 1038 4986 nam
1069 4926 1430 5005 simpliciter
1484 4934 1545 4990 et
1597 4929 1680 4988 si-

97 5037 188 5080 ne
233 5018 600 5080 limitatione
639 5018 994 5098 significant
1033 5020 1274 5080 restitui
1319 5022 1564 5092 merita,
1610 5021 1674 5081 in

95 5131 236 5190 quo
270 5113 474 5190 potius
501 5112 780 5172 indicant
803 5111 1300 5173 reviviscentiam
1331 5114 1492 5173 hanc
1539 5131 1678 5174 esse

95 5207 440 5283 integram,
485 5223 672 5284 quam
737 5203 940 5266 solum
977 5223 1054 5264 ex
1107 5211 1310 5284 parte.
1344 5206 1438 5266 Ad
1489 5225 1678 5284 argu·-

91 5305 390 5360 mentum
453 5315 604 5376 ergo
660 5297 936 5358 concedo
1005 5299 1329 5376 sequelam
1363 5343 1377 5370 ‚
1441 5299 1676 5360 efficaci

95 5392 274 5452 enim
305 5396 680 5466 argumento
709 5389 1048 5467 probatur;
1091 5409 1256 5470 nego
1283 5397 1494 5452 autem
1521 5391 1676 5452 illud

89 5503 242 5546 esse
291 5483 740 5544 inconveniens
767 5481 1044 5560 aliquod.
1101 5484 1258 5543 Nam
1285 5527 1300 5556 ,
1355 5483 1526 5563 quod
1557 5485 1674 5545 mi·-

89 5576 274 5638 nima
307 5575 596 5636 contritio
625 5575 866 5660 integre
894 5582 1144 5658 reparet
1185 5577 1430 5650 merita,
1463 5577 1672 5656 potius

1787 540 1882 597 est
1932 535 2301 597 excellentia
2330 533 2619 613 quaedam
2654 533 2895 594 virtutis
2932 532 3343 611 poenitc'ntiae,

1787 636 1848 691 et
1878 629 2105 689 divinae
2155 628 2397 707 gratiae,
2448 634 2511 688 et
2538 625 2999 697 misericordiae,
3034 630 3097 685 et
3138 625 3349 702 praeci-

1787 740 1910 802 pue
1966 726 2060 782 est
2099 720 2557 782 commendatio
2604 718 2807 779 meriti
2848 718 2926 779 de
2985 717 3293 797 condigno
3326 762 3347 792 ‚

1787 816 1959 895 quod
2014 815 2169 876 tanti
2208 815 2436 875 valoris
2490 820 2583 875 est
2610 812 2780 893 apud
2816 814 3031 885 Deum,
3066 817 3134 872 ut
3164 810 3245 871 ad
3271 810 3351 870 fl-

1787 909 1929 969 nale
1984 908 2311 987 praemium
2366 906 2776 969 obtinendum
2838 905 3039 966 solum
3072 903 3350 981 requirat

1788 1002 2211 1063 conditionem
2242 1002 2411 1063 illam
2441 998 2787 1063 decedendi
2814 999 2877 1059 in
2906 998 3124 1077 gratia.
3172 996 3350 1069 Quod

1789 1113 1939 1157 vero
1982 1095 2123 1173 plus
2152 1095 2387 1174 praemii
2420 1097 2862 1173 consequatur,
2918 1092 3154 1153 caetcris
3184 1090 3349 1171 pari·

1788 1190 1906 1249 bus
1942 1188 2050 1267 qui
2080 1193 2220 1267 post
2256 1188 2465 1267 priora
2494 1188 2717 1247 merita
2748 1192 2966 1265 peccat
3010 1191 3073 1246 et
3120 1184 3343 1263 surgit,

1788 1300 1981 1362 quam
2023 1281 2129 1359 qui
2187 1282 2357 1342 omui
2402 1287 2547 1341 actu
2605 1286 2787 1340 vacat
2827 1285 2889 1339 et
2948 1278 3185 1340 otiosus
3226 1283 3343 1347 est,

1785 1375 2181 1435 verissimum
2226 1378 2352 1445 est,
2400 1380 2463 1435 et
2515 1372 2672 1433 nihil
2707 1371 2962 1433 absurdi
3013 1370 3341 1442 continet;

1786 1486 1936 1529 nam
1994 1468 2097 1529 illa
2168 1456 2658 1547 major'utilitas
2706 1484 2833 1528 non
2896 1464 3181 1544 provenit
3232 1481 3347 1541 per

1785 1580 1852 1623 se
1884 1580 1963 1621 ex
2004 1565 2283 1641 peccato,
2328 1560 2439 1621 sed
2469 1579 2546 1621 ex
2576 1558 2982 1630 contritionc;
3016 1560 3345 1635 peccatum

1785 1661 1994 1717 autem
2038 1655 2240 1733 potuit
2272 1672 2409 1715 csse
2462 1653 2708 1715 occasio
2760 1650 3082 1712 crescendi
3114 1650 3179 1710 in
3208 1667 3345 1711 me·-

1781 1748 1923 1819 rito,
1957 1748 2129 1827 quod
2184 1746 2689 1828 frequentissime
2737 1744 2979 1805 accidit.
3012 1742 3191 1814 Quod
3234 1761 3345 1803 au-

1780 1847 1908 1903 tem
1934 1842 2095 1901 alius
2121 1847 2333 1903 carcat
2360 1840 2470 1902 tali
2499 1843 2863 1919 augmentO,
2893 1855 3023 1897 non
3060 1835 3347 1915 provenit

1781 1952 1860 1995 ex
1911 1953 1988 1995 eo
2030 1934 2201 2013 quod
2242 1952 2371 1994 non
2418 1933 2731 2012 peccavit,
2772 1930 2885 1991 sed
2912 1948 2991 1991 ex
3042 1947 3117 1990 eo
3172 1928 3345 2009 quod

1777 2029 2021 2089 nullum
2054 2044 2287 2088 novum
2338 2034 2545 2089 actum
2580 2024 2970 2086 meritorium
3016 2022 3336 2093 exercuit3

1781 2123 1953 2201 quod
2002 2128 2215 2183 tamen
2258 2120 2465 2181 fac-ere
2521 2117 2823 2199 potuisset
2860 2116 3035 2178 nullo
3077 2116 3343 2177 interve-

1779 2216 1991 2277 niente
2046 2222 2341 2294 peccato;
2386 2214 2537 2287 im0‚
2584 2214 2733 2274 dum
2762 2211 2923 2271 alius
2962 2211 3239 2290 peccavit
3280 2214 3345 2271 et.

1781 2309 2069 2380 surrexit,
2112 2310 2417 2387 potuisset
2453 2309 2609 2369 alter
2635 2307 2849 2386 plures
2878 2311 3054 2366 actus
3094 2304 3345 2365 merito-

1777 2404 1904 2463 rios
1946 2420 2238 2463 exercere
2265 2446 2281 2473 ,
2328 2408 2391 2463 et
2432 2420 2545 2481 per
2580 2400 2783 2461 cosin
2826 2399 3138 2459 essentiali
3186 2417 3344 2477 prae-

1777 2496 1904 2556 mio
1934 2496 2205 2575 amplius
2234 2512 2554 2565 crescere;
2580 2491 2631 2553 si
2654 2511 2803 2571 ergo
2836 2491 2902 2552 id
2930 2490 3134 2551 faeere
3157 2490 3338 2551 omit-

1777 2590 1870 2663 tit,
1919 2590 2037 2650 sibi
2068 2590 2353 2667 imputet,
2386 2588 2529 2665 quia
2570 2592 2851 2649 meretur
2892 2585 3061 2663 quod
3099 2585 3179 2645 ab
3214 2584 3335 2645 alio

1777 2690 2107 2761 peccatore
2150 2682 2583 2761 poenitentiam
2626 2685 2853 2759 agente
2906 2679 2966 2739 in
3022 2678 3335 2739 essentiali

1777 2776 2032 2856 praemio
2068 2780 2417 2853 superetur.

2379 3037 2592 3091 SECTIO
2626 3039 2710 3090 111.

1768 3253 1935 3292 [ἺΊΙΕΙ
1955 3253 2076 3290 ‘ron
2098 3254 2272 3290 curu
2294 3253 2384 3290 PER
2408 3253 2660 3291 PECCATU!
2686 3253 2855 3290 missa
2878 3252 3049 3290 surm
3070 3254 3331 3291 nestum·-

1829 3330 1924 3366 TUR
1955 3331 2044 3366 Ptin
2076 3329 2422 3367 roexttsxnnt
2462 3331 2551 3367 SEU
2586 3329 2907 3366 Ranisstonnt
2943 3329 3158 3376 recem,
3196 3330 3331 3367 mco·

1829 3405 1927 3450 Qus
1960 3405 2145 3442 sursit
2182 3405 2316 3442 ΒΟΙΟ
2342 3405 2407 3442 ΑΒ
2438 3405 2662 3442 tmolum
2686 3405 2899 3443 cuam}
2923 3405 3186 3442 RESURGAT.

1847 3623 1874 3679 1
1891 3664 1906 3679 .
1958 3621 2047 3683 De
2086 3638 2205 3701 qua
2236 3620 2447 3703 qratia
2484 3619 2570 3683 rit
2598 3624 2847 3690 futurus
2882 3639 3189 3685 sermm—
3207 3624 3329 3684 No-

1767 3712 1936 3774 mine
1968 3714 2181 3793 gratiae
2205 3714 2325 3773 hoc
2362 3713 2500 3774 loco
2536 3714 2937 3793 intelligimus
2966 3733 3092 3776 non
3125 3715 3327 3778 solum

1768 3807 2132 3886 qualitatem
2174 3807 2343 3867 illam
2394 3807 2905 3881 sanctificantem,
2948 3827 3089 3888 quse
3130 3815 3223 3872 est
3262 3810 3327 3882 in

1767 3901 2041 3962 essentia
2082 3900 2331 3972 animae,
2374 3900 2485 3961 scd
2520 3901 2713 3960 etiam
2761 3902 3149 3974 charitatem,
3182 3903 3327 3964 reli-

1769 4009 2051 4072 quasque
2090 3993 2347 4054 virtutes
2394 3993 2631 4054 infusas
2688 4011 2827 4072 quae
2866 4013 2980 4072 per
3030 4013 3097 4054 se
3138 3995 3327 4056 comi-

1767 4091 1981 4147 tantur
2012 4087 2299 4166 gratiam,
2332 4093 2393 4148 et
2445 4087 2525 4147 ab
2561 4087 2666 4148 illa
2707 4087 3003 4166 pendent.
3040 4089 3183 4148 Haec
3218 4105 3327 4146 au-

1766 4186 1892 4242 tem
1937 4181 2133 4260 gratia
2171 4199 2282 4241 seu
2313 4181 2538 4259 aliquis
2566 4181 2801 4260 gradus
2829 4182 2965 4260 ejus
3000 4181 3327 4261 dupliciter

1767 4275 2030 4337 obtineri
2060 4281 2265 4353 potest
2299 4281 2442 4336 ante
2470 4275 2715 4353 lapsum
2754 4277 3025 4354 peccati:
3079 4275 3278 4353 primo
3306 4319 3321 4344 ,

1766 4369 1958 4448 gratis
2010 4374 2072 4429 et
2121 4368 2361 4446 absque
2415 4368 2667 4446 proprio
2718 4367 2940 4428 merito
2990 4367 3069 4428 de
3116 4366 3328 4427 condi-

1763 4479 1910 4540 gne,
1960 4459 2275 4538 quomodo
2312 4460 2581 4520 habetur
2627 4459 2829 4521 omnis
2858 4460 3057 4540 gratia
3096 4460 3321 4538 prima,

1763 4571 1902 4632 quae
1950 4554 2183 4614 homini
2214 4553 2397 4614 datur
2444 4553 2687 4632 quoties
2723 4553 2800 4613 de
2827 4571 2989 4614 novo
3023 4553 3327 4632 justifica-

1762 4653 1900 4719 tur;
1954 4647 2101 4707 item
2137 4637 2341 4706 omnis
2375 4647 2573 4726 gratia
2608 4665 2745 4724 quae
2774 4646 2957 4707 datur
2986 4645 3219 4706 homini
3249 4665 3323 4708 ex

1762 4757 1951 4818 opere
1990 4745 2269 4816 operato.
2306 4740 2437 4800 Alia
2459 4758 2609 4800 vero
2646 4744 2743 4800 est
2768 4739 2969 4817 gratia
2996 4757 3183 4818 quam
3216 4740 3326 4800 ho-

1759 4851 1863 4892 mo
1915 4833 2274 4911 assequitur
2323 4851 2438 4912 per
2502 4833 2827 4912 proprium
2884 4833 3177 4894 meritum
3243 4833 3323 4894 de

1759 4926 2095 5006 condigne,
2128 4929 2195 4986 ut
2226 4931 2319 4988 est
2348 4944 2537 4986 omne
2568 4930 2999 5006 angmentum,
3022 4927 3191 5006 qnod
3210 4929 3327 4988 ho—

1759 5039 1862 5080 mo
1901 5021 2110 5099 justus
2152 5039 2265 5099 per
2300 5019 2553 5099 propria
2594 5037 2786 5098 opera
2815 5025 3113 5082 meretur.
3148 5021 3323 5082 Prius

1760 5132 1910 5192 ergo
1942 5112 2223 5173 dicemus
2263 5113 2343 5173 de
2381 5113 2499 5173 hac
2549 5112 2879 5192 posteriori
2919 5113 3140 5192 gratia,
3174 5115 3321 5193 quia

1759 5206 1961 5286 magis
1991 5224 2273 5266 connexa
2301 5213 2393 5267 cst
2428 5224 2573 5268 cum
2601 5206 3031 5268 reviviscentia
3070 5207 3323 5268 merito-

1759 5317 1922 5372 rum,
1962 5298 2041 5360 de
2076 5317 2192 5377 qua
2226 5300 2531 5360 hactenus
2560 5299 2871 5370 diximus3
2928 5305 3144 5377 postea
3174 5318 3321 5361 vero

1757 5393 2019 5453 alteram
2066 5398 2307 5470 partem
2332 5392 2759 5471 expediemuS,
2792 5409 2869 5452 cx
2912 5408 3036 5469 quo
3065 5392 3319 5454 tandem

1756 5484 2063 5546 constabit
2108 5503 2189 5544 an
2204 5493 2497 5565 peccator
2512 5501 2761 5563 semper
2792 5489 3081 5562 resurgat
3099 5485 3161 5542 in
3191 5503 3323 5544 ma-

1744 5577 1869 5657 jori
1910 5577 2133 5659 gratia.
