3850 6225
517 384 554 447 8
1261 393 1456 448 OPUSC
1509 396 1548 459 1,
1583 395 1700 448 Lm.
1737 396 1775 447 1.
1811 396 1891 448 DE
1927 393 2243 449 CONCURSU
2273 398 2373 451 DE!
2408 398 2533 452 cm!
2564 398 2955 453 VOLUNTATE.

1119 610 1368 672 CAPUT
1403 612 1476 672 11.

525 798 946 846 Excmmmrun
977 796 1092 842 Duo
1118 796 1281 842 FALst
1315 796 1458 843 Mem
1505 796 1852 845 mmmm
1891 796 2080 843 umm-

937 888 1278 935 FERENTIAM
1305 889 1670 935 LIBERTATIS.

605 1068 660 1126 1.
704 1068 856 1126 Duae
903 1070 1047 1125 sunt
1085 1064 1148 1123 in
1171 1064 1291 1123 hac
1333 1080 1400 1123 re
1447 1062 1769 1123 sententiae
1798 1078 1940 1141 quoe
1970 1080 2081 1123 no-

517 1160 615 1222 bis
640 1178 765 1219 non
800 1159 1164 1237 probantur.
1206 1156 1382 1218 Prior
1409 1162 1503 1216 est
1525 1158 1690 1217 hanc
1717 1156 2075 1217 indifferen-

517 1252 666 1314 tiam
721 1251 1055 1312 voluntatis
1098 1250 1344 1328 passive
1385 1254 1630 1309 tantum
1669 1266 1808 1309 esse
1853 1249 2077 1310 intelli·

519 1347 812 1426 gendam.
847 1348 999 1407 Cum
1025 1346 1194 1405 enim
1225 1344 1521 1405 consistat
1555 1345 1692 1404 haec
1718 1344 2077 1405 indifferen-

517 1440 603 1500 tia
644 1441 708 1499 in
744 1441 1048 1517 potestate
1097 1437 1179 1497 ad
1220 1436 1558 1497 volendum
1603 1442 1664 1497 et
1707 1437 2071 1510 nolendum,

515 1534 690 1594 aiunt
717 1540 1000 1594 auctores
1034 1532 1223 1611 hujus
1253 1532 1577 1592 sententiae
1604 1536 1866 1593 eatenus
1909 1532 2075 1593 hanc

515 1626 975 1687 indifferentem
1005 1630 1379 1704 potestatem
1409 1624 1474 1684 in
1515 1630 1726 1684 nostra
1754 1624 2074 1685 voluntate

517 1720 797 1798 reperiri,
829 1722 1137 1798 quatenus
1164 1736 1241 1777 ex
1270 1736 1336 1777 se
1365 1736 1492 1777 non
1535 1723 1630 1777 est
1663 1717 2076 1778 determinata

519 1812 600 1872 ad
626 1813 746 1871 hoc
770 1811 868 1871 vel
903 1811 1057 1871 illud
1093 1810 1408 1889 objectum
1441 1809 1802 1882 volendum,
1849 1828 1967 1870 nec
1996 1810 2078 1869 ad

519 1904 861 1965 nolendum
888 1910 996 1964 aut
1019 1902 1354 1964 volendum
1389 1902 1554 1963 idem
1584 1902 1920 1981 objectum,
1964 1902 2081 1962 sed

519 1996 600 2056 ad
659 2002 995 2074 utrumque
1057 2000 1262 2074 potest
1314 1994 1394 2054 ab
1457 1995 1577 2053 alio
1648 1994 2072 2055 determinari.

521 2090 698 2163 Quod
729 2092 779 2150 si
817 2090 1070 2169 objicias
1097 2090 1241 2149 hinc
1271 2089 1450 2167 sequi
1473 2089 1858 2149 voluntatem
1887 2089 2080 2167 passi-

520 2202 594 2243 ve
623 2187 866 2243 tantum
898 2200 1268 2242 concurrere
1299 2181 1378 2241 ad
1408 2188 1583 2241 actus
1605 2182 1788 2241 liberi
1812 2182 2075 2255 arbitrii,

522 2276 690 2355 quod
732 2278 795 2335 in
825 2276 1185 2335 Tridentino
1224 2274 1494 2335 Concilio
1535 2274 1902 2334 damnatum
1962 2281 2073 2349 est,

521 2369 902 2447 respondent
929 2369 1222 2448 negando
1246 2367 1308 2427 id
1333 2368 1532 2446 sequi,
1561 2367 1706 2444 quia
1741 2367 1824 2426 ita
1858 2373 1951 2426 est
1978 2385 2083 2426 vo-

520 2464 730 2523 luntas
767 2462 1131 2522 indifferens
1169 2468 1238 2521 ut
1274 2461 1356 2520 ad
1394 2461 1514 2520 hoc
1557 2459 1656 2519 vel
1702 2458 1854 2519 illud
1883 2459 2084 2519 deter-

523 2555 816 2627 minetur,
842 2554 1010 2633 quod
1033 2572 1161 2614 non
1190 2553 1641 2613 determinatur
1671 2552 1753 2611 ad
1779 2552 2085 2631 recipien-

523 2650 674 2710 dum
719 2656 981 2722 tantum,
1017 2648 1129 2709 sed
1171 2648 1253 2707 ad
1289 2646 1630 2727 agendum,
1663 2647 1962 2707 nimirum
2000 2647 2084 2708 ad

523 2742 882 2803 volendum.

605 2836 1050 2895 Verumtamen
1082 2834 1218 2893 haec
1262 2833 1570 2893 sententia
1615 2832 1714 2909 (ut
1760 2833 2081 2912 existimo)

524 2928 876 2988 libertatem
931 2926 1165 2986 arbitrii
1220 2926 1459 2986 evertit.
1513 2926 1690 2997 Quod
1755 2931 1824 2986 ut
1884 2926 2084 2987 brevi-

525 3027 620 3081 ter
657 3020 935 3099 patefiat,
962 3020 1120 3080 duas
1158 3019 1260 3079 hic
1293 3019 1671 3097 quaestiones
1701 3018 2083 3098 distinguere

528 3119 791 3193 oportet.
825 3115 961 3176 Una
1001 3117 1094 3174 est
1125 3131 1204 3172 an
1247 3130 1390 3174 cum
1418 3113 1536 3172 hac
1567 3111 2083 3175 determinatione

527 3207 708 3266 simul
737 3225 873 3267 esse
898 3207 1094 3285 possit
1123 3206 1283 3266 liber
1311 3223 1462 3264 usus
1503 3205 1770 3276 arbitrii;
1819 3206 1964 3278 alia,
2003 3221 2095 3280 an·

527 3301 589 3359 in
638 3300 1076 3371 indifferentia,
1123 3305 1185 3358 et
1235 3297 1423 3358 veluti
1456 3298 1702 3377 passiva
1743 3299 2085 3376 capacitate

527 3393 715 3471 hujus
753 3393 851 3454 vel
889 3391 1054 3452 illius
1079 3389 1635 3464 determinationiS,
1677 3392 1973 3453 consistat
2015 3392 2087 3452 li-

527 3486 738 3546 bertas
773 3484 1034 3546 arbitrii.
1075 3484 1253 3545 Prior
1281 3485 1544 3563 quaestio
1573 3503 1700 3544 non
1740 3491 1979 3563 spectat
2004 3485 2087 3546 ad

525 3584 902 3658 praesentem
931 3578 1161 3650 locum,
1186 3577 1300 3637 sed
1339 3577 1497 3637 infra
1524 3578 1640 3638 erit
1670 3578 2081 3640 discutienda.

528 3673 836 3733 Posterior
867 3690 1016 3750 ergo
1049 3671 1236 3732 estin
1261 3688 1386 3749 qua
1415 3689 1584 3730 nunc
1611 3689 1958 3731 versamur.

606 3769 664 3827 Ξ.
715 3765 870 3828 Sola
901 3765 1325 3844 indifferentia
1343 3765 1595 3845 passiva
1625 3781 1744 3824 non
1767 3769 1868 3828 sat
1889 3769 1981 3826 est
2008 3765 2093 3828 ad

524 3857 878 3920 libertatem.
902 3889 983 3903 —
1001 3857 1087 3918 Id
1107 3855 1338 3920 ratione
1363 3857 2087 3938 probatur.—Leqantur

524 3952 802 4013 Dumana.
833 3952 900 4011 in
928 3951 990 4021 Ξ,
1023 3950 1080 4010 d.
1115 3951 1215 4024 24,
1245 3967 1302 4029 q.
1330 3951 1400 4022 23
1425 3949 1605 4030 (ἔνερ-
1635 3948 1913 4011 Arimon.
1935 3967 1993 4030 q.
2023 3954 2081 4011 1.

523 4043 886 4103 —Dicimus
907 4043 1097 4122 igitur
1121 4042 1470 4102 libertatem
1500 4041 1737 4102 arbitrii
1762 4042 1914 4112 tolli,
1946 4041 1999 4102 si
2019 4042 2087 4103 in

522 4137 640 4195 hac
689 4136 822 4196 sola
866 4136 1282 4197 indifferentia
1334 4135 1579 4214 passiva
1635 4136 2046 4196 constituatur
2064 4181 2080 4210 ,

523 4227 692 4306 quod
715 4229 888 4306 prius
907 4245 1097 4307 quam
1123 4228 1490 4289 auctoritate
1517 4227 1823 4300 firmetur,
1842 4229 2082 4291 ratione

520 4322 604 4382 ita
627 4321 998 4381 declaratur.
1019 4319 1174 4392 Quia
1191 4320 1398 4399 passio
1418 4327 1486 4381 ut
1506 4323 1713 4400 passio
1730 4339 1857 4382 non
1879 4328 2085 4400 potest

523 4431 660 4474 esse
689 4415 808 4475 sub
849 4414 1122 4488 domini9
1143 4419 1205 4474 et
1231 4414 1424 4475 libera
1449 4415 1738 4493 patientis
1761 4414 2076 4489 facultate,

519 4507 639 4568 nisi
681 4507 799 4568 sub
835 4507 969 4585 ejus
1016 4511 1390 4585 potestatem
1429 4513 1492 4568 et
1529 4507 1874 4568 dominium
1900 4507 2083 4569 cadat

521 4603 681 4662 actio
712 4618 748 4660 a
769 4619 886 4680 qua
921 4605 1014 4660 est
1041 4599 1182 4660 talis
1206 4601 1444 4678 passio;
1486 4618 1636 4679 ergo
1663 4601 2082 4661 indifferentia

519 4701 764 4755 tantum
785 4693 1034 4773 passiva
1051 4711 1176 4752 non
1211 4698 1417 4770 potest
1436 4694 1517 4753 ad
1534 4693 1886 4755 libertatem
1920 4693 2085 4752 arbi-

493 4787 616 4848 -trii
635 4787 925 4848 sufficere
953 4805 968 4857 ;
993 4786 1188 4845 multo
1211 4803 1360 4864 ergo
1381 4786 1588 4846 minus
1611 4787 1836 4866 poterit
1855 4787 1992 4845 haec
2014 4785 2085 4845 li-

517 4882 728 4940 bertas
747 4880 810 4939 in
837 4879 940 4938 tali
967 4878 1383 4939 indifferentia
1407 4879 1766 4939 consistere.
1799 4879 2085 4958 Proposi-

515 4975 603 5036 tio
630 4977 948 5052 assumpta
975 4973 1175 5050 magis
1205 4974 1442 5053 indiget
1469 4973 1888 5034 declaratione
1911 4977 1975 5033 et
1996 4973 2085 5033 in-

517 5068 865 5146 telligentia
895 5085 1084 5145 quam
1117 5067 1506 5144 probatione.
1541 5068 1697 5127 Nam
1727 5085 1805 5126 ex
1837 5067 2081 5128 actione

514 5161 872 5222 necessario
903 5160 1183 5237 sequitur
1213 5159 1458 5238 passim
1500 5159 1550 5220 si
1577 5177 1727 5239 ergo
1764 5160 1922 5221 actio
1952 5179 2082 5221 non

517 5261 611 5315 est
631 5255 749 5314 sub
769 5251 1043 5314 dominio
1067 5253 1392 5330 patientis,
1413 5271 1530 5314 nec
1559 5253 1767 5332 passio
1793 5254 1941 5324 erit;
1968 5253 2081 5314 sed

516 5368 647 5410 non
677 5352 882 5428 potest
913 5347 1073 5407 actio
1119 5365 1256 5408 esse
1292 5348 1408 5409 sub
1456 5347 1732 5409 dominio
1760 5347 2075 5426 patientiS,

519 5442 568 5502 si
600 5459 727 5502 non
757 5441 837 5502 sit
867 5439 948 5500 ab
975 5439 1078 5501 illo
1105 5459 1120 5511 ς
1165 5459 1288 5500 non
1319 5445 1412 5502 est
1441 5447 1651 5502 autem
1689 5441 1770 5501 ab
1797 5440 1926 5514 illo,
1959 5440 2077 5502 nisi

519 5535 858 5614 ipsummet
888 5533 966 5594 sit
993 5551 1211 5612 agens,
1239 5534 1384 5613 quia
1411 5534 1572 5594 actio
1596 5552 1724 5595 non
1751 5540 1845 5595 est
1872 5553 1909 5594 a
1938 5551 2078 5612 pas-

2156 502 2352 578 sione,
2380 502 2493 564 sed
2522 521 2559 564 e
2586 520 2925 577 converso;
2972 522 3120 586 ergo
3154 506 3223 565 in
3250 499 3533 585 potentia
3576 514 3723 577 pas-

2158 598 2289 656 siva
2316 602 2387 657 ut
2416 596 2502 656 sic
2524 613 2654 656 non
2682 601 2887 675 potest
2910 614 3047 659 esse
3088 597 3438 659 dominium
3478 590 3724 673 passio-

2158 689 2255 749 nis
2278 706 2431 749 suae.

2242 784 2479 844 Rursus
2516 782 2869 845 declaratur
2907 782 2972 843 in
3008 784 3172 846 hunc
3200 784 3488 846 modum:
3540 796 3721 851 nam,

2162 878 2216 937 si
2264 878 2553 937 voluntas
2606 882 2701 938 est
2754 876 2997 955 passive
3047 877 3412 939 indifferens
3440 920 3457 948 ,
3516 878 3589 935 ut
3640 870 3727 930 ad

2162 972 2329 1033 hunc
2357 976 2566 1033 actum
2598 970 2698 1031 vel
2742 970 2929 1056 illum.
2956 971 3037 1032 ab
3071 972 3191 1032 alio
3239 969 3721 1035 determine-tur,

2162 1083 2314 1145 ergo
2336 1063 2504 1144 quod
2530 1064 2595 1124 in
2621 1064 2755 1143 ipso
2778 1082 2899 1124 usu
2922 1063 3003 1125 ad
3022 1064 3191 1125 bunc
3210 1064 3415 1143 potius
3430 1078 3625 1141 quam
3654 1057 3729 1116 il·-

2154 1160 2287 1219 lum
2316 1164 2545 1233 actum,
2574 1158 2675 1219 vel
2700 1158 2766 1217 in
2797 1159 2918 1220 hoc
2950 1164 3235 1237 tempore
3276 1156 3483 1237 potius
3526 1169 3729 1232 quam

2154 1254 2220 1313 in
2250 1252 2372 1313 alio
2399 1252 2873 1324 determinetur,
2905 1270 3031 1311 non
3064 1256 3268 1329 potest
3296 1249 3449 1310 oriri
3476 1248 3558 1307 ab
3582 1247 3727 1323 ipsa

2156 1346 2496 1417 voluntate,
2532 1345 2675 1423 quia
2708 1345 2842 1423 ipsa
2862 1344 2940 1405 de
2966 1363 3033 1405 se
3058 1345 3310 1424 ponitur
3326 1341 3723 1409 indifferenS,

2158 1458 2298 1518 quae
2341 1438 2663 1517 dispositio
2696 1444 2789 1499 est
2836 1438 2921 1497 illi
2970 1436 3415 1508 connaturalis,
3446 1440 3509 1495 et
3548 1439 3731 1492 ante-

2157 1552 2347 1611 quam
2406 1534 2485 1593 ab
2531 1533 2652 1592 alio
2707 1532 3179 1605 determinetur,
3216 1548 3466 1609 semper
3504 1530 3731 1587 manet

2155 1626 2443 1706 negative
2472 1642 2585 1686 seu
2612 1626 2856 1703 passive
2882 1624 3265 1695 indifferens,
3290 1622 3351 1683 id
3377 1627 3493 1691 est,
3517 1638 3727 1698 capax

2158 1720 2345 1797 hujus
2362 1718 2461 1778 vel
2480 1718 2642 1777 illius
2670 1724 2845 1779 actus
2864 1736 2977 1778 seu
3006 1714 3557 1777 determinationis
3590 1714 3646 1772 N
3656 1730 3731 1771 ec

2160 1812 2387 1891 poterit
2415 1812 2549 1890 ipsa
2578 1829 2758 1872 suam
2786 1809 3374 1871 determinationem
3394 1808 3726 1878 inchoare,

2163 1906 2309 1982 quia
2338 1923 2592 1983 passum
2629 1922 2755 1965 non
2786 1909 2988 1983 potest
3012 1918 3191 1963 suam
3221 1901 3570 1962 naturalem
3598 1898 3731 1957 dis-

2162 1998 2531 2078 positionem
2563 1998 2932 2068 immutare3
2988 1996 3189 2057 omnis
3235 1995 3401 2055 enim
3434 1995 3733 2053 immuta-

2159 2093 2245 2153 tio
2292 2092 2371 2151 ab
2414 2097 2640 2171 agente
2686 2090 3015 2170 provenire
3056 2088 3278 2161 debet;
3312 2106 3463 2165 ergo
3494 2087 3598 2145 illa
3629 2086 3733 2144 in-

2162 2184 2509 2244 differentia
2538 2183 2781 2263 passiva
2804 2182 2973 2242 nulla
2992 2182 3233 2242 ratione
3266 2180 3413 2240 satis
3446 2198 3581 2239 esse
3612 2196 3732 2255 po-

2160 2284 2281 2337 test
2309 2277 2389 2335 ad
2414 2276 2791 2348 libertatem,
2822 2294 3027 2355 neque
3050 2276 3114 2335 in
3138 2294 3258 2334 usu
3286 2292 3399 2334 seu
3430 2272 3733 2332 exercitio

2164 2372 2301 2450 ejus
2344 2376 2413 2430 ut
2448 2370 2535 2431 sic
2572 2371 2745 2431 cerni
2784 2374 2987 2447 potest
3028 2369 3283 2429 libertas
3312 2372 3603 2444 respectu
3638 2364 3734 2423 fa-

2162 2464 2409 2524 cultatis
2436 2463 2523 2523 sic
2556 2463 2871 2541 patientiS,
2906 2481 3019 2523 seu
3052 2480 3193 2540 quae
3234 2460 3479 2540 passive
3516 2458 3737 2519 deter-

2162 2556 2452 2628 minatur,
2494 2556 2607 2615 sed
2638 2562 2765 2617 tota
2793 2556 3069 2631 libertas,
3108 2554 3159 2615 si
3196 2572 3337 2633 quae
3368 2551 3728 2623 intercedit,

2164 2650 2280 2710 erit
2306 2649 2371 2709 in
2410 2654 2656 2727 agente,
2684 2667 2799 2709 seu
2822 2648 3301 2709 determinante.

2243 2742 2611 2805 Declaratur
2660 2742 2967 2822 eoeemplis.
2996 2774 3078 2788 —
3099 2740 3381 2803 Tandem
3420 2737 3733 2815 exemplis

2164 2834 2519 2895 declaratur
2558 2854 2573 2907 ;
2644 2834 2907 2895 baculus
2962 2836 3132 2896 enim
3186 2838 3297 2895 aut
3346 2850 3573 2892 manus
3633 2831 3730 2890 in·

2165 2928 2459 2988 differens
2491 2934 2585 2988 est
2613 2928 2856 3006 passive
2894 2933 2964 2988 ut
2992 2946 3245 2989 sursum
3286 2926 3385 2986 vel
3428 2924 3733 2985 deorsum

2165 3026 2523 3093 moveatur;
2572 3021 2703 3081 haec
2740 3026 2949 3083 autem
2984 3020 3397 3082 indifferentia
3423 3034 3553 3077 non
3579 3035 3737 3095 per-

2165 3115 2321 3176 tinet
2362 3115 2444 3174 ad
2474 3115 2825 3175 libertatem
2876 3117 2939 3175 in
2968 3134 3161 3175 manu
3202 3113 3303 3174 vel
3340 3113 3587 3175 baculo.
3636 3111 3735 3172 Si-

2166 3207 2393 3267 militer
2422 3208 2771 3268 intellectus
2800 3215 3034 3284 noster,
3062 3207 3379 3287 proposito
3414 3205 3737 3266 sufficien-

2167 3306 2263 3361 ter
2296 3301 2540 3380 obJecto
2566 3301 2737 3376 fidei,
2766 3302 3130 3362 indifferens
3176 3307 3270 3362 est
3310 3306 3381 3360 ut
3406 3299 3487 3361 ad
3512 3316 3742 3359 assen-

2168 3393 2447 3454 tiendum
2474 3395 2574 3455 vel
2602 3394 3095 3456 dissentiendum
3125 3393 3603 3464 determinetur3
3642 3397 3741 3452 ta-

2165 3505 2335 3560 men,
2369 3487 2515 3565 quia
2550 3487 2682 3548 haec
2710 3487 3129 3550 indifferentia
3158 3488 3223 3547 in
3256 3505 3332 3548 eo
3360 3493 3601 3547 tantum
3638 3488 3740 3544 est

2166 3579 2437 3659 passiva,
2472 3579 2565 3640 vel
2597 3579 2679 3640 ad
2702 3581 2960 3641 modum
2999 3581 3285 3661 passivae,
3314 3577 3456 3640 fleo
3476 3595 3603 3638 non
3640 3581 3743 3636 est

2167 3673 2231 3731 in
2262 3691 2337 3733 eo
2367 3673 2644 3737 libertas,
2680 3691 2799 3734 nec
2814 3674 3003 3734 homo
3021 3671 3365 3734 secundum
3396 3671 3561 3730 illam
3586 3687 3742 3748 pas-

2168 3765 2365 3825 sivam
2397 3767 2809 3844 capacitatem
2844 3767 3005 3828 liber
3032 3771 3127 3828 est
3160 3813 3176 3840 ,
3226 3765 3339 3827 sed
3382 3761 3735 3824 secundum

2168 3875 2307 3917 eam
2352 3857 2716 3920 facultatem
2763 3878 2903 3939 quae
2942 3865 3148 3939 potest
3199 3859 3403 3938 ipsum
3448 3855 3737 3918 intellec-

2166 3955 2303 4010 tum
2328 3949 2749 4012 determinare
2780 3958 2849 4013 ut
2900 3951 3113 4014 credat
3150 3953 3253 4013 vel
3290 3969 3421 4012 non
3461 3948 3679 4011 credat
3710 3994 3731 4024 ,

2168 4043 2338 4123 quod
2364 4048 2459 4106 est
2486 4046 2685 4106 active
2708 4064 2747 4106 a
2772 4045 3113 4120 voluntate,
3147 4051 3457 4125 quatenus
3488 4043 3567 4104 ad
3584 4061 3735 4102 eam

2168 4144 2407 4217 spectat
2444 4156 2697 4200 movere
2742 4139 3052 4217 potentias
3096 4139 3319 4200 animae
3356 4138 3438 4199 ad
3495 4134 3737 4196 exerci-

2162 4231 2321 4292 tium
2340 4237 2615 4306 actuum,
2635 4237 2703 4292 ut
2718 4233 2789 4293 D.
2806 4233 3079 4293 Thomas
3090 4231 3303 4294 docuit
3322 4231 3376 4307 (1
3392 4277 3406 4290 .
3426 4233 3488 4302 Ξ,
3514 4246 3575 4307 q.
3598 4230 3729 4306 13).

2246 4325 2303 4385 3.
2338 4323 2745 4406 Confirmatwr
2768 4343 2842 4388 σω
2866 4323 3545 4390 Tridentium—Merito
3574 4337 3732 4398 ergo

2162 4417 2591 4479 Tridentinum
2630 4419 2997 4492 Concilium,
3036 4435 3190 4480 sess.
3232 4419 3295 4490 6,
3328 4421 3399 4476 ut
3424 4413 3733 4475 libertatis

2162 4529 2345 4571 usum
2383 4511 2449 4570 in
2490 4511 2782 4571 humanis
2824 4510 3083 4585 actibus,
3126 4511 3315 4572 etiam
3356 4508 3734 4587 supernatu-

2164 4603 2420 4676 ralihuS,
2462 4608 2763 4674 tueretur,
2812 4603 3042 4675 docuit,
3075 4603 3140 4662 in
3172 4621 3227 4664 c.
3262 4605 3323 4675 5,
3362 4605 3424 4662 et
3466 4619 3606 4661 can.
3647 4597 3727 4675 4,

2166 4697 2457 4759 hominem
2517 4696 2825 4775 cooperari
2876 4698 2943 4758 in
2978 4693 3324 4775 hujusmodi
3360 4695 3595 4757 actibus
3610 4743 3627 4770 ‚
3671 4702 3729 4759 ec

2164 4807 2283 4850 non
2319 4807 2479 4852 mere
2502 4791 2749 4871 passive
2776 4807 2841 4852 se
2884 4790 3092 4853 habere
3136 4795 3246 4852 aut
3292 4789 3454 4850 nihil
3484 4788 3728 4851 omnino

2164 4899 2357 4963 affero.
2393 4883 2523 4943 Hoc
2552 4901 2702 4962 ergo
2736 4881 3109 4943 existimavit
3136 4881 3477 4943 Concilium
3507 4900 3729 4944 neces-

2166 4975 2398 5035 sarium
2426 4981 2495 5035 ut
2522 4975 2715 5053 possit
2740 4976 2928 5035 etiam
2954 4993 3082 5035 non
3107 4993 3319 5054 agere,
3352 4991 3466 5035 seu
3492 4975 3727 5039 dissen-

2164 5067 2305 5142 tire,
2335 5073 2403 5129 ut
2425 5067 2657 5128 ibidem
2693 5067 2930 5127 definit.
2968 5068 3117 5139 Quia
3152 5067 3203 5128 si
3242 5067 3445 5128 solum
3474 5069 3727 5146 passive

2162 5177 2231 5220 se
2260 5160 2544 5232 haberet,
2588 5177 2717 5220 non
2764 5167 2930 5220 esset
2966 5161 3031 5220 in
3068 5166 3377 5239 potestate
3408 5161 3545 5240 ejus
3594 5164 3727 5241 pati

2162 5258 2224 5313 et
2252 5271 2379 5313 non
2427 5254 2588 5332 pati,
2622 5251 2735 5313 sed
2778 5253 2841 5312 in
2871 5257 3177 5332 potestate
3221 5254 3493 5333 agentis,
3548 5257 3597 5314 si
3646 5257 3727 5317 sit

2160 5363 2355 5426 agens
2384 5346 2838 5418 voluntarium;
2876 5352 2941 5407 et
2980 5347 3261 5407 similiter
3287 5365 3414 5406 non
3464 5355 3631 5410 esset
3657 5348 3723 5408 iu

2159 5443 2463 5519 potestate
2500 5440 2637 5519 ejus
2665 5437 2903 5498 moveri
2946 5445 3008 5499 et
3044 5456 3173 5499 non
3220 5439 3483 5512 moveri,
3518 5439 3724 5501 deter-

2158 5533 2380 5594 minari
2420 5538 2483 5594 et
2508 5550 2637 5592 non
2680 5531 3107 5604 determinari,
3141 5537 3453 5611 quatenus
3478 5531 3559 5593 ad
3588 5534 3721 5594 haec
