3850 6225
782 406 918 458 CAP.
954 407 1103 460 XVII.
1141 408 1340 460 ACTUS
1373 407 1941 461 SUPERNATURALES
1972 409 2297 467 mim-'mm
2334 415 2373 464 Α
2408 411 2548 474 DEI),
2583 411 2717 464 mc,
3230 405 3351 470 253

194 511 368 578 natis;
401 513 462 568 et
491 507 576 567 ita
613 522 739 566 non
768 507 887 567 erit
909 507 1277 570 universalis
1315 508 1591 570 definitio
1631 510 1708 570 de

194 601 452 665 omnibus
491 599 724 659 actibus
781 602 1360 678 supernaturalibus
1411 620 1426 660 ε
1479 603 1604 662 imo
1649 607 1713 663 et

191 699 258 758 de
278 695 500 756 actibus
525 691 1104 770 praedestinatorum
1131 694 1396 756 fortasse
1428 713 1558 756 non
1583 713 1711 756 om-

191 790 316 850 nino
353 785 671 860 convincit,
705 784 848 846 licet
876 785 954 846 sit
983 786 1132 848 satis
1175 787 1500 868 probabile
1541 787 1712 850 testi·-

191 898 456 944 momum.
1133 895 1140 902 ·

290 1084 525 1166 Triplex
552 1084 694 1146 ordo
724 1083 1282 1166 supernaturalium
1320 1090 1586 1149 actuum.

253 1259 302 1317 8.
341 1256 462 1334 Ego
513 1253 769 1333 quidem
794 1257 976 1317 valde
1020 1257 1343 1336 probabile
1375 1273 1514 1316 esse
1561 1272 1711 1315 cen-

189 1369 298 1424 sec,
317 1347 750 1428 proedefiniisse
792 1350 994 1410 Deum
1031 1368 1250 1410 omnes
1279 1355 1454 1409 actus
1493 1365 1710 1425 super-

189 1440 465 1504 naturales
492 1486 513 1515 ,
568 1441 684 1502 sed
717 1459 846 1502 non
887 1441 964 1503 de
1000 1442 1292 1502 omnibus
1331 1459 1470 1503 esse
1504 1457 1710 1516 aequa·

188 1537 290 1596 lem
312 1533 732 1596 certitudinem
771 1536 866 1596 vel
900 1535 1425 1615 probabilitatem.
1448 1535 1523 1594 Et
1567 1532 1706 1593 ideo

189 1627 590 1690 convenienter
625 1627 690 1686 in
719 1631 847 1688 tres
877 1627 1130 1689 ordines
1157 1646 1270 1688 seu
1312 1627 1542 1689 classes
1570 1625 1708 1686 illos

189 1719 442 1799 distingui
490 1738 676 1799 posse
727 1721 1032 1782 existimo.
1085 1721 1352 1792 Quidam
1412 1719 1580 1780 enim
1632 1737 1708 1779 ex

185 1817 262 1874 his
283 1811 504 1873 actibus
534 1818 684 1872 sunt
715 1813 1112 1892 praeordinati
1153 1832 1192 1872 a
1231 1815 1357 1874 Deo
1409 1811 1492 1872 ad
1539 1829 1707 1872 com-

184 1923 342 1968 mune
386 1905 622 1966 honum
671 1907 984 1980 Ecclesiae,
1015 1913 1317 1986 tanquam
1363 1905 1570 1966 media
1607 1903 1708 1964 vel

183 1999 596 2080 dispositioneS,
649 2017 766 2060 seu
799 2001 1174 2062 necessariae
1205 1999 1594 2061 conditiones
1625 1997 1706 2058 ad

183 2095 336 2154 totius
380 2092 628 2171 generis
674 2093 938 2152 humani
993 2093 1382 2166 remedium;
1446 2095 1512 2152 ut
1555 2091 1701 2164 fuit,

181 2186 325 2247 verbi
339 2185 548 2264 gratia,
573 2203 924 2246 consensus
939 2186 1318 2247 Beatissimae
1337 2184 1604 2264 Virginis
1625 2183 1708 2244 ad

183 2277 614 2357 conceptionem
643 2278 816 2350 Filii;
853 2285 914 2339 et
940 2279 1007 2340 in
1033 2280 1154 2340 hoc
1200 2279 1416 2340 ordine
1443 2283 1706 2358 possunt

183 2375 302 2454 poni
339 2391 547 2432 omnes
577 2381 756 2434 actus
784 2374 960 2434 liberi
1007 2382 1068 2436 et
1108 2373 1405 2434 meritorii
1461 2373 1700 2448 Christi,

185 2474 236 2527 et
255 2467 484 2527 similes.
529 2467 646 2527 Alii
685 2474 832 2528 sunt
859 2473 1036 2528 actus
1080 2468 1344 2528 ordinati
1391 2467 1474 2528 ad
1505 2466 1708 2545 priva-

185 2569 292 2621 tum
327 2560 640 2638 praemium
671 2561 937 2639 alicujus
965 2561 1232 2622 hominis
1259 2559 1702 2640 pris-destinati,

187 2661 235 2714 et
269 2659 396 2713 sunt
431 2653 638 2714 media
691 2673 806 2733 per
847 2671 986 2733 quae
1029 2654 1110 2714 ad
1147 2653 1340 2714 finem
1385 2653 1708 2732 praedesti-

185 2747 414 2807 nationis
454 2746 763 2826 dirigitur.
797 2745 914 2806 Alii
946 2747 1218 2824 denique
1262 2751 1407 2806 sunt
1447 2743 1714 2806 ordinati

189 2842 249 2900 ad
277 2840 562 2918 J‘ustitiam
593 2885 608 2912 ,
670 2839 772 2900 vel
817 2841 1053 2900 bonum
1105 2839 1359 2918 privatae
1397 2856 1708 2917 personae,

187 2934 444 3012 praescitae
479 2933 652 3010 quod
705 2932 786 2992 ad
827 2933 1118 2993 ultimum
1161 2932 1500 2992 terminum
1538 2939 1600 2992 et
1639 2930 1713 3010 fi?

187 3045 304 3085 nem
327 3027 532 3085 talium
559 3031 819 3086 actuum
849 3031 1224 3104 perventura
1253 3043 1381 3086 non
1413 3029 1528 3085 est.

248 3122 300 3181 9.
323 3118 550 3183 Certum
576 3136 710 3182 esse
737 3120 1022 3191 creditur,
1051 3119 1492 3198 proedefiniisse
1519 3121 1712 3183 Deum

189 3214 642 3294 supernaturales
701 3217 875 3277 actus
891 3260 908 3288 ,
949 3214 1052 3291 qui
1087 3213 1393 3290 pertinent
1433 3214 1518 3275 ad
1559 3232 1713 3276 com-

189 3324 331 3367 mune
356 3306 762 3368 bonum—De
795 3305 996 3385 primo
1024 3305 1241 3366 ordine
1268 3310 1546 3379 actuum,
1579 3306 1711 3366 fere

194 3406 394 3460 certum
437 3400 726 3459 existimo
764 3398 1136 3478 proedefiniri
1181 3416 1218 3459 a
1267 3399 1422 3469 Deo,
1473 3416 1600 3459 non
1646 3398 1712 3458 in

194 3491 412 3551 confuso
437 3496 684 3552 tantum
713 3498 773 3551 et
817 3490 1174 3560 universali,
1211 3490 1322 3551 sed
1351 3491 1415 3551 in
1448 3492 1713 3569 particu-

192 3584 298 3658 lari,
349 3591 405 3646 et
437 3604 578 3645 cum
618 3584 910 3645 omnibus
957 3583 1458 3645 circumstantiis
1487 3584 1712 3645 Proba-

194 3684 274 3737 tur
307 3697 373 3737 ex
407 3678 580 3739 dictis
625 3679 692 3738 in
721 3678 913 3757 priori
943 3684 1198 3757 puncto,
1233 3678 1390 3737 Item
1428 3675 1573 3755 quia
1619 3682 1712 3738 est

194 3790 274 3831 res
298 3770 683 3845 incredibiliS‚
727 3772 898 3848 quod
927 3773 1088 3831 Deus
1117 3788 1242 3831 non
1270 3769 1714 3849 praedefinierit

194 3870 402 3943 tempus
425 3865 732 3925 ethoram
757 3864 1207 3925 Incarnationis
1234 3864 1298 3923 in
1331 3863 1709 3941 particulari,

197 3957 287 4018 sed
317 3958 374 4017 id
411 3957 954 4017 determinandum
993 3956 1314 4034 reliquerit
1347 3974 1460 4034 per
1499 3956 1715 4016 volun-

199 4055 356 4109 tatem
392 4050 770 4111 Beatissimae
819 4050 1112 4128 Virginis,
1164 4068 1303 4109 cum
1357 4050 1582 4109 Paulus
1627 4049 1716 4109 di-

197 4148 278 4202 cat
306 4143 411 4231 (ad
457 4131 607 4204 Gal?
641 4144 718 4221 4)
763 4161 778 4202 :
811 4144 1145 4222 Postquam
1197 4143 1362 4205 venit
1405 4142 1716 4222 plenitudo

199 4238 461 4318 temporis,
489 4238 666 4301 misit
709 4239 873 4299 Deus
905 4237 1140 4300 Filium
1189 4256 1389 4310 suum,
1429 4242 1547 4297 etc.
1584 4236 1717 4308 Quo

197 4330 308 4389 loco
338 4348 540 4391 omnes
591 4331 801 4392 Sancti
843 4331 1222 4411 intelligunt,
1264 4330 1718 4410 plenitudinem

199 4424 454 4501 temporis
497 4424 802 4504 appellari
853 4426 1382 4503 complementum
1423 4425 1722 4504 temporis

201 4536 230 4573 a
266 4520 376 4578 Deo
415 4517 804 4596 praedefiniti.
866 4517 1041 4579 Idem
1087 4524 1530 4593 argumentum
1587 4516 1720 4577 fieri

203 4616 372 4685 potest
417 4611 492 4671 de
541 4611 785 4671 actibus
829 4610 1166 4671 voluntatis
1206 4610 1450 4681 Christi,
1495 4610 1722 4689 quibus

205 4710 428 4763 mortem
453 4722 564 4782 pro
595 4703 778 4763 nobis
805 4703 1171 4782 acceptavit,
1199 4707 1604 4783 nostramque
1629 4723 1723 4765 sa·

207 4794 364 4855 lutem
396 4803 682 4875 operatus
723 4802 853 4869 est3
912 4816 1042 4857 non
1069 4796 1236 4857 enim
1277 4796 1398 4857 alio
1440 4802 1720 4876 tempore

209 4908 380 4968 neque
431 4891 548 4952 alio
589 4891 778 4953 modo
819 4890 884 4951 id
931 4890 1126 4952 voluit
1167 4890 1478 4966 Christu8‚
1529 4908 1722 4969 quam
1757 4972 1760 4975 Δ

209 4983 334 5041 sicut
349 4985 583 5045 Patrem
604 4983 872 5045 voluisse
903 4990 965 5045 et
987 4983 1366 5061 disposuisse
1392 4982 1716 5058 intellexit,

204 5075 348 5151 juxta
371 5077 510 5137 illud
546 5078 730 5140 :Non
759 5096 960 5158 quoero
989 5077 1352 5139 voluntatem
1374 5093 1588 5150 meam,
1617 5078 1725 5139 sed

209 5170 530 5233 voluntatem
556 5171 688 5249 ejus
719 5168 824 5251 qui
859 5169 1035 5233 misit
1069 5188 1183 5243 me,
1213 5170 1396 5230 Joan.
1427 5172 1500 5243 ὃς
1537 5173 1598 5230 et
1638 5170 1720 5229 ad

215 5262 368 5321 Hebr.
415 5265 486 5323 10
530 5282 544 5322 ε
579 5265 740 5326 Ecce
766 5262 952 5336 venio,
983 5267 1054 5325 ut
1076 5264 1325 5341 facim,
1359 5265 1520 5325 Deus
1546 5308 1562 5337 ‚
1613 5282 1721 5325 vo-

213 5353 465 5417 luntatem
505 5360 690 5419 tuam.
740 5354 1038 5434 Idemque
1081 5359 1523 5435 argumentum
1561 5354 1722 5417 sumi

217 5454 390 5523 potest
439 5468 512 5509 ex
562 5448 1005 5527 praedicatione
1061 5449 1531 5528 Apostolorum,
1585 5466 1724 5527 quoe

219 5556 309 5615 per
335 5547 494 5601 acuis
531 5541 756 5603 liberos
793 5547 854 5602 et
883 5542 1392 5620 supernaturales
1427 5541 1724 5603 mandata

1793 515 1888 570 est
1918 511 2305 584 executioni;
2341 517 2403 572 et
2430 518 2643 572 tamen
2674 511 2939 572 dubitari
2982 529 3109 572 non
3145 518 3352 590 potest

1793 602 1943 682 quin
1973 603 2272 684 singulari
2306 605 2419 665 Dei
2450 603 2707 665 consilio
2744 603 2907 664 facta
2936 604 3013 664 sit
3052 604 3159 664 tali
3199 611 3351 666 tem-

1793 715 1945 775 pore
1991 703 2054 758 et
2092 697 2197 758 tali
2223 697 2397 771 loco;
2432 698 2555 757 imo
2588 696 2649 756 in
2678 697 2797 757 hac
2822 695 3225 774 dispositione
3254 717 3353 759 re·-

1791 807 1934 849 rum
1964 789 2233 850 maxime
2268 790 2420 850 latet
2452 789 2763 851 occultum
2796 789 3162 868 mysterium
3201 790 3351 852 divi-

1792 902 1888 944 nae
1938 883 2340 962 providentiae
2388 888 2452 944 et
2482 882 3067 962 praedestinationis
3129 884 3349 946 Dicere

1791 984 2002 1038 autem
2032 978 2231 1038 Deum
2262 977 2389 1037 haec
2422 976 2632 1036 omnia
2662 993 2739 1036 ex
2767 993 2833 1034 se
2864 974 3243 1055 disposuisse
3284 977 3353 1038 in

1792 1070 2052 1132 confuso
2103 1070 2265 1130 etin
2312 1069 2652 1141 communi,
2702 1069 3109 1146 particulares
3140 1076 3353 1130 autem

1792 1163 2291 1225 circumstantias
2346 1181 2473 1222 non
2527 1161 2985 1241 praeordinasse.
3033 1163 3351 1224 voluntate

1791 1275 1904 1316 sua
1931 1301 1946 1328 ‚
1994 1254 2106 1316 sed
2140 1255 2526 1334 praescivisse
2559 1254 3071 1317 determinandas
3107 1275 3223 1336 per
3250 1275 3353 1316 vo·

1788 1349 2063 1409 luntates
2093 1347 2442 1430 hominum,
2481 1353 2575 1408 est
2602 1347 2782 1408 valde
2823 1347 3097 1410 alienum
3134 1368 3170 1409 a
3210 1368 3355 1428 per-

1789 1440 2058 1502 fectione
2101 1440 2324 1502 divinae
2362 1441 2795 1520 providentiae,
2830 1447 2891 1502 et
2939 1460 2975 1502 a
3008 1440 3195 1502 modo
3226 1461 3349 1521 quo

1791 1535 2110 1615 Scriptura
2143 1553 2320 1596 sacra
2368 1533 2643 1613 loquitur
2689 1535 2767 1595 de
2810 1535 3168 1614 hujusmodi
3207 1555 3353 1596 con-

1789 1628 1941 1688 siliis
1972 1627 2218 1701 diviniS,
2252 1633 2312 1688 et
2341 1647 2381 1688 a
2406 1626 2639 1688 fortiori
2667 1628 2786 1688 hoc
2814 1629 3121 1690 constabit
3148 1647 3223 1690 ex
3258 1630 3355 1690 di-

1789 1720 2006 1781 cendis
2034 1719 2113 1781 de
2144 1721 2383 1780 actibus
2416 1720 2674 1781 secundi
2701 1720 2955 1781 ordiniS.

1870 1814 1968 1874 10.
2020 1812 2302 1892 objectio.
2328 1843 2411 1858 —
2436 1811 2741 1876 Solvitur.
2761 1815 3076 1876 -Dices:
3108 1817 3353 1878 etiamsi

1790 1906 2013 1967 demus
2052 1906 2251 1966 Deum
2302 1903 2700 1985 praedefinire
2748 1907 3026 1980 effectus,
3082 1910 3187 1988 qui
3240 1929 3355 1990 per

1788 2005 1963 2060 actus
2004 1998 2236 2059 liberos
2277 1999 2575 2059 eveniunt
2614 1999 2677 2058 in
2705 1998 3085 2078 particulari,
3118 2008 3181 2064 et
3209 2021 3353 2064 cum

1788 2091 2077 2153 omnibus
2122 2091 2599 2153 circumstantiis
2624 2135 2639 2164 ‚
2689 2111 2815 2152 non
2846 2110 3108 2156 necesse
3149 2102 3245 2158 est
3282 2103 3351 2157 ut

1787 2191 1965 2246 actus
2002 2183 2172 2263 ipsos
2215 2184 2448 2244 liberos
2475 2183 2800 2262 praefiniat,
2831 2186 2942 2248 sed
2972 2189 3123 2248 satis
3164 2195 3257 2250 est
3284 2197 3355 2251 ut

1787 2279 2079 2358 disponat
2122 2295 2365 2351 causae,
2421 2296 2497 2339 eo
2534 2279 2722 2339 modo
2766 2298 2891 2358 quo
2928 2283 3176 2360 praescit
3203 2301 3355 2363 ope-

1789 2379 2055 2434 raturus,
2088 2371 2245 2432 Nam
2272 2371 2587 2432 interdum
2626 2373 2893 2450 praefinit
2920 2375 3086 2436 Deus
3115 2377 3181 2436 in
3210 2397 3354 2455 par-

1788 2463 2031 2526 ticulari
2062 2464 2349 2525 effectum
2390 2464 2651 2542 quinon
2692 2465 2763 2526 fit
2810 2466 2931 2527 nisi
2964 2468 3171 2530 medio
3210 2476 3353 2531 actu

1789 2558 1981 2630 ma10,
2010 2564 2071 2618 et
2100 2563 2309 2618 tamen
2348 2576 2477 2618 non
2517 2558 2784 2636 praefinit
2824 2566 3035 2634 actum
3071 2562 3346 2636 malum;

1791 2652 1878 2713 sic
1897 2650 2065 2712 enim
2089 2649 2419 2728 praefinivit
2434 2650 2797 2712 Passionem
2816 2653 3058 2726 Christi,
3080 2661 3141 2716 et
3160 2656 3349 2730 diem,

1794 2745 2017 2804 boram
2050 2761 2124 2803 ac
2166 2747 2468 2822 punctum
2495 2743 2713 2804 mortis
2743 2745 2797 2824 ej
2810 2763 2899 2818 us,
2944 2752 3013 2806 ut
3043 2747 3355 2828 significa·
3440 2788 3449 2798 -

1793 2839 1880 2898 vit
1908 2838 2032 2898 Leo
2061 2837 2251 2914 Papa,
2288 2855 2475 2897 serm.
2509 2839 2546 2898 7
2578 2837 2656 2896 de
2686 2839 2883 2910 Pasa,
2920 2833 3136 2902 dicens
3181 2860 3195 2901 :
3228 2843 3355 2906 Ne-

1793 2948 1903 3011 que
1952 2929 2089 2993 ulla
2144 2933 2378 3000 poterat
2423 2930 2659 2993 ratione
2708 2931 2962 3007 turbari,
3016 2936 3175 3014 quod
3218 2941 3356 2999 ante

1794 3031 2024 3086 oeterna
2063 3022 2291 3085 soeeula
2326 3027 2385 3085 et
2424 3023 2894 3088 misericorditer
2933 3033 3065 3090 erat
3102 3029 3356 3111 disposi-

1793 3122 1943 3190 tm,
1996 3120 2053 3179 et
2084 3116 2657 3179 incommutabiliter
2684 3120 3105 3199 pra-finitum,
3152 3129 3214 3183 et
3256 3142 3357 3183 su-

1794 3210 1985 3270 mitur
2038 3210 2225 3269 etiam
2281 3227 2358 3269 ex
2403 3209 2500 3270 his
2556 3229 2694 3289 quae
2750 3211 2829 3273 de
2882 3214 3357 3277 circumstantiis

1795 3302 2103 3382 passionis
2131 3306 2357 3363 tractat
2386 3303 2453 3362 D.
2488 3303 2783 3377 Thomas,
2820 3307 2856 3365 3
2886 3324 2975 3384 p.,
3002 3314 3219 3386 quaest.
3252 3310 3352 3382 46,

1795 3414 1934 3475 quoe
1960 3400 2173 3457 tamen
2198 3395 2407 3455 omnia
2437 3396 2659 3457 mediis
2693 3399 2933 3460 actibus
2956 3408 3357 3479 peccatorum

1793 3488 2089 3549 mandata
2119 3494 2265 3549 sunt
2314 3488 2683 3549 executioni.
2710 3492 2889 3553 Unde
2918 3492 3053 3572 ipse
3079 3496 3356 3556 Christus

1793 3581 2026 3651 aiebat,
2076 3582 2221 3641 Luc.
2254 3582 2333 3641 22
2380 3598 2395 3640 :
2436 3579 2639 3644 Filius
2668 3583 2925 3647 hominis
2952 3587 3147 3662 vadit,
3200 3588 3359 3652 sicut

1793 3674 2093 3753 scriptum
2130 3677 2222 3735 est
2251 3674 2319 3736 de
2364 3671 2473 3734 illo
2493 3719 2508 3746 ,
2543 3680 2949 3739 verumtamen
3004 3698 3093 3740 voe
3134 3680 3360 3743 homini

1793 3768 1895 3830 illi
1927 3786 2043 3848 per
2090 3785 2263 3848 quem
2309 3768 2610 3830 tradetur.
2654 3771 3089 3849 Respondetur
3137 3793 3357 3835 verum

1795 3862 2049 3939 quidem
2082 3879 2221 3921 esse
2261 3860 2575 3921 interdum
2604 3862 2878 3924 divinam
2906 3866 3358 3944 providentiam

1797 3954 2041 4033 impleri
2072 3955 2201 4015 sola
2243 3954 2651 4033 permissione
2691 3963 2941 4019 actuum
2990 3960 3354 4034 liberorum,

1799 4046 2052 4126 quando
2096 4047 2181 4107 illi
2224 4047 2370 4106 mali
2411 4047 2603 4109 futuri
2632 4056 2812 4123 sunt3
2850 4058 3083 4125 tamen,
3122 4060 3187 4114 ut
3214 4074 3360 4134 pro—

1796 4138 2072 4199 videntia
2096 4138 2177 4200 sit
2212 4138 2485 4219 perfecta
2519 4146 2579 4201 et
2616 4142 2930 4205 sufficiens
2960 4146 3041 4207 ad
3064 4149 3357 4209 effectum

1799 4227 2283 4310 praedefinitum,
2318 4251 2577 4295 necesse
2611 4240 2704 4294 est
2732 4242 2801 4295 ut
2842 4242 2903 4297 et
2934 4241 3257 4317 permissio
3284 4243 3363 4303 sit

1803 4324 2197 4403 particularis
2245 4324 2323 4385 de
2374 4331 2517 4387 actu
2570 4344 2713 4387 cum
2758 4330 3049 4392 omnibus
3099 4335 3364 4395 circum-

1804 4418 2047 4488 stantiis
2078 4418 2238 4497 ejus,
2283 4438 2422 4498 quae
2464 4422 2834 4483 necessariae
2884 4427 3140 4488 suntad
3176 4430 3363 4491 effec-

1803 4516 1937 4571 tum
1962 4510 2359 4589 praefinitum,
2392 4518 2453 4573 et
2479 4518 2549 4573 ut
2576 4513 2653 4575 sit
2682 4520 2857 4577 actus
2897 4520 3239 4597 permissus
3268 4522 3365 4583 in-

1801 4602 2139 4665 fallibiliter
2164 4604 2433 4680 futuruS,
2466 4606 2513 4665 si
2546 4608 2959 4685 permittatur,
2992 4615 3163 4693 quod
3191 4616 3362 4677 nullo

1803 4696 1992 4757 modo
2023 4714 2161 4759 esse
2199 4703 2307 4757 aut
2345 4698 2601 4779 intelligi
2634 4708 2865 4779 posset,
2896 4706 3013 4765 nisi
3045 4710 3365 4787 supposita

1804 4788 2227 4850 conditionata
2288 4789 2545 4851 scientia
2601 4800 2744 4855 ante
2808 4798 3365 4875 praedefinitionem

1801 4882 1943 4943 talis
1994 4883 2273 4946 effectus,
2306 4884 2541 4945 Eadem
2598 4905 2747 4967 ergo
2805 4895 3215 4972 supponenda
3246 4902 3361 4969 est,

1803 4975 2056 5052 quando
2102 4982 2277 5037 actus
2322 4977 2515 5050 liber,
2550 4998 2664 5058 per
2705 4999 2893 5060 quem
2927 4985 2997 5047 fit
3037 4988 3291 5049 effectus
3326 5009 3362 5049 a

1798 5070 1931 5130 Deo
1952 5068 2397 5148 praedefinituS,
2414 5076 2508 5131 est
2536 5072 2737 5135 bonus
2765 5082 2827 5137 et
2846 5082 3357 5157 supernaturalis.

1799 5162 1979 5224 Unde
2007 5161 2073 5222 in
2112 5164 2231 5223 hac
2255 5170 2430 5243 parte
2471 5171 2563 5226 est
2612 5170 3043 5232 convenientia
3070 5174 3231 5235 inter
3266 5193 3366 5235 ac-

1803 5262 1937 5317 tum
1988 5257 2225 5320 bonum
2273 5265 2334 5320 et
2385 5260 2659 5333 malum;
2712 5269 2935 5326 tamen.
2966 5266 3215 5329 aliunde
3272 5276 3366 5331 est

1806 5351 2185 5426 differentia3
2242 5354 2388 5431 quia
2440 5354 2605 5416 Deus
2645 5374 2773 5417 non
2816 5366 2911 5420 est
2957 5367 3177 5423 auctor
3214 5365 3366 5425 mali

1805 5451 2019 5517 actuS„
2048 5463 2165 5505 nec
2193 5445 2341 5506 facit
2378 5453 2448 5507 ut
2478 5448 2559 5508 ab
2591 5450 2845 5513 homine
2875 5452 3003 5525 fiat,
3032 5472 3241 5535 neque
3270 5458 3366 5518 in-

1805 5538 2004 5600 tendit
2027 5539 2199 5601 illum
2234 5583 2250 5612 ,
2284 5545 2343 5601 et
2372 5548 2833 5621 consequenter
2860 5564 3065 5626 neque
3096 5552 3366 5631 applicat
