<?xml version="1.0" encoding="UTF-8"?>
<!DOCTYPE html PUBLIC "-//W3C//DTD XHTML 1.0 Transitional//EN"
    "http://www.w3.org/TR/xhtml1/DTD/xhtml1-transitional.dtd">
<html xmlns="http://www.w3.org/1999/xhtml" xml:lang="en" lang="en">
 <head>
  <title>
</title>
<meta http-equiv="Content-Type" content="text/html;charset=utf-8" />
  <meta name='ocr-system' content='tesseract 3.04.00' />
  <meta name='ocr-capabilities' content='ocr_page ocr_carea ocr_par ocr_line ocrx_word'/>
</head>
<body>
  <div class='ocr_page' id='page_1' title='image "./rpfranciscisuar01duvagoog_0392.png"; bbox 0 0 3850 6225; ppageno 0'>
   <div class='ocr_carea' id='block_1_1' title="bbox 473 414 592 481">
    <p class='ocr_par' dir='ltr' id='par_1_1' title="bbox 473 414 592 481">
     <span class='ocr_line' id='line_1_1' title="bbox 473 414 592 481; baseline 0 0"><span class='ocrx_word' id='word_1_1' title='bbox 473 414 592 481; x_wconf 80' lang='lat'>378</span> 
     </span>
    </p>
   </div>
   <div class='ocr_carea' id='block_1_2' title="bbox 439 522 2034 5302">
    <p class='ocr_par' dir='ltr' id='par_1_2' title="bbox 455 522 2034 2548">
     <span class='ocr_line' id='line_1_2' title="bbox 469 522 2033 607; baseline 0.003 -23"><span class='ocrx_word' id='word_1_2' title='bbox 469 524 572 585; x_wconf 83' lang='lat' dir='ltr'>vel</span> <span class='ocrx_word' id='word_1_3' title='bbox 599 522 939 585; x_wconf 90' lang='lat' dir='ltr'>motionem</span> <span class='ocrx_word' id='word_1_4' title='bbox 980 542 1092 586; x_wconf 89' lang='lat' dir='ltr'>seu</span> <span class='ocrx_word' id='word_1_5' title='bbox 1141 525 1463 589; x_wconf 78' lang='lat' dir='ltr'><strong>entitatem</strong></span> <span class='ocrx_word' id='word_1_6' title='bbox 1507 528 1686 607; x_wconf 90' lang='lat' dir='ltr'>quasi</span> <span class='ocrx_word' id='word_1_7' title='bbox 1731 527 2033 589; x_wconf 80' lang='lat' dir='ltr'>fluentem</span> 
     </span>
     <span class='ocr_line' id='line_1_3' title="bbox 471 619 2033 702; baseline 0.001 -21"><span class='ocrx_word' id='word_1_8' title='bbox 471 624 535 681; x_wconf 90' lang='lat' dir='ltr'>et</span> <span class='ocrx_word' id='word_1_9' title='bbox 571 619 905 693; x_wconf 80' lang='lat' dir='ltr'>actualem,</span> <span class='ocrx_word' id='word_1_10' title='bbox 939 637 1080 699; x_wconf 84' lang='lat' dir='ltr'>quae</span> <span class='ocrx_word' id='word_1_11' title='bbox 1110 638 1238 682; x_wconf 87' lang='lat' dir='ltr'>non</span> <span class='ocrx_word' id='word_1_12' title='bbox 1283 627 1377 683; x_wconf 87' lang='lat' dir='ltr'>est</span> <span class='ocrx_word' id='word_1_13' title='bbox 1419 622 1693 696; x_wconf 78' lang='lat' dir='ltr'>habituS,</span> <span class='ocrx_word' id='word_1_14' title='bbox 1726 622 1875 702; x_wconf 90' lang='lat' dir='ltr'>quia</span> <span class='ocrx_word' id='word_1_15' title='bbox 1903 642 2033 683; x_wconf 91' lang='lat' dir='ltr'>non</span> 
     </span>
     <span class='ocr_line' id='line_1_4' title="bbox 471 716 2034 796; baseline 0.001 -21"><span class='ocrx_word' id='word_1_16' title='bbox 471 719 568 775; x_wconf 89' lang='lat' dir='ltr'>est</span> <span class='ocrx_word' id='word_1_17' title='bbox 594 730 993 793; x_wconf 86' lang='lat' dir='ltr'>permanens,</span> <span class='ocrx_word' id='word_1_18' title='bbox 1037 720 1321 775; x_wconf 82' lang='lat' dir='ltr'>cessante</span> <span class='ocrx_word' id='word_1_19' title='bbox 1356 722 1500 777; x_wconf 91' lang='lat' dir='ltr'>actu</span> <span class='ocrx_word' id='word_1_20' title='bbox 1523 762 1540 789; x_wconf 92' lang='lat'>,</span> <span class='ocrx_word' id='word_1_21' title='bbox 1586 734 1795 796; x_wconf 91' lang='lat' dir='ltr'>neque</span> <span class='ocrx_word' id='word_1_22' title='bbox 1844 716 2034 778; x_wconf 88' lang='lat' dir='ltr'>etiam</span> 
     </span>
     <span class='ocr_line' id='line_1_5' title="bbox 470 805 2033 889; baseline 0.001 -22"><span class='ocrx_word' id='word_1_23' title='bbox 470 805 575 867; x_wconf 86' lang='lat' dir='ltr'>illa</span> <span class='ocrx_word' id='word_1_24' title='bbox 625 805 860 867; x_wconf 89' lang='lat' dir='ltr'>utimur</span> <span class='ocrx_word' id='word_1_25' title='bbox 909 824 1056 867; x_wconf 90' lang='lat' dir='ltr'>cum</span> <span class='ocrx_word' id='word_1_26' title='bbox 1110 806 1420 879; x_wconf 85' lang='lat' dir='ltr'>volumus,</span> <span class='ocrx_word' id='word_1_27' title='bbox 1479 809 1592 871; x_wconf 91' lang='lat' dir='ltr'>sed</span> <span class='ocrx_word' id='word_1_28' title='bbox 1637 810 1843 888; x_wconf 87' lang='lat' dir='ltr'>potius</span> <span class='ocrx_word' id='word_1_29' title='bbox 1895 810 2033 889; x_wconf 89' lang='lat' dir='ltr'>ipsa</span> 
     </span>
     <span class='ocr_line' id='line_1_6' title="bbox 467 900 2034 983; baseline 0.003 -25"><span class='ocrx_word' id='word_1_30' title='bbox 467 900 660 961; x_wconf 79' lang='lat' dir='ltr'>veluti</span> <span class='ocrx_word' id='word_1_31' title='bbox 687 900 880 960; x_wconf 87' lang='lat' dir='ltr'>utitur</span> <span class='ocrx_word' id='word_1_32' title='bbox 907 900 1224 963; x_wconf 84' lang='lat' dir='ltr'>voluntate</span> <span class='ocrx_word' id='word_1_33' title='bbox 1253 908 1500 979; x_wconf 87' lang='lat' dir='ltr'>nostra,</span> <span class='ocrx_word' id='word_1_34' title='bbox 1539 909 1602 964; x_wconf 91' lang='lat' dir='ltr'>et</span> <span class='ocrx_word' id='word_1_35' title='bbox 1637 903 1939 983; x_wconf 89' lang='lat' dir='ltr'>pertrahit</span> <span class='ocrx_word' id='word_1_36' title='bbox 1966 902 2034 963; x_wconf 90' lang='lat' dir='ltr'>il·</span> 
     </span>
     <span class='ocr_line' id='line_1_7' title="bbox 469 992 2031 1069; baseline 0.003 -16"><span class='ocrx_word' id='word_1_37' title='bbox 469 992 592 1054; x_wconf 90' lang='lat' dir='ltr'>lam</span> <span class='ocrx_word' id='word_1_38' title='bbox 641 992 1042 1055; x_wconf 83' lang='lat' dir='ltr'>infallibiliter</span> <span class='ocrx_word' id='word_1_39' title='bbox 1068 995 1152 1055; x_wconf 88' lang='lat' dir='ltr'>ad</span> <span class='ocrx_word' id='word_1_40' title='bbox 1195 1013 1597 1069; x_wconf 90' lang='lat' dir='ltr'>consensum,</span> <span class='ocrx_word' id='word_1_41' title='bbox 1649 1004 1710 1058; x_wconf 91' lang='lat' dir='ltr'>et</span> <span class='ocrx_word' id='word_1_42' title='bbox 1741 1015 2031 1058; x_wconf 87' lang='lat' dir='ltr'>necessa-</span> 
     </span>
     <span class='ocr_line' id='line_1_8' title="bbox 468 1086 2031 1168; baseline 0.003 -21"><span class='ocrx_word' id='word_1_43' title='bbox 468 1086 584 1159; x_wconf 89' lang='lat' dir='ltr'>rio,</span> <span class='ocrx_word' id='word_1_44' title='bbox 615 1086 986 1149; x_wconf 88' lang='lat' dir='ltr'>necessitate</span> <span class='ocrx_word' id='word_1_45' title='bbox 1015 1088 1158 1149; x_wconf 87' lang='lat' dir='ltr'>talis</span> <span class='ocrx_word' id='word_1_46' title='bbox 1184 1089 1651 1168; x_wconf 80' lang='lat' dir='ltr'>suppositionis,</span> <span class='ocrx_word' id='word_1_47' title='bbox 1695 1089 1761 1151; x_wconf 91' lang='lat' dir='ltr'>id</span> <span class='ocrx_word' id='word_1_48' title='bbox 1787 1096 1901 1163; x_wconf 91' lang='lat' dir='ltr'>est,</span> <span class='ocrx_word' id='word_1_49' title='bbox 1936 1096 2031 1151; x_wconf 89' lang='lat' dir='ltr'>ta-</span> 
     </span>
     <span class='ocr_line' id='line_1_9' title="bbox 465 1177 2024 1261; baseline 0.001 -20"><span class='ocrx_word' id='word_1_50' title='bbox 465 1177 544 1241; x_wconf 91' lang='lat' dir='ltr'>lis</span> <span class='ocrx_word' id='word_1_51' title='bbox 585 1180 875 1241; x_wconf 89' lang='lat' dir='ltr'>entitatis.</span> <span class='ocrx_word' id='word_1_52' title='bbox 921 1180 1138 1261; x_wconf 84' lang='lat' dir='ltr'>Neque</span> <span class='ocrx_word' id='word_1_53' title='bbox 1191 1183 1378 1243; x_wconf 88' lang='lat' dir='ltr'>etiam</span> <span class='ocrx_word' id='word_1_54' title='bbox 1431 1189 1526 1244; x_wconf 89' lang='lat' dir='ltr'>est</span> <span class='ocrx_word' id='word_1_55' title='bbox 1575 1188 1751 1245; x_wconf 85' lang='lat' dir='ltr'>actus</span> <span class='ocrx_word' id='word_1_56' title='bbox 1797 1182 2024 1259; x_wconf 80' lang='lat' dir='ltr'>vitalis,</span> 
     </span>
     <span class='ocr_line' id='line_1_10' title="bbox 465 1272 2028 1355; baseline 0.004 -23"><span class='ocrx_word' id='word_1_57' title='bbox 465 1272 614 1351; x_wconf 88' lang='lat' dir='ltr'>quia</span> <span class='ocrx_word' id='word_1_58' title='bbox 655 1291 783 1333; x_wconf 92' lang='lat' dir='ltr'>non</span> <span class='ocrx_word' id='word_1_59' title='bbox 836 1272 904 1335; x_wconf 87' lang='lat' dir='ltr'>fit</span> <span class='ocrx_word' id='word_1_60' title='bbox 959 1275 1212 1355; x_wconf 87' lang='lat' dir='ltr'>abipsa</span> <span class='ocrx_word' id='word_1_61' title='bbox 1258 1275 1600 1351; x_wconf 80' lang='lat' dir='ltr'>voluntate,</span> <span class='ocrx_word' id='word_1_62' title='bbox 1659 1277 1770 1339; x_wconf 90' lang='lat' dir='ltr'>sed</span> <span class='ocrx_word' id='word_1_63' title='bbox 1805 1296 1842 1337; x_wconf 92' lang='lat' dir='ltr'>a</span> <span class='ocrx_word' id='word_1_64' title='bbox 1893 1277 2028 1339; x_wconf 90' lang='lat' dir='ltr'>solo</span> 
     </span>
     <span class='ocr_line' id='line_1_11' title="bbox 459 1368 2029 1447; baseline 0 -18"><span class='ocrx_word' id='word_1_65' title='bbox 459 1368 625 1439; x_wconf 90' lang='lat' dir='ltr'>Deo;</span> <span class='ocrx_word' id='word_1_66' title='bbox 657 1385 776 1428; x_wconf 90' lang='lat' dir='ltr'>nec</span> <span class='ocrx_word' id='word_1_67' title='bbox 821 1387 936 1447; x_wconf 90' lang='lat' dir='ltr'>per</span> <span class='ocrx_word' id='word_1_68' title='bbox 969 1368 1140 1430; x_wconf 90' lang='lat' dir='ltr'>illam</span> <span class='ocrx_word' id='word_1_69' title='bbox 1186 1370 1475 1431; x_wconf 84' lang='lat' dir='ltr'>voluntas</span> <span class='ocrx_word' id='word_1_70' title='bbox 1507 1376 1698 1443; x_wconf 90' lang='lat' dir='ltr'>amat,</span> <span class='ocrx_word' id='word_1_71' title='bbox 1751 1370 1902 1443; x_wconf 91' lang='lat' dir='ltr'>odit,</span> <span class='ocrx_word' id='word_1_72' title='bbox 1952 1370 2029 1430; x_wconf 82' lang='lat' dir='ltr'>ti·-</span> 
     </span>
     <span class='ocr_line' id='line_1_12' title="bbox 461 1461 2030 1543; baseline 0.002 -22"><span class='ocrx_word' id='word_1_73' title='bbox 461 1465 612 1534; x_wconf 88' lang='lat' dir='ltr'>met,</span> <span class='ocrx_word' id='word_1_74' title='bbox 665 1465 773 1521; x_wconf 89' lang='lat' dir='ltr'>aut</span> <span class='ocrx_word' id='word_1_75' title='bbox 825 1461 1063 1541; x_wconf 83' lang='lat' dir='ltr'>aliquid</span> <span class='ocrx_word' id='word_1_76' title='bbox 1115 1462 1478 1543; x_wconf 90' lang='lat' dir='ltr'>hujusmodi</span> <span class='ocrx_word' id='word_1_77' title='bbox 1535 1468 1856 1543; x_wconf 79' lang='lat' dir='ltr'><strong>operatur,</strong></span> <span class='ocrx_word' id='word_1_78' title='bbox 1913 1463 2030 1524; x_wconf 87' lang='lat' dir='ltr'>sed</span> 
     </span>
     <span class='ocr_line' id='line_1_13' title="bbox 462 1552 2031 1635; baseline 0.003 -22"><span class='ocrx_word' id='word_1_79' title='bbox 462 1552 668 1615; x_wconf 86' lang='lat' dir='ltr'>solum</span> <span class='ocrx_word' id='word_1_80' title='bbox 711 1554 992 1633; x_wconf 80' lang='lat' dir='ltr'><strong>proxime</strong></span> <span class='ocrx_word' id='word_1_81' title='bbox 1035 1554 1407 1635; x_wconf 81' lang='lat' dir='ltr'>disponitur,</span> <span class='ocrx_word' id='word_1_82' title='bbox 1455 1562 1764 1629; x_wconf 88' lang='lat' dir='ltr'>actuatur,</span> <span class='ocrx_word' id='word_1_83' title='bbox 1813 1563 1878 1618; x_wconf 90' lang='lat' dir='ltr'>et</span> <span class='ocrx_word' id='word_1_84' title='bbox 1921 1556 2031 1617; x_wconf 91' lang='lat' dir='ltr'>de·</span> 
     </span>
     <span class='ocr_line' id='line_1_14' title="bbox 460 1647 2029 1725; baseline 0.002 -19"><span class='ocrx_word' id='word_1_85' title='bbox 460 1647 830 1707; x_wconf 88' lang='lat' dir='ltr'>terminatur</span> <span class='ocrx_word' id='word_1_86' title='bbox 859 1654 932 1708; x_wconf 90' lang='lat' dir='ltr'>ut</span> <span class='ocrx_word' id='word_1_87' title='bbox 957 1654 1147 1718; x_wconf 86' lang='lat' dir='ltr'>amet,</span> <span class='ocrx_word' id='word_1_88' title='bbox 1179 1648 1323 1710; x_wconf 92' lang='lat' dir='ltr'>odlo</span> <span class='ocrx_word' id='word_1_89' title='bbox 1359 1650 1614 1725; x_wconf 89' lang='lat' dir='ltr'>habeat,</span> <span class='ocrx_word' id='word_1_90' title='bbox 1647 1656 1754 1710; x_wconf 91' lang='lat' dir='ltr'>aut</span> <span class='ocrx_word' id='word_1_91' title='bbox 1785 1654 2029 1711; x_wconf 89' lang='lat' dir='ltr'>metuat</span> 
     </span>
     <span class='ocr_line' id='line_1_15' title="bbox 459 1741 2021 1821; baseline 0.001 -19"><span class='ocrx_word' id='word_1_92' title='bbox 459 1741 527 1803; x_wconf 90' lang='lat' dir='ltr'>id</span> <span class='ocrx_word' id='word_1_93' title='bbox 556 1741 636 1803; x_wconf 93' lang='lat' dir='ltr'>ad</span> <span class='ocrx_word' id='word_1_94' title='bbox 663 1742 834 1821; x_wconf 92' lang='lat' dir='ltr'>quod</span> <span class='ocrx_word' id='word_1_95' title='bbox 861 1761 898 1804; x_wconf 92' lang='lat' dir='ltr'>a</span> <span class='ocrx_word' id='word_1_96' title='bbox 929 1744 1056 1805; x_wconf 91' lang='lat' dir='ltr'>Deo</span> <span class='ocrx_word' id='word_1_97' title='bbox 1085 1750 1390 1806; x_wconf 84' lang='lat' dir='ltr'>movetur.</span> <span class='ocrx_word' id='word_1_98' title='bbox 1441 1744 1610 1807; x_wconf 75' lang='lat' dir='ltr'>Alter</span> <span class='ocrx_word' id='word_1_99' title='bbox 1651 1743 1878 1805; x_wconf 87' lang='lat' dir='ltr'>modus</span> <span class='ocrx_word' id='word_1_100' title='bbox 1906 1749 2021 1814; x_wconf 88' lang='lat' dir='ltr'>est,</span> 
     </span>
     <span class='ocr_line' id='line_1_16' title="bbox 460 1834 2027 1918; baseline 0.003 -24"><span class='ocrx_word' id='word_1_101' title='bbox 460 1834 582 1895; x_wconf 89' lang='lat' dir='ltr'>hoc</span> <span class='ocrx_word' id='word_1_102' title='bbox 621 1835 922 1896; x_wconf 89' lang='lat' dir='ltr'>auxilium</span> <span class='ocrx_word' id='word_1_103' title='bbox 965 1855 1094 1897; x_wconf 86' lang='lat' dir='ltr'>non</span> <span class='ocrx_word' id='word_1_104' title='bbox 1125 1856 1266 1899; x_wconf 88' lang='lat' dir='ltr'>esse</span> <span class='ocrx_word' id='word_1_105' title='bbox 1309 1838 1544 1918; x_wconf 89' lang='lat' dir='ltr'>aliquid</span> <span class='ocrx_word' id='word_1_106' title='bbox 1581 1838 1893 1900; x_wconf 76' lang='lat' dir='ltr'>inhaerens</span> <span class='ocrx_word' id='word_1_107' title='bbox 1923 1856 2027 1899; x_wconf 78' lang='lat' dir='ltr'>vo·</span> 
     </span>
     <span class='ocr_line' id='line_1_17' title="bbox 458 1927 2028 2001; baseline 0.003 -13"><span class='ocrx_word' id='word_1_108' title='bbox 458 1927 680 1990; x_wconf 89' lang='lat' dir='ltr'>luntati</span> <span class='ocrx_word' id='word_1_109' title='bbox 719 1928 1037 2001; x_wconf 83' lang='lat' dir='ltr'>humanae,</span> <span class='ocrx_word' id='word_1_110' title='bbox 1074 1931 1187 1992; x_wconf 89' lang='lat' dir='ltr'>sed</span> <span class='ocrx_word' id='word_1_111' title='bbox 1220 1950 1358 1993; x_wconf 88' lang='lat' dir='ltr'>esse</span> <span class='ocrx_word' id='word_1_112' title='bbox 1404 1931 1608 1994; x_wconf 88' lang='lat' dir='ltr'>solum</span> <span class='ocrx_word' id='word_1_113' title='bbox 1645 1938 1853 1993; x_wconf 89' lang='lat' dir='ltr'>actum</span> <span class='ocrx_word' id='word_1_114' title='bbox 1895 1930 2028 1992; x_wconf 82' lang='lat' dir='ltr'>effi-</span> 
     </span>
     <span class='ocr_line' id='line_1_18' title="bbox 458 2022 2023 2103; baseline 0.001 -20"><span class='ocrx_word' id='word_1_115' title='bbox 458 2038 672 2083; x_wconf 90' lang='lat' dir='ltr'>cacem</span> <span class='ocrx_word' id='word_1_116' title='bbox 713 2027 776 2083; x_wconf 88' lang='lat' dir='ltr'>et</span> <span class='ocrx_word' id='word_1_117' title='bbox 818 2022 1173 2084; x_wconf 89' lang='lat' dir='ltr'>absolutum</span> <span class='ocrx_word' id='word_1_118' title='bbox 1221 2025 1560 2087; x_wconf 86' lang='lat' dir='ltr'>voluntatis</span> <span class='ocrx_word' id='word_1_119' title='bbox 1611 2024 1862 2095; x_wconf 75' lang='lat' dir='ltr'>divinae,</span> <span class='ocrx_word' id='word_1_120' title='bbox 1897 2040 2023 2103; x_wconf 89' lang='lat' dir='ltr'>quo</span> 
     </span>
     <span class='ocr_line' id='line_1_19' title="bbox 459 2114 2025 2198; baseline -0.001 -21"><span class='ocrx_word' id='word_1_121' title='bbox 459 2114 792 2177; x_wconf 86' lang='lat' dir='ltr'>efficaciter</span> <span class='ocrx_word' id='word_1_122' title='bbox 818 2122 880 2177; x_wconf 93' lang='lat' dir='ltr'>et</span> <span class='ocrx_word' id='word_1_123' title='bbox 927 2122 1215 2195; x_wconf 83' lang='lat' dir='ltr'>potenter</span> <span class='ocrx_word' id='word_1_124' title='bbox 1253 2122 1596 2198; x_wconf 79' lang='lat' dir='ltr'>praemovet</span> <span class='ocrx_word' id='word_1_125' title='bbox 1627 2123 1690 2180; x_wconf 89' lang='lat' dir='ltr'>et</span> <span class='ocrx_word' id='word_1_126' title='bbox 1731 2116 2025 2179; x_wconf 86' lang='lat' dir='ltr'>determi-</span> 
     </span>
     <span class='ocr_line' id='line_1_20' title="bbox 457 2208 2019 2290; baseline 0 -21"><span class='ocrx_word' id='word_1_127' title='bbox 457 2213 566 2269; x_wconf 88' lang='lat' dir='ltr'>nat</span> <span class='ocrx_word' id='word_1_128' title='bbox 591 2208 977 2270; x_wconf 83' lang='lat' dir='ltr'>voluntatem</span> <span class='ocrx_word' id='word_1_129' title='bbox 1031 2211 1374 2272; x_wconf 89' lang='lat' dir='ltr'>humanam</span> <span class='ocrx_word' id='word_1_130' title='bbox 1415 2212 1498 2272; x_wconf 89' lang='lat' dir='ltr'>ad</span> <span class='ocrx_word' id='word_1_131' title='bbox 1537 2211 1602 2273; x_wconf 91' lang='lat' dir='ltr'>id</span> <span class='ocrx_word' id='word_1_132' title='bbox 1650 2210 1820 2290; x_wconf 92' lang='lat' dir='ltr'>quod</span> <span class='ocrx_word' id='word_1_133' title='bbox 1863 2210 2019 2283; x_wconf 84' lang='lat' dir='ltr'>vult,</span> 
     </span>
     <span class='ocr_line' id='line_1_21' title="bbox 457 2300 2023 2382; baseline 0.001 -21"><span class='ocrx_word' id='word_1_134' title='bbox 457 2300 617 2362; x_wconf 89' lang='lat' dir='ltr'>sicut</span> <span class='ocrx_word' id='word_1_135' title='bbox 643 2301 831 2362; x_wconf 91' lang='lat' dir='ltr'>homo</span> <span class='ocrx_word' id='word_1_136' title='bbox 859 2320 973 2382; x_wconf 91' lang='lat' dir='ltr'>per</span> <span class='ocrx_word' id='word_1_137' title='bbox 1001 2322 1182 2365; x_wconf 91' lang='lat' dir='ltr'>suam</span> <span class='ocrx_word' id='word_1_138' title='bbox 1216 2304 1604 2366; x_wconf 87' lang='lat' dir='ltr'>voluntatem</span> <span class='ocrx_word' id='word_1_139' title='bbox 1646 2302 2023 2365; x_wconf 83' lang='lat' dir='ltr'>determinat</span> 
     </span>
     <span class='ocr_line' id='line_1_22' title="bbox 455 2393 2023 2473; baseline 0.003 -20"><span class='ocrx_word' id='word_1_140' title='bbox 455 2393 842 2455; x_wconf 88' lang='lat' dir='ltr'>intellectum</span> <span class='ocrx_word' id='word_1_141' title='bbox 871 2396 954 2457; x_wconf 88' lang='lat' dir='ltr'>ad</span> <span class='ocrx_word' id='word_1_142' title='bbox 990 2396 1400 2473; x_wconf 87' lang='lat' dir='ltr'>credendum,</span> <span class='ocrx_word' id='word_1_143' title='bbox 1441 2397 1542 2461; x_wconf 73' lang='lat' dir='ltr'>vel</span> <span class='ocrx_word' id='word_1_144' title='bbox 1587 2396 1912 2459; x_wconf 86' lang='lat' dir='ltr'>brachium</span> <span class='ocrx_word' id='word_1_145' title='bbox 1940 2394 2023 2458; x_wconf 90' lang='lat' dir='ltr'>ad</span> 
     </span>
     <span class='ocr_line' id='line_1_23' title="bbox 455 2494 720 2548; baseline 0.004 -1"><span class='ocrx_word' id='word_1_146' title='bbox 455 2494 720 2548; x_wconf 88' lang='lat' dir='ltr'>motum.</span> 
     </span>
    </p>

    <p class='ocr_par' dir='ltr' id='par_1_3' title="bbox 448 2581 2021 3320">
     <span class='ocr_line' id='line_1_24' title="bbox 532 2581 2017 2664; baseline 0.001 -22"><span class='ocrx_word' id='word_1_147' title='bbox 532 2583 632 2643; x_wconf 75' lang='grc'>12.</span> <span class='ocrx_word' id='word_1_148' title='bbox 687 2584 904 2663; x_wconf 88' lang='lat' dir='ltr'>Itaque</span> <span class='ocrx_word' id='word_1_149' title='bbox 957 2586 1252 2664; x_wconf 88' lang='lat' dir='ltr'>supponit</span> <span class='ocrx_word' id='word_1_150' title='bbox 1303 2584 1407 2646; x_wconf 92' lang='lat' dir='ltr'>hic</span> <span class='ocrx_word' id='word_1_151' title='bbox 1459 2584 1687 2646; x_wconf 87' lang='lat' dir='ltr'>modus</span> <span class='ocrx_word' id='word_1_152' title='bbox 1741 2581 2017 2658; x_wconf 90' lang='lat' dir='ltr'>dicendi,</span> 
     </span>
     <span class='ocr_line' id='line_1_25' title="bbox 455 2672 2021 2756; baseline 0 -19"><span class='ocrx_word' id='word_1_153' title='bbox 455 2674 652 2737; x_wconf 83' lang='lat' dir='ltr'>Deum</span> <span class='ocrx_word' id='word_1_154' title='bbox 681 2674 832 2737; x_wconf 89' lang='lat' dir='ltr'>dare</span> <span class='ocrx_word' id='word_1_155' title='bbox 861 2672 1113 2739; x_wconf 82' lang='lat' dir='ltr'>&#39;homini</span> <span class='ocrx_word' id='word_1_156' title='bbox 1160 2678 1390 2739; x_wconf 84' lang='lat' dir='ltr'>auxilia</span> <span class='ocrx_word' id='word_1_157' title='bbox 1437 2676 1825 2751; x_wconf 79' lang='lat' dir='ltr'>inhoerentia,</span> <span class='ocrx_word' id='word_1_158' title='bbox 1856 2695 2021 2756; x_wconf 79' lang='lat' dir='ltr'>prae-</span> 
     </span>
     <span class='ocr_line' id='line_1_26' title="bbox 451 2768 2019 2852; baseline 0.001 -23"><span class='ocrx_word' id='word_1_159' title='bbox 451 2768 785 2842; x_wconf 84' lang='lat' dir='ltr'>venientia,</span> <span class='ocrx_word' id='word_1_160' title='bbox 827 2776 888 2833; x_wconf 91' lang='lat' dir='ltr'>et</span> <span class='ocrx_word' id='word_1_161' title='bbox 930 2772 1264 2835; x_wconf 82' lang='lat' dir='ltr'>excitantia</span> <span class='ocrx_word' id='word_1_162' title='bbox 1293 2790 1408 2852; x_wconf 92' lang='lat' dir='ltr'>per</span> <span class='ocrx_word' id='word_1_163' title='bbox 1435 2770 1925 2833; x_wconf 83' lang='lat' dir='ltr'>illuminationes</span> <span class='ocrx_word' id='word_1_164' title='bbox 1956 2776 2019 2831; x_wconf 90' lang='lat' dir='ltr'>et</span> 
     </span>
     <span class='ocr_line' id='line_1_27' title="bbox 452 2862 2019 2942; baseline 0.001 -20"><span class='ocrx_word' id='word_1_165' title='bbox 452 2862 890 2942; x_wconf 84' lang='lat' dir='ltr'>inspirationes</span> <span class='ocrx_word' id='word_1_166' title='bbox 917 2880 932 2925; x_wconf 90' lang='lat'><strong>:</strong></span> <span class='ocrx_word' id='word_1_167' title='bbox 959 2865 1076 2927; x_wconf 91' lang='lat' dir='ltr'>sed</span> <span class='ocrx_word' id='word_1_168' title='bbox 1099 2866 1237 2926; x_wconf 64' lang='lat' dir='ltr'>haec</span> <span class='ocrx_word' id='word_1_169' title='bbox 1263 2872 1508 2927; x_wconf 88' lang='lat' dir='ltr'>tantum</span> <span class='ocrx_word' id='word_1_170' title='bbox 1538 2882 1678 2926; x_wconf 89' lang='lat' dir='ltr'>esse</span> <span class='ocrx_word' id='word_1_171' title='bbox 1707 2863 2019 2925; x_wconf 84' lang='lat' dir='ltr'>sufficien-</span> 
     </span>
     <span class='ocr_line' id='line_1_28' title="bbox 448 2956 2017 3029; baseline -0.001 -12"><span class='ocrx_word' id='word_1_172' title='bbox 448 2956 556 3029; x_wconf 86' lang='lat' dir='ltr'>tia,</span> <span class='ocrx_word' id='word_1_173' title='bbox 594 2956 796 3018; x_wconf 92' lang='lat' dir='ltr'>donec</span> <span class='ocrx_word' id='word_1_174' title='bbox 839 2958 1098 3020; x_wconf 84' lang='lat' dir='ltr'>accedat</span> <span class='ocrx_word' id='word_1_175' title='bbox 1145 2958 1250 3019; x_wconf 91' lang='lat' dir='ltr'>illa</span> <span class='ocrx_word' id='word_1_176' title='bbox 1294 2959 1586 3020; x_wconf 85' lang='lat' dir='ltr'>voluntas</span> <span class='ocrx_word' id='word_1_177' title='bbox 1629 2956 1763 3028; x_wconf 91' lang='lat' dir='ltr'>Dei,</span> <span class='ocrx_word' id='word_1_178' title='bbox 1811 2962 1874 3017; x_wconf 94' lang='lat' dir='ltr'>et</span> <span class='ocrx_word' id='word_1_179' title='bbox 1901 2973 2017 3017; x_wconf 87' lang='lat' dir='ltr'>suo</span> 
     </span>
     <span class='ocr_line' id='line_1_29' title="bbox 453 3048 2017 3114; baseline -0.001 -3"><span class='ocrx_word' id='word_1_180' title='bbox 453 3049 706 3111; x_wconf 86' lang='lat' dir='ltr'>arbitrio</span> <span class='ocrx_word' id='word_1_181' title='bbox 737 3050 1114 3114; x_wconf 84' lang='lat' dir='ltr'>determinet</span> <span class='ocrx_word' id='word_1_182' title='bbox 1139 3051 1524 3114; x_wconf 79' lang='lat' dir='ltr'>voluntatem</span> <span class='ocrx_word' id='word_1_183' title='bbox 1551 3052 1896 3113; x_wconf 87' lang='lat' dir='ltr'>humanam</span> <span class='ocrx_word' id='word_1_184' title='bbox 1925 3048 2017 3109; x_wconf 89' lang='lat' dir='ltr'>sic</span> 
     </span>
     <span class='ocr_line' id='line_1_30' title="bbox 453 3143 2015 3226; baseline -0.001 -22"><span class='ocrx_word' id='word_1_185' title='bbox 453 3143 808 3218; x_wconf 83' lang='lat' dir='ltr'>excitatam,</span> <span class='ocrx_word' id='word_1_186' title='bbox 833 3150 896 3206; x_wconf 87' lang='lat' dir='ltr'>et</span> <span class='ocrx_word' id='word_1_187' title='bbox 920 3151 1127 3207; x_wconf 89' lang='lat' dir='ltr'>utatur</span> <span class='ocrx_word' id='word_1_188' title='bbox 1150 3146 1254 3208; x_wconf 89' lang='lat' dir='ltr'>illa</span> <span class='ocrx_word' id='word_1_189' title='bbox 1275 3151 1580 3226; x_wconf 88' lang='lat' dir='ltr'>tanquam</span> <span class='ocrx_word' id='word_1_190' title='bbox 1599 3145 2015 3207; x_wconf 86' lang='lat' dir='ltr'>instrumento</span> 
     </span>
     <span class='ocr_line' id='line_1_31' title="bbox 450 3238 2011 3320; baseline -0.001 -21"><span class='ocrx_word' id='word_1_191' title='bbox 450 3238 724 3318; x_wconf 88' lang='lat' dir='ltr'>quodam</span> <span class='ocrx_word' id='word_1_192' title='bbox 765 3238 964 3301; x_wconf 88' lang='lat' dir='ltr'>libero</span> <span class='ocrx_word' id='word_1_193' title='bbox 1007 3240 1090 3301; x_wconf 89' lang='lat' dir='ltr'>ad</span> <span class='ocrx_word' id='word_1_194' title='bbox 1131 3257 1511 3302; x_wconf 87' lang='lat' dir='ltr'>consensum</span> <span class='ocrx_word' id='word_1_195' title='bbox 1563 3239 2011 3320; x_wconf 69' lang='lat' dir='ltr'>praestandum.</span> 
     </span>
    </p>

    <p class='ocr_par' dir='ltr' id='par_1_4' title="bbox 439 3333 2021 5282">
     <span class='ocr_line' id='line_1_32' title="bbox 530 3333 2017 3412; baseline 0.001 -20"><span class='ocrx_word' id='word_1_196' title='bbox 530 3333 628 3393; x_wconf 85' lang='grc'>13.</span> <span class='ocrx_word' id='word_1_197' title='bbox 675 3333 901 3395; x_wconf 90' lang='lat' dir='ltr'>Ultimo</span> <span class='ocrx_word' id='word_1_198' title='bbox 923 3378 938 3406; x_wconf 93' lang='lat'>,</span> <span class='ocrx_word' id='word_1_199' title='bbox 999 3335 1276 3396; x_wconf 87' lang='lat' dir='ltr'>sentiunt</span> <span class='ocrx_word' id='word_1_200' title='bbox 1329 3334 1770 3396; x_wconf 87' lang='lat' dir='ltr'>necessitatem</span> <span class='ocrx_word' id='word_1_201' title='bbox 1827 3333 2017 3412; x_wconf 87' lang='lat' dir='ltr'>hujus</span> 
     </span>
     <span class='ocr_line' id='line_1_33' title="bbox 449 3425 2015 3506; baseline 0 -20"><span class='ocrx_word' id='word_1_202' title='bbox 449 3425 660 3486; x_wconf 88' lang='lat' dir='ltr'>auxilii</span> <span class='ocrx_word' id='word_1_203' title='bbox 679 3425 1076 3505; x_wconf 71' lang='lat' dir='ltr'>adaequatam</span> <span class='ocrx_word' id='word_1_204' title='bbox 1098 3434 1160 3488; x_wconf 92' lang='lat' dir='ltr'>et</span> <span class='ocrx_word' id='word_1_205' title='bbox 1173 3427 1503 3488; x_wconf 88' lang='lat' dir='ltr'>formalem</span> <span class='ocrx_word' id='word_1_206' title='bbox 1524 3425 1626 3504; x_wconf 89' lang='lat' dir='ltr'>(ut</span> <span class='ocrx_word' id='word_1_207' title='bbox 1645 3427 1733 3487; x_wconf 90' lang='lat' dir='ltr'>sic</span> <span class='ocrx_word' id='word_1_208' title='bbox 1752 3425 2015 3506; x_wconf 90' lang='lat' dir='ltr'>dicam),</span> 
     </span>
     <span class='ocr_line' id='line_1_34' title="bbox 447 3515 2021 3600; baseline 0.001 -22"><span class='ocrx_word' id='word_1_209' title='bbox 447 3534 578 3578; x_wconf 92' lang='lat' dir='ltr'>non</span> <span class='ocrx_word' id='word_1_210' title='bbox 605 3515 789 3592; x_wconf 88' lang='lat' dir='ltr'>oriri,</span> <span class='ocrx_word' id='word_1_211' title='bbox 820 3518 921 3580; x_wconf 86' lang='lat' dir='ltr'>vel</span> <span class='ocrx_word' id='word_1_212' title='bbox 951 3537 1030 3580; x_wconf 94' lang='lat' dir='ltr'>ex</span> <span class='ocrx_word' id='word_1_213' title='bbox 1063 3519 1398 3600; x_wconf 87' lang='lat' dir='ltr'>fragilitate</span> <span class='ocrx_word' id='word_1_214' title='bbox 1420 3566 1435 3592; x_wconf 95' lang='lat'>,</span> <span class='ocrx_word' id='word_1_215' title='bbox 1469 3537 1658 3599; x_wconf 89' lang='lat' dir='ltr'>quam</span> <span class='ocrx_word' id='word_1_216' title='bbox 1690 3519 1772 3580; x_wconf 90' lang='lat' dir='ltr'>ob</span> <span class='ocrx_word' id='word_1_217' title='bbox 1799 3537 2021 3599; x_wconf 88' lang='lat' dir='ltr'>pecca-</span> 
     </span>
     <span class='ocr_line' id='line_1_35' title="bbox 446 3609 2019 3691; baseline 0.001 -20"><span class='ocrx_word' id='word_1_218' title='bbox 446 3615 584 3672; x_wconf 85' lang='lat' dir='ltr'>tum</span> <span class='ocrx_word' id='word_1_219' title='bbox 637 3609 942 3691; x_wconf 81' lang='lat' dir='ltr'>originale</span> <span class='ocrx_word' id='word_1_220' title='bbox 993 3612 1184 3673; x_wconf 90' lang='lat' dir='ltr'>homo</span> <span class='ocrx_word' id='word_1_221' title='bbox 1231 3613 1537 3674; x_wconf 84' lang='lat' dir='ltr'>contraxit</span> <span class='ocrx_word' id='word_1_222' title='bbox 1583 3613 1648 3672; x_wconf 89' lang='lat' dir='ltr'>in</span> <span class='ocrx_word' id='word_1_223' title='bbox 1695 3611 2019 3691; x_wconf 89' lang='lat' dir='ltr'>operando</span> 
     </span>
     <span class='ocr_line' id='line_1_36' title="bbox 447 3702 2021 3786; baseline 0.001 -21"><span class='ocrx_word' id='word_1_224' title='bbox 447 3702 709 3780; x_wconf 89' lang='lat' dir='ltr'>bonum,</span> <span class='ocrx_word' id='word_1_225' title='bbox 739 3704 842 3766; x_wconf 82' lang='lat' dir='ltr'>vel</span> <span class='ocrx_word' id='word_1_226' title='bbox 869 3721 948 3765; x_wconf 86' lang='lat' dir='ltr'>ex</span> <span class='ocrx_word' id='word_1_227' title='bbox 983 3711 1238 3767; x_wconf 86' lang='lat' dir='ltr'>actuum</span> <span class='ocrx_word' id='word_1_228' title='bbox 1277 3705 1849 3786; x_wconf 87' lang='lat' dir='ltr'>supernaturalium</span> <span class='ocrx_word' id='word_1_229' title='bbox 1879 3722 2021 3785; x_wconf 89' lang='lat' dir='ltr'>per-</span> 
     </span>
     <span class='ocr_line' id='line_1_37' title="bbox 445 3795 2019 3876; baseline 0.001 -19"><span class='ocrx_word' id='word_1_230' title='bbox 445 3795 736 3871; x_wconf 83' lang='lat' dir='ltr'>fectione,</span> <span class='ocrx_word' id='word_1_231' title='bbox 775 3814 918 3876; x_wconf 76' lang='lat' dir='ltr'>quae</span> <span class='ocrx_word' id='word_1_232' title='bbox 947 3798 1116 3860; x_wconf 85' lang='lat' dir='ltr'>vires</span> <span class='ocrx_word' id='word_1_233' title='bbox 1149 3799 1470 3862; x_wconf 81' lang='lat' dir='ltr'>naturales</span> <span class='ocrx_word' id='word_1_234' title='bbox 1497 3797 1732 3860; x_wconf 88' lang='lat' dir='ltr'>arbitrii</span> <span class='ocrx_word' id='word_1_235' title='bbox 1761 3797 2019 3859; x_wconf 87' lang='lat' dir='ltr'>humani</span> 
     </span>
     <span class='ocr_line' id='line_1_38' title="bbox 447 3891 2019 3972; baseline 0.001 -20"><span class='ocrx_word' id='word_1_236' title='bbox 447 3895 726 3970; x_wconf 87' lang='lat' dir='ltr'>superat,</span> <span class='ocrx_word' id='word_1_237' title='bbox 767 3891 879 3954; x_wconf 86' lang='lat' dir='ltr'>sed</span> <span class='ocrx_word' id='word_1_238' title='bbox 917 3891 1018 3953; x_wconf 83' lang='lat' dir='ltr'>vel</span> <span class='ocrx_word' id='word_1_239' title='bbox 1057 3911 1134 3954; x_wconf 89' lang='lat' dir='ltr'>ex</span> <span class='ocrx_word' id='word_1_240' title='bbox 1179 3893 1460 3972; x_wconf 82' lang='lat' dir='ltr'>generali</span> <span class='ocrx_word' id='word_1_241' title='bbox 1504 3891 2019 3954; x_wconf 86' lang='lat' dir='ltr'>subordinatione</span> 
     </span>
     <span class='ocr_line' id='line_1_39' title="bbox 445 3983 2020 4062; baseline 0.003 -19"><span class='ocrx_word' id='word_1_242' title='bbox 445 4000 641 4062; x_wconf 87' lang='lat' dir='ltr'>quam</span> <span class='ocrx_word' id='word_1_243' title='bbox 666 3983 955 4046; x_wconf 83' lang='lat' dir='ltr'>voluntas</span> <span class='ocrx_word' id='word_1_244' title='bbox 985 3991 1196 4048; x_wconf 89' lang='lat' dir='ltr'>creata</span> <span class='ocrx_word' id='word_1_245' title='bbox 1236 3987 1430 4049; x_wconf 89' lang='lat' dir='ltr'>habet</span> <span class='ocrx_word' id='word_1_246' title='bbox 1459 3987 1540 4049; x_wconf 89' lang='lat' dir='ltr'>ad</span> <span class='ocrx_word' id='word_1_247' title='bbox 1567 3985 1867 4060; x_wconf 79' lang='lat' dir='ltr'>divinam,</span> <span class='ocrx_word' id='word_1_248' title='bbox 1899 3985 2020 4048; x_wconf 89' lang='lat' dir='ltr'>hoc</span> 
     </span>
     <span class='ocr_line' id='line_1_40' title="bbox 443 4075 2019 4159; baseline 0.003 -23"><span class='ocrx_word' id='word_1_249' title='bbox 443 4075 582 4155; x_wconf 85' lang='lat' dir='ltr'>ipso</span> <span class='ocrx_word' id='word_1_250' title='bbox 625 4076 796 4155; x_wconf 88' lang='lat' dir='ltr'>quod</span> <span class='ocrx_word' id='word_1_251' title='bbox 836 4095 1027 4138; x_wconf 82' lang='lat' dir='ltr'>causa</span> <span class='ocrx_word' id='word_1_252' title='bbox 1073 4085 1286 4140; x_wconf 84' lang='lat' dir='ltr'>creata</span> <span class='ocrx_word' id='word_1_253' title='bbox 1327 4087 1455 4154; x_wconf 86' lang='lat' dir='ltr'>est;</span> <span class='ocrx_word' id='word_1_254' title='bbox 1485 4079 1584 4142; x_wconf 79' lang='lat' dir='ltr'>vel</span> <span class='ocrx_word' id='word_1_255' title='bbox 1615 4097 1693 4142; x_wconf 88' lang='lat' dir='ltr'>ex</span> <span class='ocrx_word' id='word_1_256' title='bbox 1739 4097 1816 4141; x_wconf 92' lang='lat' dir='ltr'>eo</span> <span class='ocrx_word' id='word_1_257' title='bbox 1847 4079 2019 4159; x_wconf 87' lang='lat' dir='ltr'>quod</span> 
     </span>
     <span class='ocr_line' id='line_1_41' title="bbox 443 4169 2017 4247; baseline 0.003 -17"><span class='ocrx_word' id='word_1_258' title='bbox 443 4169 724 4230; x_wconf 87' lang='lat' dir='ltr'>humana</span> <span class='ocrx_word' id='word_1_259' title='bbox 769 4171 1092 4244; x_wconf 82' lang='lat' dir='ltr'>voluntas,</span> <span class='ocrx_word' id='word_1_260' title='bbox 1142 4190 1286 4234; x_wconf 89' lang='lat' dir='ltr'>cum</span> <span class='ocrx_word' id='word_1_261' title='bbox 1332 4173 1697 4235; x_wconf 80' lang='lat' dir='ltr'>indifferens</span> <span class='ocrx_word' id='word_1_262' title='bbox 1743 4173 1842 4247; x_wconf 90' lang='lat' dir='ltr'>sit,</span> <span class='ocrx_word' id='word_1_263' title='bbox 1891 4191 2017 4235; x_wconf 93' lang='lat' dir='ltr'>non</span> 
     </span>
     <span class='ocr_line' id='line_1_42' title="bbox 443 4261 2019 4345; baseline 0.002 -21"><span class='ocrx_word' id='word_1_264' title='bbox 443 4265 540 4324; x_wconf 89' lang='lat' dir='ltr'>est</span> <span class='ocrx_word' id='word_1_265' title='bbox 563 4267 706 4342; x_wconf 89' lang='lat' dir='ltr'>apta</span> <span class='ocrx_word' id='word_1_266' title='bbox 735 4261 818 4324; x_wconf 86' lang='lat' dir='ltr'>ad</span> <span class='ocrx_word' id='word_1_267' title='bbox 845 4263 1084 4344; x_wconf 86' lang='lat' dir='ltr'>aliquid</span> <span class='ocrx_word' id='word_1_268' title='bbox 1113 4265 1476 4341; x_wconf 83' lang='lat' dir='ltr'>volendum,</span> <span class='ocrx_word' id='word_1_269' title='bbox 1499 4266 1618 4327; x_wconf 87' lang='lat' dir='ltr'>nisi</span> <span class='ocrx_word' id='word_1_270' title='bbox 1647 4284 1684 4326; x_wconf 87' lang='lat' dir='ltr'>a</span> <span class='ocrx_word' id='word_1_271' title='bbox 1710 4265 2019 4345; x_wconf 85' lang='lat' dir='ltr'>superiori</span> 
     </span>
     <span class='ocr_line' id='line_1_43' title="bbox 443 4353 2017 4440; baseline 0.003 -23"><span class='ocrx_word' id='word_1_272' title='bbox 443 4361 672 4437; x_wconf 79' lang='lat' dir='ltr'>agente</span> <span class='ocrx_word' id='word_1_273' title='bbox 697 4358 1046 4420; x_wconf 90' lang='lat' dir='ltr'>extrinseco</span> <span class='ocrx_word' id='word_1_274' title='bbox 1067 4359 1242 4439; x_wconf 90' lang='lat' dir='ltr'>prius</span> <span class='ocrx_word' id='word_1_275' title='bbox 1266 4359 1720 4422; x_wconf 86' lang='lat' dir='ltr'>determinetur</span> <span class='ocrx_word' id='word_1_276' title='bbox 1743 4363 1787 4421; x_wconf 85' lang='lat'>¹.</span> <span class='ocrx_word' id='word_1_277' title='bbox 1813 4353 2017 4440; x_wconf 69' lang='lat' dir='ltr'>Atque·</span> 
     </span>
     <span class='ocr_line' id='line_1_44' title="bbox 443 4449 2019 4533; baseline 0.003 -23"><span class='ocrx_word' id='word_1_278' title='bbox 443 4449 590 4510; x_wconf 89' lang='lat' dir='ltr'>hinc</span> <span class='ocrx_word' id='word_1_279' title='bbox 631 4449 910 4513; x_wconf 84' lang='lat' dir='ltr'>inferunt</span> <span class='ocrx_word' id='word_1_280' title='bbox 942 4451 1143 4514; x_wconf 89' lang='lat' dir='ltr'>simile</span> <span class='ocrx_word' id='word_1_281' title='bbox 1173 4451 1275 4514; x_wconf 83' lang='lat' dir='ltr'>vel</span> <span class='ocrx_word' id='word_1_282' title='bbox 1319 4453 1784 4533; x_wconf 83' lang='lat' dir='ltr'>proportionale</span> <span class='ocrx_word' id='word_1_283' title='bbox 1815 4471 2019 4533; x_wconf 88' lang='lat' dir='ltr'>genus</span> 
     </span>
     <span class='ocr_line' id='line_1_45' title="bbox 445 4541 2019 4627; baseline 0.004 -25"><span class='ocrx_word' id='word_1_284' title='bbox 445 4541 658 4602; x_wconf 89' lang='lat' dir='ltr'>auxilii</span> <span class='ocrx_word' id='word_1_285' title='bbox 690 4541 905 4616; x_wconf 89' lang='lat' dir='ltr'>divini,</span> <span class='ocrx_word' id='word_1_286' title='bbox 931 4545 1151 4607; x_wconf 80' lang='lat' dir='ltr'>talisve</span> <span class='ocrx_word' id='word_1_287' title='bbox 1176 4547 1494 4621; x_wconf 86' lang='lat' dir='ltr'>motionis,</span> <span class='ocrx_word' id='word_1_288' title='bbox 1519 4547 1753 4627; x_wconf 87' lang='lat' dir='ltr'>requiri</span> <span class='ocrx_word' id='word_1_289' title='bbox 1780 4547 1862 4608; x_wconf 91' lang='lat' dir='ltr'>ad</span> <span class='ocrx_word' id='word_1_290' title='bbox 1887 4565 2019 4608; x_wconf 89' lang='lat' dir='ltr'>om·-</span> 
     </span>
     <span class='ocr_line' id='line_1_46' title="bbox 441 4637 2015 4714; baseline 0.003 -18"><span class='ocrx_word' id='word_1_291' title='bbox 441 4652 558 4696; x_wconf 89' lang='lat' dir='ltr'>nes</span> <span class='ocrx_word' id='word_1_292' title='bbox 586 4639 763 4697; x_wconf 86' lang='lat' dir='ltr'>actus</span> <span class='ocrx_word' id='word_1_293' title='bbox 800 4637 1138 4700; x_wconf 84' lang='lat' dir='ltr'>voluntatis</span> <span class='ocrx_word' id='word_1_294' title='bbox 1165 4638 1481 4714; x_wconf 63' lang='lat' dir='ltr'>humanm,</span> <span class='ocrx_word' id='word_1_295' title='bbox 1505 4639 1695 4702; x_wconf 90' lang='lat' dir='ltr'>etiam</span> <span class='ocrx_word' id='word_1_296' title='bbox 1723 4639 1804 4701; x_wconf 90' lang='lat' dir='ltr'>ad</span> <span class='ocrx_word' id='word_1_297' title='bbox 1831 4645 2015 4701; x_wconf 89' lang='lat' dir='ltr'>natu-</span> 
     </span>
     <span class='ocr_line' id='line_1_47' title="bbox 441 4727 2012 4809; baseline 0.004 -21"><span class='ocrx_word' id='word_1_298' title='bbox 441 4727 640 4802; x_wconf 81' lang='lat' dir='ltr'>rales3</span> <span class='ocrx_word' id='word_1_299' title='bbox 673 4733 738 4790; x_wconf 89' lang='lat' dir='ltr'>et</span> <span class='ocrx_word' id='word_1_300' title='bbox 779 4729 971 4809; x_wconf 85' lang='lat' dir='ltr'>aliqui</span> <span class='ocrx_word' id='word_1_301' title='bbox 1010 4729 1228 4793; x_wconf 89' lang='lat' dir='ltr'>dicunt</span> <span class='ocrx_word' id='word_1_302' title='bbox 1262 4751 1390 4793; x_wconf 88' lang='lat' dir='ltr'>non</span> <span class='ocrx_word' id='word_1_303' title='bbox 1433 4733 1636 4794; x_wconf 89' lang='lat' dir='ltr'>solum</span> <span class='ocrx_word' id='word_1_304' title='bbox 1665 4733 1746 4795; x_wconf 90' lang='lat' dir='ltr'>ad</span> <span class='ocrx_word' id='word_1_305' title='bbox 1787 4733 2012 4806; x_wconf 88' lang='lat' dir='ltr'>bonos,</span> 
     </span>
     <span class='ocr_line' id='line_1_48' title="bbox 443 4820 2017 4904; baseline 0.003 -23"><span class='ocrx_word' id='word_1_306' title='bbox 443 4820 559 4882; x_wconf 88' lang='lat' dir='ltr'>sed</span> <span class='ocrx_word' id='word_1_307' title='bbox 583 4821 773 4883; x_wconf 87' lang='lat' dir='ltr'>etiam</span> <span class='ocrx_word' id='word_1_308' title='bbox 803 4821 885 4883; x_wconf 87' lang='lat' dir='ltr'>ad</span> <span class='ocrx_word' id='word_1_309' title='bbox 903 4822 1104 4884; x_wconf 86' lang='lat' dir='ltr'>malos</span> <span class='ocrx_word' id='word_1_310' title='bbox 1131 4843 1244 4904; x_wconf 91' lang='lat' dir='ltr'>pro</span> <span class='ocrx_word' id='word_1_311' title='bbox 1263 4826 1568 4887; x_wconf 87' lang='lat' dir='ltr'>materiali</span> <span class='ocrx_word' id='word_1_312' title='bbox 1591 4826 2017 4888; x_wconf 89' lang='lat' dir='ltr'>necessarium</span> 
     </span>
     <span class='ocr_line' id='line_1_49' title="bbox 442 4913 2011 4998; baseline 0.005 -24"><span class='ocrx_word' id='word_1_313' title='bbox 442 4931 603 4976; x_wconf 84' lang='lat' dir='ltr'>esse.</span> <span class='ocrx_word' id='word_1_314' title='bbox 643 4913 858 4977; x_wconf 90' lang='lat' dir='ltr'>Solum</span> <span class='ocrx_word' id='word_1_315' title='bbox 901 4917 1019 4979; x_wconf 87' lang='lat' dir='ltr'>erit</span> <span class='ocrx_word' id='word_1_316' title='bbox 1045 4916 1396 4980; x_wconf 83' lang='lat' dir='ltr'>differentia</span> <span class='ocrx_word' id='word_1_317' title='bbox 1433 4919 1616 4998; x_wconf 88' lang='lat' dir='ltr'>quasi</span> <span class='ocrx_word' id='word_1_318' title='bbox 1644 4919 2011 4995; x_wconf 85' lang='lat' dir='ltr'>materialis,</span> 
     </span>
     <span class='ocr_line' id='line_1_50' title="bbox 443 5006 2013 5094; baseline 0.005 -27"><span class='ocrx_word' id='word_1_319' title='bbox 443 5006 543 5068; x_wconf 84' lang='lat' dir='ltr'>vel</span> <span class='ocrx_word' id='word_1_320' title='bbox 582 5007 648 5068; x_wconf 90' lang='lat' dir='ltr'>in</span> <span class='ocrx_word' id='word_1_321' title='bbox 677 5008 896 5071; x_wconf 88' lang='lat' dir='ltr'>ordine</span> <span class='ocrx_word' id='word_1_322' title='bbox 932 5015 994 5072; x_wconf 86' lang='lat' dir='ltr'>et</span> <span class='ocrx_word' id='word_1_323' title='bbox 1021 5009 1402 5091; x_wconf 79' lang='lat' dir='ltr'>perfectione</span> <span class='ocrx_word' id='word_1_324' title='bbox 1451 5014 1726 5088; x_wconf 65' lang='lat' dir='ltr'>entium,</span> <span class='ocrx_word' id='word_1_325' title='bbox 1751 5014 1900 5094; x_wconf 91' lang='lat' dir='ltr'>quia</span> <span class='ocrx_word' id='word_1_326' title='bbox 1931 5013 2013 5075; x_wconf 93' lang='lat' dir='ltr'>ad</span> 
     </span>
     <span class='ocr_line' id='line_1_51' title="bbox 441 5103 2013 5181; baseline 0.004 -20"><span class='ocrx_word' id='word_1_327' title='bbox 441 5105 620 5162; x_wconf 87' lang='lat' dir='ltr'>actus</span> <span class='ocrx_word' id='word_1_328' title='bbox 651 5103 1164 5181; x_wconf 84' lang='lat' dir='ltr'>supernaturales</span> <span class='ocrx_word' id='word_1_329' title='bbox 1195 5123 1456 5167; x_wconf 88' lang='lat' dir='ltr'>necesse</span> <span class='ocrx_word' id='word_1_330' title='bbox 1503 5107 1620 5168; x_wconf 91' lang='lat' dir='ltr'>erit</span> <span class='ocrx_word' id='word_1_331' title='bbox 1665 5107 1788 5170; x_wconf 87' lang='lat' dir='ltr'>tale</span> <span class='ocrx_word' id='word_1_332' title='bbox 1835 5107 2013 5168; x_wconf 86' lang='lat' dir='ltr'>auxi-</span> 
     </span>
     <span class='ocr_line' id='line_1_52' title="bbox 439 5191 2011 5302; baseline 0.004 -48"><span class='ocrx_word' id='word_1_333' title='bbox 439 5191 616 5270; x_wconf 89' lang='lat' dir='ltr'>lium,</span> <span class='ocrx_word' id='word_1_334' title='bbox 669 5195 724 5257; x_wconf 90' lang='lat' dir='ltr'>si</span> <span class='ocrx_word' id='word_1_335' title='bbox 772 5197 852 5260; x_wconf 91' lang='lat' dir='ltr'>sit</span> <span class='ocrx_word' id='word_1_336' title='bbox 895 5197 1135 5258; x_wconf 89' lang='lat' dir='ltr'>homini</span> <span class='ocrx_word' id='word_1_337' title='bbox 1185 5197 1522 5277; x_wconf 63' lang='lat' dir='ltr'>inhaerens,</span> <span class='ocrx_word' id='word_1_338' title='bbox 1569 5219 1706 5302; x_wconf 80' lang='lat' dir='ltr'>esse</span> <span class='ocrx_word' id='word_1_339' title='bbox 1753 5201 2011 5282; x_wconf 82' lang='lat' dir='ltr'>majoris</span> 
     </span>
    </p>
   </div>
   <div class='ocr_carea' id='block_1_3' title="bbox 1013 424 3133 484">
    <p class='ocr_par' dir='ltr' id='par_1_5' title="bbox 1013 424 3133 484">
     <span class='ocr_line' id='line_1_53' title="bbox 1013 424 3133 484; baseline 0.001 -5"><span class='ocrx_word' id='word_1_340' title='bbox 1013 424 1224 481; x_wconf 80' lang='lat' dir='ltr'>OPUSC.</span> <span class='ocrx_word' id='word_1_341' title='bbox 1261 428 1344 483; x_wconf 85' lang='lat' dir='ltr'>m.</span> <span class='ocrx_word' id='word_1_342' title='bbox 1379 428 1602 481; x_wconf 75' lang='lat' dir='ltr'><strong>BREVIS</strong></span> <span class='ocrx_word' id='word_1_343' title='bbox 1633 426 1981 483; x_wconf 68' lang='lat' dir='ltr'>Rusommo</span> <span class='ocrx_word' id='word_1_344' title='bbox 2015 426 2505 482; x_wconf 65' lang='lat' dir='ltr'>comnovmtslffi</span> <span class='ocrx_word' id='word_1_345' title='bbox 2534 428 2617 482; x_wconf 82' lang='lat' dir='ltr'>DE</span> <span class='ocrx_word' id='word_1_346' title='bbox 2649 428 2907 483; x_wconf 75' lang='lat' dir='ltr'>Anxmo</span> <span class='ocrx_word' id='word_1_347' title='bbox 2940 424 3133 484; x_wconf 73' lang='lat' dir='ltr'>mle.</span> 
     </span>
    </p>
   </div>
   <div class='ocr_carea' id='block_1_4' title="bbox 2102 528 3697 2477">
    <p class='ocr_par' dir='ltr' id='par_1_6' title="bbox 2102 528 3697 2477">
     <span class='ocr_line' id='line_1_54' title="bbox 2112 528 3697 609; baseline -0.001 -20"><span class='ocrx_word' id='word_1_348' title='bbox 2112 528 2514 608; x_wconf 87' lang='lat' dir='ltr'>perfectionis</span> <span class='ocrx_word' id='word_1_349' title='bbox 2557 528 2621 589; x_wconf 92' lang='lat' dir='ltr'>in</span> <span class='ocrx_word' id='word_1_350' title='bbox 2668 547 2902 609; x_wconf 83' lang='lat' dir='ltr'>genere</span> <span class='ocrx_word' id='word_1_351' title='bbox 2942 530 3132 603; x_wconf 80' lang='lat' dir='ltr'>entis3</span> <span class='ocrx_word' id='word_1_352' title='bbox 3184 528 3287 591; x_wconf 80' lang='lat' dir='ltr'>vel</span> <span class='ocrx_word' id='word_1_353' title='bbox 3330 529 3383 590; x_wconf 91' lang='lat' dir='ltr'>si</span> <span class='ocrx_word' id='word_1_354' title='bbox 3430 529 3509 591; x_wconf 89' lang='lat' dir='ltr'>sit</span> <span class='ocrx_word' id='word_1_355' title='bbox 3551 534 3697 591; x_wconf 83' lang='lat' dir='ltr'>tan-</span> 
     </span>
     <span class='ocr_line' id='line_1_55' title="bbox 2114 622 3697 702; baseline 0.001 -20"><span class='ocrx_word' id='word_1_356' title='bbox 2114 628 2249 683; x_wconf 91' lang='lat' dir='ltr'>tum</span> <span class='ocrx_word' id='word_1_357' title='bbox 2272 622 2409 701; x_wconf 84' lang='lat' dir='ltr'>ipsa</span> <span class='ocrx_word' id='word_1_358' title='bbox 2435 622 2722 684; x_wconf 85' lang='lat' dir='ltr'>voluntas</span> <span class='ocrx_word' id='word_1_359' title='bbox 2744 622 2879 697; x_wconf 92' lang='lat' dir='ltr'>Dei,</span> <span class='ocrx_word' id='word_1_360' title='bbox 2898 640 3232 684; x_wconf 85' lang='lat' dir='ltr'>necessum</span> <span class='ocrx_word' id='word_1_361' title='bbox 3260 622 3381 684; x_wconf 87' lang='lat' dir='ltr'>erit</span> <span class='ocrx_word' id='word_1_362' title='bbox 3408 622 3583 702; x_wconf 88' lang='lat' dir='ltr'>quod</span> <span class='ocrx_word' id='word_1_363' title='bbox 3618 624 3697 683; x_wconf 86' lang='lat' dir='ltr'>sit</span> 
     </span>
     <span class='ocr_line' id='line_1_56' title="bbox 2114 714 3695 796; baseline 0 -20"><span class='ocrx_word' id='word_1_364' title='bbox 2114 714 2527 777; x_wconf 86' lang='lat' dir='ltr'>determinata</span> <span class='ocrx_word' id='word_1_365' title='bbox 2568 716 2649 777; x_wconf 90' lang='lat' dir='ltr'>ad</span> <span class='ocrx_word' id='word_1_366' title='bbox 2687 721 2895 777; x_wconf 86' lang='lat' dir='ltr'>actum</span> <span class='ocrx_word' id='word_1_367' title='bbox 2930 716 3367 796; x_wconf 82' lang='lat' dir='ltr'>perfectiorem</span> <span class='ocrx_word' id='word_1_368' title='bbox 3412 716 3695 777; x_wconf 86' lang='lat' dir='ltr'>efficien-</span> 
     </span>
     <span class='ocr_line' id='line_1_57' title="bbox 2116 808 3691 891; baseline 0.001 -23"><span class='ocrx_word' id='word_1_369' title='bbox 2116 809 2292 869; x_wconf 91' lang='lat' dir='ltr'>dum.</span> <span class='ocrx_word' id='word_1_370' title='bbox 2344 808 2491 880; x_wconf 78' lang='lat' dir='ltr'>Quoe</span> <span class='ocrx_word' id='word_1_371' title='bbox 2532 809 2916 884; x_wconf 81' lang='lat' dir='ltr'>differentia,</span> <span class='ocrx_word' id='word_1_372' title='bbox 2962 816 3207 871; x_wconf 82' lang='lat' dir='ltr'>servata</span> <span class='ocrx_word' id='word_1_373' title='bbox 3254 810 3691 891; x_wconf 81' lang='lat' dir='ltr'>proportione,</span> 
     </span>
     <span class='ocr_line' id='line_1_58' title="bbox 2114 900 3693 984; baseline 0 -21"><span class='ocrx_word' id='word_1_374' title='bbox 2114 902 2465 982; x_wconf 85' lang='lat' dir='ltr'>reperietur</span> <span class='ocrx_word' id='word_1_375' title='bbox 2508 900 2671 964; x_wconf 88' lang='lat' dir='ltr'>inter</span> <span class='ocrx_word' id='word_1_376' title='bbox 2718 908 2895 963; x_wconf 87' lang='lat' dir='ltr'>actus</span> <span class='ocrx_word' id='word_1_377' title='bbox 2934 903 3103 984; x_wconf 86' lang='lat' dir='ltr'>ipsos</span> <span class='ocrx_word' id='word_1_378' title='bbox 3146 902 3693 982; x_wconf 73' lang='lat' dir='ltr'>supernaturaleS,</span> 
     </span>
     <span class='ocr_line' id='line_1_59' title="bbox 2111 994 3695 1075; baseline -0.001 -19"><span class='ocrx_word' id='word_1_379' title='bbox 2111 1002 2244 1057; x_wconf 88' lang='lat' dir='ltr'>tam</span> <span class='ocrx_word' id='word_1_380' title='bbox 2268 994 2433 1057; x_wconf 88' lang='lat' dir='ltr'>inter</span> <span class='ocrx_word' id='word_1_381' title='bbox 2456 1014 2523 1057; x_wconf 89' lang='lat' dir='ltr'>se</span> <span class='ocrx_word' id='word_1_382' title='bbox 2550 1015 2742 1075; x_wconf 91' lang='lat' dir='ltr'>quam</span> <span class='ocrx_word' id='word_1_383' title='bbox 2770 996 2852 1057; x_wconf 91' lang='lat' dir='ltr'>ad</span> <span class='ocrx_word' id='word_1_384' title='bbox 2879 998 3197 1058; x_wconf 86' lang='lat' dir='ltr'>naturales</span> <span class='ocrx_word' id='word_1_385' title='bbox 3226 1002 3406 1057; x_wconf 88' lang='lat' dir='ltr'>actus</span> <span class='ocrx_word' id='word_1_386' title='bbox 3434 1014 3695 1074; x_wconf 85' lang='lat' dir='ltr'>compa-</span> 
     </span>
     <span class='ocr_line' id='line_1_60' title="bbox 2110 1088 3693 1171; baseline -0.001 -20"><span class='ocrx_word' id='word_1_387' title='bbox 2110 1094 2301 1161; x_wconf 87' lang='lat' dir='ltr'>ratos,</span> <span class='ocrx_word' id='word_1_388' title='bbox 2358 1088 2503 1169; x_wconf 90' lang='lat' dir='ltr'>quia</span> <span class='ocrx_word' id='word_1_389' title='bbox 2540 1090 2623 1151; x_wconf 91' lang='lat' dir='ltr'>ad</span> <span class='ocrx_word' id='word_1_390' title='bbox 2670 1096 2879 1152; x_wconf 90' lang='lat' dir='ltr'>actum</span> <span class='ocrx_word' id='word_1_391' title='bbox 2924 1090 3364 1171; x_wconf 83' lang='lat' dir='ltr'>perfectiorem</span> <span class='ocrx_word' id='word_1_392' title='bbox 3412 1089 3479 1149; x_wconf 91' lang='lat' dir='ltr'>in</span> <span class='ocrx_word' id='word_1_393' title='bbox 3532 1108 3693 1149; x_wconf 92' lang='lat' dir='ltr'>uno-</span> 
     </span>
     <span class='ocr_line' id='line_1_61' title="bbox 2109 1183 3693 1263; baseline 0 -20"><span class='ocrx_word' id='word_1_394' title='bbox 2109 1201 2363 1263; x_wconf 86' lang='lat' dir='ltr'>quoque</span> <span class='ocrx_word' id='word_1_395' title='bbox 2386 1183 2629 1259; x_wconf 89' lang='lat' dir='ltr'>ordine,</span> <span class='ocrx_word' id='word_1_396' title='bbox 2652 1183 3091 1245; x_wconf 85' lang='lat' dir='ltr'>determinabit</span> <span class='ocrx_word' id='word_1_397' title='bbox 3112 1186 3275 1245; x_wconf 87' lang='lat' dir='ltr'>Deus</span> <span class='ocrx_word' id='word_1_398' title='bbox 3296 1184 3693 1244; x_wconf 81' lang='lat' dir='ltr'>voluntatem</span> 
     </span>
     <span class='ocr_line' id='line_1_62' title="bbox 2108 1276 3693 1357; baseline -0.001 -20"><span class='ocrx_word' id='word_1_399' title='bbox 2108 1278 2453 1339; x_wconf 89' lang='lat' dir='ltr'>humanam</span> <span class='ocrx_word' id='word_1_400' title='bbox 2496 1296 2613 1356; x_wconf 91' lang='lat' dir='ltr'>per</span> <span class='ocrx_word' id='word_1_401' title='bbox 2650 1278 2923 1357; x_wconf 89' lang='lat' dir='ltr'>aliquam</span> <span class='ocrx_word' id='word_1_402' title='bbox 2968 1278 3408 1356; x_wconf 84' lang='lat' dir='ltr'>perfectiorem</span> <span class='ocrx_word' id='word_1_403' title='bbox 3462 1276 3693 1337; x_wconf 84' lang='lat' dir='ltr'>motio-</span> 
     </span>
     <span class='ocr_line' id='line_1_63' title="bbox 2110 1370 3685 1450; baseline -0.001 -19"><span class='ocrx_word' id='word_1_404' title='bbox 2110 1389 2282 1446; x_wconf 89' lang='lat' dir='ltr'>nem,</span> <span class='ocrx_word' id='word_1_405' title='bbox 2310 1371 2411 1432; x_wconf 80' lang='lat' dir='ltr'>vel</span> <span class='ocrx_word' id='word_1_406' title='bbox 2442 1390 2559 1450; x_wconf 88' lang='lat' dir='ltr'>per</span> <span class='ocrx_word' id='word_1_407' title='bbox 2582 1372 2967 1433; x_wconf 73' lang='lat' dir='ltr'>voluntatem</span> <span class='ocrx_word' id='word_1_408' title='bbox 3008 1389 3212 1445; x_wconf 90' lang='lat' dir='ltr'>suam,</span> <span class='ocrx_word' id='word_1_409' title='bbox 3240 1378 3313 1431; x_wconf 91' lang='lat' dir='ltr'>ut</span> <span class='ocrx_word' id='word_1_410' title='bbox 3342 1370 3685 1431; x_wconf 88' lang='lat' dir='ltr'>habentem</span> 
     </span>
     <span class='ocr_line' id='line_1_64' title="bbox 2108 1464 3689 1544; baseline 0 -21"><span class='ocrx_word' id='word_1_411' title='bbox 2108 1464 2236 1523; x_wconf 82' lang='lat' dir='ltr'>vim</span> <span class='ocrx_word' id='word_1_412' title='bbox 2259 1467 2323 1525; x_wconf 88' lang='lat' dir='ltr'>et</span> <span class='ocrx_word' id='word_1_413' title='bbox 2346 1464 2688 1526; x_wconf 87' lang='lat' dir='ltr'>efficaciam</span> <span class='ocrx_word' id='word_1_414' title='bbox 2715 1464 3100 1544; x_wconf 87' lang='lat' dir='ltr'>perfectioris</span> <span class='ocrx_word' id='word_1_415' title='bbox 3128 1464 3447 1525; x_wconf 89' lang='lat' dir='ltr'>motionis.</span> <span class='ocrx_word' id='word_1_416' title='bbox 3470 1464 3547 1525; x_wconf 77' lang='lat' dir='ltr'>Et</span> <span class='ocrx_word' id='word_1_417' title='bbox 3568 1464 3689 1523; x_wconf 86' lang='lat' dir='ltr'>hoc</span> 
     </span>
     <span class='ocr_line' id='line_1_65' title="bbox 2110 1557 3688 1638; baseline -0.001 -21"><span class='ocrx_word' id='word_1_418' title='bbox 2110 1574 2302 1618; x_wconf 88' lang='lat' dir='ltr'>sensu</span> <span class='ocrx_word' id='word_1_419' title='bbox 2330 1574 2484 1619; x_wconf 88' lang='lat' dir='ltr'>voco</span> <span class='ocrx_word' id='word_1_420' title='bbox 2514 1558 2679 1619; x_wconf 90' lang='lat' dir='ltr'>hanc</span> <span class='ocrx_word' id='word_1_421' title='bbox 2718 1557 3137 1620; x_wconf 82' lang='lat' dir='ltr'>differentiam</span> <span class='ocrx_word' id='word_1_422' title='bbox 3179 1558 3361 1638; x_wconf 88' lang='lat' dir='ltr'>quasi</span> <span class='ocrx_word' id='word_1_423' title='bbox 3394 1557 3688 1617; x_wconf 88' lang='lat' dir='ltr'>materia-</span> 
     </span>
     <span class='ocr_line' id='line_1_66' title="bbox 2107 1650 3687 1721; baseline 0 -10"><span class='ocrx_word' id='word_1_424' title='bbox 2107 1650 2257 1721; x_wconf 89' lang='lat' dir='ltr'>lem,</span> <span class='ocrx_word' id='word_1_425' title='bbox 2280 1668 2430 1712; x_wconf 90' lang='lat' dir='ltr'>nam</span> <span class='ocrx_word' id='word_1_426' title='bbox 2458 1650 2737 1711; x_wconf 82' lang='lat' dir='ltr'>formalis</span> <span class='ocrx_word' id='word_1_427' title='bbox 2764 1650 2942 1713; x_wconf 66' lang='lat' dir='ltr'>raffix</span> <span class='ocrx_word' id='word_1_428' title='bbox 2966 1670 3076 1713; x_wconf 88' lang='lat' dir='ltr'>seu</span> <span class='ocrx_word' id='word_1_429' title='bbox 3106 1652 3265 1712; x_wconf 84' lang='lat' dir='ltr'>ratio</span> <span class='ocrx_word' id='word_1_430' title='bbox 3289 1650 3687 1712; x_wconf 85' lang='lat' dir='ltr'>necessitatis</span> 
     </span>
     <span class='ocr_line' id='line_1_67' title="bbox 2110 1743 3691 1818; baseline -0.001 -13"><span class='ocrx_word' id='word_1_431' title='bbox 2110 1743 2251 1805; x_wconf 87' lang='lat' dir='ltr'>talis</span> <span class='ocrx_word' id='word_1_432' title='bbox 2292 1744 2525 1818; x_wconf 89' lang='lat' dir='ltr'>auxilii,</span> <span class='ocrx_word' id='word_1_433' title='bbox 2562 1744 2786 1805; x_wconf 90' lang='lat' dir='ltr'>eadem</span> <span class='ocrx_word' id='word_1_434' title='bbox 2840 1748 2935 1806; x_wconf 90' lang='lat' dir='ltr'>est</span> <span class='ocrx_word' id='word_1_435' title='bbox 2980 1744 3043 1805; x_wconf 91' lang='lat' dir='ltr'>in</span> <span class='ocrx_word' id='word_1_436' title='bbox 3098 1744 3391 1805; x_wconf 89' lang='lat' dir='ltr'>omnibus</span> <span class='ocrx_word' id='word_1_437' title='bbox 3436 1745 3691 1805; x_wconf 87' lang='lat' dir='ltr'>actibus</span> 
     </span>
     <span class='ocr_line' id='line_1_68' title="bbox 2108 1836 3691 1916; baseline 0 -19"><span class='ocrx_word' id='word_1_438' title='bbox 2108 1836 2343 1897; x_wconf 87' lang='lat' dir='ltr'>ordinis</span> <span class='ocrx_word' id='word_1_439' title='bbox 2381 1837 2705 1909; x_wconf 48' lang='lat' dir='ltr'>naturalia</span> <span class='ocrx_word' id='word_1_440' title='bbox 2743 1855 2882 1916; x_wconf 73' lang='lat' dir='ltr'>quae</span> <span class='ocrx_word' id='word_1_441' title='bbox 2933 1842 3030 1899; x_wconf 89' lang='lat' dir='ltr'>est</span> <span class='ocrx_word' id='word_1_442' title='bbox 3077 1836 3143 1897; x_wconf 92' lang='lat' dir='ltr'>in</span> <span class='ocrx_word' id='word_1_443' title='bbox 3194 1838 3691 1916; x_wconf 82' lang='lat' dir='ltr'>supematurali-</span> 
     </span>
     <span class='ocr_line' id='line_1_69' title="bbox 2106 1928 3691 2010; baseline 0 -19"><span class='ocrx_word' id='word_1_444' title='bbox 2106 1930 2247 1991; x_wconf 89' lang='lat' dir='ltr'>bus.</span> <span class='ocrx_word' id='word_1_445' title='bbox 2288 1930 2383 1991; x_wconf 83' lang='lat' dir='ltr'>Ad</span> <span class='ocrx_word' id='word_1_446' title='bbox 2432 1931 2570 1991; x_wconf 82' lang='lat' dir='ltr'>haec</span> <span class='ocrx_word' id='word_1_447' title='bbox 2620 1948 2772 2009; x_wconf 83' lang='lat' dir='ltr'>ergo</span> <span class='ocrx_word' id='word_1_448' title='bbox 2820 1932 3022 2010; x_wconf 88' lang='lat' dir='ltr'>capita</span> <span class='ocrx_word' id='word_1_449' title='bbox 3066 1930 3317 1992; x_wconf 82' lang='lat' dir='ltr'>videtur</span> <span class='ocrx_word' id='word_1_450' title='bbox 3356 1935 3484 1991; x_wconf 89' lang='lat' dir='ltr'>tota</span> <span class='ocrx_word' id='word_1_451' title='bbox 3532 1928 3691 1991; x_wconf 90' lang='lat' dir='ltr'>doc-</span> 
     </span>
     <span class='ocr_line' id='line_1_70' title="bbox 2106 2023 3687 2105; baseline -0.001 -20"><span class='ocrx_word' id='word_1_452' title='bbox 2106 2024 2271 2086; x_wconf 89' lang='lat' dir='ltr'>trina</span> <span class='ocrx_word' id='word_1_453' title='bbox 2299 2024 2488 2105; x_wconf 90' lang='lat' dir='ltr'>hujus</span> <span class='ocrx_word' id='word_1_454' title='bbox 2530 2024 2857 2086; x_wconf 77' lang='lat' dir='ltr'>sententiae</span> <span class='ocrx_word' id='word_1_455' title='bbox 2900 2024 3204 2099; x_wconf 86' lang='lat' dir='ltr'>revocari,</span> <span class='ocrx_word' id='word_1_456' title='bbox 3238 2023 3422 2102; x_wconf 85' lang='lat' dir='ltr'>cujus</span> <span class='ocrx_word' id='word_1_457' title='bbox 3470 2029 3687 2084; x_wconf 83' lang='lat' dir='ltr'>aucto-</span> 
     </span>
     <span class='ocr_line' id='line_1_71' title="bbox 2105 2114 3685 2197; baseline -0.001 -19"><span class='ocrx_word' id='word_1_458' title='bbox 2105 2135 2209 2179; x_wconf 89' lang='lat' dir='ltr'>res</span> <span class='ocrx_word' id='word_1_459' title='bbox 2242 2116 2305 2177; x_wconf 91' lang='lat' dir='ltr'>in</span> <span class='ocrx_word' id='word_1_460' title='bbox 2326 2118 2687 2197; x_wconf 86' lang='lat' dir='ltr'>particulari</span> <span class='ocrx_word' id='word_1_461' title='bbox 2714 2117 2918 2178; x_wconf 80' lang='lat' dir='ltr'>visum</span> <span class='ocrx_word' id='word_1_462' title='bbox 2956 2122 3051 2178; x_wconf 87' lang='lat' dir='ltr'>est</span> <span class='ocrx_word' id='word_1_463' title='bbox 3080 2134 3211 2177; x_wconf 88' lang='lat' dir='ltr'>non</span> <span class='ocrx_word' id='word_1_464' title='bbox 3250 2114 3513 2189; x_wconf 87' lang='lat' dir='ltr'>referre,</span> <span class='ocrx_word' id='word_1_465' title='bbox 3546 2124 3685 2176; x_wconf 87' lang='lat' dir='ltr'>tum</span> 
     </span>
     <span class='ocr_line' id='line_1_72' title="bbox 2105 2209 3685 2289; baseline -0.001 -19"><span class='ocrx_word' id='word_1_466' title='bbox 2105 2211 2253 2289; x_wconf 86' lang='lat' dir='ltr'>quia</span> <span class='ocrx_word' id='word_1_467' title='bbox 2282 2210 2345 2271; x_wconf 91' lang='lat' dir='ltr'>in</span> <span class='ocrx_word' id='word_1_468' title='bbox 2374 2211 2668 2272; x_wconf 90' lang='lat' dir='ltr'>manibus</span> <span class='ocrx_word' id='word_1_469' title='bbox 2696 2210 2979 2271; x_wconf 88' lang='lat' dir='ltr'>omnium</span> <span class='ocrx_word' id='word_1_470' title='bbox 3006 2215 3361 2281; x_wconf 84' lang='lat' dir='ltr'>versantur,</span> <span class='ocrx_word' id='word_1_471' title='bbox 3402 2209 3685 2287; x_wconf 87' lang='lat' dir='ltr'>satisque</span> 
     </span>
     <span class='ocr_line' id='line_1_73' title="bbox 2102 2302 3687 2382; baseline -0.002 -17"><span class='ocrx_word' id='word_1_472' title='bbox 2102 2305 2233 2366; x_wconf 87' lang='lat' dir='ltr'>noti</span> <span class='ocrx_word' id='word_1_473' title='bbox 2261 2310 2451 2377; x_wconf 82' lang='lat' dir='ltr'>sunt;</span> <span class='ocrx_word' id='word_1_474' title='bbox 2491 2310 2628 2366; x_wconf 90' lang='lat' dir='ltr'>tum</span> <span class='ocrx_word' id='word_1_475' title='bbox 2658 2304 2849 2364; x_wconf 85' lang='lat' dir='ltr'>etiam</span> <span class='ocrx_word' id='word_1_476' title='bbox 2898 2322 2978 2363; x_wconf 91' lang='lat' dir='ltr'>ne</span> <span class='ocrx_word' id='word_1_477' title='bbox 3020 2302 3264 2382; x_wconf 88' lang='lat' dir='ltr'>aliquid</span> <span class='ocrx_word' id='word_1_478' title='bbox 3310 2302 3503 2363; x_wconf 90' lang='lat' dir='ltr'>alicui</span> <span class='ocrx_word' id='word_1_479' title='bbox 3568 2303 3687 2362; x_wconf 84' lang='lat' dir='ltr'>im-</span> 
     </span>
     <span class='ocr_line' id='line_1_74' title="bbox 2103 2396 3681 2477; baseline -0.003 -18"><span class='ocrx_word' id='word_1_480' title='bbox 2103 2416 2341 2477; x_wconf 90' lang='lat' dir='ltr'>ponere</span> <span class='ocrx_word' id='word_1_481' title='bbox 2372 2398 2721 2471; x_wconf 80' lang='lat' dir='ltr'>videamur,</span> <span class='ocrx_word' id='word_1_482' title='bbox 2766 2414 2909 2458; x_wconf 90' lang='lat' dir='ltr'>cum</span> <span class='ocrx_word' id='word_1_483' title='bbox 2954 2397 3020 2457; x_wconf 91' lang='lat' dir='ltr'>in</span> <span class='ocrx_word' id='word_1_484' title='bbox 3048 2396 3225 2457; x_wconf 77' lang='lat' dir='ltr'>brevi</span> <span class='ocrx_word' id='word_1_485' title='bbox 3257 2414 3507 2456; x_wconf 88' lang='lat' dir='ltr'>summa</span> <span class='ocrx_word' id='word_1_486' title='bbox 3548 2414 3681 2455; x_wconf 90' lang='lat' dir='ltr'>non</span> 
     </span>
    </p>
   </div>
   <div class='ocr_carea' id='block_1_5' title="bbox 2076 2482 3679 2571">
    <p class='ocr_par' dir='ltr' id='par_1_7' title="bbox 2076 2482 3679 2571">
     <span class='ocr_line' id='line_1_75' title="bbox 2076 2482 3679 2571; baseline -0.002 -19"><span class='ocrx_word' id='word_1_487' title='bbox 2076 2482 2089 2493; x_wconf 83' lang='lat'><em>&#39;</em></span> <span class='ocrx_word' id='word_1_488' title='bbox 2102 2490 2417 2571; x_wconf 88' lang='lat' dir='ltr'>possimus</span> <span class='ocrx_word' id='word_1_489' title='bbox 2462 2489 2853 2570; x_wconf 88' lang='lat' dir='ltr'>singulorum</span> <span class='ocrx_word' id='word_1_490' title='bbox 2904 2489 3249 2551; x_wconf 85' lang='lat' dir='ltr'>sententias</span> <span class='ocrx_word' id='word_1_491' title='bbox 3288 2487 3565 2560; x_wconf 86' lang='lat' dir='ltr'>referre;</span> <span class='ocrx_word' id='word_1_492' title='bbox 3620 2495 3679 2549; x_wconf 88' lang='lat' dir='ltr'>et</span> 
     </span>
    </p>
   </div>
   <div class='ocr_carea' id='block_1_6' title="bbox 2101 2581 3677 2831">
    <p class='ocr_par' dir='ltr' id='par_1_8' title="bbox 2101 2581 3677 2831">
     <span class='ocr_line' id='line_1_76' title="bbox 2102 2581 3677 2663; baseline -0.003 -18"><span class='ocrx_word' id='word_1_493' title='bbox 2102 2590 2427 2663; x_wconf 68' lang='lat' dir='ltr'>praeterea,</span> <span class='ocrx_word' id='word_1_494' title='bbox 2480 2584 2627 2662; x_wconf 88' lang='lat' dir='ltr'>quia</span> <span class='ocrx_word' id='word_1_495' title='bbox 2672 2584 2737 2644; x_wconf 92' lang='lat' dir='ltr'>in</span> <span class='ocrx_word' id='word_1_496' title='bbox 2775 2582 3039 2662; x_wconf 89' lang='lat' dir='ltr'>publicis</span> <span class='ocrx_word' id='word_1_497' title='bbox 3066 2581 3297 2643; x_wconf 90' lang='lat' dir='ltr'>scholis</span> <span class='ocrx_word' id='word_1_498' title='bbox 3338 2582 3573 2643; x_wconf 78' lang='lat' dir='ltr'>clarius</span> <span class='ocrx_word' id='word_1_499' title='bbox 3618 2588 3677 2642; x_wconf 87' lang='lat' dir='ltr'>et</span> 
     </span>
     <span class='ocr_line' id='line_1_77' title="bbox 2102 2676 3673 2756; baseline -0.003 -18"><span class='ocrx_word' id='word_1_500' title='bbox 2102 2676 2450 2739; x_wconf 88' lang='lat' dir='ltr'>distinctius</span> <span class='ocrx_word' id='word_1_501' title='bbox 2485 2676 2619 2737; x_wconf 81' lang='lat' dir='ltr'>hoec</span> <span class='ocrx_word' id='word_1_502' title='bbox 2658 2676 2967 2738; x_wconf 88' lang='lat' dir='ltr'>sententia</span> <span class='ocrx_word' id='word_1_503' title='bbox 2993 2676 3317 2756; x_wconf 87' lang='lat' dir='ltr'>proposita</span> <span class='ocrx_word' id='word_1_504' title='bbox 3342 2680 3463 2750; x_wconf 87' lang='lat' dir='ltr'>est,</span> <span class='ocrx_word' id='word_1_505' title='bbox 3486 2694 3673 2756; x_wconf 87' lang='lat' dir='ltr'>quam</span> 
     </span>
     <span class='ocr_line' id='line_1_78' title="bbox 2101 2768 2832 2831; baseline -0.003 0"><span class='ocrx_word' id='word_1_506' title='bbox 2101 2770 2167 2831; x_wconf 90' lang='lat' dir='ltr'>in</span> <span class='ocrx_word' id='word_1_507' title='bbox 2210 2768 2384 2831; x_wconf 87' lang='lat' dir='ltr'>libris</span> <span class='ocrx_word' id='word_1_508' title='bbox 2416 2768 2832 2831; x_wconf 87' lang='lat' dir='ltr'>contineatur.</span> 
     </span>
    </p>
   </div>
   <div class='ocr_carea' id='block_1_7' title="bbox 2379 3008 3385 3089">
    <p class='ocr_par' dir='ltr' id='par_1_9' title="bbox 2379 3008 3385 3089">
     <span class='ocr_line' id='line_1_79' title="bbox 2379 3008 3385 3089; baseline 0 -16"><span class='ocrx_word' id='word_1_509' title='bbox 2379 3008 2693 3073; x_wconf 68' lang='lat' dir='ltr'>Praedicta</span> <span class='ocrx_word' id='word_1_510' title='bbox 2726 3010 3005 3074; x_wconf 73' lang='lat' dir='ltr'>doctrina</span> <span class='ocrx_word' id='word_1_511' title='bbox 3052 3012 3385 3089; x_wconf 71' lang='lat' dir='ltr'>refellitur.</span> 
     </span>
    </p>
   </div>
   <div class='ocr_carea' id='block_1_8' title="bbox 2094 3235 3673 3880">
    <p class='ocr_par' dir='ltr' id='par_1_10' title="bbox 2094 3235 3673 3880">
     <span class='ocr_line' id='line_1_80' title="bbox 2182 3235 3667 3318; baseline -0.002 -17"><span class='ocrx_word' id='word_1_512' title='bbox 2182 3240 2279 3301; x_wconf 70' lang='lat'>14.</span> <span class='ocrx_word' id='word_1_513' title='bbox 2326 3237 2452 3298; x_wconf 87' lang='lat' dir='ltr'>Nos</span> <span class='ocrx_word' id='word_1_514' title='bbox 2496 3235 2560 3297; x_wconf 91' lang='lat' dir='ltr'>in</span> <span class='ocrx_word' id='word_1_515' title='bbox 2606 3236 2993 3318; x_wconf 85' lang='lat' dir='ltr'>expositione</span> <span class='ocrx_word' id='word_1_516' title='bbox 3040 3243 3271 3298; x_wconf 81' lang='lat' dir='ltr'>nostrae</span> <span class='ocrx_word' id='word_1_517' title='bbox 3318 3238 3667 3309; x_wconf 72' lang='lat' dir='ltr'>sententiae,</span> 
     </span>
     <span class='ocr_line' id='line_1_81' title="bbox 2098 3330 3670 3414; baseline -0.001 -21"><span class='ocrx_word' id='word_1_518' title='bbox 2098 3349 2239 3414; x_wconf 82' lang='lat' dir='ltr'>quae</span> <span class='ocrx_word' id='word_1_519' title='bbox 2281 3331 2660 3411; x_wconf 75' lang='lat' dir='ltr'>praecedenti</span> <span class='ocrx_word' id='word_1_520' title='bbox 2708 3349 2743 3392; x_wconf 95' lang='lat' dir='ltr'>e</span> <span class='ocrx_word' id='word_1_521' title='bbox 2787 3330 3093 3392; x_wconf 85' lang='lat' dir='ltr'>diametro</span> <span class='ocrx_word' id='word_1_522' title='bbox 3138 3331 3503 3411; x_wconf 89' lang='lat' dir='ltr'>opponitur,</span> <span class='ocrx_word' id='word_1_523' title='bbox 3548 3330 3670 3391; x_wconf 91' lang='lat' dir='ltr'>duo</span> 
     </span>
     <span class='ocr_line' id='line_1_82' title="bbox 2100 3423 3673 3506; baseline -0.003 -18"><span class='ocrx_word' id='word_1_524' title='bbox 2100 3431 2495 3506; x_wconf 71' lang='lat' dir='ltr'>praestamus,</span> <span class='ocrx_word' id='word_1_525' title='bbox 2528 3441 2667 3502; x_wconf 78' lang='lat' dir='ltr'>quae</span> <span class='ocrx_word' id='word_1_526' title='bbox 2708 3423 2829 3484; x_wconf 90' lang='lat' dir='ltr'>hoc</span> <span class='ocrx_word' id='word_1_527' title='bbox 2864 3423 3005 3485; x_wconf 90' lang='lat' dir='ltr'>loco</span> <span class='ocrx_word' id='word_1_528' title='bbox 3056 3424 3139 3486; x_wconf 88' lang='lat' dir='ltr'>ad</span> <span class='ocrx_word' id='word_1_529' title='bbox 3190 3424 3455 3485; x_wconf 80' lang='lat' dir='ltr'>brevem</span> <span class='ocrx_word' id='word_1_530' title='bbox 3510 3441 3673 3484; x_wconf 90' lang='lat' dir='ltr'>sum-</span> 
     </span>
     <span class='ocr_line' id='line_1_83' title="bbox 2100 3515 3672 3597; baseline -0.003 -17"><span class='ocrx_word' id='word_1_531' title='bbox 2100 3537 2271 3580; x_wconf 88' lang='lat' dir='ltr'>mam</span> <span class='ocrx_word' id='word_1_532' title='bbox 2308 3517 2615 3596; x_wconf 83' lang='lat' dir='ltr'>redigam.</span> <span class='ocrx_word' id='word_1_533' title='bbox 2670 3515 2845 3577; x_wconf 90' lang='lat' dir='ltr'>Prius</span> <span class='ocrx_word' id='word_1_534' title='bbox 2880 3517 3052 3578; x_wconf 90' lang='lat' dir='ltr'>enim</span> <span class='ocrx_word' id='word_1_535' title='bbox 3098 3521 3253 3597; x_wconf 87' lang='lat' dir='ltr'>quot</span> <span class='ocrx_word' id='word_1_536' title='bbox 3302 3533 3379 3578; x_wconf 90' lang='lat' dir='ltr'>ac</span> <span class='ocrx_word' id='word_1_537' title='bbox 3436 3523 3672 3596; x_wconf 85' lang='lat' dir='ltr'>quanta</span> 
     </span>
     <span class='ocr_line' id='line_1_84' title="bbox 2101 3608 3673 3690; baseline -0.003 -17"><span class='ocrx_word' id='word_1_538' title='bbox 2101 3609 2502 3673; x_wconf 90' lang='lat' dir='ltr'>incommoda</span> <span class='ocrx_word' id='word_1_539' title='bbox 2532 3609 2597 3669; x_wconf 91' lang='lat' dir='ltr'>in</span> <span class='ocrx_word' id='word_1_540' title='bbox 2644 3627 2723 3671; x_wconf 88' lang='lat' dir='ltr'>ea</span> <span class='ocrx_word' id='word_1_541' title='bbox 2766 3608 3080 3670; x_wconf 90' lang='lat' dir='ltr'>sententia</span> <span class='ocrx_word' id='word_1_542' title='bbox 3106 3609 3529 3690; x_wconf 87' lang='lat' dir='ltr'>reperiantur,</span> <span class='ocrx_word' id='word_1_543' title='bbox 3572 3627 3673 3669; x_wconf 86' lang='lat' dir='ltr'>os-</span> 
     </span>
     <span class='ocr_line' id='line_1_85' title="bbox 2103 3701 3664 3783; baseline -0.004 -15"><span class='ocrx_word' id='word_1_544' title='bbox 2103 3705 2393 3778; x_wconf 88' lang='lat' dir='ltr'>tendam;</span> <span class='ocrx_word' id='word_1_545' title='bbox 2438 3702 2667 3765; x_wconf 89' lang='lat' dir='ltr'>deinde</span> <span class='ocrx_word' id='word_1_546' title='bbox 2686 3749 2703 3778; x_wconf 92' lang='lat'>,</span> <span class='ocrx_word' id='word_1_547' title='bbox 2756 3703 2909 3783; x_wconf 89' lang='lat' dir='ltr'>quid</span> <span class='ocrx_word' id='word_1_548' title='bbox 2950 3704 3172 3765; x_wconf 85' lang='lat' dir='ltr'>efficax</span> <span class='ocrx_word' id='word_1_549' title='bbox 3220 3702 3529 3763; x_wconf 82' lang='lat' dir='ltr'>auxilium</span> <span class='ocrx_word' id='word_1_550' title='bbox 3570 3701 3664 3775; x_wconf 89' lang='lat' dir='ltr'>sit,</span> 
     </span>
     <span class='ocr_line' id='line_1_86' title="bbox 2094 3793 3669 3880; baseline -0.003 -20"><span class='ocrx_word' id='word_1_551' title='bbox 2094 3799 2275 3880; x_wconf 84' lang='lat' dir='ltr'>juxta</span> <span class='ocrx_word' id='word_1_552' title='bbox 2302 3795 2633 3878; x_wconf 80' lang='lat' dir='ltr'>Augustini</span> <span class='ocrx_word' id='word_1_553' title='bbox 2676 3800 2953 3858; x_wconf 80' lang='lat' dir='ltr'>mentem</span> <span class='ocrx_word' id='word_1_554' title='bbox 2998 3801 3059 3858; x_wconf 89' lang='lat' dir='ltr'>et</span> <span class='ocrx_word' id='word_1_555' title='bbox 3092 3795 3423 3858; x_wconf 84' lang='lat' dir='ltr'>veritatem</span> <span class='ocrx_word' id='word_1_556' title='bbox 3460 3793 3669 3856; x_wconf 85' lang='lat' dir='ltr'>decla-</span> 
     </span>
    </p>
   </div>
   <div class='ocr_carea' id='block_1_9' title="bbox 2092 3892 3665 5187">
    <p class='ocr_par' dir='ltr' id='par_1_11' title="bbox 2100 3892 2276 3955">
     <span class='ocr_line' id='line_1_87' title="bbox 2100 3892 2276 3955; baseline -0.011 -1"><span class='ocrx_word' id='word_1_557' title='bbox 2100 3892 2276 3955; x_wconf 89' lang='lat' dir='ltr'>rabo.</span> 
     </span>
    </p>

    <p class='ocr_par' dir='ltr' id='par_1_12' title="bbox 2092 3982 3665 5187">
     <span class='ocr_line' id='line_1_88' title="bbox 2182 3982 3665 4066; baseline -0.003 -18"><span class='ocrx_word' id='word_1_558' title='bbox 2182 3989 2280 4048; x_wconf 75' lang='lat'>15.</span> <span class='ocrx_word' id='word_1_559' title='bbox 2325 3985 2547 4050; x_wconf 78' lang='lat' dir='ltr'>Prima</span> <span class='ocrx_word' id='word_1_560' title='bbox 2584 3985 2747 4048; x_wconf 67' lang='lat' dir='ltr'>ratio</span> <span class='ocrx_word' id='word_1_561' title='bbox 2802 4001 2877 4048; x_wconf 66' lang='grc' dir='ltr'>σε</span> <span class='ocrx_word' id='word_1_562' title='bbox 2922 3983 3155 4047; x_wconf 64' lang='lat' dir='ltr'>auxilio</span> <span class='ocrx_word' id='word_1_563' title='bbox 3204 3982 3559 4066; x_wconf 73' lang='lat' dir='ltr'>sufficiente.</span> <span class='ocrx_word' id='word_1_564' title='bbox 3588 4017 3665 4030; x_wconf 97' lang='lat'><strong>—</strong></span> 
     </span>
     <span class='ocr_line' id='line_1_89' title="bbox 2102 4077 3659 4161; baseline -0.004 -18"><span class='ocrx_word' id='word_1_565' title='bbox 2102 4079 2411 4161; x_wconf 89' lang='lat' dir='ltr'>Principio</span> <span class='ocrx_word' id='word_1_566' title='bbox 2463 4077 2653 4159; x_wconf 89' lang='lat' dir='ltr'>igitur</span> <span class='ocrx_word' id='word_1_567' title='bbox 2700 4082 3221 4158; x_wconf 88' lang='lat' dir='ltr'>argumentamur</span> <span class='ocrx_word' id='word_1_568' title='bbox 3242 4123 3258 4152; x_wconf 93' lang='lat'><strong>‚</strong></span> <span class='ocrx_word' id='word_1_569' title='bbox 3314 4077 3659 4140; x_wconf 85' lang='lat' dir='ltr'>doctrinam</span> 
     </span>
     <span class='ocr_line' id='line_1_90' title="bbox 2098 4171 3657 4255; baseline -0.002 -21"><span class='ocrx_word' id='word_1_570' title='bbox 2098 4175 2286 4250; x_wconf 90' lang='lat' dir='ltr'>hanc,</span> <span class='ocrx_word' id='word_1_571' title='bbox 2318 4179 2506 4255; x_wconf 87' lang='lat' dir='ltr'>prout</span> <span class='ocrx_word' id='word_1_572' title='bbox 2554 4173 2619 4234; x_wconf 87' lang='lat' dir='ltr'>iu</span> <span class='ocrx_word' id='word_1_573' title='bbox 2672 4172 2777 4240; x_wconf 89' lang='lat' dir='ltr'>illa</span> <span class='ocrx_word' id='word_1_574' title='bbox 2833 4173 3143 4234; x_wconf 90' lang='lat' dir='ltr'>sententia</span> <span class='ocrx_word' id='word_1_575' title='bbox 3193 4171 3505 4252; x_wconf 86' lang='lat' dir='ltr'>explicata</span> <span class='ocrx_word' id='word_1_576' title='bbox 3548 4176 3657 4245; x_wconf 88' lang='lat' dir='ltr'>est,</span> 
     </span>
     <span class='ocr_line' id='line_1_91' title="bbox 2098 4263 3661 4348; baseline -0.001 -20"><span class='ocrx_word' id='word_1_577' title='bbox 2098 4285 2230 4330; x_wconf 91' lang='lat' dir='ltr'>non</span> <span class='ocrx_word' id='word_1_578' title='bbox 2266 4285 2451 4348; x_wconf 90' lang='lat' dir='ltr'>posse</span> <span class='ocrx_word' id='word_1_579' title='bbox 2511 4267 2577 4327; x_wconf 88' lang='lat' dir='ltr'>in</span> <span class='ocrx_word' id='word_1_580' title='bbox 2626 4264 3026 4328; x_wconf 89' lang='lat' dir='ltr'>concordiam</span> <span class='ocrx_word' id='word_1_581' title='bbox 3089 4263 3288 4346; x_wconf 88' lang='lat' dir='ltr'>redigi</span> <span class='ocrx_word' id='word_1_582' title='bbox 3340 4283 3485 4326; x_wconf 87' lang='lat' dir='ltr'>cum</span> <span class='ocrx_word' id='word_1_583' title='bbox 3546 4265 3661 4326; x_wconf 87' lang='lat' dir='ltr'>boc</span> 
     </span>
     <span class='ocr_line' id='line_1_92' title="bbox 2098 4359 3659 4441; baseline -0.001 -18"><span class='ocrx_word' id='word_1_584' title='bbox 2098 4361 2425 4441; x_wconf 85' lang='lat' dir='ltr'>principie,</span> <span class='ocrx_word' id='word_1_585' title='bbox 2456 4360 2779 4434; x_wconf 89' lang='lat' dir='ltr'>nimirum,</span> <span class='ocrx_word' id='word_1_586' title='bbox 2824 4359 2961 4420; x_wconf 88' lang='lat' dir='ltr'>dari</span> <span class='ocrx_word' id='word_1_587' title='bbox 2996 4359 3359 4421; x_wconf 88' lang='lat' dir='ltr'>hominibus</span> <span class='ocrx_word' id='word_1_588' title='bbox 3395 4361 3505 4440; x_wconf 90' lang='lat' dir='ltr'>qui</span> <span class='ocrx_word' id='word_1_589' title='bbox 3551 4379 3659 4421; x_wconf 90' lang='lat' dir='ltr'>no-</span> 
     </span>
     <span class='ocr_line' id='line_1_93' title="bbox 2098 4452 3658 4532; baseline -0.002 -15"><span class='ocrx_word' id='word_1_590' title='bbox 2098 4455 2235 4517; x_wconf 90' lang='lat' dir='ltr'>lunt</span> <span class='ocrx_word' id='word_1_591' title='bbox 2282 4453 2540 4516; x_wconf 89' lang='lat' dir='ltr'>credere</span> <span class='ocrx_word' id='word_1_592' title='bbox 2594 4457 2703 4514; x_wconf 88' lang='lat' dir='ltr'>aut</span> <span class='ocrx_word' id='word_1_593' title='bbox 2758 4452 3090 4532; x_wconf 87' lang='lat' dir='ltr'>poeuitere,</span> <span class='ocrx_word' id='word_1_594' title='bbox 3140 4453 3442 4514; x_wconf 83' lang='lat' dir='ltr'>auxilium</span> <span class='ocrx_word' id='word_1_595' title='bbox 3494 4455 3658 4514; x_wconf 85' lang='lat' dir='ltr'>suffi-</span> 
     </span>
     <span class='ocr_line' id='line_1_94' title="bbox 2098 4544 3657 4625; baseline -0.001 -17"><span class='ocrx_word' id='word_1_596' title='bbox 2098 4548 2270 4609; x_wconf 89' lang='lat' dir='ltr'>ciens</span> <span class='ocrx_word' id='word_1_597' title='bbox 2330 4551 2347 4586; x_wconf 85' lang='lat'><strong>¹</strong></span> <span class='ocrx_word' id='word_1_598' title='bbox 2371 4592 2392 4622; x_wconf 90' lang='lat'>,</span> <span class='ocrx_word' id='word_1_599' title='bbox 2452 4545 2536 4607; x_wconf 88' lang='lat' dir='ltr'>ad</span> <span class='ocrx_word' id='word_1_600' title='bbox 2586 4544 2975 4607; x_wconf 88' lang='lat' dir='ltr'>credendum</span> <span class='ocrx_word' id='word_1_601' title='bbox 3038 4551 3149 4606; x_wconf 86' lang='lat' dir='ltr'>aut</span> <span class='ocrx_word' id='word_1_602' title='bbox 3222 4547 3657 4625; x_wconf 85' lang='lat' dir='ltr'>poenitentiam</span> 
     </span>
     <span class='ocr_line' id='line_1_95' title="bbox 2100 4635 3657 4720; baseline -0.002 -19"><span class='ocrx_word' id='word_1_603' title='bbox 2100 4639 2445 4720; x_wconf 81' lang='lat' dir='ltr'>agendam;</span> <span class='ocrx_word' id='word_1_604' title='bbox 2496 4644 2685 4719; x_wconf 89' lang='lat' dir='ltr'>atque</span> <span class='ocrx_word' id='word_1_605' title='bbox 2742 4637 2903 4699; x_wconf 89' lang='lat' dir='ltr'>adeo</span> <span class='ocrx_word' id='word_1_606' title='bbox 2958 4635 3305 4700; x_wconf 87' lang='lat' dir='ltr'>doctrinam</span> <span class='ocrx_word' id='word_1_607' title='bbox 3356 4639 3529 4700; x_wconf 87' lang='lat' dir='ltr'>illam</span> <span class='ocrx_word' id='word_1_608' title='bbox 3584 4658 3657 4700; x_wconf 92' lang='lat' dir='ltr'>ex</span> 
     </span>
     <span class='ocr_line' id='line_1_96' title="bbox 2096 4730 3650 4814; baseline -0.001 -20"><span class='ocrx_word' id='word_1_609' title='bbox 2096 4734 2217 4794; x_wconf 90' lang='lat' dir='ltr'>hac</span> <span class='ocrx_word' id='word_1_610' title='bbox 2261 4737 2438 4814; x_wconf 90' lang='lat' dir='ltr'>parte</span> <span class='ocrx_word' id='word_1_611' title='bbox 2494 4731 2693 4793; x_wconf 81' lang='lat' dir='ltr'>videri</span> <span class='ocrx_word' id='word_1_612' title='bbox 2734 4730 2959 4792; x_wconf 84' lang='lat' dir='ltr'>divinae</span> <span class='ocrx_word' id='word_1_613' title='bbox 2989 4733 3203 4811; x_wconf 68' lang='lat' dir='ltr'>gratim</span> <span class='ocrx_word' id='word_1_614' title='bbox 3234 4733 3611 4794; x_wconf 89' lang='lat' dir='ltr'>contrariam</span> <span class='ocrx_word' id='word_1_615' title='bbox 3636 4779 3650 4806; x_wconf 94' lang='lat'>,</span> 
     </span>
     <span class='ocr_line' id='line_1_97' title="bbox 2098 4825 3649 4907; baseline -0.002 -19"><span class='ocrx_word' id='word_1_616' title='bbox 2098 4828 2245 4907; x_wconf 91' lang='lat' dir='ltr'>quia</span> <span class='ocrx_word' id='word_1_617' title='bbox 2267 4845 2394 4888; x_wconf 91' lang='lat' dir='ltr'>non</span> <span class='ocrx_word' id='word_1_618' title='bbox 2422 4826 2626 4887; x_wconf 90' lang='lat' dir='ltr'>solum</span> <span class='ocrx_word' id='word_1_619' title='bbox 2666 4843 2805 4888; x_wconf 86' lang='lat' dir='ltr'>esse</span> <span class='ocrx_word' id='word_1_620' title='bbox 2845 4825 3034 4888; x_wconf 86' lang='lat' dir='ltr'>debet</span> <span class='ocrx_word' id='word_1_621' title='bbox 3070 4827 3292 4887; x_wconf 85' lang='lat' dir='ltr'>efficax</span> <span class='ocrx_word' id='word_1_622' title='bbox 3332 4827 3397 4888; x_wconf 92' lang='lat' dir='ltr'>in</span> <span class='ocrx_word' id='word_1_623' title='bbox 3426 4827 3524 4888; x_wconf 90' lang='lat' dir='ltr'>his</span> <span class='ocrx_word' id='word_1_624' title='bbox 3552 4827 3649 4904; x_wconf 89' lang='lat' dir='ltr'>qui</span> 
     </span>
     <span class='ocr_line' id='line_1_98' title="bbox 2096 4919 3651 4995; baseline -0.002 -12"><span class='ocrx_word' id='word_1_625' title='bbox 2096 4927 2543 4983; x_wconf 85' lang='lat' dir='ltr'>convertuntur</span> <span class='ocrx_word' id='word_1_626' title='bbox 2584 4925 2649 4982; x_wconf 89' lang='lat' dir='ltr'>et</span> <span class='ocrx_word' id='word_1_627' title='bbox 2684 4920 3119 4995; x_wconf 89' lang='lat' dir='ltr'>consentiunt,</span> <span class='ocrx_word' id='word_1_628' title='bbox 3167 4919 3282 4982; x_wconf 90' lang='lat' dir='ltr'>sed</span> <span class='ocrx_word' id='word_1_629' title='bbox 3312 4921 3499 4982; x_wconf 88' lang='lat' dir='ltr'>etiam</span> <span class='ocrx_word' id='word_1_630' title='bbox 3530 4921 3651 4981; x_wconf 87' lang='lat' dir='ltr'>suf-</span> 
     </span>
     <span class='ocr_line' id='line_1_99' title="bbox 2092 5013 3647 5094; baseline -0.001 -19"><span class='ocrx_word' id='word_1_631' title='bbox 2092 5013 2311 5076; x_wconf 87' lang='lat' dir='ltr'>ficiens</span> <span class='ocrx_word' id='word_1_632' title='bbox 2351 5013 2416 5075; x_wconf 90' lang='lat' dir='ltr'>in</span> <span class='ocrx_word' id='word_1_633' title='bbox 2454 5013 2553 5075; x_wconf 90' lang='lat' dir='ltr'>his</span> <span class='ocrx_word' id='word_1_634' title='bbox 2580 5013 2688 5094; x_wconf 90' lang='lat' dir='ltr'>qui</span> <span class='ocrx_word' id='word_1_635' title='bbox 2728 5032 2857 5075; x_wconf 90' lang='lat' dir='ltr'>non</span> <span class='ocrx_word' id='word_1_636' title='bbox 2886 5017 3359 5088; x_wconf 81' lang='lat' dir='ltr'>convertuntur,</span> <span class='ocrx_word' id='word_1_637' title='bbox 3410 5032 3483 5075; x_wconf 89' lang='lat' dir='ltr'>ac</span> <span class='ocrx_word' id='word_1_638' title='bbox 3537 5013 3647 5074; x_wconf 88' lang='lat' dir='ltr'>dis-</span> 
     </span>
     <span class='ocr_line' id='line_1_100' title="bbox 2092 5106 3646 5187; baseline -0.001 -17"><span class='ocrx_word' id='word_1_639' title='bbox 2092 5108 2391 5172; x_wconf 88' lang='lat' dir='ltr'>sentiunt.</span> <span class='ocrx_word' id='word_1_640' title='bbox 2434 5107 2638 5183; x_wconf 74' lang='lat' dir='ltr'>Alias,</span> <span class='ocrx_word' id='word_1_641' title='bbox 2692 5114 2755 5170; x_wconf 91' lang='lat' dir='ltr'>et</span> <span class='ocrx_word' id='word_1_642' title='bbox 2802 5107 3032 5170; x_wconf 89' lang='lat' dir='ltr'>falsum</span> <span class='ocrx_word' id='word_1_643' title='bbox 3084 5109 3253 5169; x_wconf 84' lang='lat' dir='ltr'>esset</span> <span class='ocrx_word' id='word_1_644' title='bbox 3291 5107 3464 5187; x_wconf 89' lang='lat' dir='ltr'>quod</span> <span class='ocrx_word' id='word_1_645' title='bbox 3509 5106 3646 5168; x_wconf 76' lang='lat' dir='ltr'>velit</span> 
     </span>
    </p>
   </div>
   <div class='ocr_carea' id='block_1_10' title="bbox 2173 5288 3641 5374">
    <p class='ocr_par' dir='ltr' id='par_1_13' title="bbox 2173 5288 3641 5374">
     <span class='ocr_line' id='line_1_101' title="bbox 2173 5288 3641 5374; baseline 0 -22"><span class='ocrx_word' id='word_1_646' title='bbox 2173 5295 2190 5330; x_wconf 85' lang='lat'><strong>¹</strong></span> <span class='ocrx_word' id='word_1_647' title='bbox 2236 5288 2549 5352; x_wconf 77' lang='lat' dir='ltr'>Auxilium</span> <span class='ocrx_word' id='word_1_648' title='bbox 2579 5291 2893 5354; x_wconf 84' lang='lat' dir='ltr'>sufficiens</span> <span class='ocrx_word' id='word_1_649' title='bbox 2934 5292 3259 5374; x_wconf 84' lang='lat' dir='ltr'>eleganter</span> <span class='ocrx_word' id='word_1_650' title='bbox 3292 5291 3641 5353; x_wconf 85' lang='lat' dir='ltr'>describunt</span> 
     </span>
    </p>
   </div>
   <div class='ocr_carea' id='block_1_11' title="bbox 527 5327 3639 5466">
    <p class='ocr_par' dir='ltr' id='par_1_14' title="bbox 527 5327 3639 5466">
     <span class='ocr_line' id='line_1_102' title="bbox 527 5327 3639 5466; baseline 0.003 -27"><span class='ocrx_word' id='word_1_651' title='bbox 527 5381 545 5416; x_wconf 85' lang='lat'><strong>¹</strong></span> <span class='ocrx_word' id='word_1_652' title='bbox 591 5379 746 5440; x_wconf 87' lang='lat' dir='ltr'>Tota</span> <span class='ocrx_word' id='word_1_653' title='bbox 801 5379 934 5441; x_wconf 67' lang='lat' dir='ltr'>haec</span> <span class='ocrx_word' id='word_1_654' title='bbox 967 5381 1274 5443; x_wconf 87' lang='lat' dir='ltr'>sententia</span> <span class='ocrx_word' id='word_1_655' title='bbox 1320 5380 1520 5442; x_wconf 83' lang='lat' dir='ltr'>fusius</span> <span class='ocrx_word' id='word_1_656' title='bbox 1549 5327 1876 5444; x_wconf 88' lang='lat' dir='ltr'>declarata</span> <span class='ocrx_word' id='word_1_657' title='bbox 1911 5389 2006 5446; x_wconf 87' lang='lat' dir='ltr'>est</span> <span class='ocrx_word' id='word_1_658' title='bbox 2084 5383 2396 5462; x_wconf 86' lang='lat' dir='ltr'>Clemens,</span> <span class='ocrx_word' id='word_1_659' title='bbox 2451 5404 2552 5466; x_wconf 91' lang='lat' dir='ltr'>ep.</span> <span class='ocrx_word' id='word_1_660' title='bbox 2584 5387 2653 5460; x_wconf 85' lang='grc'>3;</span> <span class='ocrx_word' id='word_1_661' title='bbox 2706 5385 2917 5462; x_wconf 63' lang='lat' dir='ltr'>Dion„</span> <span class='ocrx_word' id='word_1_662' title='bbox 2961 5406 3015 5449; x_wconf 91' lang='lat' dir='ltr'>c.</span> <span class='ocrx_word' id='word_1_663' title='bbox 3052 5389 3093 5450; x_wconf 80' lang='lat'>9</span> <span class='ocrx_word' id='word_1_664' title='bbox 3127 5386 3207 5448; x_wconf 88' lang='lat' dir='ltr'>de</span> <span class='ocrx_word' id='word_1_665' title='bbox 3234 5387 3457 5449; x_wconf 87' lang='lat' dir='ltr'>Coeles.</span> <span class='ocrx_word' id='word_1_666' title='bbox 3506 5387 3639 5448; x_wconf 87' lang='lat' dir='ltr'>Hie-</span> 
     </span>
    </p>
   </div>
   <div class='ocr_carea' id='block_1_12' title="bbox 441 5565 676 5648">
    <p class='ocr_par' dir='ltr' id='par_1_15' title="bbox 441 5565 676 5648">
     <span class='ocr_line' id='line_1_103' title="bbox 441 5565 676 5648; baseline 0.013 -27"><span class='ocrx_word' id='word_1_667' title='bbox 441 5579 581 5644; x_wconf 87' lang='lat' dir='ltr'>cap.</span> <span class='ocrx_word' id='word_1_668' title='bbox 615 5565 676 5648; x_wconf 78' lang='lat'>7:</span> 
     </span>
    </p>
   </div>
   <div class='ocr_carea' id='block_1_13' title="bbox 335 5467 3628 5564">
    <p class='ocr_par' dir='ltr' id='par_1_16' title="bbox 335 5467 3628 5564">
     <span class='ocr_line' id='line_1_104' title="bbox 335 5467 3628 5564; baseline 0.002 -32"><span class='ocrx_word' id='word_1_669' title='bbox 335 5538 340 5546; x_wconf 57' lang='grc'><strong>,</strong></span> <span class='ocrx_word' id='word_1_670' title='bbox 437 5467 546 5530; x_wconf 87' lang='lat' dir='ltr'>lib.</span> <span class='ocrx_word' id='word_1_671' title='bbox 601 5473 657 5545; x_wconf 91' lang='grc'>1,</span> <span class='ocrx_word' id='word_1_672' title='bbox 703 5490 840 5552; x_wconf 89' lang='lat' dir='ltr'>cap.</span> <span class='ocrx_word' id='word_1_673' title='bbox 873 5473 936 5548; x_wconf 91' lang='lat'>5,</span> <span class='ocrx_word' id='word_1_674' title='bbox 973 5473 1081 5534; x_wconf 89' lang='lat' dir='ltr'>lib.</span> <span class='ocrx_word' id='word_1_675' title='bbox 1118 5475 1179 5548; x_wconf 76' lang='grc' dir='ltr'>Ξ,</span> <span class='ocrx_word' id='word_1_676' title='bbox 1230 5493 1368 5558; x_wconf 90' lang='lat' dir='ltr'>cap.</span> <span class='ocrx_word' id='word_1_677' title='bbox 1425 5477 1482 5548; x_wconf 91' lang='grc'>1,</span> <span class='ocrx_word' id='word_1_678' title='bbox 1515 5475 1556 5537; x_wconf 98' lang='grc'><strong>4</strong></span> <span class='ocrx_word' id='word_1_679' title='bbox 1601 5477 1752 5549; x_wconf 72' lang='lat' dir='ltr'>ete,</span> <span class='ocrx_word' id='word_1_680' title='bbox 1783 5475 1892 5536; x_wconf 91' lang='lat' dir='ltr'>lib.</span> <span class='ocrx_word' id='word_1_681' title='bbox 1926 5477 2001 5552; x_wconf 88' lang='grc'>3,</span> <span class='ocrx_word' id='word_1_682' title='bbox 2084 5477 2314 5550; x_wconf 89' lang='lat' dir='ltr'>rarch.,</span> <span class='ocrx_word' id='word_1_683' title='bbox 2348 5479 2561 5558; x_wconf 65' lang='lat' dir='ltr'>cypr„</span> <span class='ocrx_word' id='word_1_684' title='bbox 2592 5479 2699 5541; x_wconf 91' lang='lat' dir='ltr'>lib.</span> <span class='ocrx_word' id='word_1_685' title='bbox 2729 5481 2791 5554; x_wconf 92' lang='grc'>4,</span> <span class='ocrx_word' id='word_1_686' title='bbox 2822 5481 3006 5563; x_wconf 80' lang='lat' dir='ltr'>epist.</span> <span class='ocrx_word' id='word_1_687' title='bbox 3040 5483 3107 5554; x_wconf 76' lang='grc' dir='ltr'>Ἰς</span> <span class='ocrx_word' id='word_1_688' title='bbox 3142 5482 3299 5564; x_wconf 69' lang='lat' dir='ltr'>Aug.</span> <span class='ocrx_word' id='word_1_689' title='bbox 3332 5481 3628 5554; x_wconf 81' lang='lat' dir='ltr'>inEnch.,</span> 
     </span>
    </p>
   </div>
   <div class='ocr_carea' id='block_1_14' title="bbox 2088 5573 2537 5652">
    <p class='ocr_par' dir='ltr' id='par_1_17' title="bbox 2088 5573 2537 5652">
     <span class='ocr_line' id='line_1_105' title="bbox 2088 5573 2537 5652; baseline 0 -18"><span class='ocrx_word' id='word_1_690' title='bbox 2088 5589 2145 5634; x_wconf 86' lang='lat' dir='ltr'>c.</span> <span class='ocrx_word' id='word_1_691' title='bbox 2177 5573 2259 5634; x_wconf 82' lang='lat'>95</span> <span class='ocrx_word' id='word_1_692' title='bbox 2296 5575 2361 5635; x_wconf 86' lang='lat' dir='ltr'>et</span> <span class='ocrx_word' id='word_1_693' title='bbox 2402 5589 2537 5652; x_wconf 87' lang='lat' dir='ltr'>seq.</span> 
     </span>
    </p>
   </div>
   <div class='ocr_carea' id='block_1_15' title="bbox 3802 770 3850 5668">
    <p class='ocr_par' dir='ltr' id='par_1_18' title="bbox 3802 770 3850 5668">
     <span class='ocr_line' id='line_1_106' title="bbox 3802 770 3850 5668; baseline 0 0"><span class='ocrx_word' id='word_1_694' title='bbox 3802 770 3850 5668; x_wconf 95' lang='lat' dir='ltr'> </span> 
     </span>
    </p>
   </div>
  </div>
 </body>
</html>
