3850 6225
514 364 635 428 458

518 468 691 529 Prior
718 486 863 547 pars
890 475 1063 547 patet
1103 488 1177 531 ex
1220 471 1419 546 dictis,
1452 470 1599 556 quia
1628 470 1677 531 si
1706 489 1835 541 non
1860 471 2074 531 valent

514 560 595 622 ad
621 562 943 639 praemium
975 563 1407 637 substantiale,
1440 558 1647 643 n'eque
1676 564 1757 625 ad
1789 563 2074 625 acciden-

512 653 639 716 tale
682 656 941 731 valent,
1000 656 1169 735 quod
1224 658 1545 736 proprium
1590 659 1867 738 ipsorum
1915 675 2076 736 prae-

512 750 708 811 mium
766 751 881 822 sit;
914 753 1063 831 quia
1110 752 1262 813 illud
1291 752 1591 832 gaudium
1632 772 1761 814 non
1805 758 1933 835 tam
1981 757 2074 813 est

420 896 435 907 .
512 842 836 925 praemium
893 844 1179 921 illorum,
1212 863 1402 924 quam
1454 844 1800 925 proprietas
1854 862 2076 906 conse-

512 954 714 1015 quens
747 954 825 997 ex
874 938 1137 1017 praemio
1178 942 1240 999 et
1278 956 1354 997 ex
1396 942 1559 999 statu
1596 944 1931 999 consecuto
1963 956 2075 1017 per

510 1028 632 1090 alia
658 1028 902 1091 merita.
934 1030 1123 1110 Cujus
1148 1030 1449 1109 optimum
1490 1031 1739 1109 signum
1770 1036 1885 1105 est,
1926 1031 2074 1109 quia

510 1120 699 1183 etiam
732 1122 811 1185 de
842 1123 1135 1203 operibus
1174 1123 1357 1184 bonis
1386 1122 1451 1184 in
1482 1128 1646 1186 statu
1683 1126 1919 1205 peccati
1945 1125 2069 1186 fac-

508 1215 607 1290 tis,
642 1222 827 1297 atque
862 1216 1019 1278 adeo
1052 1218 1335 1289 mortuiS,
1384 1218 1707 1281 habebunt
1754 1218 1921 1281 beati
1961 1219 2072 1279 ali·

506 1309 679 1389 quod
730 1308 1029 1389 gaudium
1092 1312 1671 1391 proportionatum;
1728 1310 2068 1393 placebunt

508 1400 675 1461 enim
736 1400 853 1461 illis
910 1420 985 1463 ea
1044 1421 1237 1482 opera
1287 1411 1597 1483 quatenus
1662 1405 1827 1466 bona
1880 1410 2065 1479 sunt,

507 1494 791 1573 quamvis
838 1513 965 1556 non
1016 1500 1085 1555 ut
1136 1502 1383 1559 mortua
1424 1497 1710 1570 fuerunt;
1748 1504 1809 1559 et
1854 1504 2068 1559 tamen

506 1606 633 1648 non
662 1594 995 1668 propterea
1026 1590 1319 1653 dicuntur
1360 1590 1465 1653 illa
1508 1610 1699 1670 opera
1738 1592 2070 1654 revivisce-

504 1698 597 1755 re,
646 1700 855 1761 neque
896 1682 1133 1744 habere
1178 1683 1427 1767 proprie
1458 1684 1713 1764 aliquod
1742 1685 2067 1763 praemium

506 1774 915 1837 accidentale.
961 1776 1169 1838 Altera
1196 1796 1347 1839 vero
1378 1796 1523 1858 pars
1566 1778 1887 1857 probatur,
1920 1780 2068 1858 quia

506 1868 557 1929 si
600 1868 945 1931 substantia
972 1871 1065 1930 rei
1100 1888 1229 1931 non
1272 1876 1635 1949 reparatur,
1678 1872 1919 1933 etiamsi
1964 1890 2070 1933 ac-

506 1961 775 2023 cidentia
798 1963 1225 2037 restituantur,
1258 1982 1387 2025 non
1416 1970 1621 2043 potest
1648 1963 1771 2025 dici
1794 1966 1934 2027 talis
1963 1984 2067 2028 res

505 2054 865 2136 simpliciter
890 2058 1151 2132 restitui,
1182 2058 1521 2137 praesertim
1554 2059 1699 2137 quia
1726 2060 1879 2128 illud
1904 2077 2068 2139 prae-

503 2148 701 2209 mium
729 2149 1111 2211 accidentale
1141 2152 1320 2231 quasi
1346 2151 1499 2211 nihil
1528 2157 1620 2213 est
1648 2159 1934 2233 respectu
1968 2172 2068 2213 es·-

504 2241 801 2303 sentieliS.
850 2242 925 2304 Et
970 2243 1111 2305 ideo
1139 2244 1383 2323 quoties
1424 2244 1739 2325 Scriptura
1772 2244 2068 2325 simplici-

501 2338 600 2397 ter
624 2334 898 2417 loquitur
924 2336 1003 2397 de
1032 2338 1287 2417 praemio
1312 2340 1421 2399 aut
1444 2338 1735 2401 mercede
1766 2339 1974 2400 danda
2001 2340 2064 2399 in

501 2427 709 2489 futura
740 2429 865 2491 vita
894 2447 1009 2509 pro
1049 2430 1230 2493 bonis
1274 2432 1569 2511 operibus
1589 2478 1605 2505 ,
1636 2432 1714 2493 de
1746 2432 2062 2494 essentiali

500 2522 761 2603 praemio
790 2524 1175 2607 intelligitur,
1196 2531 1258 2587 et
1276 2544 1403 2587 non
1423 2526 1501 2587 de
1532 2526 1919 2597 accidentali,
1945 2527 2061 2589 nisi

498 2622 811 2695 quatenus
842 2636 921 2679 ex
948 2620 1265 2681 essentiali
1300 2620 1723 2699 consequitur.
1758 2620 1937 2691 Quod
1969 2640 2064 2681 sa-

498 2712 580 2773 tis
626 2710 995 2791 significavit
1040 2712 1381 2775 Concilium
1420 2712 1875 2787 Tridentinum‚
1933 2731 2064 2773 ses-

500 2806 677 2867 sione
721 2810 919 2879 sexta,
954 2806 1159 2885 capite
1189 2806 1433 2869 decimo
1472 2812 1670 2881 sexto,
1720 2812 1783 2867 et
1818 2826 2060 2869 canone

498 2898 819 2979 trigesimo
863 2900 1162 2974 secundo,
1196 2907 1256 2962 et
1290 2900 1453 2963 infra
1484 2901 1668 2962 latius
1693 2901 1954 2961 dicetur.
1997 2900 2060 2963 Si

500 3010 651 3071 ergo
690 2993 915 3055 merita
946 2992 1027 3054 ad
1068 2994 1393 3073 praemium
1426 2994 1756 3055 essentiale
1790 3012 1918 3055 non
1967 3012 2060 3053 re-

497 3085 821 3164 viviscant,
850 3092 1018 3150 certe
1048 3087 1333 3150 absolute
1380 3106 1509 3151 non
1553 3088 1950 3150 reviviscunt.
1988 3089 2061 3149 Et

499 3179 906 3244 confirmatur
956 3183 1111 3256 hoc,
1154 3181 1300 3262 quia
1342 3181 1465 3244 vita
1514 3189 1869 3245 nostrorum
1910 3202 2056 3262 ope-

496 3292 639 3336 rum
688 3280 783 3335 est
834 3277 1029 3354 gratia
1065 3277 1225 3356 ipsa,
1272 3279 1335 3336 et
1382 3275 1611 3358 gloria,
1654 3282 1717 3338 et
1764 3283 2056 3357 respectu

496 3385 719 3430 earum
744 3366 991 3448 proprie
1026 3368 1485 3438 mortificantur
1496 3387 1609 3450 per
1634 3374 1914 3451 peccata,
1931 3389 2060 3431 non

494 3465 785 3537 respectu
815 3460 1025 3540 gaudii
1070 3463 1241 3542 quod
1268 3463 1527 3542 quilibet
1564 3461 1797 3525 habere
1828 3469 2056 3543 potest,

495 3569 573 3614 eo
602 3552 772 3632 quod
805 3553 909 3614 illa
938 3554 1176 3616 fecerit.
1208 3557 1425 3636 Igitur,
1467 3555 1516 3616 si
1548 3555 1756 3634 quoad
1792 3556 2058 3636 gratiam

496 3648 559 3706 et
578 3645 842 3724 gloriam
870 3665 995 3708 non
1018 3647 1431 3720 vivificantur,
1456 3666 1574 3710 nec
1596 3655 1875 3728 prosunt,
1910 3650 2060 3710 sim-

492 3737 737 3818 pliciter
782 3756 857 3801 ac
905 3758 1055 3802 vere
1102 3741 1421 3822 loquendo
1466 3760 1595 3802 non
1640 3740 2053 3803 vivificantur.

491 3831 775 3892 Tandem
813 3833 1001 3894 etiam
1064 3835 1421 3916 exemplum
1466 3835 1619 3898 illud
1662 3835 1741 3895 de
1794 3835 2058 3896 mortuis

492 3924 789 4005 operibus
836 3925 957 3988 hoe
1010 3925 1375 4002 confirmat,
1431 3927 1575 4007 quia
1628 3946 1707 3988 ex
1748 3927 2056 3989 sententia

492 4017 771 4080 omnium
840 4019 945 4080 illa
1012 4019 1373 4100 simpliciter
1440 4040 1567 4084 non
1640 4019 2052 4096 vivificantur,

491 4094 777 4190 qualmvis
820 4131 1009 4176 nemo
1050 4132 1285 4194 negare
1324 4115 1519 4194 possit
1564 4116 1717 4196 quin
1760 4113 1935 4177 Beati
1976 4112 2058 4176 de

490 4204 611 4266 illis
641 4205 993 4286 gaudeant,
1026 4226 1155 4269 non
1198 4211 1269 4270 ut
1322 4215 1588 4283 mortua,
1630 4209 1741 4272 sed
1776 4215 1843 4269 ut
1886 4209 2054 4270 bona

374 4317 391 4338 ·
486 4296 693 4374 fuere,
722 4299 883 4362 sicut
922 4301 1289 4380 gaudebunt
1316 4301 1395 4363 de
1428 4303 1587 4376 aliis,
1616 4322 1743 4364 non
1780 4309 1850 4366 ut
1882 4321 2054 4364 mor-

490 4389 761 4464 tificata,
816 4393 929 4456 sed
978 4399 1050 4456 ut
1090 4393 1230 4454 viva
1259 4394 1533 4456 fuerunt.
1574 4395 1787 4456 Dicere
1839 4400 2052 4456 sutem

488 4502 691 4544 unum
720 4485 1019 4565 gaudium
1058 4505 1197 4548 esse
1238 4489 1443 4566 majus
1470 4487 1615 4563 alio,
1648 4487 1801 4548 nihil
1836 4486 2044 4560 refert,

490 4577 639 4658 quia
676 4596 819 4639 cum
850 4581 1251 4658 proportione
1300 4579 1683 4659 loquendum
1730 4585 1843 4642 est.
1892 4581 2052 4640 Rur-

491 4689 723 4750 susque
758 4673 965 4734 dicere
994 4691 1187 4734 unum
1214 4674 1510 4754 gaudium
1558 4692 1695 4735 esse
1726 4672 2052 4754 premium

490 4763 897 4838 accidentale,
916 4771 977 4828 et
1002 4783 1130 4827 non
1152 4767 1321 4828 aliud
1348 4772 1634 4847 respectu
1656 4765 1875 4830 talium
1900 4783 2048 4843 ope.-

488 4875 655 4934 rum,
701 4877 874 4920 mere
912 4859 1104 4940 gratis
1142 4857 1387 4921 dicitur.
1434 4861 1579 4922 Haee
1634 4879 1783 4942 ergo
1838 4857 2048 4938 opinio

490 4957 791 5032 tanquam
848 4951 1103 5013 omnino
1156 4951 1579 5033 improbabilis
1638 4950 2051 5032 relinquenda

490 5049 609 5108 cst.

490 5231 781 5310 Refer-tur
829 5231 1091 5296 secunda
1144 5231 1365 5312 opinio,
1418 5249 1647 5312 ponem
1691 5235 2054 5298 reviviscen-

610 5326 759 5396 tiam
796 5325 1149 5402 meritorum
1178 5327 1309 5390 eine
1338 5331 1653 5409 mammo
1693 5327 1927 5412 glorioe.

572 5514 629 5594 {³-
676 5513 785 5576 Est
820 5519 1033 5577 autem
1071 5516 1347 5579 secunda
1372 5513 1603 5616 *opinio
1626 5559 1642 5588 ,
1682 5533 1819 5621 quae
1868 5515 1932 5598 in
1981 5535 2050 5606 re

1088 368 1297 425 OPUSC.
1336 371 1395 427 V.
1432 372 1739 427 RELEch
1770 372 1852 427 nt:
1882 372 2360 427 REVtvtscsswrm
2391 373 2770 428 testimonum
2807 374 3044 428 DISPUT.
3079 376 3142 429 11.

2155 471 2398 533 nullum
2437 473 2640 553 majus
2673 474 2998 553 praemium
3027 482 3244 536 censet
3279 474 3544 537 conferri
3567 496 3698 556 pro-

2153 572 2292 646 pter
2347 566 2570 629 merita
2629 568 3000 630 mortificata
3038 614 3054 641 ,
3111 588 3304 649 quam
3363 572 3698 651 praecedens

2155 659 2402 738 opinio;
2433 666 2646 721 tamen
2692 661 2830 721 aliis
2866 664 3072 724 verbis
3109 664 3457 742 loquendO,
3503 664 3696 727 absur-

2157 752 2416 818 ditatem
2465 753 2629 814 illius
2675 756 3000 817 sententiae
3047 758 3242 817 vitare
3285 756 3522 817 studet.
3563 759 3698 821 Dicit

2155 864 2305 925 ergo
2345 846 2476 907 haec
2509 848 2741 926 opinio,
2779 850 3004 911 merita
3047 850 3423 911 mortificata
3479 852 3696 913 restitui

2154 956 2269 1019 per
2297 940 2726 1021 poenitentiam
2763 942 2972 1021 quoad
3000 943 3332 1022 praemium
3357 943 3694 1015 essentiale,

2155 1052 2268 1095 seu
2295 1036 2560 1115 gratiam
2597 1042 2658 1097 et
2685 1036 2948 1115 gloriam
2979 1034 3256 1097 dandam
3275 1039 3542 1116 propter
3563 1037 3696 1113 ips-413

2147 1126 2323 1188 addit
2361 1132 2572 1189 tamen
2625 1129 2745 1189 hoc
2793 1129 3116 1209 praemium
3163 1129 3225 1189 in
3277 1147 3350 1189 re
3393 1146 3694 1207 nunquam

2147 1220 2283 1281 dari
2310 1222 2514 1301 majus
2544 1241 2732 1303 quam
2765 1224 2842 1283 sit
2876 1223 3029 1284 illud
3059 1222 3226 1303 quod
3267 1224 3700 1301 correspondet

2147 1316 2530 1394 poenitentiae
2577 1322 2639 1377 et
2677 1318 2962 1378 charitati
3011 1336 3128 1398 per
3150 1336 3348 1397 quam
3387 1317 3577 1377 homo
3614 1338 3699 1377 re-

2150 1408 2348 1487 surgit
2377 1428 2414 1469 a
2447 1416 2726 1489 peccate,
2767 1416 2828 1471 et
2857 1411 2996 1471 aliis
3039 1411 3220 1471 bonis
3267 1430 3344 1471 ac
3383 1411 3698 1473 meritoriis

2148 1500 2465 1580 operibus.
2517 1503 2763 1583 Loquor
2813 1510 3025 1565 autem
3059 1504 3138 1565 de
3175 1522 3244 1564 re
3282 1504 3392 1564 illa
3437 1521 3574 1581 quae
3621 1512 3700 1564 est

2148 1596 2505 1674 proemium,
2549 1598 2680 1658 sive
2725 1598 2804 1659 sit
2843 1596 2998 1657 visio
3037 1596 3326 1658 beatifica
3354 1644 3371 1666 ‚
3423 1597 3556 1657 sive
3607 1616 3698 1657 au-

2151 1695 2475 1767 gmentum
2517 1690 2866 1763 charitatiS‚
2915 1689 3014 1766 vel
3057 1691 3210 1771 quid
3261 1690 3507 1761 simile;
3549 1696 3606 1751 et
3631 1691 3695 1751 de

2149 1790 2488 1863 augmento
2537 1790 2598 1844 et
2645 1784 3024 1865 perfectione
3063 1784 3226 1845 illius
3278 1784 3344 1844 in
3383 1802 3524 1844 esse
3581 1786 3694 1857 τρίς

2147 1896 2295 1937 nam
2327 1876 2389 1937 in
2419 1894 2558 1938 esse
2587 1877 2824 1956 pru-mii
2854 1878 3044 1939 etiam
3087 1876 3380 1937 concedit
3403 1877 3542 1935 haec
3573 1894 3701 1935 sen-

2147 1971 2338 2031 tentia
2367 1989 2698 2051 resurgere
2735 1971 2958 2033 merita
2985 1970 3067 2031 ad
3111 1971 3317 2049 majus
3347 1970 3695 2050 praemium:

2147 2063 2316 2143 quod
2333 2082 2414 2124 an
2437 2070 2798 2125 constanter
2823 2064 3086 2137 dicatur,
3117 2062 3444 2143 loquendo
3463 2061 3542 2122 de
3567 2081 3701 2141 prae·

2147 2156 2270 2217 mio
2301 2158 2612 2221 essentiali
2642 2157 2803 2217 infra
2835 2156 3164 2219 constabit.

2227 2252 2287 2310 4.
2333 2247 2548 2331 Opinio
2581 2251 2837 2315 Hem-ici
2879 2268 3125 2313 monta
3163 2254 3280 2325 est,
3335 2254 3396 2312 et
3447 2268 3488 2311 a
3533 2268 3600 2313 re
3641 2254 3700 2313 de

2145 2360 2267 2424 qua
2319 2343 2558 2425 aqimus
2617 2343 2838 2407 aliena.
2883 2376 2967 2391 —
3006 2345 3152 2405 Haec
3187 2344 3509 2404 sententia
3559 2344 3694 2405 solet

2145 2436 2328 2497 tribui
2383 2436 2685 2509 Henri00‚
2731 2437 3012 2517 quodlib.
3062 2436 3318 2516 quinto,
3363 2436 3692 2515 quaestione

2143 2530 2444 2611 vigesima
2475 2534 2718 2610 quarta,
2751 2531 2898 2608 quia
2931 2530 3014 2591 ibi
3045 2530 3226 2591 docet
3253 2548 3484 2591 omnes
3511 2548 3692 2590 resur·

2145 2629 2365 2704 gentes
2397 2642 2434 2683 a
2461 2630 2741 2703 peccate,
2773 2625 2834 2685 in
2869 2622 3093 2703 aequali
3123 2623 3324 2703 gratia
3351 2642 3686 2703 resurgere,

2145 2736 2222 2779 ex
2247 2734 2372 2797 quo
2401 2717 2470 2778 fit
2497 2723 2563 2778 ut
2581 2716 2932 2780 secuudum
2957 2718 3296 2778 Henricum
3317 2717 3498 2777 nulla
3515 2718 3690 2797 gratia

2145 2811 2234 2871 eis
2285 2812 2466 2873 detur
2517 2812 2756 2875 ratione
2785 2810 3270 2891 praecedentium
3314 2811 3686 2871 meritorum.

2141 2904 2218 2965 Et
2249 2923 2362 2983 pro
2407 2904 2628 2966 eadem
2661 2905 2972 2966 sententia
3011 2906 3234 2966 citatur
3257 2905 3606 2977 Almainus.
3637 2906 3688 2963 in

2143 3004 2395 3077 quarto,
2442 2998 2834 3063 distinctione
2891 2997 3192 3076 vigesima
3239 2996 3545 3057 secunda.
3591 2999 3692 3057 Ve-

2141 3096 2516 3164 rumtamen,
2555 3092 2702 3154 licet
2737 3090 3064 3157 Almainus
3097 3091 3264 3152 dicat
3295 3091 3529 3152 multos
3553 3092 3691 3152 Doc-

2141 3190 2309 3246 tores
2359 3185 2534 3267 sequi
2577 3186 2936 3266 opinionem
2985 3185 3256 3260 Henrici,
3305 3185 3448 3264 ipse
3495 3191 3688 3244 tamen

2144 3297 2284 3340 eam
2313 3281 2630 3359 reprobat,
2654 3285 2714 3340 et
2737 3280 2980 3341 merito.
3014 3281 3122 3340 Est
3139 3285 3352 3339 tamen
3379 3278 3691 3338 adverten-

2141 3373 2292 3434 dum
2323 3373 2515 3452 quod,
2555 3367 2702 3434 licet
2737 3373 2948 3452 opinio
2987 3372 3234 3434 Henrici
3279 3391 3359 3434 ex
3404 3391 3546 3434 sese
3591 3373 3690 3432 im-

2140 3468 2479 3547 probabilis
2509 3468 2608 3540 sit,
2643 3473 2703 3528 et
2727 3469 2843 3528 hoc
2865 3473 3150 3546 tempore
3183 3467 3376 3527 etiam
3415 3484 3684 3538 erronea,

2140 3567 2353 3622 tamen
2384 3561 2466 3622 ad
2507 3579 2642 3622 rem
2682 3565 3054 3641 praesentem
3083 3559 3237 3619 nihil
3265 3558 3500 3632 refert;
3536 3563 3690 3619 tenet

2141 3656 2310 3715 enim
2340 3655 2444 3716 ille
2475 3673 2695 3721 omnes
2729 3653 2838 3736 qui
2861 3673 2898 3714 a
2927 3657 3187 3733 peccato
3209 3659 3573 3732 resurgunt,
3601 3671 3688 3711 sc-

2141 3747 2348 3828 cipere
2398 3747 2664 3826 primam
2705 3745 2970 3825 gratiam
3005 3745 3314 3826 aequalem
3355 3765 3437 3808 ex
3475 3747 3536 3806 vi
3566 3747 3685 3808 talis

2131 3841 2621 3920 justificationiS,
2663 3841 2810 3919 quia
2857 3843 3036 3918 putat
3089 3857 3168 3899 ex
3215 3844 3396 3918 parte
3431 3839 3686 3899 hominis
3808 3871 3809 3874 κ

2137 3933 2376 3996 nullam
2410 3933 2736 4013 positivam
2765 3933 3238 4012 dispositionem
3279 3931 3364 3993 ad
3403 3933 3684 4012 justifica-
3808 4001 3809 4006 η

2139 4029 2374 4090 tionem
2407 4027 2686 4108 requiri,
2735 4027 2976 4090 ratione
3027 4027 3210 4106 cujus
3246 4027 3456 4106 prima
3505 4025 3684 4106 gratia

2137 4119 2521 4194 infundatur,
2553 4126 2624 4181 ut
2667 4137 2782 4200 pro
2807 4119 3090 4198 ejusdem
3123 4118 3550 4198 dispositionis
3589 4139 3682 4178 va-

2137 4217 2354 4278 rietate
2405 4215 2594 4277 etiam
2641 4215 2842 4294 gratia
2881 4213 3078 4292 possit
3129 4231 3266 4276 esse
3317 4213 3678 4294 inaequalis;

2137 4307 2250 4368 sed
2291 4309 2576 4370 sufficere
2623 4308 2966 4386 quamdam
3003 4325 3132 4368 non
3185 4308 3678 4387 repugnantiam.

2135 4419 2248 4463 seu
2279 4402 2678 4482 negationem
2707 4399 2924 4474 obicis,
2959 4399 3024 4460 in
3063 4418 3190 4479 qua
3219 4419 3445 4462 omnes
3473 4402 3575 4480 qui
3603 4418 3681 4459 re-

2135 4501 2400 4576 surgunt
2437 4513 2476 4554 a
2503 4498 2760 4574 peccato
2801 4500 2948 4555 sunt
2979 4495 3278 4574 aequales·
3313 4494 3466 4584 Quae
3493 4495 3680 4574 opinio

2135 4595 2197 4650 et
2245 4589 2308 4650 in
2357 4607 2424 4648 se
2457 4594 2548 4649 est
2581 4587 2768 4667 plane
2815 4587 3239 4668 intelligibilis,
3276 4588 3454 4668 quia,
3503 4589 3551 4648 si
3591 4588 3678 4646 illa

2133 4682 2384 4762 negatio
2417 4681 2608 4743 obicis
2655 4685 2896 4742 tantum
2937 4681 3016 4742 sit
3043 4681 3298 4762 negatio
3333 4681 3569 4762 peccati
3597 4699 3680 4741 ac-

2133 4774 2340 4848 tualiS,
2371 4775 2490 4836 hoc
2517 4775 2656 4853 ipso
2681 4773 2850 4854 quod
2879 4781 3153 4838 cessaret
3179 4795 3218 4836 a
3249 4782 3532 4856 pecc-ato,
3561 4777 3678 4855 jus-

2131 4868 2495 4943 tificaretur,
2539 4867 2708 4947 quod
2747 4873 2840 4928 est
2897 4869 3295 4942 haereticum3
3343 4871 3392 4930 si
3429 4889 3573 4931 vero
3613 4868 3677 4927 sit

2133 4961 2342 5041 aliqua
2373 4961 2496 5022 alia
2539 4979 2670 5022 non
2706 4964 3122 5043 repugnantia
3163 4963 3363 5024 libera
3407 4967 3673 5044 respectu

2133 5055 2397 5134 alicujus
2429 5055 2724 5116 motionis
2745 5055 2877 5131 Dei,
2901 5055 3036 5116 fieri
3061 5075 3190 5118 uon
3219 5061 3426 5136 potest
3453 5063 3522 5117 ut
3563 5058 3673 5116 haec

2135 5149 2214 5209 sit
2239 5149 2306 5208 in
2344 5147 2476 5208 sola
2514 5149 2874 5228 negatione,
2919 5149 3054 5210 sine
3083 5149 3280 5210 libera
3327 5155 3392 5211 et
3435 5150 3670 5230 positiva

2133 5241 2574 5322 cooperatione
2616 5241 2974 5314 voluntatis,
3005 5246 3072 5302 ut
3099 5241 3248 5303 alibi
3277 5241 3464 5302 latius
3491 5249 3672 5302 osten-

2129 5335 2215 5396 di.
2253 5333 2560 5396 Praeterea
2591 5333 2801 5413 opinio
2830 5333 2936 5394 illa
2958 5332 3090 5395 fere
3117 5335 3179 5394 in
3212 5335 3495 5397 terminis
3519 5335 3670 5394 dam-

2131 5433 2280 5490 nata
2306 5426 2490 5488 estin
2518 5427 2792 5488 Concilio
2828 5427 3214 5504 Tridentium
3246 5430 3522 5490 sessione
3545 5445 3669 5488 sex-

2133 5525 2218 5594 ta,
2247 5525 2312 5600 et
2339 5519 2583 5610 decima
2625 5526 2870 5600 quarta,
2908 5521 3032 5594 duo
3074 5521 3412 5607 definiente
3443 5539 3460 5584 ε
3491 5537 3668 5592 unum
