3850 6225
595 421 767 472 SECT.
797 424 858 474 11.
897 421 1076 476 sitm-2
1111 423 1170 475 ΙΝ
1207 425 1326 476 DEO
1361 423 1626 474 PROPRIA
1659 423 1737 474 ET
1773 421 2079 475 rotimus
2110 425 2337 477 JUS‘rl'r.
2376 425 2845 481 COMMUTATWA.

107 514 261 577 titiae
311 535 453 578 eam
494 521 802 582 sustinere
853 528 1174 596 tenentum
1233 541 1384 605 ergo
1437 543 1514 586 ex
1563 523 1682 585 hac

109 617 296 686 parte
323 612 700 674 intervenire
729 619 932 694 potest
971 617 1210 696 justitia
1239 617 1681 678 commutativu

107 703 462 766 formaliter
517 715 762 787 sumpta
815 709 976 770 inter
1003 711 1203 772 Deum
1241 717 1300 774 et
1330 719 1681 773 creaturam

112 815 194 856 ex
241 805 422 875 parte
458 801 656 878 ipsius
711 809 1040 876 creaturam
1095 805 1412 905 quoodo
1468 807 1680 865 autem

109 893 608 970 correspondeat
635 913 710 955 ex
738 904 912 974 parte
939 897 1052 957 Dei
1079 897 1143 958 in
1169 898 1524 978 hujusmodi
1545 915 1681 958 ma-

109 984 270 1045 teria
283 1029 298 1055 ‚
323 983 483 1045 intra
501 986 978 1050 declarabimus,
1579 1026 1587 1034 ·

195 1081 224 1136 t
237 1079 300 1136 0.
345 1077 676 1156 Refellitm·
691 1084 888 1145 evasio
915 1084 1424 1146 adversariorum.
1461 1115 1544 1130 —-
1573 1083 1680 1147 Os-

111 1175 392 1238 tenditm·
414 1193 594 1256 posse
631 1176 932 1254 injuriam
965 1177 1239 1258 irroyari
1274 1179 1417 1239 Deo.
1451 1211 1534 1224 --
1556 1181 1684 1239 Au—

110 1273 326 1328 ctores
363 1287 512 1329 vero
543 1269 841 1347 oppositae
875 1271 1220 1342 sententiae,
1259 1277 1328 1331 ut
1353 1277 1684 1332 occurrant

109 1359 263 1420 huic
293 1361 542 1430 rationi,
576 1368 810 1440 negant
859 1379 1044 1441 posse
1085 1369 1435 1425 creaturam
1463 1383 1680 1426 veram

111 1453 412 1531 injuriam
459 1461 674 1516 contra
729 1455 926 1515 Deum
965 1455 1198 1516 facere.
1247 1457 1322 1516 Et
1371 1458 1679 1518 rationem

111 1548 410 1622 reddunt,
456 1549 603 1626 quia
645 1548 886 1608 nullum
921 1548 1158 1610 bonum
1201 1553 1464 1628 possunt
1489 1569 1526 1610 a
1551 1553 1679 1612 Deo

111 1641 392 1714 auferre,
437 1641 604 1720 quod
637 1643 692 1701 ei
721 1641 800 1701 sit
831 1643 1232 1702 commodum
1269 1643 1365 1703 vel
1393 1643 1587 1715 utile;
1621 1648 1682 1704 et

111 1734 199 1794 ita
254 1733 498 1794 nullum
555 1733 855 1794 damnum
906 1734 962 1794 ei
1011 1735 1240 1796 inferre
1299 1743 1580 1814 possunt,
1619 1741 1682 1798 et

113 1833 582 1906 consequenter
605 1845 814 1907 neque
847 1828 1163 1907 propriam
1205 1829 1520 1908 injuriam.
1557 1829 1681 1891 Sed

111 1927 246 1980 tam
274 1921 534 1981 assertio
558 1938 746 1999 quam
774 1920 932 1981 ratio
953 1920 1134 1982 nobis
1159 1921 1342 1982 valde
1369 1922 1676 2001 displicet.

111 2015 242 2075 Sed
273 2014 350 2074 de
397 2015 736 2075 assertione
765 2031 842 2074 ex
863 2014 1152 2092 professo
1190 2015 1253 2074 in
1293 2016 1554 2076 materia
1601 2016 1680 2076 de

111 2107 490 2168 Poenitentia
515 2106 849 2168 dicendum
876 2115 1001 2179 est;
1037 2124 1204 2168 nune
1219 2108 1402 2169 nohis
1417 2108 1683 2168 sufficiat

110 2202 287 2260 illam
316 2217 456 2260 esse
490 2199 864 2262 contrariam
892 2200 1216 2260 sententiae
1247 2202 1312 2260 D.
1345 2202 1600 2262 Thomoe
1621 2205 1682 2262 et

111 2293 531 2356 communiori
549 2293 1030 2372 Theologorum,
1059 2301 1120 2354 et
1143 2295 1413 2354 alienam
1430 2313 1466 2354 a
1492 2293 1680 2355 modo

111 2386 422 2464 loquendi
453 2386 786 2464 Scriptura}
817 2392 878 2446 et
906 2388 1300 2448 Sanctorum.
1333 2389 1486 2448 Item
1513 2387 1682 2466 quod

107 2481 290 2558 juxta
309 2497 448 2540 eam
476 2480 646 2538 nulla
661 2483 868 2559 potest
895 2480 1072 2541 reddi
1099 2481 1256 2542 ratio
1288 2481 1682 2560 obligationis

115 2593 193 2632 ex
224 2579 402 2652 parte
443 2573 634 2632 debiti
667 2571 856 2633 divini
898 2572 979 2633 ad
1031 2574 1344 2653 agendam
1372 2573 1686 2653 poeniten-

115 2668 266 2727 tiam
294 2667 374 2726 de
401 2672 680 2742 peccate,
711 2673 970 2746 propter
999 2667 1503 2740 satisfaciendum
1525 2669 1677 2728 De0.

115 2763 274 2820 Nam
324 2761 375 2820 si
433 2766 724 2838 peccator
760 2763 892 2823 Deo
949 2762 1246 2842 injuriam
1285 2780 1408 2822 non
1447 2762 1678 2834 intulit,

115 2873 310 2934 qnam
341 2855 829 2916 satisfactionem
857 2857 956 2916 vel
992 2857 1566 2936 compensationem
1593 2856 1682 2916 illi

114 2950 345 3009 debet?
392 2949 622 3010 Poterit
673 2967 824 3029 ergo
875 2951 1252 3028 peanitentiae
1299 2957 1680 3030 praeceptum

115 3061 256 3102 esse
287 3042 622 3122 positivum
651 3061 728 3102 ex
751 3049 926 3122 parte
948 3045 1080 3117 Dei,
1115 3044 1228 3104 sed
1255 3044 1336 3105 ad
1365 3061 1682 3106 summum

116 3156 194 3195 ex
237 3137 571 3208 charitate3
625 3138 769 3215 quia
819 3138 1221 3199 constitutum
1259 3146 1352 3199 est
1379 3146 1684 3219 tanquam

117 3230 548 3290 necessarium
580 3230 858 3289 medium
887 3231 968 3291 ad
997 3231 1332 3291 amicitiam
1362 3234 1478 3293 Dei
1503 3252 1685 3293 recu-

114 3323 490 3401 perandam,
541 3322 643 3383 vel
691 3322 1010 3383 vitandam
1057 3331 1352 3385 aeternam
1387 3344 1676 3405 poenam;

115 3434 192 3475 ex
239 3417 300 3475 vi
345 3422 557 3476 tamen
610 3415 1062 3491 satisfactionis„
1107 3417 1204 3477 vel
1247 3434 1685 3495 recompensa-

115 3506 308 3567 tionis
336 3506 526 3567 divini
561 3506 818 3567 honoris
848 3508 1018 3567 nulla
1049 3510 1164 3569 erit
1185 3510 1322 3569 talis
1361 3508 1678 3588 obligatio.

111 3600 380 3673 Deinde,
405 3598 708 3678 quidquid
732 3600 810 3661 sit
829 3600 908 3661 de
929 3601 1170 3662 ratione
1188 3602 1274 3682 inj
1284 3602 1433 3663 uriae
1455 3602 1680 3663 divinae

112 3692 380 3752 inclusae
425 3693 490 3751 in
529 3692 820 3753 omnibus
861 3694 1138 3771 peccatis
1176 3693 1569 3767 mortalibus,
1615 3694 1680 3753 in

111 3786 236 3845 illis
279 3802 426 3865 quae
477 3786 712 3847 directe
762 3793 907 3848 sunt
947 3794 1161 3848 contra
1215 3790 1517 3850 bonorem
1547 3791 1680 3850 Deo

109 3880 401 3940 debitum
434 3878 532 3940 vel
577 3880 840 3959 gloriam
885 3881 1044 3959 ejuS‚
1103 3882 1420 3959 quomodo
1461 3881 1679 3962 negari

111 3978 326 4052 potest
357 3990 494 4033 esse
519 3990 734 4033 veram
765 3973 1095 4051 injuriam?
1127 3975 1186 4035 Si
1221 3975 1556 4037 convitium
1585 3976 1681 4035 di-

111 4074 287 4126 ctum
321 4066 580 4142 homini,
605 4066 702 4127 vel
725 4065 952 4127 falsum
976 4068 1424 4141 testimonium,
1454 4075 1562 4129 aut
1587 4070 1682 4129 in-

109 4158 376 4220 famatio
425 4158 716 4235 mininie,
779 4166 926 4219 sunt
960 4160 1202 4238 injuriae
1242 4167 1458 4221 contra
1499 4162 1682 4241 justi-

109 4254 290 4325 tiam,
317 4252 630 4330 quomodo
657 4252 1206 4314 similes‘excessus
1223 4260 1438 4315 contra
1457 4256 1676 4327 Deum,

107 4364 242 4405 non
273 4350 458 4405 erunt
482 4344 724 4423 injuriae
769 4352 985 4406 contra
1005 4347 1250 4425 ipsum?
1295 4346 1466 4408 Idem
1495 4366 1682 4428 argu-

95 4439 401 4498 'mentum
451 4436 586 4497 fleri
639 4444 844 4516 potest
871 4456 949 4499 ex
987 4440 1212 4518 injuria
1241 4458 1354 4518 per
1399 4442 1681 4502 omissio-

107 4546 260 4590 nem
287 4576 305 4603 ,
364 4530 508 4608 quia
559 4548 686 4591 non
733 4531 998 4593 reddere
1045 4534 1280 4593 homini
1329 4534 1630 4593 honorem
1658 4578 1675 4609 ,

108 4622 370 4699 quando
391 4622 480 4681 illi
503 4621 766 4684 debetur
787 4629 1086 4703 tanquam
1113 4626 1346 4685 bonurn
1375 4626 1428 4705 ej
1439 4645 1510 4687 us
1539 4644 1678 4705 pro-

107 4714 347 4791 prium,
392 4718 486 4775 est
509 4716 780 4794 injuria;
815 4734 965 4797 ergo
1013 4718 1230 4779 similis
1257 4719 1509 4779 omissio
1547 4737 1680 4781 res-

108 4814 302 4885 pectu
332 4808 460 4881 Dei,
487 4811 888 4888 proportione
911 4817 1176 4883 servata,
1208 4812 1324 4872 erit
1343 4812 1592 4890 injuria.

197 4904 297 4961 ss.
333 4900 608 4982 Propria
641 4902 892 4980 injicrioe
920 4902 1082 4967 ratio
1109 4906 1182 4966 in
1207 4922 1322 4985 quo
1361 4907 1676 4969 consistat.

109 5030 193 5040 -—
223 4996 432 5072 Atque
479 4994 624 5055 hinc
652 4994 1022 5075 intelligitur
1047 4998 1204 5057 ratio
1235 5016 1271 5057 a
1299 4998 1513 5075 priori,
1550 5016 1689 5077 quae

109 5087 392 5147 ostendit
419 5087 728 5149 defectum
760 5089 1082 5150 contrat-iffi
1106 5090 1393 5162 rationis;
1426 5108 1572 5151 nam
1594 5090 1690 5151 in-

104 5181 276 5260 juria
331 5180 675 5241 secundum
715 5182 1112 5261 adaequatam
1153 5184 1463 5243 rationem
1509 5202 1688 5243 suam

111 5292 244 5333 non
305 5275 586 5335 con-sistit
635 5275 698 5334 in
753 5275 1166 5336 diminutione
1195 5320 1210 5347 ‚
1269 5292 1382 5336 seu
1437 5277 1687 5337 laesione

115 5366 263 5427 boni
289 5368 482 5439 utilis,
510 5368 624 5428 sed
659 5369 726 5428 in
747 5368 1004 5429 laesione
1033 5369 1485 5448 cujuscumque
1511 5368 1686 5442 boni,

113 5462 296 5538 cujus
325 5460 591 5539 quilibet
615 5462 856 5523 ratione
883 5466 1066 5522 utens
1100 5462 1180 5522 sit
1209 5460 1523 5534 domium,
1559 5461 1689 5523 sive

115 5554 260 5613 inde
305 5555 511 5635 capiat
535 5554 888 5631 utilitatem,
935 5554 1064 5615 sive
1105 5572 1253 5615 non.
1290 5554 1466 5626 Quod
1496 5561 1692 5634 patet,

1765 530 1898 584 tum
1944 525 2091 604 quia
2118 525 2225 586 ubi
2258 533 2353 586 est
2382 525 2751 600 dominium,
2784 533 2877 588 est
2903 528 3223 608 proprium
3254 547 3331 590 ac

1764 617 2115 697 rigorosum
2148 619 2291 698 jus3
2334 619 2439 680 ubi
2467 625 2699 680 autem
2740 625 2833 681 est
2862 620 3181 700 proprium
3196 622 3328 702 jus,

1765 711 1816 771 si
1846 711 1999 772 illud
2028 711 2313 784 laedatur,
2348 719 2443 772 est
2468 713 2718 792 injuria,
2747 713 2892 792 quia
2926 714 3153 793 injuria
3178 715 3331 777 nihil

1763 804 1934 864 aliud
1990 811 2083 866 est
2140 822 2331 882 quarn
2378 805 2641 884 privatio
2688 807 2845 885 juris
2905 806 3137 879 debiti-;
3196 815 3330 870 tum

1763 898 1953 957 etiam
1970 898 2115 975 qnia
2143 899 2280 958 talis
2306 898 2473 959 laesio
2498 897 2567 958 fit
2592 899 2795 972 alteri,
2823 899 2961 978 ipso
2990 901 3329 962 rationabi-

1761 990 1904 1050 liter
1948 991 2175 1062 invito;
2218 1009 2367 1050 nam
2414 992 2674 1071 quilibet
2708 993 3021 1066 dominus,
3073 1011 3148 1054 eo
3198 995 3331 1056 solo

1762 1082 1931 1160 quod
1962 1081 2253 1144 dominus
2280 1091 2397 1156 est,
2424 1086 2877 1146 rationabiliter
2894 1087 3023 1147 vult
3044 1093 3114 1147 ut
3145 1087 3327 1160 alius,

1765 1175 1871 1253 qui
1893 1175 1999 1253 jus
2030 1194 2155 1237 non
2190 1175 2401 1250 habet,
2438 1196 2563 1238 non
2593 1178 2793 1258 privet
2823 1179 3028 1258 ipsum
3058 1196 3125 1241 re
3152 1181 3331 1260 cujus

1765 1275 1858 1330 est
1877 1269 2191 1342 dominuS,
2218 1271 2347 1330 sive
2372 1271 2573 1331 abilla
2601 1271 2803 1350 capiat
2828 1271 3179 1348 utilitatem,
3200 1275 3329 1336 sive

1762 1364 2167 1442 voluptatem,
2194 1364 2323 1426 sive
2346 1365 2546 1425 solnm
2578 1365 2994 1426 extrinsecum
3022 1368 3329 1430 honorem

1763 1463 1868 1516 aut
1897 1455 2371 1518 aestimationem
2400 1472 2417 1518 τ
2444 1457 2653 1517 omnia
2688 1458 2816 1518 haec
2838 1459 3004 1519 bona
3034 1461 3192 1522 sicut
3232 1479 3331 1522 ra-

1760 1550 2142 1611 tionabiliter
2179 1551 2708 1629 possidentur‚.ita
2733 1551 3331 1616 rationabiliter.de-

1759 1643 2135 1714 tenduntur3
2170 1661 2321 1724 ergo
2340 1645 2577 1723 just-itia
2608 1647 3048 1707 commutativa
3079 1648 3333 1726 (forma-

1761 1736 1902 1796 liter
1945 1743 2006 1796 et
2054 1737 2363 1798 abstracte
2416 1737 2495 1798 de
2542 1755 2615 1797 ea
2664 1738 2997 1818 loquimur)
3054 1743 3335 1804 continet

1763 1829 2085 1890 hominem
2122 1847 2202 1889 ne
2241 1831 2357 1890 hoc
2390 1830 2663 1890 divinum
2686 1830 2791 1909 jus
2814 1831 3043 1904 violem
3074 1840 3136 1894 et
3164 1837 3329 1896 Deus

1761 1923 1919 2001 ipse,
1952 1922 2097 1983 licet
2124 1923 2188 1982 in
2226 1941 2292 1984 se
2330 1923 2633 1983 damnum
2656 1923 2785 2002 pati
2814 1941 2939 1985 non
2966 1929 3182 2005 possit,
3216 1948 3331 1990 ne-

1763 2033 1886 2094 que
1912 2015 1979 2074 in
2002 2015 2185 2076 bonis
2208 2015 2457 2094 proprie
2480 2016 2594 2094 ipsi
2626 2017 2900 2092 utilibuS,
2931 2025 3037 2080 aut
3060 2021 3141 2082 ad
3160 2039 3332 2083 com-

1761 2108 2019 2169 modum
2050 2108 2187 2185 ejus
2223 2109 2697 2186 pertinentibu3‚
2730 2116 2937 2188 potest
2978 2119 3189 2174 tamen
3228 2133 3334 2177 ve·-

1763 2219 1894 2261 ram
1927 2201 2221 2277 injuriam
2252 2204 2379 2280 pati
2410 2202 2473 2262 in
2506 2203 2601 2264 his
2629 2203 2811 2263 bonis
2834 2207 3143 2282 'externiS,
3188 2225 3329 2288 quoe

1764 2293 1845 2354 ad
1891 2295 2027 2371 ejus
2056 2295 2381 2368 honorem,
2416 2295 2701 2374 gloriam,
2740 2315 2854 2357 seu
2878 2298 3112 2359 famam
3142 2303 3333 2380 perti-

1763 2393 1937 2447 nent.
1986 2389 2063 2447 Et
2106 2387 2285 2447 multi
2326 2388 2625 2466 'Pheologi
2680 2397 2938 2452 censent
2984 2393 3325 2470 hominem,

1765 2480 1870 2558 qui
1902 2498 1969 2539 se
2000 2479 2243 2552 occidit,
2277 2499 2539 2560 peccare
2566 2483 2923 2560 specialiter
2958 2491 3171 2548 contra
3193 2488 3331 2566 jus·

1763 2573 1987 2646 titiam,
2019 2591 2145 2634 non
2170 2580 2461 2653 respectu
2482 2575 2577 2634 sui
2600 2576 2816 2654 ipsius,
2844 2579 2989 2656 quia
3008 2597 3215 2658 neque
3240 2586 3333 2641 est

1765 2665 2058 2725 dominus
2087 2667 2225 2727 vitae
2255 2683 2407 2740 suta,
2440 2685 2557 2728 nec
2590 2669 2773 2730 datur
2791 2669 3031 2747 justitia
3060 2673 3138 2732 ad
3168 2674 3333 2752 seip-

1765 2777 1925 2830 sum,
1962 2759 2073 2820 sed
2100 2767 2391 2838 respectu
2418 2761 2553 2836 Dei,
2583 2762 2686 2841 qui
2715 2769 2808 2824 est
2836 2763 3125 2825 dominus
3152 2766 3327 2850 νὶῐῳς

1763 2853 1907 2932 quia
1940 2852 2262 2914 destruere
2289 2872 2421 2914 rem
2452 2853 2645 2915 invito
2674 2855 2928 2917 domino
2962 2875 3215 2938 semper
3238 2865 3331 2920 est

1763 2951 1983 3006 contra
2029 2948 2345 3026 propriam
2386 2948 2712 3026 justitiam.
2764 2949 2889 3010 Nec
2934 2950 3123 3012 refert
3162 2951 3334 3030 quod

1768 3041 1929 3099 Deus
1957 3057 2083 3100 non
2120 3039 2197 3100 sit
2239 3041 2465 3101 invitus
2510 3041 2851 3115 voluntate,
2884 3059 3075 3123 quam
3108 3052 3333 3108 vocant

1765 3134 2139 3211 beneplaciti
2160 3152 2175 3207 3
2194 3150 2345 3194 nam
2373 3133 2521 3195 satis
2547 3139 2641 3195 est
2668 3135 2839 3215 quod
2860 3136 3201 3198 nolletfieri
3228 3156 3333 3200 vo-

1764 3225 2003 3287 luntate
2034 3227 2457 3299 antecedenti;
2501 3228 2651 3299 imo,
2692 3228 2840 3289 satis
2868 3236 2962 3291 est
3000 3230 3169 3309 quod
3197 3231 3331 3293 sine

1764 3318 2087 3379 voluntate
2119 3318 2257 3399 ejus
2285 3319 2348 3380 id
2388 3318 2517 3380 fiat.
2554 3320 2723 3381 Sicut
2760 3330 3137 3385 nocumenta
3161 3318 3334 3386 illata

1765 3412 2007 3473 Christo
2036 3412 2301 3495 Domino
2348 3412 2409 3473 in
2439 3412 2729 3491 passione
2780 3432 2917 3487 sua,
2946 3432 3170 3477 revera
3196 3417 3335 3478 tue-

1764 3506 1910 3565 runt
1938 3504 2179 3584 injuria
2204 3505 2612 3583 gravissimae,
2640 3507 2927 3585 quamvis
2952 3524 3082 3567 non
3102 3508 3336 3571 fuerint

1763 3602 1981 3658 contra
2010 3596 2359 3657 absolutam
2382 3596 2766 3659 voluntatem
2788 3600 2949 3679 eius,
2974 3618 3113 3680 quae
3143 3600 3336 3663 hene·

1762 3690 1971 3767 placiti
2002 3695 2287 3763 vocatur,
2318 3708 2466 3751 nam
2494 3694 2703 3770 potius
2728 3692 3095 3771 simpliciter
3112 3695 3335 3755 volun-

1759 3785 1916 3845 taric
1965 3802 2187 3864 passus
2228 3791 2346 3857 est,
2390 3785 2739 3847 voluntarie
2768 3785 3074 3868 (inquam)
3116 3789 3337 3849 volun-

1761 3882 1887 3938 tate
1915 3882 2305 3956 acceptante,
2332 3894 2455 3939 non
2479 3883 2795 3953 movente,
2820 3898 2939 3941 nec
2952 3882 3057 3960 jus
3080 3881 3335 3961 aliquod

1764 3971 1892 4031 suis
1923 3970 2423 4032 interfectoribus
2458 3972 2812 4033 tribuente.·
2830 3974 2993 4053 Ergo
3022 3992 3229 4053 neque
3258 3990 3337 4035 ex

1761 4069 1939 4142 parte
1961 4064 2296 4137 bonorum,
2314 4064 2379 4123 in
2404 4065 2631 4144 quibus
2648 4068 2821 4126 Deus
2838 4066 3101 4142 laeditur,
3126 4084 3335 4147 neque

1763 4174 1840 4217 ex
1877 4160 2055 4235 parte
2095 4156 2535 4219 irrationabilis
2573 4158 2907 4220 voluntarii
2950 4160 3185 4237 aliquid
3232 4161 3337 4222 hic

1761 4250 1938 4311 deest
1964 4248 2046 4309 ad
2074 4268 2286 4310 veram
2319 4251 2631 4329 injuriam.

1846 4346 1943 4404 12.
2005 4344 2223 4406 Penni
2265 4350 2469 4423 potest
2514 4346 2683 4407 homo
2719 4346 2801 4407 ad
2836 4344 3340 4423 satisfaciendum

1753 4454 1870 4518 pro
1893 4436 2147 4516 injm-ia,
2176 4442 2235 4499 et
2257 4438 2339 4499 ad
2353 4439 2764 4519 reparandum
2782 4439 3059 4501 damnum
3081 4441 3150 4500 in
3174 4440 3339 4503 bonis

1761 4529 2027 4591 cateruis
2050 4530 2281 4591 Doi.·—-
2298 4528 2474 4590 Addo
2498 4529 2759 4608 insuper
2789 4530 3153 4609 injustitiam
3182 4532 3341 4593 duo—

1758 4620 1877 4682 bus
1899 4621 2100 4682 modis
2122 4622 2419 4683 committi
2440 4642 2453 4682 :
2474 4622 2699 4702 prim0,
2724 4624 2947 4683 affectu
2975 4628 3241 4698 tantum,
3273 4630 3341 4685 ut

1761 4733 1904 4775 cum
1939 4716 2077 4793 quis
2106 4714 2419 4776 desiderat
2445 4716 2635 4775 alium
2682 4716 3001 4789 occidere3
3060 4718 3337 4779 secundo

1763 4810 1953 4869 etiam
1988 4808 2235 4882 effectu,
2266 4813 2336 4869 ut
2362 4828 2509 4869 cum
2542 4807 2891 4871 voluntarie
2920 4810 3241 4884 interficit;
3278 4816 3341 4872 et

1763 4908 2029 4979 uterque
2040 4901 2264 4962 modus
2278 4901 2465 4961 habet
2476 4900 2686 4962 locum
2698 4910 2985 4981 respectu
3002 4904 3137 4964 Dei.
3154 4906 3335 4979 Nam,

1770 4995 1819 5055 si
1851 4996 1989 5074 quis
2018 4994 2329 5055 desideret
2357 4995 2555 5055 Deum
2573 4994 2877 5057 infamare
2904 4997 3099 5074 (verbi
3115 4998 3341 5077 gratia)

1767 5090 1868 5151 vel
1889 5091 2089 5157 ,etiam
2119 5088 2465 5163 destruere,
2500 5091 2731 5151 affectu
2758 5108 3069 5151 summam
3100 5092 3339 5170 injusti-

1771 5182 1922 5242 tiam
1942 5183 2301 5243 committit:
2330 5198 2537 5261 neque
2558 5190 2653 5245 est
2673 5183 2829 5243 illud
2844 5184 3053 5243 solum
3066 5182 3343 5244 'formale

1769 5275 2008 5348 odium,
2069 5275 2217 5354 quia
2266 5293 2393 5336 non
2426 5275 2618 5337 habet
2665 5294 2779 5355 pro
2826 5276 3071 5355 objecto
3100 5283 3346 5338 tantum

1771 5368 2007 5429 malum
2070 5368 2325 5429 alterius
2348 5414 2363 5443 ,
2430 5370 2541 5431 sed
2588 5370 2777 5431 etiam
2826 5370 3136 5429 actionem
3179 5370 3347 5448 inju-

1773 5467 1963 5535 stam,
2018 5479 2210 5541 quam
2252 5462 2392 5540 quis
2438 5468 2611 5541 optet
2656 5462 2740 5522 ad
2784 5460 3177 5523 inferendum
3224 5462 3348 5523 tale

1776 5554 2033 5629 malum,
2088 5555 2138 5615 si
2186 5561 2354 5616 esset
2399 5554 2715 5635 possibile.
2772 5554 2889 5629 Qui
2939 5561 3151 5619 antem
3202 5563 3348 5617 actu
