3850 6225
866 398 1002 450 cAr.
1039 397 1122 450 lx.
1159 396 1454 460 QUOMODO
1485 394 1912 450 PRAESCIENTIA
1948 395 2051 448 DE!
2086 395 2573 460 NECESSITATEM,
2610 396 2743 450 mc,

187 498 340 562 talis
363 497 604 558 intuitio
636 503 752 570 est,
787 515 916 556 non
952 496 1240 557 immutat
1277 513 1433 556 rem.
1475 495 1607 567 Quo
1636 494 1762 555 dis-

185 608 384 650 cursu
420 590 615 650 utitur
663 590 850 650 etiam
897 608 1088 670 supra
1136 589 1410 661 Boetius,
1441 594 1572 650 toto
1599 587 1760 648 libro

184 683 270 746 dc
301 683 662 746 Concordia.

185 881 436 946 Salutio
493 879 570 944 S.
613 882 856 944 Tkomoe
903 884 987 946 ad
1027 882 1298 964 primum
1339 884 1762 964 aryumtum

635 992 750 1057 pro
789 973 1055 1057 opposito
1095 991 1316 1038 errore.

267 1149 326 1208 5.
381 1149 582 1226 Atque
623 1168 700 1208 ex
739 1148 856 1209 hac
887 1149 1020 1228 ipsa
1054 1148 1298 1210 ratione
1343 1147 1638 1208 facillima
1667 1147 1761 1207 vi-

180 1240 321 1302 deri
375 1247 622 1320 poterat
675 1242 901 1303 solutio
963 1242 1144 1330 primi
1211 1240 1597 1322 argumenti,
1647 1261 1760 1302 ne-

179 1335 398 1414 gando
429 1335 753 1396 scientiam
788 1337 969 1412 hanc,
1017 1335 1097 1397 de
1129 1355 1254 1416 qua
1302 1334 1568 1416 agimus,
1619 1353 1756 1396 esse

178 1445 444 1488 causam
475 1428 724 1488 illorum
763 1429 1137 1503 futurorum,
1181 1447 1448 1508 quorum
1485 1434 1580 1490 est
1615 1429 1758 1489 talis

183 1519 478 1580 scientia.
501 1520 680 1597 Quia,
707 1528 778 1584 ut
805 1541 992 1602 supra
1023 1529 1344 1583 ostensum
1372 1527 1488 1595 est,
1505 1523 1642 1582 haec
1665 1527 1760 1582 est

174 1632 344 1692 pura
388 1613 632 1674 intuitio
671 1616 1075 1694 speculativa,
1105 1633 1244 1696 quae
1277 1621 1346 1675 ut
1375 1614 1462 1676 sic
1498 1632 1627 1674 non
1663 1621 1756 1676 est

174 1724 376 1766 causa
415 1707 511 1768 sui
543 1707 770 1786 obJecti
797 1707 1053 1788 proprii,
1085 1708 1354 1787 ideoque
1388 1726 1516 1768 non
1554 1713 1758 1786 potest

171 1798 337 1859 illud
375 1799 730 1874 immutare,
761 1801 894 1862 eive
936 1802 1374 1862 necessitatem
1401 1800 1749 1880 imponere.

173 1891 480 1963 Quamvis
507 1899 720 1955 autem
747 1894 864 1952 hoc
897 1894 982 1954 ita
1003 1893 1098 1966 sit,
1128 1893 1468 1954 formaliter
1493 1912 1564 1953 ac
1595 1911 1756 1971 prae-

171 1985 310 2045 eise
363 1985 681 2064 loquendo
727 1985 806 2046 de
861 1987 1118 2048 scientia
1185 1986 1462 2060 visioniS,
1516 1991 1751 2059 tamen,

171 2079 329 2156 quia
363 2079 588 2140 eadem
612 2079 868 2142 scientia
897 2080 1245 2141 secundum
1285 2097 1420 2140 rem
1447 2084 1542 2139 est
1565 2097 1754 2140 causa

167 2171 558 2245 futurorum,
587 2175 658 2232 D.
691 2174 984 2246 ThomaS‚
1021 2179 1088 2234 ut
1131 2191 1384 2235 omnem
1419 2171 1754 2232 difficulta-

167 2271 307 2325 tem
337 2265 604 2337 tolleret,
634 2266 713 2327 ad
745 2267 1019 2328 radicem
1045 2265 1420 2327 difficultatis
1447 2265 1627 2326 aliter
1652 2283 1753 2326 re-

168 2359 475 2438 spondet.
522 2360 770 2420 Poterat
826 2361 995 2420 enim
1038 2367 1254 2421 contra
1299 2359 1672 2420 solutionem
1713 2378 1750 2419 a

167 2452 364 2512 nobis
393 2453 604 2514 datam
631 2453 716 2514 sic
741 2453 978 2514 instari.
1015 2455 1158 2516 Esto
1185 2453 1443 2514 scientia
1469 2451 1747 2524 visioniS,

167 2551 236 2605 ut
280 2547 396 2620 sic,
429 2565 556 2606 non
594 2547 672 2608 sit
697 2566 910 2621 causa,
945 2554 1162 2608 tamen
1191 2565 1316 2607 uon
1345 2552 1557 2626 posset
1584 2547 1750 2606 Deus

167 2638 416 2699 habere
448 2639 610 2700 hanc
649 2640 971 2703 scientiam
1017 2641 1292 2713 visioni3‚
1323 2640 1446 2701 nisi
1485 2640 1750 2700 haberet

169 2731 511 2792 scientiam
570 2734 908 2812 practicam
973 2733 1340 2795 eorumdem
1399 2732 1752 2792 futurorum

167 2830 484 2902 tanquam
513 2826 714 2904 prima
741 2845 930 2887 causa
955 2841 1208 2899 eorum3
1241 2826 1353 2887 sed
1393 2826 1524 2886 haec
1557 2826 1752 2886 scien-

165 2918 264 2976 tia
295 2917 480 2978 infert
521 2920 956 2980 necessitatem
999 2919 1356 2992 effectibus;
1397 2936 1570 2996 ergo.
1605 2919 1752 2978 Res-

165 3010 418 3088 pondet
449 3029 598 3090 ergo
633 3013 704 3074 D.
737 3013 1008 3073 Thomas
1033 3013 1326 3093 negando
1344 3011 1627 3072 absolute
1644 3011 1752 3071 ali-

167 3122 372 3181 quam
405 3105 728 3165 scientiam
761 3106 895 3180 Dei,
929 3125 1341 3186 quaecumque
1373 3104 1476 3166 illa
1508 3104 1606 3179 sit,
1648 3104 1748 3164 in-

163 3195 344 3257 ferre
375 3199 808 3259 necessitatem
829 3201 926 3261 his
951 3200 1296 3261 effectibus
1325 3198 1421 3260 Ad
1441 3198 1749 3277 probatio-

163 3308 330 3349 nem
357 3310 506 3351 vero
537 3292 820 3353 concedit
842 3293 1166 3353 scientiam
1193 3291 1302 3352 Dei
1325 3310 1462 3351 esse
1493 3308 1750 3351 causam

163 3384 622 3459 necessariam,
649 3384 711 3444 in
737 3387 856 3445 hoc
889 3386 1054 3447 enim
1085 3404 1273 3447 sensu
1307 3384 1575 3445 admittit
1600 3403 1751 3444 cau-

165 3494 316 3537 sum
365 3494 724 3555 supremam
767 3497 902 3539 esse
942 3479 1383 3551 necessariam,
1433 3484 1624 3559 negat
1660 3483 1750 3536 ta-

161 3587 328 3628 men
357 3568 502 3630 hinc
533 3571 710 3647 sequi
750 3571 1186 3633 necessitatem
1231 3572 1296 3632 in
1344 3572 1590 3645 effectu,
1639 3570 1747 3651 qui

165 3680 306 3721 non
337 3660 417 3724 ab
441 3663 546 3722 illa
579 3663 733 3739 sola,
759 3664 872 3725 sed
895 3683 1038 3725 cum
1067 3683 1256 3724 causa
1285 3665 1562 3725 secunda
1587 3663 1680 3736 fit,
1711 3681 1747 3722 a

165 3772 303 3831 qua
333 3760 536 3832 potest
577 3773 714 3817 esse
765 3758 1020 3818 eftectus
1063 3755 1453 3836 contingenS,
1500 3754 1748 3818 etiamsi

164 3848 380 3925 prima
413 3867 602 3909 causa
627 3850 979 3911 necessaria
1011 3851 1106 3910 sit.

258 3943 322 4000 6.
365 3942 541 4006 Nota
580 3944 854 4023 quaedam
883 3944 1049 4005 circa
1095 3940 1504 4010 necessitatem
1532 3949 1592 4007 et
1619 3961 1748 4007 cer-

165 4034 496 4097 titudinem
527 4036 798 4098 scientioe
833 4036 966 4098 Dei.
989 4068 1069 4082 —
1099 4036 1272 4097 Circa
1298 4054 1488 4114 quam
1517 4036 1747 4097 doctri-

163 4146 328 4187 nam
381 4127 832 4188 advertendum
889 4134 982 4189 est
1033 4129 1356 4189 scientiam
1399 4128 1503 4189 Dei
1559 4147 1746 4209 posse

165 4220 296 4281 dici
327 4221 770 4295 necessariam,
815 4221 914 4281 vel
964 4220 1026 4281 in
1053 4221 1296 4283 ratione
1323 4222 1617 4295 scientiae,
1644 4222 1744 4283 vel

163 4314 236 4372 in
268 4314 510 4374 ratione
545 4333 776 4375 causze.
826 4316 902 4375 Et
952 4320 1216 4393 utroque
1255 4314 1442 4375 modo
1483 4314 1746 4394 duplici-

165 4414 294 4478 ter,
321 4406 573 4480 scilicet,
604 4408 702 4469 vel
730 4426 804 4467 ex
834 4408 1208 4469 necessitate
1241 4407 1623 4487 simpliciter,
1645 4408 1754 4469 ve}

167 4518 254 4561 ex
283 4500 734 4579 suppositione.
773 4499 1009 4561 Dicitur
1059 4519 1210 4581 ergo
1251 4500 1510 4561 scientia
1537 4500 1606 4560 in
1647 4519 1746 4560 ra-

165 4592 345 4652 tione
376 4592 646 4653 scientim
693 4592 1054 4673 simpliciter
1081 4594 1460 4665 necessaria,
1495 4610 1635 4673 quae
1668 4610 1747 4653 ex

165 4684 512 4746 intrinseca
549 4686 792 4746 ratione
827 4704 939 4747 sua
971 4686 1161 4747 hahet
1189 4690 1258 4747 ut
1305 4688 1382 4747 sit
1427 4686 1492 4745 in
1533 4704 1747 4746 rerum

165 4784 426 4841 natura.
452 4778 550 4839 vel
577 4786 645 4839 ut
691 4779 768 4839 sit
803 4778 982 4851 talis;
1016 4785 1078 4839 et
1125 4778 1241 4839 hoc
1270 4778 1458 4839 modo
1489 4778 1745 4839 scientia

165 4873 284 4933 Dei
310 4872 588 4935 absolute
607 4878 854 4952 sumpta
876 4880 970 4934 est
991 4872 1350 4953 simpliciter
1364 4872 1738 4945 necessaria,

167 4964 325 5043 quia
357 4984 486 5025 non
525 4971 732 5045 potest
757 4969 924 5027 Deus
971 4984 1110 5027 esse
1153 4966 1286 5026 sine
1323 4965 1602 5026 scientia.
1667 4966 1744 5025 At

167 5076 324 5119 vero
363 5058 466 5118 illa
501 5060 783 5133 scientia,
811 5066 881 5119 ut
911 5065 1005 5119 est
1033 5058 1292 5119 scientia
1319 5058 1574 5118 visionis
1602 5056 1742 5117 talis

167 5153 274 5213 vel
303 5152 443 5213 talis
473 5155 730 5214 effectus
756 5153 970 5225 futuri,
1007 5170 1135 5212 uon
1167 5156 1262 5212 est
1290 5150 1652 5231 simpliciter
1681 5155 1744 5212 et

171 5246 460 5307 absolute
486 5246 862 5319 necessaria,
897 5246 1042 5325 quia
1071 5250 1317 5325 poterat
1353 5262 1480 5303 nou
1509 5244 1741 5305 habere

169 5339 366 5399 talem
399 5344 756 5418 respectum
793 5339 874 5399 ad
911 5339 1033 5399 tale
1071 5338 1409 5417 obJectum,
1442 5336 1590 5414 quia
1629 5355 1745 5415 po-

171 5438 332 5495 terat
373 5433 526 5494 illud
573 5451 699 5493 non
752 5451 889 5493 esse
930 5433 1238 5505 futurum,
1282 5437 1344 5491 et
1391 5436 1540 5491 tunc
1576 5431 1744 5491 Deus

169 5546 300 5589 non
331 5528 650 5609 praesciret
677 5525 852 5586 illud.
887 5524 1058 5586 Sicut
1103 5523 1259 5585 velle
1305 5524 1415 5583 Dei
1459 5521 1742 5583 absolute

3294 401 3413 464 333

1842 499 1939 556 est
1960 497 2412 570 necessarium;
2434 503 2649 561 tamen
2671 497 2854 570 velle,
2884 502 2954 558 ut
2974 503 3071 560 est
3092 500 3413 568 decretum

1841 588 2097 649 creandi
2128 590 2457 664 mundum,
2491 610 2619 652 non
2650 590 2940 652 convenit
2964 592 3097 654 Deo
3122 595 3412 658 necessa·

1839 680 1955 741 rio.
1994 683 2072 742 At
2105 701 2254 744 vero
2283 701 2361 744 ex
2390 683 2839 763 suppositione,
2872 683 2977 744 illa
3011 686 3269 750 scientia
3319 697 3415 754 est

1841 775 2199 834 necessaria
2238 775 2301 834 in
2331 777 2571 837 ratione
2602 776 2896 850 scientiae,
2926 777 3125 840 tribus
3160 784 3407 844 modis:

1840 867 2069 946 primo,
2098 868 2266 946 quia,
2306 869 2624 948 supposito
2666 868 2837 948 quod
2876 888 2982 930 res
3026 869 3235 935 futura
3288 883 3405 948 est,

1841 979 1970 1020 non
2003 967 2209 1039 potest
2248 982 2379 1024 non
2426 963 2658 1026 habere
2690 965 2858 1024 Deus
2904 971 3207 1028 aeternam
3252 989 3415 1050 prae-

1843 1053 2166 1114 scientiam
2198 1055 2356 1135 ejus,
2390 1057 2535 1134 quia
2564 1057 2685 1118 hoo
2715 1063 2954 1136 spectat
2983 1058 3063 1119 ad
3082 1062 3415 1139 perfectio-

1842 1165 1990 1208 nem
2024 1153 2086 1207 et
2114 1148 2528 1210 aeternitatem
2570 1149 2729 1228 ejuS,
2762 1155 2833 1210 ut
2869 1149 3106 1212 dictum
3148 1160 3263 1216 est.
3298 1156 3415 1216 Po-

1839 1246 2087 1318 testque
2133 1241 2265 1302 haec
2296 1242 2637 1302 necessitas
2674 1243 2883 1302 vocari
2930 1246 3140 1322 quoad
3182 1249 3413 1308 exerci-

1839 1333 2021 1407 tium,
2056 1333 2227 1427 quia,
2272 1336 2590 1414 supposito
2619 1335 2729 1396 tali
2754 1336 3023 1414 objecto,
3053 1357 3181 1400 non
3207 1344 3414 1420 potest

1838 1427 2002 1486 Deus
2036 1444 2165 1486 non
2200 1445 2517 1501 exercere,
2554 1428 2616 1489 id
2653 1434 2767 1502 est,
2800 1434 2945 1490 actu
2976 1430 3208 1494 habere
3248 1435 3413 1496 hanc

1839 1519 2189 1580 scientiam.
2225 1521 2538 1595 Secundo,
2570 1522 2719 1601 quia
2759 1522 2959 1600 posita
2984 1523 3091 1584 tali
3123 1526 3407 1596 scientia,

1837 1614 2192 1674 necessario
2233 1621 2293 1676 et
2334 1615 2803 1676 immutabiliter
2844 1621 3150 1696 perpetuo
3197 1626 3413 1681 manet

1835 1705 1902 1766 iu
1946 1708 2098 1776 Dee,
2137 1707 2379 1767 etiamsi
2419 1725 2520 1768 res
2566 1708 2921 1781 varientur3
2979 1710 3127 1787 quia
3160 1729 3412 1792 semper

1838 1800 1953 1862 scit
1980 1801 2473 1880 uniuscujusque
2518 1819 2655 1862 esse
2696 1819 2809 1880 pro
2854 1819 2968 1862 suo
3004 1809 3313 1882 tempore,
3346 1815 3411 1867 et

1836 1899 2191 1972 respectum
2234 1893 2427 1955 futuri
2472 1913 2661 1972 quem
2691 1894 2883 1957 habet
2911 1896 2994 1956 ad
3026 1915 3212 1958 omne
3252 1904 3410 1961 tem-

1833 2005 1955 2065 pus
1982 1986 2391 2066 praeteritum,
2426 1993 2486 2048 et
2516 1988 2647 2048 haec
2681 1993 2775 2048 est
2813 1989 3153 2050 necessitas
3181 1991 3411 2050 immu-

1834 2081 2063 2142 tabilis.
2096 2080 2325 2154 Terti0,
2358 2080 2503 2159 quia
2553 2079 2603 2140 si
2655 2080 2794 2141 talis
2833 2082 3091 2142 scientia
3142 2090 3255 2156 est,
3296 2102 3411 2146 ue·-

1834 2171 2107 2234 ccssario
2152 2190 2303 2232 vera
2355 2177 2483 2246 cst3
2524 2172 2615 2232 sic
2656 2173 2821 2232 enim
2869 2173 3143 2236 solemus
3191 2177 3409 2256 cogni-

1833 2265 2069 2326 tionem
2120 2265 2439 2344 appellare
2482 2267 2929 2338 necessariam,
2964 2285 3103 2346 quse
3148 2269 3404 2331 omnino

1829 2377 2005 2433 vera,
2054 2364 2222 2419 certa
2267 2365 2330 2420 et
2376 2357 2711 2419 infallibilis
2764 2347 3003 2432 existit3
3046 2367 3233 2440 atque
3272 2362 3405 2424 haec

1831 2452 2177 2514 necessitas
2215 2452 2335 2512 dici
2369 2457 2573 2530 potest
2610 2453 2821 2531 quoad
2850 2453 3399 2532 specificationem.

1829 2547 1899 2606 In
1926 2545 2047 2606 hoc
2087 2552 2298 2606 autem
2346 2551 2717 2624 argumento
2766 2563 2895 2606 non
2938 2552 3034 2607 est
3075 2563 3279 2607 sermo
3322 2547 3403 2608 de

1829 2639 2201 2698 necessitate
2230 2637 2501 2698 scientiae
2549 2637 2613 2697 iu
2648 2637 2889 2698 ratione
2933 2638 3243 2712 scientiae3
3291 2639 3405 2703 sed

1833 2731 1899 2791 in
1926 2731 2029 2791 illa
2056 2729 2400 2790 fundantur
2423 2729 2819 2791 difficultates
2846 2732 3104 2792 secundi
3139 2737 3201 2794 et
3238 2733 3403 2794 tertii

1833 2823 2209 2902 argumenti.

1915 2920 1977 2978 7.
2029 2916 2311 2982 Scientia
2353 2917 2423 2979 in
2448 2918 2683 2980 ratione
2712 2936 2910 2982 causae
2946 2923 3035 2982 est
3076 2918 3405 3001 mpliciter

1832 3011 2197 3074 necessaria.
2243 3041 2326 3056 -
2362 3009 2666 3082 Quatenus
2724 3011 2811 3072 sit
2852 3029 2995 3072 vera
3044 3013 3263 3075 solutio
3317 3015 3397 3076 D.

1832 3105 2095 3169 momoe.
2120 3140 2195 3150 —-
2230 3102 2560 3184 objectioni
2587 3105 3033 3169 occurritur.—
3064 3107 3133 3168 In
3160 3108 3401 3171 ratione

1827 3215 1978 3257 vero
2031 3215 2266 3271 causas,
2321 3196 2460 3261 dici.
2487 3202 2691 3277 potest
2737 3198 2995 3259 scientia
3043 3202 3401 3262 necessaria

1830 3291 2027 3353 tribus
2058 3291 2243 3353 otiam
2272 3291 2501 3365 modiS‚
2521 3292 2945 3371 superioribus
2970 3295 3403 3373 proportiona-

1829 3384 1929 3443 tis,
1966 3384 2208 3444 Primus
2238 3390 2351 3455 est,
2392 3384 2537 3462 quia
2561 3385 2920 3445 necessaria
2950 3387 3154 3447 estad
3181 3406 3402 3449 causa-

1828 3476 2067 3537 litatem
2096 3477 2235 3538 talis
2260 3496 2484 3547 causoe,
2518 3484 2578 3538 et
2608 3477 2688 3537 ad
2714 3478 3189 3557 productionem
3215 3480 3402 3543 effec-
3464 3522 3481 3535 .

1831 3576 2033 3643 tuum,
2062 3576 2123 3631 et
2150 3572 2271 3631 hoc
2297 3571 2487 3632 modo
2508 3570 2729 3632 merito
2756 3572 2981 3633 dieitur
3005 3574 3263 3634 scientia
3288 3576 3399 3635 Dei

1830 3682 2021 3724 causa
2049 3664 2440 3737 necessaria3
2484 3664 2627 3743 quia
2668 3665 2801 3725 sine
2835 3664 2939 3725 illa
2972 3676 3087 3729 nec
3113 3668 3281 3728 Deus
3312 3667 3403 3728 ef·-

1828 3755 2045 3817 fieeret
2086 3774 2244 3827 rem,
2294 3774 2413 3815 uec
2463 3774 2566 3816 res
2612 3758 2771 3817 effici
2826 3764 3060 3836 posset,
3108 3776 3185 3819 eo
3230 3759 3400 3837 quod

1826 3850 1995 3910 Deus
2047 3848 2459 3912 essentialiter
2512 3850 2591 3910 sit
2628 3868 2817 3909 causa
2860 3850 3297 3912 intellectualis
3340 3858 3402 3912 et

1827 3940 2046 4013 libera,
2080 3942 2213 4001 sine
2255 3942 2435 4021 cujus
2474 3940 2713 4002 influxu
2760 3961 2861 4003 res
2894 3942 3027 4003 fieri
3076 3962 3204 4005 nou
3256 3963 3401 4023 pos-

1828 4041 1994 4095 sunt.
2029 4035 2365 4114 Potestque
2413 4035 2551 4107 haec
2592 4035 2931 4095 ficossitas
2958 4035 3168 4113 quoad
3197 4036 3398 4114 speci-

1825 4126 2182 4189 ficatiouem
2208 4126 2351 4198 dici,
2380 4126 2549 4205 quia,
2584 4127 2633 4187 si
2658 4145 2759 4187 res
2782 4126 2962 4201 fiunt,
2981 4146 3109 4188 non
3137 4132 3399 4207 possunt

1825 4238 1954 4281 non
1980 4238 2018 4279 a
2046 4220 2303 4279 scientia
2333 4219 2441 4279 Dei
2474 4218 2745 4297 prodire.
2790 4220 2865 4280 Et
2906 4220 2957 4280 si
3007 4220 3087 4281 de
3138 4221 3257 4281 hac
3290 4239 3399 4281 ne·-

1827 4314 2115 4375 cessitate
2162 4314 2365 4373 solum
2412 4313 2489 4373 sit
2529 4326 2733 4373 sermo
2766 4314 2832 4374 in
2862 4320 3257 4394 argumentO,
3308 4314 3397 4374 fa-

1827 4408 1943 4469 cile
1991 4406 2455 4483 dissolveretur,
2503 4412 2565 4467 et
2612 4406 2849 4485 optime
2886 4408 3398 4469 accommodatur

1825 4499 2151 4578 responsio
2202 4500 2273 4559 D.
2326 4500 2599 4560 Thomae.
2648 4498 2838 4574 Quia,
2890 4500 3034 4562 licet
3078 4502 3246 4564 Deus
3296 4501 3395 4563 vel

1828 4593 1965 4670 ejus
1992 4592 2251 4653 scientia
2280 4592 2357 4654 sit
2384 4612 2575 4653 causa
2602 4593 2766 4653 dicto
2794 4593 2985 4655 modo
3013 4596 3391 4669 necessaria,

1825 4692 2063 4759 tamen,
2113 4704 2255 4746 cum
2302 4693 2599 4765 operatur
2648 4705 2793 4747 cum
2833 4687 3037 4747 causis
3076 4688 3393 4763 secundis,

1827 4798 1967 4840 sese
1993 4780 2429 4839 accommodat
2450 4780 2599 4853 illis;
2636 4786 2699 4841 et
2725 4780 2869 4841 ideo
2896 4782 2987 4843 ita
3016 4800 3159 4841 cum
3185 4782 3397 4843 liberis

1827 4873 1977 4953 agit,
2008 4878 2078 4933 ut
2109 4891 2217 4933 eas
2247 4874 2683 4952 contingenter
2712 4892 2899 4953 agere
2940 4875 3123 4936 sinat.
3157 4875 3396 4936 Secun-

1823 4966 1945 5027 dus
1990 4966 2218 5027 modus
2270 4970 2365 5025 est
2408 4965 2925 5029 immutabilitatis
2951 5013 2967 5040 ,
3028 4967 3173 5047 quia
3224 4969 3393 5046 quod

1820 5061 1990 5121 Deus
2018 5076 2231 5121 secum
2252 5059 2462 5119 statuit
2477 5058 2683 5120 facere
2706 5078 2818 5139 per
2838 5060 3160 5121 scientiam
3188 5078 3389 5134 suam,

1821 5151 2195 5212 immutabili
2224 5151 2475 5211 decreto
2510 5152 2680 5226 facit,
2718 5158 2781 5213 et
2817 5152 2957 5213 ideo
2987 5152 3246 5213 scientia
3273 5151 3392 5213 hoc

1823 5244 2013 5305 modo
2056 5248 2260 5324 potest
2306 5244 2495 5305 etiam
2534 5244 2654 5305 dici
2691 5264 2881 5308 causa
2910 5246 3286 5306 necessaria.
3319 5248 3393 5306 Et

1824 5337 1902 5399 de
1931 5339 2051 5398 hac
2096 5338 2467 5399 necessitate
2500 5345 2704 5417 potest
2732 5340 2963 5417 optime
3006 5338 3267 5419 intelligi
3313 5340 3387 5401 D.

1822 5431 2115 5501 ThomaS‚
2152 5434 2215 5490 et
2240 5430 2522 5509 procedit
2544 5431 2731 5491 etiam
2757 5430 2939 5490 facile
2968 5431 3105 5510 ejus
3131 5448 3393 5510 respon-

1825 5523 1939 5583 sio.
1974 5525 2155 5597 Nam,
2190 5522 2336 5583 licet
2363 5525 2531 5583 Deus
2555 5521 3027 5583 immutabiliter
3071 5529 3387 5603 operetur,
