3850 6225
557 441 693 494 cat».
724 441 851 494 XVI.
887 440 1193 495 soLvrrtm
1224 440 1373 494 ALtA
1406 437 1711 503 omnem),
1739 439 1818 492 ET
1850 439 2264 495 DECLARATUR
2296 442 2382 496 AN
2414 444 2638 507 LIBERI,
2665 441 2803 496 ETC.

100 541 365 616 scientia,
416 541 705 622 adjuncta
733 542 1145 622 providentia,
1188 543 1410 605 morali
1448 541 1637 604 modo

100 637 435 696 attrahente
457 681 472 708 ,
517 635 615 696 vel
640 634 975 718 inducente
1004 636 1390 699 voluntatem
1416 637 1637 697 huma-

98 747 231 788 nam
259 728 447 789 modo
463 727 551 788 illi
578 728 1071 803 accommodato,
1102 736 1171 791 ut
1194 731 1425 792 habeat
1457 728 1638 790 effec-

96 828 217 882 tum
249 822 430 901 juxta
472 820 749 882 divinam
792 822 1269 901 praescientiam.
1327 823 1639 886 Posterior

94 934 231 975 vero
257 913 813 994 praedeterminatio
834 915 1025 976 habet
1050 917 1467 978 necessariam
1490 934 1639 976 con-

94 1009 410 1069 nexionem
441 1025 581 1068 cum
612 1011 757 1069 actu
782 1025 858 1069 ex
885 1008 943 1068 vi
972 1027 1101 1069 suae
1133 1009 1405 1089 physicoe
1436 1009 1639 1070 effica-

98 1103 279 1164 citatis
310 1147 327 1175 ,
384 1119 507 1180 qua
564 1101 1068 1180 praedeterminat
1117 1104 1504 1164 voluntatem
1558 1101 1641 1164 ad

94 1213 293 1266 unum,
328 1195 427 1255 cui
454 1194 559 1254 illa
580 1193 753 1256 nullo
778 1195 967 1257 modo
1000 1201 1206 1277 potest
1230 1197 1523 1256 resistere
1554 1195 1635 1256 ob

96 1289 381 1349 infinitam
442 1288 783 1349 efficaciam
842 1289 1067 1350 divinae
1127 1289 1488 1350 voluntatis·
1542 1288 1635 1350 Ob

96 1383 239 1442 hanc
266 1401 413 1461 ergo
444 1400 701 1442 causam
734 1379 917 1462 prior
935 1382 1347 1463 praedefinitio
1373 1401 1501 1443 11011
1530 1382 1635 1443 lae-

100 1475 176 1537 dit
191 1475 558 1549 libertatem,
586 1491 705 1535 nec
728 1475 1013 1537 immutat
1040 1476 1463 1554 aliquo-modo
1484 1493 1634 1555 ope-

98 1569 377 1628 rationem
404 1567 781 1640 voluntatis3
819 1570 1129 1648 posterior
1155 1575 1370 1630 autem
1392 1569 1634 1648 praedc-

100 1661 423 1722 terminatio
449 1661 539 1721 illi
564 1680 921 1742 repugnare
950 1663 1217 1735 videtur,
1258 1663 1407 1742 quia
1435 1661 1635 1740 impe-

101 1755 175 1814 dit
190 1755 583 1816 intrinsecam
612 1761 673 1817 et
698 1757 1017 1836 propriam
1046 1755 1634 1818 determinationem

106 1868 235 1929 ejus.

170 1946 253 2004 42.
300 1939 585 2022 objectio.
630 1975 715 1988 —
756 1939 1021 2006 Solatia.
1065 1975 1148 1989 —
1205 1942 1381 2015 Quod
1412 1943 1463 2004 si
1488 1941 1633 2023 ‘quis

28 2059 35 2066 ·
104 2036 279 2108 instet,
309 2035 451 2114 quia
486 2035 679 2096 etiam
706 2034 808 2096 hic
846 2035 1037 2097 habet
1072 2037 1283 2096 locum
1311 2036 1414 2098 ille
1445 2055 1634 2117 argu-

102 2129 389 2190 mentandi
422 2129 691 2190 modus:
738 2129 944 2190 Posita
980 2130 1497 2208 praedefinitione,
1527 2149 1633 2192 vo-

104 2223 279 2284 luntas
300 2241 425 2282 non
451 2227 667 2302 potest
695 2241 823 2282 11011
848 2222 1054 2284 facere
1080 2269 1097 2298 ,
1132 2227 1195 2284 et
1221 2224 1629 2303 praedefinitio

105 2318 187 2376 illa
218 2322 301 2378 est
336 2317 683 2397 suppositio
729 2317 1107 2379 antecedens
1138 2338 1155 2392 ;
1200 2336 1348 2379 113111
1377 2320 1630 2398 ponitur

104 2415 222 2470 ante
260 2411 715 2490 praescientiam
752 2410 945 2472 futuri
995 2411 1255 2473 effectus
1282 2457 1297 2486 ,
1348 2418 1410 2473 et
1454 2418 1629 2474 ante-

104 2523 263 2582 quam
282 2505 409 2583 ipsa
421 2505 716 2566 voluntas
736 2504 1007 2582 seipsam
1028 2504 1423 2580 determinet,
1443 2506 1631 2567 etiam

104 2597 155 2656 in
175 2597 551 2676 praescientia
593 2597 845 2671 divina;
900 2616 1049 2677 ergo
1081 2600 1270 2659 etiam
1308 2599 1441 2661 haec
1476 2619 1633 2678 prae-

104 2689 343 2752 definitio
380 2691 543 2753 tollit
583 2691 957 2752 libertatem.
1009 2692 1104 2753 Ad
1138 2693 1307 2754 hanc
1338 2693 1631 2772 objectio-

104 2801 258 2858 nem,
296 2783 635 2847 dicendum
664 2789 759 2846 est
785 2786 848 2846 in
882 2792 1149 2866 utraque
1180 2793 1355 2866 parte
1386 2793 1633 2848 antece-

106 2877 275 2940 dentis
326 2881 591 2960 reperiri
644 2899 941 2960 magnam
1003 2881 1419 2942 differentiam
1470 2882 1635 2943 inter

106 2971 241 3034 hanc
274 2973 831 3053 praedefinitionem
875 2980 936 3035 et
976 2974 1164 3035 aliam
1210 2976 1639 3054 praedetermi-

106 3065 403 3129 nationem.
448 3069 557 3143 Et,
600 3073 671 3129 ut
701 3086 738 3129 a
763 3067 1091 3148 posteriori
1118 3068 1435 3147 incipiam,
1476 3087 1635 3149 prae-

108 3158 347 3222 definitio
385 3162 527 3222 haec
572 3180 700 3223 11011
734 3167 831 3222 est
869 3160 1230 3240 simpliciter
1258 3162 1635 3223 antecedens

108 3272 265 3314 usum
291 3255 620 3327 libertatiS,
666 3255 813 3334 quia
856 3254 1149 3333 supponit
1179 3255 1637 3333 praescientiam

110 3346 237 3425 ejus,
264 3348 473 3410 saltem
504 3352 583 3410 ut
607 3348 796 3409 futuri
820 3348 939 3409 sub
965 3348 1072 3410 tali
1100 3348 1475 3422 conditione,
1501 3348 1635 3409 sine

112 3456 210 3517 qua
240 3442 630 3518 praescientia
670 3440 841 3502 nullo
896 3440 1084 3502 modo
1130 3441 1386 3521 intelligi
1427 3447 1639 3521 posset

112 3532 223 3593 talis
251 3534 657 3611 praedefinitio
679 3580 695 3607 ‚
734 3534 854 3597 nisi
880 3534 1211 3596 includens
1240 3535 1529 3596 ordinem
1557 3534 1638 3596 ad

111 3626 393 3703 physicam
453 3627 1180 3707 praedeterminationem
1241 3628 1577 3690 voluntatis
1616 3648 1633 3701 ;

113 3720 251 3797 quia,
280 3722 512 3782 seclusa
550 3721 655 3781 illa
682 3721 1091 3799 praescientia,
1122 3740 1250 3781 non
1276 3726 1441 3783 esset
1468 3722 1640 3782 aliud

111 3813 349 3874 medium
378 3814 641 3875 omnino
675 3820 913 3875 certum
942 3820 1005 3876 et
1027 3814 1347 3876 infallibile
1372 3814 1455 3875 ad
1480 3833 1639 3894 prae·

114 3904 949 3987 definitionemimplcndam.
994 3911 1073 3969 At
1096 3926 1282 3981 vern,
1316 3908 1365 3968 si
1407 3925 1641 3987 suppo-

114 4002 271 4057 natur
287 4000 384 4060 ille
410 4017 757 4071 consensus
791 4000 953 4061 liber
978 3999 1256 4074 futurus,
1292 3999 1341 4059 si
1380 4001 1512 4060 haec
1539 3998 1640 4060 vel

118 4089 198 4149 illa
231 4092 484 4154 conditio
528 4092 927 4167 adhibeatur,
974 4091 1384 4173 praedefinitio
1426 4110 1503 4152 ex
1530 4091 1639 4153 tali

119 4185 499 4263 suppositione
528 4192 837 4266 concepta
858 4186 1111 4266 respicit
1140 4187 1475 4249 intrinsece
1498 4204 1643 4247 con-

121 4294 337 4338 sensum
376 4278 549 4339 illum
578 4279 849 4340 liberum
882 4325 897 4353 ,
956 4284 1025 4341 ut
1060 4280 1529 4359 perducendum
1560 4279 1643 4340 ad

121 4370 371 4431 effectum
412 4391 527 4451 per
582 4372 737 4433 illud
790 4373 1065 4433 medium
1086 4418 1103 4446 ,
1146 4392 1257 4433 seu
1305 4392 1419 4452 per
1471 4373 1643 4433 illam

122 4463 521 4539 conditionem,
566 4485 693 4545 qua
720 4464 944 4545 posita,
979 4466 1399 4546 praecognitus
1430 4472 1523 4527 est
1548 4466 1646 4527 in-

121 4554 412 4619 fallibiliter
425 4560 695 4621 futurus.
722 4560 852 4621 Hac
874 4578 1026 4638 ergo
1052 4560 1318 4632 ratione,
1343 4559 1473 4620 11ωο
1490 4577 1645 4638 prae-

122 4645 288 4709 finitio
324 4668 445 4712 non
479 4658 573 4714 est
618 4652 962 4732 suppositio
999 4651 1361 4731 simpliciter
1396 4656 1649 4712 antece-

126 4740 275 4815 dens,
298 4744 403 4806 sed
424 4764 787 4827 supponens
810 4745 1020 4825 aliquo
1040 4745 1229 4807 modo
1255 4764 1441 4806 usum
1465 4746 1647 4807 liber-

132 4834 277 4910 tatis,
315 4840 406 4899 cui
436 4858 575 4902 sese
614 4839 1049 4901 accommodat
1088 4838 1157 4899 in
1182 4839 1371 4900 modo
1412 4856 1540 4917 quo
1568 4838 1651 4899 ad

135 4932 517 4994 executionem
544 4933 929 5013 perducitur.
964 4931 1101 4993 Alia
1130 4950 1279 4993 vero
1309 4930 1652 5011 praedeter-

132 5022 347 5083 minatio
380 5032 473 5087 est
504 5026 867 5107 simpliciter
893 5024 1275 5087 antecedens
1296 5070 1314 5099 ,
1354 5030 1417 5085 et
1446 5024 1651 5085 solum

137 5131 197 5173 ex
214 5134 311 5177 sua
333 5120 389 5179 vi
416 5125 477 5181 et
504 5120 867 5182 efficacitate
896 5118 1084 5181 infert
1113 5119 1407 5181 effectum
1430 5140 1449 5194 3
1479 5117 1651 5179 unde

140 5224 201 5266 cx
216 5210 267 5269 vi
286 5209 437 5273 illius
456 5232 584 5274 non
612 5220 709 5276 est
726 5231 987 5275 necesse
1016 5212 1408 5274 occasionem
1430 5211 1529 5272 vel
1547 5230 1654 5290 op-

140 5306 535 5376 portunitatem
564 5308 832 5370 libertati
878 5306 1415 5368 accommodatam
1442 5306 1653 5366 obser-

140 5396 279 5469 vari;
312 5400 447 5477 quia
476 5419 587 5480 per
610 5420 677 5464 se
712 5407 773 5463 et
798 5402 859 5463 vi
886 5419 1004 5462 sua
1029 5399 1407 5463 determinat
1430 5400 1653 5459 volun-

140 5490 305 5550 tutem
338 5494 397 5555 in
431 5510 821 5575 quocumque
864 5499 1118 5568 eventu,
1160 5499 1224 5555 et
1252 5512 1397 5555 cum
1435 5494 1654 5571 quavis

148 5582 459 5659 cognitione
478 5587 693 5673 objecti
714 5608 729 5662 ;
766 5588 915 5673 quia
938 5588 1077 5676 ejus
1104 5585 1444 5651 necessitas
1470 5586 1533 5647 in
1557 5584 1655 5647 his

3206 441 3286 500 85

1716 559 1847 602 non
1876 542 2178 606 fundatur
2202 591 2216 620 ,
2268 544 2380 607 sed
2411 546 2472 604 in
2501 546 2632 607 sola
2663 547 3026 609 efficacitate
3058 553 3123 608 et
3150 565 3286 608 om·-

1716 635 2056 714 nipotentia
2087 638 2422 699 voluntatis
2447 639 2578 700 Dei.

1802 731 1901 790 13.
1945 729 2168 795 Posita
2209 733 2678 814 praedefinitione
2729 737 2900 796 actus
2925 779 2946 809 ‚
3003 734 3283 797 voluntas

1716 822 2080 902 simpliciter
2113 829 2314 906 potest
2343 823 2522 888 illum
2554 843 2674 886 non
2706 826 2960 902 efficere.
3002 858 3083 873 —
3131 825 3284 889 Stat

1717 919 1889 978 actus
1919 916 2336 995 infallibilitaa
2374 937 2508 982 cum
2545 918 2961 998 indifferentia
2991 919 3275 999 ejusdem.

1715 1037 1799 1052 -
1827 1009 2030 1085 Atque
2057 1011 2204 1071 hinc
2243 1011 2432 1072 etiam
2460 1009 2532 1072 fit
2559 1017 2630 1072 ut
2655 1012 3016 1090 simpliciter
3045 1029 3174 1071 non
3205 1011 3284 1072 sit

1718 1120 1942 1162 verum
1986 1103 2227 1178 dicere,
2271 1105 2472 1184 posita
2519 1104 3012 1185 praedefinitione
3060 1104 3276 1183 priori,

1715 1213 1841 1256 non
1884 1213 2070 1274 posse
2109 1198 2497 1260 voluntatem
2533 1199 2876 1258 humanam
2913 1215 3042 1258 non
3073 1197 3281 1258 facere

1715 1294 1925 1351 actum
1954 1291 2446 1370 praedefinitum3
2481 1291 2841 1370 simpliciter
2863 1291 3032 1352 enim
3051 1296 3277 1370 potest,

1716 1383 1865 1463 quia
1903 1383 2011 1444 illa
2053 1383 2460 1463 praedefinitio
2513 1402 2644 1445 non
2687 1385 2976 1444 immutat
3021 1383 3280 1444 modum

1716 1477 2017 1558 operandi
2055 1478 2227 1556 ejuS‚
2265 1497 2384 1539 nec
2426 1495 2541 1558 per
2581 1495 2721 1538 eam
2760 1475 3183 1557 praedefinitur
3212 1483 3282 1536 ut

1714 1589 1838 1632 non
1872 1572 2069 1650 possit
2097 1616 2114 1645 ,
2145 1572 2258 1632 sed
2289 1572 2492 1632 solum
2521 1574 2590 1631 ut
2614 1572 2736 1632 hoc
2757 1570 2943 1632 faciat
2962 1570 3130 1649 quod
3158 1569 3283 1630 fac-

1716 1669 1851 1726 tura
1878 1682 2016 1725 esse
2043 1666 2392 1744 praescitur,
2425 1666 2474 1726 si
2497 1668 2617 1727 hoc
2637 1665 2738 1725 vel
2759 1663 2863 1724 1110
2893 1663 3083 1724 1110ᾱο
3108 1663 3284 1723 111011-

1715 1763 1921 1819 netur.
1955 1759 2032 1818 Et
2055 1757 2196 1818 ideo
2229 1759 2365 1819 11ωο
2392 1765 2670 1839 potestas
2698 1776 2828 1818 non
2856 1761 2950 1817 est
2984 1756 3066 1816 ad
3095 1756 3282 1816 resis-

1715 1851 1976 1912 tendum
2000 1851 2302 1912 voluntati
2331 1852 2476 1924 Dei,
2520 1858 2654 1913 tum
2680 1851 2828 1930 quia
2855 1850 2958 1910 illa
2992 1848 3280 1910 voluntas

1711 1945 1828 2006 Dei
1854 1962 1982 2005 non
2009 1951 2216 2006 movet
2245 1944 2604 2007 immediate
2627 1947 2968 2005 humanam
2993 1943 3281 2003 volunta-

1712 2044 1936 2112 tem,et
1955 2039 2097 2100 ideo
2119 2057 2197 2100 ex
2214 2040 2334 2099 hac
2355 2045 2530 2119 parte
2547 2057 2806 2100 necesse
2823 2055 2949 2099 non
2969 2042 3063 2097 est
3083 2035 3166 2096 illi
3184 2053 3280 2096 re-

1714 2133 1931 2194 sistere
1953 2152 1968 2205 ;
1995 2137 2126 2192 tum
2153 2133 2344 2193 etiam
2371 2133 2520 2210 quia
2547 2151 2676 2193 non
2700 2130 2970 2211 disponit
2995 2139 3066 2190 ut
3101 2135 3278 2190 actus

1710 2224 1820 2286 fiat
1849 2225 1985 2286 sine
2013 2226 2290 2304 potentia
2321 2225 2402 2286 ad
2431 2226 2810 2305 oppositum,
2849 2242 2968 2284 1100
3001 2223 3121 2284 alio
3147 2241 3279 2284 mo-

1711 2317 1792 2379 do
1824 2337 2013 2397 quam
2042 2320 2363 2398 proescitus
2393 2324 2487 2380 est
2512 2338 2527 2392 ;
2573 2325 2636 2380 et
2663 2319 2806 2379 ideo
2835 2337 2913 2380 ex
2939 2317 3060 2380 hac
3089 2318 3276 2379 etiam

1709 2419 1886 2492 parte
1926 2413 2032 2472 illa
2071 2414 2345 2492 potentia
2379 2431 2509 2474 11011
2540 2418 2634 2474 est
2672 2413 2753 2474 ad
2794 2410 3275 2493 repugnandum

1712 2505 1935 2568 divinae
1961 2504 2288 2578 voluntati,
2320 2507 2605 2585 quamvis
2635 2507 2712 2566 sit
2749 2507 3026 2584 potentia
3055 2505 3136 2565 ad
3165 2505 3279 2564 im-

1710 2598 2095 2678 pediendum
2146 2599 2435 2659 effectum
2477 2615 2666 2678 quem
2715 2599 2878 2658 Deus
2920 2597 3280 2678 praedefini-

1710 2693 1799 2754 vit
1824 2697 1893 2752 ut
1917 2691 2048 2766 fiat,
2081 2693 2227 2772 quia
2258 2691 2442 2752 simul
2472 2690 2886 2772 praedefinivit
2915 2698 2984 2752 ut
3013 2690 3279 2769 impedi-

1714 2785 1919 2846 biliter
1941 2784 2052 2845 fiat
2079 2784 2172 2864 (ut
2200 2785 2286 2845 sic
2321 2785 2576 2864 dicam),
2609 2787 2670 2844 et
2697 2789 2906 2844 tamen
2942 2782 3281 2843 infallibili-

1714 2887 1810 2942 ter
1839 2899 1855 2952 ;
1896 2881 2034 2941 haec
2073 2879 2242 2940 enim
2269 2879 2394 2940 duo
2431 2897 2558 2940 non
2587 2883 2978 2959 repugnant,
3011 2884 3084 2938 ut
3117 2878 3281 2938 benc

1715 2972 2058 3035 declaravit
2086 2973 2359 3046 Fert-ar„
2409 2975 2430 3033 1
2464 2976 2631 3034 cont.
2663 2973 2872 3049 Gent.,
2900 2990 3039 3050 cap.
3072 2972 3175 3044 85,
3205 2987 3285 3030 ex

1715 3069 1787 3129 D.
1817 3067 2080 3141 Thoma,
2112 3071 2331 3147 quaest.
2356 3069 2436 3129 23
2460 3066 2538 3128 de
2561 3067 2856 3139 Veritate,
2885 3071 3001 3127 art.
3027 3067 3091 3139 5,
3115 3064 3196 3126 ad
3218 3066 3278 3135 3,

1718 3165 1780 3223 et
1812 3162 1992 3240 juxta
2019 3161 2277 3221 modum
2308 3179 2345 3221 a
2373 3160 2552 3221 uobis
2595 3160 2968 3239 expositum,
3003 3176 3132 3219 non
3171 3157 3283 3217 ob-

1718 3273 1897 3317 scure
1929 3255 2120 3315 intelli
2128 3255 2326 3335 gitur;
2355 3255 2516 3315 sicut
2540 3254 2754 3327 etiam,
2785 3252 3108 3332 supposita
3131 3269 3284 3329 prae-

1720 3348 1980 3410 scientia
2008 3348 2143 3423 Dei,
2173 3366 2432 3427 possum
2460 3346 2865 3408 nihilominus
2894 3364 3024 3405 non
3047 3344 3278 3407 facero.

1720 3441 2004 3522 quamvis
2023 3459 2348 3520 nunquam
2369 3440 2548 3501 aliter
2569 3440 2796 3501 faciam
2819 3457 3010 3519 quam
3033 3438 3110 3499 sit
3128 3456 3285 3518 prae-

1722 3534 1967 3596 scitum.
2011 3534 2226 3595 Solum
2264 3551 2412 3612 ergo
2442 3532 2578 3617 fieri
2612 3552 2742 3594 non
2769 3536 2974 3612 potest
3001 3537 3070 3593 ut
3099 3530 3284 3591 simul

1719 3632 2036 3709 ponantur
2064 3628 2164 3687 vel
2195 3632 2652 3705 componantur
2679 3627 2815 3687 11ωο
2843 3626 2991 3697 (1110,
3023 3626 3280 3694 scilicet,

1722 3720 1960 3799 aliquid
1992 3738 2128 3781 esse
2163 3720 2518 3799 praescitum
2559 3720 2662 3781 vel
2700 3720 3181 3799 praedefinitum,
3225 3721 3287 3778 et

1720 3815 1783 3874 111
1814 3814 2040 3875 effectu
2067 3832 2140 3874 ac
2163 3833 2231 3874 re
2261 3814 2396 3891 ipsa
2417 3832 2544 3874 non
2572 3812 2744 3889 fier-ij
2777 3814 2914 3873 haec
2935 3813 3102 3873 enim
3124 3830 3288 3875 com-

1720 3907 1943 3987 positio
1973 3905 2230 3967 includit
2253 3906 2760 3986 repugnantiam,
2793 3906 2874 3966 ad
2895 3924 3087 3985 quam
3114 3903 3288 3965 1111113

1719 4004 1925 4078 potest
1955 4016 2092 4059 esse
2113 3999 2414 4077 potentia.
2450 4000 2687 4059 Tamen
2711 3998 2848 4059 haec
2871 3996 3290 4077 repugnantia

1720 4111 1847 4169 non
1896 4092 2092 4152 oritur
2133 4110 2210 4151 ex
2255 4091 2386 4153 sola
2417 4092 2476 4152 vi
2521 4097 2583 4153 et
2623 4090 2988 4152 causalitate
3024 4089 3288 4168 alicujus

1723 4184 2186 4263 suppositionis,
2232 4184 2345 4246 sed
2375 4203 2452 4245 ex
2480 4202 2554 4245 eo
2585 4184 2756 4262 quod
2785 4202 2900 4263 per
2925 4182 3290 4263 praedictam

1721 4276 2175 4355 praescientiam
2243 4278 2614 4357 supponitur
2685 4276 2827 4337 talis
2891 4294 3042 4336 usus
3106 4274 3290 4336 liberi

1728 4370 1964 4431 arbitrii
2003 4370 2250 4431 futurus
2288 4388 2433 4430 cum
2472 4371 2580 4431 tali
2619 4369 3016 4441 conditione;
3062 4374 3123 4430 et
3147 4368 3290 4429 ideo

1726 4464 1831 4524 illa
1860 4464 2223 4538 necessitas,
2257 4482 2386 4524 non
2417 4470 2514 4525 est
2545 4464 2668 4524 alia
2696 4482 2886 4543 quam
2930 4464 3032 4523 illa
3061 4463 3138 4523 de
3169 4482 3294 4542 qua

1726 4558 1879 4619 dixit
1913 4557 2298 4630 AristoteleS,
2341 4574 2474 4617 rem
2501 4556 2754 4637 quando
2787 4562 2901 4628 ost,
2935 4556 3292 4617 necessario

1730 4669 1901 4724 esse;
1949 4668 2130 4712 secus
2169 4669 2318 4711 vero
2368 4658 2462 4712 est
2505 4652 2572 4711 in
2612 4650 2736 4711 alia
2786 4649 3294 4729 praedetermina-

1729 4744 1899 4806 tione
1924 4744 2209 4823 physica,
2242 4762 2355 4823 per
2383 4762 2574 4824 quam
2603 4744 2815 4804 divina
2846 4743 3138 4804 voluntas
3163 4742 3296 4802 effi-

1732 4837 1961 4899 caciter
1985 4836 2113 4917 agit
2140 4838 2205 4897 in
2233 4838 2576 4898 humanam
2609 4856 2625 4910 3
2671 4844 2734 4899 et
2766 4837 2907 4897 ideo
2939 4835 3300 4916 simpliciter

1735 4930 2112 5011 impossihile
2143 4937 2238 4992 est
2261 4936 2329 4990 ut
2347 4929 2432 4990 illi
2460 4930 2726 5003 resistat,
2759 4948 3026 5009 eamque
3051 4927 3132 4990 ob
3153 4947 3302 4989 cau-

1735 5042 1893 5095 sam,
1924 5023 2123 5103 posita
2156 5022 2258 5083 1113
2287 5024 2737 5103 suppositione,
2781 5024 3144 5103 simpliciter
3169 5041 3302 5083 non

1732 5122 1938 5196 potest
1974 5116 2262 5177 voluntas
2303 5118 2583 5177 humana
2621 5136 2750 5178 11011
2783 5116 2991 5178 facere
3033 5122 3142 5177 aut
3174 5134 3302 5176 non

1734 5210 2086 5272 consentire
2122 5256 2142 5285 ‚
2187 5210 2377 5289 idque
2433 5228 2562 5271 non
2617 5230 2693 5273 ex
2741 5210 3299 5290 proesuppositione

1734 5303 1827 5365 sui
1857 5302 2036 5363 liberi
2065 5322 2237 5377 usus,
2268 5302 2380 5363 sed
2411 5322 2488 5365 ex
2511 5304 2572 5365 vi
2600 5310 2662 5365 et
2689 5303 2965 5365 efficacia
2991 5302 3133 5363 talis
3160 5320 3303 5381 sup-

1733 5396 2080 5477 positioniS,
2111 5403 2172 5458 et
2193 5397 2561 5475 impotentia
2587 5397 2943 5465 intrinseca,
2977 5414 3166 5474 quam
3195 5396 3304 5455 ha-

1733 5490 1841 5552 het
1878 5490 1962 5551 ad
1993 5490 2413 5551 resistendum
2451 5490 2560 5550 illi.
2603 5491 2679 5551 Et
2717 5488 2856 5549 haec
2898 5488 2976 5549 de
3021 5487 3306 5551 libertate

1736 5583 1950 5663 quoad
1981 5583 2367 5645 exercitium.
