3850 6225
780 396 913 447 CAP.
951 397 1077 448 XIV.
1113 395 1409 458 Quonono
1441 397 1795 452 coNcnRsus
1827 397 2048 450 CAUSAE
2079 399 2288 451 PRlMAE.
2317 401 2402 451 Au
2433 400 2652 463 ACTUS,
2685 401 2818 452 mc.

174 495 293 555 sed
316 494 402 555 ibi
445 514 571 555 nou
614 496 741 575 agit
769 497 847 558 (le
876 499 1155 577 generali
1185 516 1492 560 concursu
1528 499 1745 578 primoe

173 607 411 662 causae,
442 591 557 652 sed
586 591 665 652 de
696 593 927 654 auxilio
956 595 1127 672 quud
1168 595 1335 654 Deus
1362 594 1469 656 dat
1497 593 1595 653 vel
1642 611 1749 653 ne·-

174 689 289 762 gat
318 685 696 762 quibusdam
734 687 1093 748 hominibus
1140 688 1535 768 singulariter
1566 688 1749 748 indu-

170 777 332 836 ratis
352 797 369 848 ;
402 784 467 838 et
488 778 635 839 dicit
660 780 973 840 interdum
994 799 1231 860 negare
1254 784 1453 844 Deum
1478 781 1747 860 speciale

103 901 111 906 -
174 871 508 948 auxilium,
538 891 667 934 non
692 892 843 934 vero
866 877 1161 953 generale
1188 877 1423 956 gratim,
1448 893 1573 956 quo
1603 894 1749 936 con·

171 967 341 1026 verti
378 971 656 1045 possent,
690 969 742 1028 si
774 975 935 1030 totas
956 971 1121 1032 vires
1152 977 1547 1043 exercerent3
1580 969 1751 1048 quod

174 1059 232 1118 si
264 1059 559 1122 fecissent
598 1067 667 1121 ut
704 1081 925 1124 revera
964 1070 1241 1142 possent,
1293 1065 1545 1126 veniam
1590 1063 1751 1124 obti-

172 1158 431 1214 nerent.
466 1154 615 1224 Quae
664 1157 959 1216 doctrinae
1015 1163 1243 1218 nostrae
1286 1176 1415 1218 non
1460 1157 1749 1218 adversa-

178 1252 309 1319 tur,
342 1247 455 1308 sed
493 1249 701 1328 potius
725 1251 809 1310 illi
845 1251 1045 1323 favet3
1088 1253 1277 1313 sentit
1312 1252 1481 1312 enim
1522 1269 1749 1314 conco-

176 1339 515 1402 mitantem
562 1360 935 1404 concursum
964 1346 1235 1423 positum
1278 1363 1416 1408 esse
1444 1344 1511 1404 in
1556 1363 1749 1404 manu

176 1434 481 1507 homini3‚
514 1435 684 1512 quod
714 1455 829 1496 nos
856 1439 1171 1516 praecipue
1198 1438 1603 1500 intendimus,

262 1528 589 1590 conradus
645 1532 703 1590 4.
764 1534 827 1604 2,
876 1537 1095 1610 quaest.
1148 1533 1245 1606 10,
1288 1538 1402 1594 art.
1453 1535 1511 1606 Ι,
1560 1531 1643 1592 ad
1686 1533 1744 1605 3,

180 1640 333 1681 cum
362 1621 617 1683 dixisset
646 1626 845 1684 Deum
886 1643 1023 1684 esse
1064 1626 1337 1703 primum
1374 1625 1748 1704 principium

178 1715 843 1777 movensintellectum
862 1723 923 1778 et
936 1717 1341 1782 voluntatem,
1363 1717 1591 1778 subdit:
1624 1717 1757 1780 Sed

180 1809 317 1870 dico
336 1810 493 1888 quod
514 1809 853 1872 intellectus
876 1817 935 1874 et
958 1812 1261 1884 volumtas,
1306 1813 1533 1874 virtute
1564 1813 1749 1891 hujus

170 1901 501 1982 principii,
518 1904 891 1966 naturaliter
902 1911 960 1967 et
972 1905 1175 1984 primo
1192 1906 1447 1967 tendunt
1458 1905 1525 1966 in
1540 1906 1751 1967 bonum

182 2000 244 2056 et
268 2013 477 2056 cmm
524 2014 860 2068 commune,·
889 1999 997 2059 sed
1012 2000 1098 2060 ad
1136 1999 1513 2078 particulare
1538 1999 1751 2060 bonum

181 2088 469 2151 voluntas
495 2090 755 2168 seipsam
783 2091 1141 2153 determinat
1165 2110 1277 2172 per
1308 2092 1623 2154 consilium
1646 2110 1751 2154 ra—

186 2181 395 2244 tionis.
428 2182 539 2244 Ita
572 2184 733 2262 quod
755 2183 919 2246 illud
949 2186 1218 2246 exterius
1248 2183 1623 2266 principium
1661 2189 1751 2246 est

178 2292 373 2336 causa
396 2275 769 2339 universalis
798 2279 995 2338 omnis
1020 2277 1335 2340 interioris
1363 2284 1586 2350 motus,
1630 2296 1749 2338 non

175 2374 383 2430 tamem
442 2366 661 2430 adimit
713 2369 1014 2432 voluntati
1074 2371 1412 2434 libertatem
1470 2373 1749 2434 determi-

172 2462 369 2524 nandi
408 2479 470 2523 se
501 2463 584 2523 ad
610 2462 717 2525 hoc
744 2462 834 2524 tel
862 2463 1024 2525 illud
1046 2465 1280 2526 bonum.

248 2557 431 2626 Som,
468 2554 671 2633 primo
696 2553 775 2614 (le
806 2557 1041 2616 Natura
1083 2560 1145 2618 et
1190 2557 1413 2637 gratia,
1456 2575 1597 2637 cap.
1642 2559 1743 2630 16,

166 2654 393 2725 aperte
420 2647 587 2708 favet
626 2648 771 2708 huic
800 2652 1162 2724 sententiae3
1192 2669 1343 2710 nam
1376 2652 1640 2730 loquens
1662 2652 1745 2712 de

166 2743 759 2821 supernaturalibus
800 2745 1061 2818 actibuS,
1090 2746 1217 2807 duo
1252 2747 1369 2808 dici
1398 2747 1581 2807 valde
1628 2765 1745 2806 no-

166 2837 367 2898 tanda
402 2855 417 2896 :
447 2855 648 2898 unum
678 2844 792 2910 est,
826 2838 1169 2900 motionem
1194 2842 1327 2913 Dei,
1360 2859 1485 2918 qua
1514 2841 1739 2919 posita,

164 2931 461 2992 voluntas
504 2937 717 2992 nostra
748 2933 1107 2994 necessario
1146 2939 1436 2994 movetur
1460 2934 1525 2993 in
1553 2952 1743 2994 sensu

167 3022 543 3102 composito,
592 3041 723 3084 non
762 3044 901 3086 esse
948 3025 1119 3086 aliud
1166 3045 1202 3086 a
1250 3044 1559 3088 concursu
1604 3027 1735 3096 Dei,

170 3136 365 3195 quem
404 3123 621 3179 tamen
662 3119 747 3179 ibi
794 3119 941 3181 dicit
982 3138 1121 3181 esse
1171 3120 1341 3199 prius
1380 3126 1605 3181 natura
1642 3120 1745 3181 vel

170 3211 647 3288 comparatione
675 3210 757 3273 ad
784 3212 1097 3286 effectum,
1129 3218 1193 3273 et
1218 3231 1347 3274 non
1374 3213 1455 3273 ad
1480 3232 1745 3274 concau-

168 3322 333 3372 sam,
380 3303 635 3377 scilicet,
686 3304 951 3366 liberum
992 3305 1358 3378 arbitrium;
1406 3306 1505 3367 vel
1553 3307 1743 3368 modo

172 3415 303 3473 quo
318 3397 655 3475 cajetanus
682 3398 741 3457 id
771 3398 1085 3477 explicuit,
1104 3405 1167 3460 et
1186 3405 1331 3461 ante
1352 3418 1497 3461 eum
1517 3402 1747 3479 Capre-

173 3490 337 3557 olus,
356 3489 437 3551 de
459 3489 775 3568 prioritate
788 3492 1310 3570 independentioe,
1334 3498 1399 3553 et
1423 3492 1489 3552 in
1514 3493 1747 3553 subsis-

170 3582 351 3644 tendi
381 3586 855 3661 consequentia,
887 3590 957 3647 ut
984 3604 1173 3663 supra
1216 3585 1601 3647 declaratum
1622 3592 1737 3647 est.

172 3676 363 3736 Aliud
404 3682 519 3749 est,
564 3678 765 3737 Deum
792 3696 920 3739 non
950 3696 1327 3739 concurrere
1352 3696 1495 3739 eum
1522 3679 1745 3739 volun-

166 3776 299 3829 tate
332 3769 533 3830 libera
560 3788 675 3849 per
710 3787 841 3831 suoe
880 3771 1217 3833 voluntatis
1246 3774 1457 3833 actum
1486 3772 1743 3833 omnino

170 3862 561 3935 absolutum,
588 3868 647 3927 et
664 3881 773 3944 per
806 3864 1177 3928 voluntatem
1206 3865 1452 3943 (inquit)
1481 3866 1745 3946 benepla-

172 3958 308 4027 citi,
352 3955 455 4019 oui
480 3972 603 4018 non
620 3962 819 4036 potest
846 3958 1079 4030 resisti,
1108 3958 1221 4019 sed
1246 3958 1565 4019 voluntate
1594 3976 1746 4036 qua-

175 4049 347 4119 dam,
392 4049 495 4109 cui
538 4049 749 4113 resisti
790 4055 1017 4129 potest.
1064 4051 1167 4113 Sic
1194 4049 1385 4130 igitur
1410 4051 1526 4111 ait:
1562 4050 1743 4125 Quid-

169 4142 321 4221 quid
332 4142 496 4203 Deus
526 4142 657 4205 vult
683 4144 989 4207 voluntate
1017 4143 1313 4215 absoluta,
1352 4148 1410 4206 et
1436 4162 1569 4224 quoe
1596 4144 1748 4207 dioc·-

174 4239 281 4295 ταν
304 4234 683 4314 beneplaciti,
710 4235 789 4309 fit
798 4236 995 4313 juxta
1016 4236 1181 4297 illud
1204 4261 1227 4297 .·
1272 4236 1584 4299 Voluntati
1610 4237 1745 4315 ejvs

174 4326 311 4407 quis
338 4328 585 4390 resistet
600 4328 629 4387 3
660 4326 907 4400 Quando
926 4333 1131 4391 motem
1149 4347 1285 4392 cum
1306 4329 1489 4391 libero
1514 4328 1744 4391 homine

173 4421 506 4491 concurrit,
534 4438 657 4483 non
682 4422 816 4484 vult
857 4420 1021 4485 illud
1048 4425 1211 4503 fleri,
1250 4422 1381 4485 nisi
1413 4423 1591 4485 salva
1638 4424 1743 4485 Im-

170 4532 355 4576 mana
402 4518 635 4577 natura
669 4519 727 4577 et
740 4510 949 4579 'libera
982 4518 1308 4590 voluntate,
1348 4534 1483 4595 quoe
1520 4516 1741 4579 idcirco

168 4608 455 4670 resistere
489 4609 611 4671 Deo
640 4613 862 4689 potest.
907 4612 1166 4671 Notetur
1194 4609 1547 4681 distinctim
1594 4628 1739 4669 nam

169 4719 315 4760 cum
365 4702 532 4761 hanc
573 4702 987 4779 posteriorem
1030 4702 1417 4763 voluntatem
1464 4720 1503 4763 a
1552 4703 1741 4781 priori

170 4794 521 4871 distinguit,
550 4800 613 4855 et
637 4793 909 4873 priorem
924 4801 1105 4857 vocat
1134 4796 1505 4867 absolutam,
1524 4796 1622 4856 cui
1650 4814 1745 4857 re-

172 4886 301 4946 sisti
338 4904 469 4946 non
493 4892 720 4965 potest,
751 4889 917 4949 hanc
949 4889 1359 4967 posteriorem
1402 4888 1589 4965 plane
1614 4889 1747 4949 vult

172 4998 309 5041 esse
334 4979 825 5041 conditionatam
848 5026 863 5053 ,
896 4988 960 5043 et
989 4981 1414 5043 conditionem
1454 4982 1747 5061 explicuit

172 5074 291 5134 illis
318 5073 527 5135 verbis
562 5091 575 5133 :
610 5072 765 5137 Nisi
790 5074 967 5137 salva
990 5074 1182 5137 libera
1212 5074 1542 5147 voluntate,
1574 5075 1745 5153 quod

170 5185 289 5227 nos
334 5166 475 5227 aliis
519 5167 728 5227 verbis
768 5166 1039 5229 diximus
1084 5186 1099 5227 :
1143 5167 1475 5229 voluntate
1522 5185 1746 5245 coope-

172 5266 351 5321 rante
370 5259 588 5330 libera,
622 5266 687 5320 et
704 5278 836 5321 non
866 5260 1043 5321 alias.
1076 5264 1315 5321 Rursus
1344 5267 1597 5321 notetur
1614 5278 1741 5321 non

174 5352 345 5431 loqui
373 5352 453 5414 de
477 5352 801 5413 voluntate
828 5372 952 5432 qua
976 5372 1311 5433 possumus
1330 5352 1599 5432 operari,
1636 5353 1749 5413 sed

175 5464 299 5525 qua
341 5448 514 5508 Deus
541 5448 889 5520 concurrit;
922 5466 1093 5522 nam,
1136 5448 1281 5509 licet
1320 5448 1527 5525 priora
1556 5448 1747 5507 verba

176 5540 562 5613 sufficerent,
624 5544 835 5601 tamen
891 5540 1117 5603 darent
1165 5540 1375 5603 locum
1426 5538 1745 5601 inutilibus

3315 399 3396 460 75

1830 499 2328 561 distinctionibus
2375 507 2436 562 et
2487 502 2918 574 evasionibus;
2960 502 3022 561 in
3051 503 3258 563 verbis
3308 511 3399 564 ta-

1830 610 1977 651 men
2020 609 2158 670 quae
2188 594 2416 672 posuit,
2459 594 2668 654 nullus
2696 595 3193 674 tergiversationi
3221 597 3396 658 locus

1828 684 2220 765 relinquitur.
2268 688 2587 766 Denique,
2629 692 2881 750 notetur
2921 689 3092 768 quod
3133 690 3397 751 verbum

1830 779 2160 839 resistendi
2215 780 2364 842 facit
2417 782 2604 859 plane
2651 801 2907 842 sensum
2955 784 3390 863 compositum.

1830 871 2008 932 Unde
2048 872 2232 934 docet
2270 874 2558 934 eamdem
2603 876 2988 936 voluntatem
3040 894 3180 956 quae
3231 877 3396 938 suffi-

1831 965 1910 1025 cit
1937 969 2004 1024 ut
2029 966 2196 1026 Deus
2216 967 2544 1028 nobiscum
2565 973 2880 1047 operetur,
2908 987 3093 1047 posse
3111 969 3397 1030 frustrari

1831 1059 2060 1119 effectu
2089 1079 2164 1120 cx
2199 1067 2414 1122 nostra
2457 1062 2779 1135 libertate;
2814 1063 2982 1141 quod
3007 1068 3102 1124 est-
3135 1081 3399 1124 concur-

1828 1171 1969 1212 sum
1997 1155 2130 1215 dari
2177 1154 2658 1231 indifferentem,
2686 1161 2874 1235 prout
2919 1156 3392 1219 declaravimus,

1912 1249 2082 1326 Vega
2115 1248 2302 1308 etiam
2333 1249 2478 1310 huic
2509 1250 2832 1310 sententiae
2861 1249 3048 1322 favet,
3103 1250 3210 1310 lib.
3253 1253 3294 1310 6
3329 1250 3396 1309 in

1828 1339 2198 1414 Tridentin„
2228 1359 2282 1401 c.
2318 1343 2382 1413 6,
2425 1342 2576 1402 dum
2609 1343 2696 1404 ait
2729 1360 3104 1404 concursum
3139 1343 3250 1403 Dei
3291 1361 3397 1423 ge-

1828 1434 2114 1495 neralem
2153 1453 2290 1494 esse
2319 1435 2678 1496 immediate
2712 1437 2781 1496 iu
2817 1442 3124 1515 potestate
3156 1442 3392 1510 nostra,

1831 1529 2020 1586 etiam
2053 1527 2306 1605 quando
2336 1546 2462 1588 non
2485 1547 2858 1608 operamur;
2893 1530 3012 1591 hoc
3037 1530 3201 1590 enim
3233 1536 3396 1592 esset

1829 1621 2214 1700 impossibile
2239 1621 2289 1680 si
2306 1621 2432 1680 ulla
2454 1623 3020 1700 praedetcrminatio
3041 1625 3394 1684 necessaria

1832 1721 2019 1786 esset,
2043 1716 2214 1792 quia,
2244 1720 2310 1775 ut
2334 1715 2739 1790 ostendimus,
2766 1717 2870 1776 illa
2895 1717 3396 1795 praedetermina·

1834 1806 1915 1868 tio
1947 1826 2072 1867 non
2105 1815 2199 1869 est
2237 1809 2300 1869 in
2337 1813 2644 1887 potestate
2683 1817 2917 1871 nostra.
2956 1812 3134 1873 Unde
3164 1812 3397 1872 ibidem

1832 1901 2018 1960 sentit
2049 1919 2404 1980 repugnare
2422 1901 2714 1976 libertati,
2739 1903 2974 1982 aliquid
3000 1923 3136 1966 esse
3178 1923 3398 1966 neces-

1832 1995 2066 2054 sarium
2081 1995 2162 2055 ad
2184 1995 2594 2074 operandum,
2615 1997 2784 2074 quod
2800 1998 2900 2058 vel
2921 1999 3108 2058 homo
3117 2000 3250 2077 jam
3267 2017 3394 2059 non

1832 2088 2085 2156 habeat,
2115 2088 2213 2148 vel
2238 2105 2368 2148 non
2393 2088 2556 2149 sitin
2583 2089 2855 2151 hominis
2875 2097 3204 2168 potestate.
3236 2092 3398 2163 Qua-

1830 2199 1899 2241 re
1931 2181 2100 2258 quod
2139 2180 2308 2240 idem
2331 2182 2528 2260 Vega,
2573 2183 2794 2243 eodem
2815 2184 2996 2256 libr0‚
3029 2203 3166 2262 cap.
3191 2186 3253 2257 4,
3285 2183 3391 2255 ait,

1831 2273 2124 2334 effectum
2149 2291 2356 2334 causoe
2385 2274 2680 2335 secundae
2703 2275 3103 2355 principalius
3132 2295 3203 2336 ac
3223 2276 3398 2354 prius

1832 2384 1972 2426 esse
2013 2385 2048 2426 a
2081 2366 2304 2446 prima,
2363 2368 2514 2446 quia
2557 2386 2750 2430 causa
2797 2370 3000 2446 prima
3049 2375 3258 2430 movet
3299 2385 3398 2430 se-

1830 2459 2102 2519 cundam
2138 2459 2219 2520 ad
2249 2461 2588 2538 agendum,
2635 2461 2876 2538 et2facit
2905 2480 3018 2522 suo
3053 2463 3288 2522 influxu
3337 2469 3398 2524 et

1828 2553 2248 2632 applicatione
2299 2560 2366 2614 ut
2401 2554 2506 2614 ina
2544 2561 2871 2633 operetur3
2918 2557 3048 2616 haec
3091 2556 3394 2636 (inquam)

1826 2645 2234 2726 intelligenda
2295 2653 2462 2720 sunt,
2521 2649 2682 2708 sicut
2729 2648 2851 2708 alia
2895 2647 3120 2708 similia
3165 2651 3232 2709 in
3259 2650 3396 2710 aliis

1826 2741 2184 2800 auctoribus
2213 2739 2696 2815 declaravimuS,
2727 2741 2876 2820 quia
2905 2740 3062 2802 alias
3087 2741 3201 2802 sibi
3231 2747 3400 2802 esset

1826 2833 2198 2894 contrarius·

1906 2927 2219 3002 Corduba,
2265 2928 2422 2989 libro
2477 2929 2678 3008 primo
2728 2929 3153 3002 Quaestionum
3195 2931 3394 2990 Theo-

1824 3019 2190 3098 logicarum,
2231 3027 2447 3099 quaest.
2480 3023 2578 3093 55,
2622 3022 2773 3083 dub.
2813 3024 2874 3098 8,
2905 3022 3232 3082 tractando
3261 3023 3398 3101 opi-

1824 3111 2078 3175 nionem
2137 3117 2198 3187 3,
2257 3134 2394 3194 quae
2443 3122 2538 3176 est
2591 3116 2776 3189 Secti,
2834 3115 2993 3177 infra
3041 3117 3125 3177 ait
3177 3118 3402 3177 volun-

1822 3211 2018 3267 tatem
2055 3212 2334 3269 nostram
2379 3208 2798 3270 determinare
2843 3210 3116 3270 divinam
3152 3255 3168 3282 ‚
3225 3211 3398 3288 prius

1824 3306 2050 3361 natura
2100 3318 2290 3378 quam
2337 3302 2471 3381 ipsa
2519 3320 2587 3362 se
2630 3302 3006 3364 determinet
3061 3303 3143 3362 ad
3187 3303 3398 3363 volen-

1828 3393 1978 3454 dum
2013 3400 2075 3455 et
2115 3396 2618 3457 concurrendum
2649 3414 2792 3457 cum
2823 3401 3034 3456 nostra
3072 3398 3395 3457 voluntate

1826 3486 1907 3546 ad
1932 3489 2408 3566 productionem
2433 3489 2570 3549 talis
2599 3494 2806 3561 actus;
2844 3492 2908 3549 et
2935 3489 3084 3549 dub.
3119 3492 3218 3562 10,
3255 3494 3398 3567 post

1826 3580 2032 3641 varias
2079 3582 2444 3655 solutioneS,
2489 3582 2798 3661 approbat
2841 3582 3214 3643 sententiam
3245 3582 3398 3643 Gre-

1827 3674 1985 3751 gorii
2025 3680 2089 3735 et
2132 3675 2398 3735 aliorum
2453 3694 2644 3754 supra
2703 3674 2989 3748 relatam,
3019 3675 3304 3753 quamvis
3331 3676 3396 3735 in

1828 3768 1965 3845 ejus
2019 3769 2434 3848 explicatione
2463 3769 2766 3830 nonnulla
2811 3770 2976 3829 dicat
3030 3788 3170 3848 quae
3213 3768 3396 3829 nobis

1826 3879 1956 3921 non
1983 3864 2364 3942 probantur;
2415 3868 2476 3925 et
2519 3863 2868 3941 praesertim
2915 3862 3086 3941 quod
3133 3881 3398 3923 concur-

1829 3973 1936 4014 sus
1988 3956 2082 4016 vel
2132 3957 2566 4017 determinatio
2627 3962 2856 4017 nostrae
2913 3956 3250 4017 voluntatis
3319 3957 3397 4016 sit

1823 4048 1995 4126 prior
2021 4056 2248 4111 natura
2276 4068 2466 4129 quam
2498 4068 2838 4111 concursus
2862 4050 2996 4121 Dei,
3033 4056 3095 4111 et
3123 4050 3190 4110 in
3233 4050 3398 4129 prio-

1828 4144 1879 4204 ri
1937 4142 2210 4221 quodam
2241 4143 2420 4222 signo
2449 4143 2843 4205 modificetur
2883 4143 3172 4203 voluntas
3212 4142 3324 4202 Dei
3357 4162 3394 4203 a

1826 4242 2063 4308 nostra,
2117 4242 2182 4297 et
2235 4237 2300 4296 in
2341 4236 2462 4297 alio
2503 4237 2848 4315 posteriore
2889 4237 3068 4313 signo
3107 4237 3394 4297 voluntas

1823 4330 1936 4391 Dei
1961 4330 2107 4391 velit
2147 4330 2556 4391 determinate
2601 4348 2972 4392 concurrere
3001 4348 3148 4391 cum
3174 4336 3391 4390 nostra

1822 4424 2142 4484 voluntate
2167 4424 2250 4484 ad
2275 4430 2484 4485 actum
2527 4424 3036 4486 determinatum.
3073 4423 3220 4497 Sed,
3251 4442 3394 4485 cum

1824 4518 1960 4577 haec
1973 4518 2055 4577 ad
2071 4536 2348 4586 causam,
2371 4516 2450 4577 de
2469 4536 2592 4597 qua
2609 4518 2874 4596 agimus,
2889 4523 3246 4579 necessaria
3263 4536 3392 4578 non

1826 4611 1982 4683 sint,
2026 4608 2244 4672 eorum
2285 4614 2672 4691 impugnatio
2717 4613 2798 4674 ad
2839 4630 3114 4691 praesens
3149 4613 3396 4673 institu-

1824 4709 1960 4766 tum
2003 4723 2130 4765 non
2177 4706 2418 4767 attinet.
2461 4708 2650 4768 Nobis
2677 4708 2826 4767 satis
2863 4713 2958 4767 est
2987 4708 3154 4767 hunc
3205 4706 3392 4766 etiam

1825 4804 2148 4859 auctorem
2196 4800 2624 4861 necessarium
2670 4801 3056 4861 existimasse
3084 4844 3099 4872 ,
3153 4800 3234 4860 ad
3274 4799 3392 4860 sal-

1826 4891 2099 4951 vandam
2116 4891 2472 4953 libertatem
2487 4899 2792 4965 nostram,
2823 4898 2892 4953 ut
2923 4910 3264 4953 concursus
3278 4892 3389 4952 Dei

1829 4986 2128 5047 offeratur
2155 4986 2539 5060 indifferenS,
2571 4992 2634 5047 et
2657 5006 2790 5048 non
2817 4986 3270 5049 determinetur
3311 4988 3392 5047 ad

1827 5098 2028 5139 unum
2063 5080 2196 5140 sine
2223 5080 2542 5141 voluntate
2575 5087 2812 5141 nostra.

2483 5344 2744 5364 *-
