<?xml version="1.0" encoding="UTF-8"?>
<!DOCTYPE html PUBLIC "-//W3C//DTD XHTML 1.0 Transitional//EN"
    "http://www.w3.org/TR/xhtml1/DTD/xhtml1-transitional.dtd">
<html xmlns="http://www.w3.org/1999/xhtml" xml:lang="en" lang="en">
 <head>
  <title>
</title>
<meta http-equiv="Content-Type" content="text/html;charset=utf-8" />
  <meta name='ocr-system' content='tesseract 3.04.00' />
  <meta name='ocr-capabilities' content='ocr_page ocr_carea ocr_par ocr_line ocrx_word'/>
</head>
<body>
  <div class='ocr_page' id='page_1' title='image "./rpfranciscisuar01duvagoog_0334.png"; bbox 0 0 3850 6225; ppageno 0'>
   <div class='ocr_carea' id='block_1_1' title="bbox 505 352 661 418">
    <p class='ocr_par' dir='ltr' id='par_1_1' title="bbox 505 352 661 418">
     <span class='ocr_line' id='line_1_1' title="bbox 505 352 661 418; baseline 0 0"><span class='ocrx_word' id='word_1_1' title='bbox 505 352 661 418; x_wconf 76' lang='lat'><strong>320.</strong></span> 
     </span>
    </p>
   </div>
   <div class='ocr_carea' id='block_1_2' title="bbox 496 463 2075 5579">
    <p class='ocr_par' dir='ltr' id='par_1_2' title="bbox 497 463 2071 2395">
     <span class='ocr_line' id='line_1_2' title="bbox 499 463 2067 538; baseline -0.002 -13"><span class='ocrx_word' id='word_1_2' title='bbox 499 463 716 525; x_wconf 89' lang='lat' dir='ltr'><strong>batum</strong></span> <span class='ocrx_word' id='word_1_3' title='bbox 751 468 846 523; x_wconf 90' lang='lat' dir='ltr'><strong>est</strong></span> <span class='ocrx_word' id='word_1_4' title='bbox 878 463 944 523; x_wconf 91' lang='lat' dir='ltr'><strong>in</strong></span> <span class='ocrx_word' id='word_1_5' title='bbox 971 463 1078 524; x_wconf 91' lang='lat' dir='ltr'><strong>lib.</strong></span> <span class='ocrx_word' id='word_1_6' title='bbox 1109 465 1146 526; x_wconf 87' lang='lat'>3</span> <span class='ocrx_word' id='word_1_7' title='bbox 1189 463 1268 524; x_wconf 87' lang='lat' dir='ltr'><strong>de</strong></span> <span class='ocrx_word' id='word_1_8' title='bbox 1299 464 1588 538; x_wconf 77' lang='lat' dir='ltr'><strong>Auxiliis3</strong></span> <span class='ocrx_word' id='word_1_9' title='bbox 1638 483 1808 524; x_wconf 88' lang='lat' dir='ltr'><strong>nunc</strong></span> <span class='ocrx_word' id='word_1_10' title='bbox 1852 470 2067 523; x_wconf 88' lang='lat' dir='ltr'><strong>autem</strong></span> 
     </span>
     <span class='ocr_line' id='line_1_3' title="bbox 497 555 2068 638; baseline -0.001 -21"><span class='ocrx_word' id='word_1_11' title='bbox 497 557 816 638; x_wconf 87' lang='lat' dir='ltr'><strong>loquimur</strong></span> <span class='ocrx_word' id='word_1_12' title='bbox 837 557 1076 636; x_wconf 86' lang='lat' dir='ltr'><strong>absque</strong></span> <span class='ocrx_word' id='word_1_13' title='bbox 1103 557 1662 637; x_wconf 83' lang='lat' dir='ltr'><strong>praesuppositione</strong></span> <span class='ocrx_word' id='word_1_14' title='bbox 1685 556 1827 617; x_wconf 86' lang='lat' dir='ltr'><strong>talis</strong></span> <span class='ocrx_word' id='word_1_15' title='bbox 1865 555 2068 616; x_wconf 86' lang='lat' dir='ltr'><strong>scien-</strong></span> 
     </span>
     <span class='ocr_line' id='line_1_4' title="bbox 500 649 2069 730; baseline -0.002 -19"><span class='ocrx_word' id='word_1_16' title='bbox 500 651 640 723; x_wconf 79' lang='lat' dir='ltr'><strong>tiae;</strong></span> <span class='ocrx_word' id='word_1_17' title='bbox 673 650 822 730; x_wconf 89' lang='lat' dir='ltr'><strong>quid</strong></span> <span class='ocrx_word' id='word_1_18' title='bbox 851 651 1022 712; x_wconf 91' lang='lat' dir='ltr'><strong>enim</strong></span> <span class='ocrx_word' id='word_1_19' title='bbox 1062 650 1460 712; x_wconf 88' lang='lat' dir='ltr'><strong>sentiendum</strong></span> <span class='ocrx_word' id='word_1_20' title='bbox 1505 650 1604 723; x_wconf 89' lang='lat' dir='ltr'><strong>sit,</strong></span> <span class='ocrx_word' id='word_1_21' title='bbox 1637 650 1740 710; x_wconf 91' lang='lat' dir='ltr'><strong>illa</strong></span> <span class='ocrx_word' id='word_1_22' title='bbox 1783 649 2069 728; x_wconf 89' lang='lat' dir='ltr'><strong>supposi-</strong></span> 
     </span>
     <span class='ocr_line' id='line_1_5' title="bbox 499 742 2065 824; baseline -0.001 -20"><span class='ocrx_word' id='word_1_23' title='bbox 499 749 584 818; x_wconf 88' lang='lat' dir='ltr'><strong>ta,</strong></span> <span class='ocrx_word' id='word_1_24' title='bbox 617 745 824 806; x_wconf 88' lang='lat' dir='ltr'><strong>statim</strong></span> <span class='ocrx_word' id='word_1_25' title='bbox 845 744 1146 806; x_wconf 76' lang='lat' dir='ltr'><strong>dicemuS.</strong></span> <span class='ocrx_word' id='word_1_26' title='bbox 1191 745 1282 806; x_wconf 88' lang='lat' dir='ltr'><strong>De</strong></span> <span class='ocrx_word' id='word_1_27' title='bbox 1320 745 1515 806; x_wconf 88' lang='lat' dir='ltr'><strong>altera</strong></span> <span class='ocrx_word' id='word_1_28' title='bbox 1543 763 1693 806; x_wconf 88' lang='lat' dir='ltr'><strong>vero</strong></span> <span class='ocrx_word' id='word_1_29' title='bbox 1723 749 1924 824; x_wconf 87' lang='lat' dir='ltr'><strong>parte,</strong></span> <span class='ocrx_word' id='word_1_30' title='bbox 1951 742 2065 804; x_wconf 86' lang='lat' dir='ltr'><strong>sci·</strong></span> 
     </span>
     <span class='ocr_line' id='line_1_6' title="bbox 498 837 2069 917; baseline 0 -21"><span class='ocrx_word' id='word_1_31' title='bbox 498 837 665 910; x_wconf 89' lang='lat' dir='ltr'><strong>licet,</strong></span> <span class='ocrx_word' id='word_1_32' title='bbox 695 838 772 898; x_wconf 92' lang='lat' dir='ltr'><strong>de</strong></span> <span class='ocrx_word' id='word_1_33' title='bbox 808 837 1124 898; x_wconf 87' lang='lat' dir='ltr'><strong>voluntate</strong></span> <span class='ocrx_word' id='word_1_34' title='bbox 1153 837 1588 910; x_wconf 84' lang='lat' dir='ltr'><strong>concurrendi,</strong></span> <span class='ocrx_word' id='word_1_35' title='bbox 1629 838 1760 917; x_wconf 82' lang='lat' dir='ltr'><strong>jam</strong></span> <span class='ocrx_word' id='word_1_36' title='bbox 1799 854 2069 916; x_wconf 84' lang='lat' dir='ltr'><strong>genera-</strong></span> 
     </span>
     <span class='ocr_line' id='line_1_7' title="bbox 501 929 2067 1002; baseline -0.003 -10"><span class='ocrx_word' id='word_1_37' title='bbox 501 930 644 992; x_wconf 80' lang='lat' dir='ltr'>liter</span> <span class='ocrx_word' id='word_1_38' title='bbox 682 930 914 992; x_wconf 88' lang='lat' dir='ltr'><strong>dictum</strong></span> <span class='ocrx_word' id='word_1_39' title='bbox 954 935 1070 1002; x_wconf 87' lang='lat' dir='ltr'><strong>est,</strong></span> <span class='ocrx_word' id='word_1_40' title='bbox 1123 937 1188 992; x_wconf 87' lang='lat' dir='ltr'><strong>et</strong></span> <span class='ocrx_word' id='word_1_41' title='bbox 1214 931 1322 990; x_wconf 89' lang='lat' dir='ltr'><strong>illa</strong></span> <span class='ocrx_word' id='word_1_42' title='bbox 1351 931 1564 992; x_wconf 87' lang='lat' dir='ltr'><strong>omnia</strong></span> <span class='ocrx_word' id='word_1_43' title='bbox 1605 949 1644 990; x_wconf 81' lang='lat' dir='ltr'><strong>a</strong></span> <span class='ocrx_word' id='word_1_44' title='bbox 1683 929 1919 991; x_wconf 84' lang='lat' dir='ltr'><strong>fortiori</strong></span> <span class='ocrx_word' id='word_1_45' title='bbox 1976 930 2067 988; x_wconf 85' lang='lat' dir='ltr'><strong>lo·</strong></span> 
     </span>
     <span class='ocr_line' id='line_1_8' title="bbox 501 1023 2067 1101; baseline -0.003 -15"><span class='ocrx_word' id='word_1_46' title='bbox 501 1043 646 1086; x_wconf 90' lang='lat' dir='ltr'><strong>cum</strong></span> <span class='ocrx_word' id='word_1_47' title='bbox 693 1025 926 1084; x_wconf 87' lang='lat' dir='ltr'><strong>habent</strong></span> <span class='ocrx_word' id='word_1_48' title='bbox 969 1025 1033 1084; x_wconf 88' lang='lat' dir='ltr'><strong>in</strong></span> <span class='ocrx_word' id='word_1_49' title='bbox 1077 1023 1318 1084; x_wconf 89' lang='lat' dir='ltr'><strong>actibus</strong></span> <span class='ocrx_word' id='word_1_50' title='bbox 1357 1024 1560 1096; x_wconf 90' lang='lat' dir='ltr'><strong>malis,</strong></span> <span class='ocrx_word' id='word_1_51' title='bbox 1597 1023 1742 1101; x_wconf 89' lang='lat' dir='ltr'><strong>quia</strong></span> <span class='ocrx_word' id='word_1_52' title='bbox 1775 1023 2067 1083; x_wconf 82' lang='lat' dir='ltr'><strong>voluntas</strong></span> 
     </span>
     <span class='ocr_line' id='line_1_9' title="bbox 501 1115 2069 1178; baseline -0.002 0"><span class='ocrx_word' id='word_1_53' title='bbox 501 1119 782 1178; x_wconf 89' lang='lat' dir='ltr'><strong>humana</strong></span> <span class='ocrx_word' id='word_1_54' title='bbox 818 1135 946 1176; x_wconf 89' lang='lat' dir='ltr'><strong>non</strong></span> <span class='ocrx_word' id='word_1_55' title='bbox 977 1122 1070 1178; x_wconf 88' lang='lat' dir='ltr'><strong>est</strong></span> <span class='ocrx_word' id='word_1_56' title='bbox 1111 1133 1188 1176; x_wconf 86' lang='lat' dir='ltr'><strong>ex</strong></span> <span class='ocrx_word' id='word_1_57' title='bbox 1221 1135 1286 1176; x_wconf 90' lang='lat' dir='ltr'><strong>se</strong></span> <span class='ocrx_word' id='word_1_58' title='bbox 1330 1117 1744 1178; x_wconf 85' lang='lat' dir='ltr'><strong>determinata</strong></span> <span class='ocrx_word' id='word_1_59' title='bbox 1797 1115 1882 1176; x_wconf 90' lang='lat' dir='ltr'><strong>ad</strong></span> <span class='ocrx_word' id='word_1_60' title='bbox 1932 1115 2069 1176; x_wconf 89' lang='lat' dir='ltr'><strong>illos</strong></span> 
     </span>
     <span class='ocr_line' id='line_1_10' title="bbox 501 1209 2069 1284; baseline -0.001 -12"><span class='ocrx_word' id='word_1_61' title='bbox 501 1211 856 1283; x_wconf 68' lang='lat' dir='ltr'><strong>faciendos»,</strong></span> <span class='ocrx_word' id='word_1_62' title='bbox 903 1211 1015 1271; x_wconf 89' lang='lat' dir='ltr'><strong>sed</strong></span> <span class='ocrx_word' id='word_1_63' title='bbox 1057 1210 1420 1270; x_wconf 83' lang='lat' dir='ltr'><strong>indifferens</strong></span> <span class='ocrx_word' id='word_1_64' title='bbox 1447 1257 1462 1284; x_wconf 92' lang='lat'><strong>,</strong></span> <span class='ocrx_word' id='word_1_65' title='bbox 1521 1229 1638 1272; x_wconf 89' lang='lat' dir='ltr'><strong>nec</strong></span> <span class='ocrx_word' id='word_1_66' title='bbox 1677 1211 1842 1271; x_wconf 89' lang='lat' dir='ltr'><strong>Deus</strong></span> <span class='ocrx_word' id='word_1_67' title='bbox 1877 1227 1957 1270; x_wconf 84' lang='lat' dir='ltr'><strong>ex</strong></span> <span class='ocrx_word' id='word_1_68' title='bbox 2008 1209 2069 1270; x_wconf 70' lang='lat' dir='ltr'><strong>vi</strong></span> 
     </span>
     <span class='ocr_line' id='line_1_11' title="bbox 501 1303 2071 1376; baseline -0.002 -12"><span class='ocrx_word' id='word_1_69' title='bbox 501 1304 835 1376; x_wconf 78' lang='lat' dir='ltr'><strong>voluntatis</strong></span> <span class='ocrx_word' id='word_1_70' title='bbox 875 1303 1291 1365; x_wconf 88' lang='lat' dir='ltr'><strong>concurrendi</strong></span> <span class='ocrx_word' id='word_1_71' title='bbox 1331 1303 1706 1364; x_wconf 82' lang='lat' dir='ltr'>determinat</span> <span class='ocrx_word' id='word_1_72' title='bbox 1745 1303 1937 1362; x_wconf 88' lang='lat' dir='ltr'><strong>illam.</strong></span> <span class='ocrx_word' id='word_1_73' title='bbox 1992 1304 2071 1362; x_wconf 78' lang='lat' dir='ltr'><strong>At</strong></span> 
     </span>
     <span class='ocr_line' id='line_1_12' title="bbox 499 1395 2070 1477; baseline -0.001 -20"><span class='ocrx_word' id='word_1_74' title='bbox 499 1417 648 1458; x_wconf 81' lang='lat' dir='ltr'><strong>vero</strong></span> <span class='ocrx_word' id='word_1_75' title='bbox 678 1443 695 1471; x_wconf 90' lang='lat'><strong>,</strong></span> <span class='ocrx_word' id='word_1_76' title='bbox 745 1395 1065 1477; x_wconf 89' lang='lat' dir='ltr'><strong>supposita</strong></span> <span class='ocrx_word' id='word_1_77' title='bbox 1110 1397 1407 1477; x_wconf 75' lang='lat' dir='ltr'><strong>praedicta</strong></span> <span class='ocrx_word' id='word_1_78' title='bbox 1465 1397 1720 1459; x_wconf 81' lang='lat' dir='ltr'><strong>scientia</strong></span> <span class='ocrx_word' id='word_1_79' title='bbox 1766 1395 2070 1458; x_wconf 88' lang='lat' dir='ltr'><strong>conditio-</strong></span> 
     </span>
     <span class='ocr_line' id='line_1_13' title="bbox 500 1490 2071 1570; baseline 0 -20"><span class='ocrx_word' id='word_1_80' title='bbox 500 1491 650 1564; x_wconf 85' lang='lat' dir='ltr'>nali,</span> <span class='ocrx_word' id='word_1_81' title='bbox 689 1498 752 1552; x_wconf 91' lang='lat' dir='ltr'><strong>et</strong></span> <span class='ocrx_word' id='word_1_82' title='bbox 779 1491 1076 1570; x_wconf 85' lang='lat' dir='ltr'><strong>adjuncta</strong></span> <span class='ocrx_word' id='word_1_83' title='bbox 1115 1491 1436 1553; x_wconf 83' lang='lat' dir='ltr'><strong>voluntate</strong></span> <span class='ocrx_word' id='word_1_84' title='bbox 1475 1490 1876 1570; x_wconf 87' lang='lat' dir='ltr'><strong>permittendi</strong></span> <span class='ocrx_word' id='word_1_85' title='bbox 1927 1507 2071 1568; x_wconf 90' lang='lat' dir='ltr'><strong>pec-</strong></span> 
     </span>
     <span class='ocr_line' id='line_1_14' title="bbox 503 1583 2069 1656; baseline 0 -12"><span class='ocrx_word' id='word_1_86' title='bbox 503 1591 748 1656; x_wconf 90' lang='lat' dir='ltr'><strong>catum,</strong></span> <span class='ocrx_word' id='word_1_87' title='bbox 801 1584 1202 1646; x_wconf 84' lang='lat' dir='ltr'><strong>manifestum</strong></span> <span class='ocrx_word' id='word_1_88' title='bbox 1243 1590 1338 1646; x_wconf 89' lang='lat' dir='ltr'><strong>est</strong></span> <span class='ocrx_word' id='word_1_89' title='bbox 1393 1584 1714 1646; x_wconf 84' lang='lat' dir='ltr'><strong>evidenter</strong></span> <span class='ocrx_word' id='word_1_90' title='bbox 1747 1583 1963 1644; x_wconf 82' lang='lat' dir='ltr'><strong>inferri</strong></span> <span class='ocrx_word' id='word_1_91' title='bbox 2006 1590 2069 1644; x_wconf 88' lang='lat' dir='ltr'><strong>et</strong></span> 
     </span>
     <span class='ocr_line' id='line_1_15' title="bbox 503 1677 2069 1758; baseline -0.001 -19"><span class='ocrx_word' id='word_1_92' title='bbox 503 1679 794 1758; x_wconf 78' lang='lat' dir='ltr'>cognosci</span> <span class='ocrx_word' id='word_1_93' title='bbox 845 1684 1172 1758; x_wconf 87' lang='lat' dir='ltr'><strong>peccatum</strong></span> <span class='ocrx_word' id='word_1_94' title='bbox 1215 1696 1353 1739; x_wconf 77' lang='lat' dir='ltr'><strong>esse</strong></span> <span class='ocrx_word' id='word_1_95' title='bbox 1401 1678 1716 1749; x_wconf 77' lang='lat' dir='ltr'><strong>futurum3</strong></span> <span class='ocrx_word' id='word_1_96' title='bbox 1767 1695 1914 1738; x_wconf 84' lang='lat' dir='ltr'><strong>nam</strong></span> <span class='ocrx_word' id='word_1_97' title='bbox 1972 1677 2069 1737; x_wconf 92' lang='lat' dir='ltr'><strong>in-</strong></span> 
     </span>
     <span class='ocr_line' id='line_1_16' title="bbox 499 1771 2067 1850; baseline -0.001 -18"><span class='ocrx_word' id='word_1_98' title='bbox 499 1771 698 1834; x_wconf 84' lang='lat' dir='ltr'><strong>fertur</strong></span> <span class='ocrx_word' id='word_1_99' title='bbox 719 1789 794 1832; x_wconf 86' lang='lat' dir='ltr'><strong>cx</strong></span> <span class='ocrx_word' id='word_1_100' title='bbox 825 1771 1248 1850; x_wconf 80' lang='lat' dir='ltr'><strong>propositione</strong></span> <span class='ocrx_word' id='word_1_101' title='bbox 1269 1771 1712 1842; x_wconf 82' lang='lat' dir='ltr'><strong>conditionata,</strong></span> <span class='ocrx_word' id='word_1_102' title='bbox 1743 1787 1883 1848; x_wconf 74' lang='lat' dir='ltr'><strong>quae</strong></span> <span class='ocrx_word' id='word_1_103' title='bbox 1915 1787 2067 1830; x_wconf 82' lang='lat' dir='ltr'><strong>vera</strong></span> 
     </span>
     <span class='ocr_line' id='line_1_17' title="bbox 503 1863 2067 1944; baseline -0.003 -18"><span class='ocrx_word' id='word_1_104' title='bbox 503 1883 642 1926; x_wconf 88' lang='lat' dir='ltr'><strong>esse</strong></span> <span class='ocrx_word' id='word_1_105' title='bbox 698 1864 1091 1944; x_wconf 84' lang='lat' dir='ltr'><strong>supponitur,</strong></span> <span class='ocrx_word' id='word_1_106' title='bbox 1133 1883 1280 1925; x_wconf 90' lang='lat' dir='ltr'><strong>cum</strong></span> <span class='ocrx_word' id='word_1_107' title='bbox 1311 1865 1572 1925; x_wconf 87' lang='lat' dir='ltr'><strong>veritate</strong></span> <span class='ocrx_word' id='word_1_108' title='bbox 1637 1863 2067 1930; x_wconf 84' lang='lat' dir='ltr'><strong>antecedentis</strong></span> 
     </span>
     <span class='ocr_line' id='line_1_18' title="bbox 503 1957 2069 2037; baseline -0.002 -17"><span class='ocrx_word' id='word_1_109' title='bbox 503 1979 620 2022; x_wconf 89' lang='lat' dir='ltr'><strong>seu</strong></span> <span class='ocrx_word' id='word_1_110' title='bbox 665 1960 1061 2023; x_wconf 87' lang='lat' dir='ltr'><strong>conditionis.</strong></span> <span class='ocrx_word' id='word_1_111' title='bbox 1097 1961 1264 2020; x_wconf 87' lang='lat' dir='ltr'><strong>Talis</strong></span> <span class='ocrx_word' id='word_1_112' title='bbox 1289 1977 1437 2020; x_wconf 84' lang='lat' dir='ltr'><strong>vero</strong></span> <span class='ocrx_word' id='word_1_113' title='bbox 1489 1957 1762 2037; x_wconf 83' lang='lat' dir='ltr'><strong>cognitio</strong></span> <span class='ocrx_word' id='word_1_114' title='bbox 1816 1977 1943 2018; x_wconf 88' lang='lat' dir='ltr'><strong>non</strong></span> <span class='ocrx_word' id='word_1_115' title='bbox 1975 1964 2069 2018; x_wconf 86' lang='lat' dir='ltr'><strong>est</strong></span> 
     </span>
     <span class='ocr_line' id='line_1_19' title="bbox 501 2052 2067 2132; baseline -0.002 -18"><span class='ocrx_word' id='word_1_116' title='bbox 501 2055 566 2114; x_wconf 87' lang='lat' dir='ltr'><strong>in</strong></span> <span class='ocrx_word' id='word_1_117' title='bbox 625 2054 758 2115; x_wconf 87' lang='lat' dir='ltr'><strong>sola</strong></span> <span class='ocrx_word' id='word_1_118' title='bbox 803 2055 1121 2115; x_wconf 75' lang='lat' dir='ltr'><strong>voluntate</strong></span> <span class='ocrx_word' id='word_1_119' title='bbox 1181 2052 1603 2132; x_wconf 79' lang='lat' dir='ltr'><strong>permittendi,</strong></span> <span class='ocrx_word' id='word_1_120' title='bbox 1649 2053 2067 2131; x_wconf 88' lang='lat' dir='ltr'><strong>supponitque</strong></span> 
     </span>
     <span class='ocr_line' id='line_1_20' title="bbox 502 2145 2071 2225; baseline -0.001 -17"><span class='ocrx_word' id='word_1_121' title='bbox 502 2147 690 2208; x_wconf 91' lang='lat' dir='ltr'><strong>aliam</strong></span> <span class='ocrx_word' id='word_1_122' title='bbox 743 2148 1049 2208; x_wconf 86' lang='lat' dir='ltr'><strong>rationem</strong></span> <span class='ocrx_word' id='word_1_123' title='bbox 1089 2146 1509 2225; x_wconf 86' lang='lat' dir='ltr'><strong>cognoscendi</strong></span> <span class='ocrx_word' id='word_1_124' title='bbox 1555 2146 1820 2207; x_wconf 78' lang='lat' dir='ltr'><strong>liberam</strong></span> <span class='ocrx_word' id='word_1_125' title='bbox 1861 2145 2071 2206; x_wconf 88' lang='lat' dir='ltr'><strong>deter-</strong></span> 
     </span>
     <span class='ocr_line' id='line_1_21' title="bbox 501 2238 2069 2314; baseline -0.001 -13"><span class='ocrx_word' id='word_1_126' title='bbox 501 2242 912 2304; x_wconf 81' lang='lat' dir='ltr'><strong>minationem</strong></span> <span class='ocrx_word' id='word_1_127' title='bbox 940 2241 1278 2303; x_wconf 82' lang='lat' dir='ltr'><strong>voluntatis</strong></span> <span class='ocrx_word' id='word_1_128' title='bbox 1305 2241 1620 2314; x_wconf 69' lang='lat' dir='ltr'><strong>humanae,</strong></span> <span class='ocrx_word' id='word_1_129' title='bbox 1653 2247 1724 2300; x_wconf 90' lang='lat' dir='ltr'><strong>ut</strong></span> <span class='ocrx_word' id='word_1_130' title='bbox 1753 2259 1790 2300; x_wconf 89' lang='lat' dir='ltr'><strong>a</strong></span> <span class='ocrx_word' id='word_1_131' title='bbox 1830 2238 2069 2301; x_wconf 87' lang='lat' dir='ltr'><strong>fortiori</strong></span> 
     </span>
     <span class='ocr_line' id='line_1_22' title="bbox 504 2333 1089 2395; baseline -0.003 0"><span class='ocrx_word' id='word_1_132' title='bbox 504 2351 581 2395; x_wconf 85' lang='lat' dir='ltr'><strong>ex</strong></span> <span class='ocrx_word' id='word_1_133' title='bbox 613 2333 792 2395; x_wconf 85' lang='lat' dir='ltr'><strong>dictis</strong></span> <span class='ocrx_word' id='word_1_134' title='bbox 825 2341 1089 2395; x_wconf 88' lang='lat' dir='ltr'><strong>constat.</strong></span> 
     </span>
    </p>

    <p class='ocr_par' dir='ltr' id='par_1_3' title="bbox 496 2426 2075 5579">
     <span class='ocr_line' id='line_1_23' title="bbox 587 2426 2072 2508; baseline 0 -22"><span class='ocrx_word' id='word_1_135' title='bbox 587 2430 684 2488; x_wconf 79' lang='grc'><strong>16.</strong></span> <span class='ocrx_word' id='word_1_136' title='bbox 737 2426 1080 2490; x_wconf 73' lang='lat' dir='ltr'><strong>Solvuntur</strong></span> <span class='ocrx_word' id='word_1_137' title='bbox 1105 2429 1373 2489; x_wconf 73' lang='lat' dir='ltr'><strong>rationes</strong></span> <span class='ocrx_word' id='word_1_138' title='bbox 1393 2444 1511 2508; x_wconf 80' lang='lat' dir='ltr'><strong>pro</strong></span> <span class='ocrx_word' id='word_1_139' title='bbox 1539 2427 1816 2508; x_wconf 72' lang='lat' dir='ltr'><strong>opposita</strong></span> <span class='ocrx_word' id='word_1_140' title='bbox 1841 2430 2072 2489; x_wconf 72' lang='lat' dir='ltr'><strong>centen-</strong></span> 
     </span>
     <span class='ocr_line' id='line_1_24' title="bbox 503 2519 2067 2592; baseline -0.003 -9"><span class='ocrx_word' id='word_1_141' title='bbox 503 2523 622 2583; x_wconf 78' lang='lat' dir='ltr'><strong>tia.</strong></span> <span class='ocrx_word' id='word_1_142' title='bbox 643 2521 832 2581; x_wconf 86' lang='lat' dir='ltr'><strong>-Ad</strong></span> <span class='ocrx_word' id='word_1_143' title='bbox 863 2520 1340 2580; x_wconf 87' lang='lat' dir='ltr'><strong>fundamentum</strong></span> <span class='ocrx_word' id='word_1_144' title='bbox 1369 2520 1692 2580; x_wconf 82' lang='lat' dir='ltr'><strong>contrariae</strong></span> <span class='ocrx_word' id='word_1_145' title='bbox 1723 2519 2067 2592; x_wconf 67' lang='lat' dir='ltr'><strong>sententiae,</strong></span> 
     </span>
     <span class='ocr_line' id='line_1_25' title="bbox 505 2612 2073 2692; baseline -0.003 -15"><span class='ocrx_word' id='word_1_146' title='bbox 505 2615 732 2677; x_wconf 88' lang='lat' dir='ltr'><strong>solutio</strong></span> <span class='ocrx_word' id='word_1_147' title='bbox 782 2619 1026 2676; x_wconf 86' lang='lat' dir='ltr'><strong>constat</strong></span> <span class='ocrx_word' id='word_1_148' title='bbox 1071 2633 1148 2674; x_wconf 87' lang='lat' dir='ltr'><strong>ex</strong></span> <span class='ocrx_word' id='word_1_149' title='bbox 1188 2613 1400 2687; x_wconf 84' lang='lat' dir='ltr'><strong>dictis,</strong></span> <span class='ocrx_word' id='word_1_150' title='bbox 1447 2613 1618 2692; x_wconf 87' lang='lat' dir='ltr'><strong>quod</strong></span> <span class='ocrx_word' id='word_1_151' title='bbox 1658 2613 1848 2673; x_wconf 88' lang='lat' dir='ltr'><strong>etiam</strong></span> <span class='ocrx_word' id='word_1_152' title='bbox 1885 2612 2073 2672; x_wconf 86' lang='lat' dir='ltr'><strong>latius</strong></span> 
     </span>
     <span class='ocr_line' id='line_1_26' title="bbox 504 2705 2069 2785; baseline -0.003 -15"><span class='ocrx_word' id='word_1_153' title='bbox 504 2708 764 2770; x_wconf 82' lang='lat' dir='ltr'><strong>tractavi</strong></span> <span class='ocrx_word' id='word_1_154' title='bbox 791 2709 858 2768; x_wconf 92' lang='lat' dir='ltr'><strong>in</strong></span> <span class='ocrx_word' id='word_1_155' title='bbox 883 2707 1048 2768; x_wconf 90' lang='lat' dir='ltr'><strong>dicto</strong></span> <span class='ocrx_word' id='word_1_156' title='bbox 1073 2725 1266 2785; x_wconf 90' lang='lat' dir='ltr'><strong>opere</strong></span> <span class='ocrx_word' id='word_1_157' title='bbox 1291 2706 1370 2767; x_wconf 93' lang='lat' dir='ltr'><strong>de</strong></span> <span class='ocrx_word' id='word_1_158' title='bbox 1397 2705 1678 2779; x_wconf 65' lang='lat' dir='ltr'><strong>liminis,</strong></span> <span class='ocrx_word' id='word_1_159' title='bbox 1707 2705 1814 2765; x_wconf 91' lang='lat' dir='ltr'><strong>ubi</strong></span> <span class='ocrx_word' id='word_1_160' title='bbox 1843 2705 1981 2766; x_wconf 88' lang='lat' dir='ltr'><strong>libr.</strong></span> <span class='ocrx_word' id='word_1_161' title='bbox 2006 2707 2069 2780; x_wconf 74' lang='lat'><strong>2,</strong></span> 
     </span>
     <span class='ocr_line' id='line_1_27' title="bbox 507 2799 2071 2882; baseline -0.004 -18"><span class='ocrx_word' id='word_1_162' title='bbox 507 2821 645 2882; x_wconf 90' lang='lat' dir='ltr'><strong>cap.</strong></span> <span class='ocrx_word' id='word_1_163' title='bbox 681 2805 741 2874; x_wconf 83' lang='lat'><strong>7,</strong></span> <span class='ocrx_word' id='word_1_164' title='bbox 781 2819 860 2862; x_wconf 82' lang='lat' dir='ltr'><strong>ex</strong></span> <span class='ocrx_word' id='word_1_165' title='bbox 887 2801 1168 2880; x_wconf 87' lang='lat' dir='ltr'><strong>professo</strong></span> <span class='ocrx_word' id='word_1_166' title='bbox 1195 2799 1508 2860; x_wconf 83' lang='lat' dir='ltr'><strong>declaravi</strong></span> <span class='ocrx_word' id='word_1_167' title='bbox 1537 2817 1666 2860; x_wconf 87' lang='lat' dir='ltr'><strong>non</strong></span> <span class='ocrx_word' id='word_1_168' title='bbox 1692 2817 1830 2860; x_wconf 88' lang='lat' dir='ltr'><strong>esse</strong></span> <span class='ocrx_word' id='word_1_169' title='bbox 1857 2817 2071 2859; x_wconf 86' lang='lat' dir='ltr'><strong>neces—</strong></span> 
     </span>
     <span class='ocr_line' id='line_1_28' title="bbox 504 2891 2067 2972; baseline -0.003 -17"><span class='ocrx_word' id='word_1_170' title='bbox 504 2896 740 2955; x_wconf 90' lang='lat' dir='ltr'><strong>sarium</strong></span> <span class='ocrx_word' id='word_1_171' title='bbox 777 2893 860 2955; x_wconf 87' lang='lat' dir='ltr'><strong>ad</strong></span> <span class='ocrx_word' id='word_1_172' title='bbox 901 2893 1350 2972; x_wconf 79' lang='lat' dir='ltr'><strong>perfectionem</strong></span> <span class='ocrx_word' id='word_1_173' title='bbox 1377 2891 1784 2970; x_wconf 82' lang='lat' dir='ltr'><strong>providentiae</strong></span> <span class='ocrx_word' id='word_1_174' title='bbox 1818 2891 2067 2962; x_wconf 63' lang='lat' dir='ltr'><strong>divinae,</strong></span> 
     </span>
     <span class='ocr_line' id='line_1_29' title="bbox 503 2983 2073 3063; baseline -0.003 -16"><span class='ocrx_word' id='word_1_175' title='bbox 503 2994 572 3048; x_wconf 93' lang='lat' dir='ltr'><strong>ut</strong></span> <span class='ocrx_word' id='word_1_176' title='bbox 610 3005 828 3048; x_wconf 88' lang='lat' dir='ltr'><strong>omnes</strong></span> <span class='ocrx_word' id='word_1_177' title='bbox 861 2993 1038 3046; x_wconf 86' lang='lat' dir='ltr'><strong>actus</strong></span> <span class='ocrx_word' id='word_1_178' title='bbox 1067 2986 1380 3046; x_wconf 88' lang='lat' dir='ltr'><strong>humanos</strong></span> <span class='ocrx_word' id='word_1_179' title='bbox 1423 2985 1488 3044; x_wconf 92' lang='lat' dir='ltr'><strong>in</strong></span> <span class='ocrx_word' id='word_1_180' title='bbox 1519 2983 1878 3062; x_wconf 78' lang='lat' dir='ltr'><strong>particulari</strong></span> <span class='ocrx_word' id='word_1_181' title='bbox 1909 3001 2073 3063; x_wconf 82' lang='lat' dir='ltr'><strong>prae-</strong></span> 
     </span>
     <span class='ocr_line' id='line_1_30' title="bbox 501 3075 2073 3159; baseline -0.003 -17"><span class='ocrx_word' id='word_1_182' title='bbox 501 3081 714 3153; x_wconf 85' lang='lat' dir='ltr'><strong>finiat,</strong></span> <span class='ocrx_word' id='word_1_183' title='bbox 746 3098 952 3159; x_wconf 89' lang='lat' dir='ltr'><strong>neque</strong></span> <span class='ocrx_word' id='word_1_184' title='bbox 992 3079 1058 3139; x_wconf 91' lang='lat' dir='ltr'><strong>in</strong></span> <span class='ocrx_word' id='word_1_185' title='bbox 1089 3077 1268 3139; x_wconf 88' lang='lat' dir='ltr'><strong>malis</strong></span> <span class='ocrx_word' id='word_1_186' title='bbox 1297 3077 1538 3139; x_wconf 85' lang='lat' dir='ltr'><strong>actibus</strong></span> <span class='ocrx_word' id='word_1_187' title='bbox 1567 3076 1632 3138; x_wconf 91' lang='lat' dir='ltr'><strong>id</strong></span> <span class='ocrx_word' id='word_1_188' title='bbox 1661 3077 1886 3138; x_wconf 80' lang='lat' dir='ltr'><strong>decere</strong></span> <span class='ocrx_word' id='word_1_189' title='bbox 1915 3075 2073 3137; x_wconf 83' lang='lat' dir='ltr'><strong>divi-</strong></span> 
     </span>
     <span class='ocr_line' id='line_1_31' title="bbox 502 3170 2073 3243; baseline -0.003 -8"><span class='ocrx_word' id='word_1_190' title='bbox 502 3193 653 3236; x_wconf 87' lang='lat' dir='ltr'><strong>nam</strong></span> <span class='ocrx_word' id='word_1_191' title='bbox 695 3174 1074 3243; x_wconf 84' lang='lat' dir='ltr'><strong>bonitatem;</strong></span> <span class='ocrx_word' id='word_1_192' title='bbox 1117 3172 1180 3231; x_wconf 88' lang='lat' dir='ltr'><strong>in</strong></span> <span class='ocrx_word' id='word_1_193' title='bbox 1221 3172 1402 3232; x_wconf 88' lang='lat' dir='ltr'><strong>bonis</strong></span> <span class='ocrx_word' id='word_1_194' title='bbox 1435 3188 1584 3231; x_wconf 81' lang='lat' dir='ltr'><strong>vero</strong></span> <span class='ocrx_word' id='word_1_195' title='bbox 1625 3170 1689 3232; x_wconf 90' lang='lat' dir='ltr'><strong>id</strong></span> <span class='ocrx_word' id='word_1_196' title='bbox 1729 3170 1876 3231; x_wconf 87' lang='lat' dir='ltr'><strong>facit</strong></span> <span class='ocrx_word' id='word_1_197' title='bbox 1905 3172 2073 3231; x_wconf 90' lang='lat' dir='ltr'><strong>Deus</strong></span> 
     </span>
     <span class='ocr_line' id='line_1_32' title="bbox 496 3262 2071 3348; baseline -0.004 -19"><span class='ocrx_word' id='word_1_198' title='bbox 496 3270 676 3348; x_wconf 83' lang='lat' dir='ltr'><strong>juxta</strong></span> <span class='ocrx_word' id='word_1_199' title='bbox 703 3266 795 3328; x_wconf 91' lang='lat' dir='ltr'><strong>rei</strong></span> <span class='ocrx_word' id='word_1_200' title='bbox 822 3266 921 3327; x_wconf 84' lang='lat' dir='ltr'><strong>vel</strong></span> <span class='ocrx_word' id='word_1_201' title='bbox 955 3266 1097 3326; x_wconf 83' lang='lat' dir='ltr'><strong>finis</strong></span> <span class='ocrx_word' id='word_1_202' title='bbox 1127 3264 1506 3342; x_wconf 85' lang='lat' dir='ltr'><strong>exigentiam</strong></span> <span class='ocrx_word' id='word_1_203' title='bbox 1535 3282 1648 3343; x_wconf 91' lang='lat' dir='ltr'><strong>pro</strong></span> <span class='ocrx_word' id='word_1_204' title='bbox 1671 3281 1785 3324; x_wconf 91' lang='lat' dir='ltr'><strong>suo</strong></span> <span class='ocrx_word' id='word_1_205' title='bbox 1815 3262 2071 3323; x_wconf 88' lang='lat' dir='ltr'><strong>arbitrio</strong></span> 
     </span>
     <span class='ocr_line' id='line_1_33' title="bbox 505 3357 2067 3439; baseline -0.003 -18"><span class='ocrx_word' id='word_1_206' title='bbox 505 3365 570 3423; x_wconf 88' lang='lat' dir='ltr'><strong>et</strong></span> <span class='ocrx_word' id='word_1_207' title='bbox 591 3359 920 3439; x_wconf 82' lang='lat' dir='ltr'><strong>sapientia.</strong></span> <span class='ocrx_word' id='word_1_208' title='bbox 947 3360 1018 3419; x_wconf 90' lang='lat' dir='ltr'><strong>Iu</strong></span> <span class='ocrx_word' id='word_1_209' title='bbox 1041 3377 1096 3419; x_wconf 90' lang='lat' dir='ltr'><strong>c.</strong></span> <span class='ocrx_word' id='word_1_210' title='bbox 1121 3363 1332 3419; x_wconf 88' lang='lat' dir='ltr'><strong>autem</strong></span> <span class='ocrx_word' id='word_1_211' title='bbox 1353 3358 1392 3419; x_wconf 89' lang='lat'><strong>3</strong></span> <span class='ocrx_word' id='word_1_212' title='bbox 1415 3357 1699 3436; x_wconf 89' lang='lat' dir='ltr'><strong>ejusdem</strong></span> <span class='ocrx_word' id='word_1_213' title='bbox 1723 3357 1764 3417; x_wconf 91' lang='lat' dir='ltr'><strong>l.</strong></span> <span class='ocrx_word' id='word_1_214' title='bbox 1793 3357 1850 3429; x_wconf 77' lang='lat'><strong>2,</strong></span> <span class='ocrx_word' id='word_1_215' title='bbox 1877 3375 1941 3416; x_wconf 89' lang='lat' dir='ltr'><strong>n.</strong></span> <span class='ocrx_word' id='word_1_216' title='bbox 1968 3358 2067 3429; x_wconf 84' lang='grc'><strong>11,</strong></span> 
     </span>
     <span class='ocr_line' id='line_1_34' title="bbox 505 3448 2073 3531; baseline -0.004 -16"><span class='ocrx_word' id='word_1_217' title='bbox 505 3459 570 3515; x_wconf 91' lang='lat' dir='ltr'><strong>et</strong></span> <span class='ocrx_word' id='word_1_218' title='bbox 596 3451 1028 3531; x_wconf 82' lang='lat' dir='ltr'><strong>sequentibuS‚</strong></span> <span class='ocrx_word' id='word_1_219' title='bbox 1057 3456 1118 3512; x_wconf 89' lang='lat' dir='ltr'><strong>et</strong></span> <span class='ocrx_word' id='word_1_220' title='bbox 1148 3450 1214 3510; x_wconf 87' lang='lat' dir='ltr'><strong>in</strong></span> <span class='ocrx_word' id='word_1_221' title='bbox 1241 3466 1378 3528; x_wconf 88' lang='lat' dir='ltr'><strong>cap.</strong></span> <span class='ocrx_word' id='word_1_222' title='bbox 1415 3452 1510 3521; x_wconf 82' lang='grc'><strong>15,</strong></span> <span class='ocrx_word' id='word_1_223' title='bbox 1538 3449 1677 3511; x_wconf 88' lang='lat' dir='ltr'><strong>libr.</strong></span> <span class='ocrx_word' id='word_1_224' title='bbox 1714 3453 1772 3523; x_wconf 79' lang='lat'><strong>1,</strong></span> <span class='ocrx_word' id='word_1_225' title='bbox 1805 3448 1943 3510; x_wconf 81' lang='lat' dir='ltr'><strong>fuse</strong></span> <span class='ocrx_word' id='word_1_226' title='bbox 1966 3449 2073 3510; x_wconf 88' lang='lat' dir='ltr'><strong>de·</strong></span> 
     </span>
     <span class='ocr_line' id='line_1_35' title="bbox 503 3544 2073 3623; baseline -0.004 -15"><span class='ocrx_word' id='word_1_227' title='bbox 503 3546 734 3609; x_wconf 88' lang='lat' dir='ltr'><strong>claravi</strong></span> <span class='ocrx_word' id='word_1_228' title='bbox 765 3544 1078 3623; x_wconf 89' lang='lat' dir='ltr'><strong>quomodo</strong></span> <span class='ocrx_word' id='word_1_229' title='bbox 1122 3544 1408 3604; x_wconf 83' lang='lat' dir='ltr'><strong>voluntas</strong></span> <span class='ocrx_word' id='word_1_230' title='bbox 1436 3544 1567 3617; x_wconf 90' lang='lat' dir='ltr'><strong>Dei,</strong></span> <span class='ocrx_word' id='word_1_231' title='bbox 1602 3562 1725 3623; x_wconf 87' lang='lat' dir='ltr'><strong>qua</strong></span> <span class='ocrx_word' id='word_1_232' title='bbox 1763 3544 1890 3605; x_wconf 86' lang='lat' dir='ltr'><strong>vult</strong></span> <span class='ocrx_word' id='word_1_233' title='bbox 1927 3561 2073 3603; x_wconf 89' lang='lat' dir='ltr'><strong>con-</strong></span> 
     </span>
     <span class='ocr_line' id='line_1_36' title="bbox 503 3636 2073 3709; baseline -0.003 -9"><span class='ocrx_word' id='word_1_234' title='bbox 503 3657 756 3700; x_wconf 85' lang='lat' dir='ltr'><strong>currere</strong></span> <span class='ocrx_word' id='word_1_235' title='bbox 787 3656 928 3699; x_wconf 91' lang='lat' dir='ltr'><strong>cum</strong></span> <span class='ocrx_word' id='word_1_236' title='bbox 958 3638 1234 3697; x_wconf 86' lang='lat' dir='ltr'><strong>humano</strong></span> <span class='ocrx_word' id='word_1_237' title='bbox 1275 3636 1530 3697; x_wconf 89' lang='lat' dir='ltr'><strong>arbitrio</strong></span> <span class='ocrx_word' id='word_1_238' title='bbox 1554 3682 1570 3709; x_wconf 90' lang='lat'><strong>,</strong></span> <span class='ocrx_word' id='word_1_239' title='bbox 1623 3637 1850 3697; x_wconf 86' lang='lat' dir='ltr'><strong>virtute</strong></span> <span class='ocrx_word' id='word_1_240' title='bbox 1876 3637 2073 3697; x_wconf 85' lang='lat' dir='ltr'><strong>inclu-</strong></span> 
     </span>
     <span class='ocr_line' id='line_1_37' title="bbox 503 3729 2072 3808; baseline -0.002 -15"><span class='ocrx_word' id='word_1_241' title='bbox 503 3732 610 3793; x_wconf 89' lang='lat' dir='ltr'><strong>dat</strong></span> <span class='ocrx_word' id='word_1_242' title='bbox 638 3731 1058 3793; x_wconf 87' lang='lat' dir='ltr'><strong>conditionem</strong></span> <span class='ocrx_word' id='word_1_243' title='bbox 1079 3776 1094 3803; x_wconf 94' lang='lat'><strong>,</strong></span> <span class='ocrx_word' id='word_1_244' title='bbox 1139 3736 1200 3790; x_wconf 88' lang='lat' dir='ltr'><strong>et</strong></span> <span class='ocrx_word' id='word_1_245' title='bbox 1225 3729 1434 3808; x_wconf 88' lang='lat' dir='ltr'><strong>quoad</strong></span> <span class='ocrx_word' id='word_1_246' title='bbox 1470 3730 1897 3792; x_wconf 85' lang='lat' dir='ltr'><strong>causalitatem</strong></span> <span class='ocrx_word' id='word_1_247' title='bbox 1927 3749 2072 3792; x_wconf 88' lang='lat' dir='ltr'><strong>con-</strong></span> 
     </span>
     <span class='ocr_line' id='line_1_38' title="bbox 503 3823 2066 3887; baseline -0.003 0"><span class='ocrx_word' id='word_1_248' title='bbox 503 3824 873 3887; x_wconf 88' lang='lat' dir='ltr'><strong>comitanter</strong></span> <span class='ocrx_word' id='word_1_249' title='bbox 911 3842 978 3883; x_wconf 89' lang='lat' dir='ltr'><strong>se</strong></span> <span class='ocrx_word' id='word_1_250' title='bbox 1013 3823 1244 3884; x_wconf 88' lang='lat' dir='ltr'><strong>habeat</strong></span> <span class='ocrx_word' id='word_1_251' title='bbox 1287 3840 1430 3883; x_wconf 88' lang='lat' dir='ltr'><strong>cum</strong></span> <span class='ocrx_word' id='word_1_252' title='bbox 1471 3824 1748 3885; x_wconf 89' lang='lat' dir='ltr'><strong>humano</strong></span> <span class='ocrx_word' id='word_1_253' title='bbox 1787 3823 2066 3884; x_wconf 85' lang='lat' dir='ltr'><strong>arbitrio.</strong></span> 
     </span>
     <span class='ocr_line' id='line_1_39' title="bbox 503 3914 2071 3996; baseline -0.001 -19"><span class='ocrx_word' id='word_1_254' title='bbox 503 3918 596 3977; x_wconf 80' lang='lat' dir='ltr'><strong>Ex</strong></span> <span class='ocrx_word' id='word_1_255' title='bbox 619 3917 845 3996; x_wconf 89' lang='lat' dir='ltr'><strong>quibus</strong></span> <span class='ocrx_word' id='word_1_256' title='bbox 883 3915 1200 3995; x_wconf 88' lang='lat' dir='ltr'><strong>principiis</strong></span> <span class='ocrx_word' id='word_1_257' title='bbox 1237 3914 1628 3977; x_wconf 88' lang='lat' dir='ltr'><strong>ostendimus</strong></span> <span class='ocrx_word' id='word_1_258' title='bbox 1659 3916 1822 3977; x_wconf 90' lang='lat' dir='ltr'><strong>hanc</strong></span> <span class='ocrx_word' id='word_1_259' title='bbox 1849 3916 2071 3977; x_wconf 85' lang='lat' dir='ltr'><strong>volun-</strong></span> 
     </span>
     <span class='ocr_line' id='line_1_40' title="bbox 503 4009 2072 4089; baseline -0.001 -18"><span class='ocrx_word' id='word_1_260' title='bbox 503 4017 699 4071; x_wconf 85' lang='lat' dir='ltr'><strong>tatem</strong></span> <span class='ocrx_word' id='word_1_261' title='bbox 735 4028 848 4089; x_wconf 90' lang='lat' dir='ltr'><strong>per</strong></span> <span class='ocrx_word' id='word_1_262' title='bbox 885 4028 951 4071; x_wconf 89' lang='lat' dir='ltr'><strong>se</strong></span> <span class='ocrx_word' id='word_1_263' title='bbox 983 4028 1107 4069; x_wconf 90' lang='lat' dir='ltr'><strong>non</strong></span> <span class='ocrx_word' id='word_1_264' title='bbox 1141 4027 1278 4070; x_wconf 90' lang='lat' dir='ltr'><strong>esse</strong></span> <span class='ocrx_word' id='word_1_265' title='bbox 1321 4009 1734 4070; x_wconf 86' lang='lat' dir='ltr'><strong>sufficientem</strong></span> <span class='ocrx_word' id='word_1_266' title='bbox 1761 4011 2072 4071; x_wconf 87' lang='lat' dir='ltr'><strong>rationem</strong></span> 
     </span>
     <span class='ocr_line' id='line_1_41' title="bbox 505 4102 2071 4182; baseline -0.002 -18"><span class='ocrx_word' id='word_1_267' title='bbox 505 4102 924 4182; x_wconf 83' lang='lat' dir='ltr'><strong>cognoscendi</strong></span> <span class='ocrx_word' id='word_1_268' title='bbox 953 4102 1242 4163; x_wconf 86' lang='lat' dir='ltr'><strong>effectum</strong></span> <span class='ocrx_word' id='word_1_269' title='bbox 1281 4102 1582 4163; x_wconf 84' lang='lat' dir='ltr'><strong>futurum.</strong></span> <span class='ocrx_word' id='word_1_270' title='bbox 1623 4104 1697 4163; x_wconf 87' lang='lat' dir='ltr'><strong>Et</strong></span> <span class='ocrx_word' id='word_1_271' title='bbox 1729 4122 1805 4163; x_wconf 81' lang='lat' dir='ltr'><strong>ex</strong></span> <span class='ocrx_word' id='word_1_272' title='bbox 1833 4103 2071 4164; x_wconf 86' lang='lat' dir='ltr'><strong>eisdem</strong></span> 
     </span>
     <span class='ocr_line' id='line_1_42' title="bbox 503 4194 2072 4275; baseline -0.001 -18"><span class='ocrx_word' id='word_1_273' title='bbox 503 4195 922 4275; x_wconf 87' lang='lat' dir='ltr'><strong>respondetur</strong></span> <span class='ocrx_word' id='word_1_274' title='bbox 952 4196 1014 4255; x_wconf 91' lang='lat' dir='ltr'><strong>in</strong></span> <span class='ocrx_word' id='word_1_275' title='bbox 1053 4194 1278 4266; x_wconf 84' lang='lat' dir='ltr'><strong>forma,</strong></span> <span class='ocrx_word' id='word_1_276' title='bbox 1323 4195 1406 4255; x_wconf 88' lang='lat' dir='ltr'><strong>ad</strong></span> <span class='ocrx_word' id='word_1_277' title='bbox 1437 4195 1802 4273; x_wconf 85' lang='lat' dir='ltr'><strong>praedictum</strong></span> <span class='ocrx_word' id='word_1_278' title='bbox 1847 4196 2072 4256; x_wconf 83' lang='lat' dir='ltr'><strong>funda-</strong></span> 
     </span>
     <span class='ocr_line' id='line_1_43' title="bbox 501 4288 2071 4361; baseline -0.002 -11"><span class='ocrx_word' id='word_1_279' title='bbox 501 4296 786 4351; x_wconf 86' lang='lat' dir='ltr'><strong>mentum</strong></span> <span class='ocrx_word' id='word_1_280' title='bbox 815 4334 830 4361; x_wconf 95' lang='lat'><strong>,</strong></span> <span class='ocrx_word' id='word_1_281' title='bbox 885 4290 1048 4349; x_wconf 90' lang='lat' dir='ltr'><strong>hanc</strong></span> <span class='ocrx_word' id='word_1_282' title='bbox 1102 4288 1491 4349; x_wconf 84' lang='lat' dir='ltr'><strong>voluntatem</strong></span> <span class='ocrx_word' id='word_1_283' title='bbox 1547 4307 1686 4349; x_wconf 90' lang='lat' dir='ltr'><strong>esse</strong></span> <span class='ocrx_word' id='word_1_284' title='bbox 1751 4290 2071 4351; x_wconf 88' lang='lat' dir='ltr'><strong>efficacem</strong></span> 
     </span>
     <span class='ocr_line' id='line_1_44' title="bbox 505 4380 2071 4461; baseline -0.001 -19"><span class='ocrx_word' id='word_1_285' title='bbox 505 4389 810 4461; x_wconf 85' lang='lat' dir='ltr'><strong>quantum</strong></span> <span class='ocrx_word' id='word_1_286' title='bbox 841 4386 936 4443; x_wconf 89' lang='lat' dir='ltr'><strong>est</strong></span> <span class='ocrx_word' id='word_1_287' title='bbox 965 4400 1041 4442; x_wconf 85' lang='lat' dir='ltr'><strong>ex</strong></span> <span class='ocrx_word' id='word_1_288' title='bbox 1066 4387 1241 4459; x_wconf 87' lang='lat' dir='ltr'><strong>parte</strong></span> <span class='ocrx_word' id='word_1_289' title='bbox 1273 4381 1380 4441; x_wconf 88' lang='lat' dir='ltr'><strong>Dei</strong></span> <span class='ocrx_word' id='word_1_290' title='bbox 1405 4380 1488 4441; x_wconf 90' lang='lat' dir='ltr'><strong>ad</strong></span> <span class='ocrx_word' id='word_1_291' title='bbox 1513 4400 1886 4442; x_wconf 89' lang='lat' dir='ltr'><strong>concursum</strong></span> <span class='ocrx_word' id='word_1_292' title='bbox 1917 4399 2071 4461; x_wconf 83' lang='lat' dir='ltr'><strong>prae-</strong></span> 
     </span>
     <span class='ocr_line' id='line_1_45' title="bbox 505 4465 2070 4553; baseline -0.001 -16"><span class='ocrx_word' id='word_1_293' title='bbox 505 4475 819 4550; x_wconf 89' lang='lat' dir='ltr'><strong>standum,</strong></span> <span class='ocrx_word' id='word_1_294' title='bbox 863 4465 1060 4535; x_wconf 83' lang='lat' dir='ltr'><strong>altera</strong></span> <span class='ocrx_word' id='word_1_295' title='bbox 1091 4492 1282 4535; x_wconf 89' lang='lat' dir='ltr'><strong>causa</strong></span> <span class='ocrx_word' id='word_1_296' title='bbox 1317 4479 1721 4553; x_wconf 83' lang='lat' dir='ltr'><strong>cooperante,</strong></span> <span class='ocrx_word' id='word_1_297' title='bbox 1763 4493 1892 4535; x_wconf 88' lang='lat' dir='ltr'><strong>non</strong></span> <span class='ocrx_word' id='word_1_298' title='bbox 1919 4492 2070 4535; x_wconf 85' lang='lat' dir='ltr'><strong>vcro</strong></span> 
     </span>
     <span class='ocr_line' id='line_1_46' title="bbox 505 4568 2073 4647; baseline -0.001 -18"><span class='ocrx_word' id='word_1_299' title='bbox 505 4569 790 4630; x_wconf 86' lang='lat' dir='ltr'><strong>absolute</strong></span> <span class='ocrx_word' id='word_1_300' title='bbox 835 4574 898 4629; x_wconf 89' lang='lat' dir='ltr'><strong>et</strong></span> <span class='ocrx_word' id='word_1_301' title='bbox 947 4568 1308 4647; x_wconf 90' lang='lat' dir='ltr'><strong>simpliciter</strong></span> <span class='ocrx_word' id='word_1_302' title='bbox 1351 4568 1430 4629; x_wconf 88' lang='lat' dir='ltr'><strong>ad</strong></span> <span class='ocrx_word' id='word_1_303' title='bbox 1473 4568 1840 4647; x_wconf 89' lang='lat' dir='ltr'><strong>ponendum</strong></span> <span class='ocrx_word' id='word_1_304' title='bbox 1885 4568 2073 4629; x_wconf 82' lang='lat' dir='ltr'><strong>effec-</strong></span> 
     </span>
     <span class='ocr_line' id='line_1_47' title="bbox 504 4661 2075 4741; baseline -0.001 -19"><span class='ocrx_word' id='word_1_305' title='bbox 504 4668 664 4735; x_wconf 89' lang='lat' dir='ltr'><strong>tum,</strong></span> <span class='ocrx_word' id='word_1_306' title='bbox 694 4662 837 4741; x_wconf 88' lang='lat' dir='ltr'><strong>quia</strong></span> <span class='ocrx_word' id='word_1_307' title='bbox 867 4679 998 4721; x_wconf 87' lang='lat' dir='ltr'><strong>non</strong></span> <span class='ocrx_word' id='word_1_308' title='bbox 1033 4667 1128 4722; x_wconf 89' lang='lat' dir='ltr'><strong>est</strong></span> <span class='ocrx_word' id='word_1_309' title='bbox 1155 4661 1443 4722; x_wconf 90' lang='lat' dir='ltr'><strong>absoluta</strong></span> <span class='ocrx_word' id='word_1_310' title='bbox 1471 4662 1764 4723; x_wconf 83' lang='lat' dir='ltr'><strong>voluntas</strong></span> <span class='ocrx_word' id='word_1_311' title='bbox 1792 4668 1859 4723; x_wconf 90' lang='lat' dir='ltr'><strong>ut</strong></span> <span class='ocrx_word' id='word_1_312' title='bbox 1891 4662 2075 4721; x_wconf 84' lang='lat' dir='ltr'><strong>effec-</strong></span> 
     </span>
     <span class='ocr_line' id='line_1_48' title="bbox 505 4754 2073 4828; baseline -0.001 -13"><span class='ocrx_word' id='word_1_313' title='bbox 505 4760 607 4815; x_wconf 90' lang='lat' dir='ltr'><strong>tus</strong></span> <span class='ocrx_word' id='word_1_314' title='bbox 633 4756 732 4828; x_wconf 90' lang='lat' dir='ltr'><strong>sit,</strong></span> <span class='ocrx_word' id='word_1_315' title='bbox 769 4755 880 4815; x_wconf 89' lang='lat' dir='ltr'><strong>sed</strong></span> <span class='ocrx_word' id='word_1_316' title='bbox 911 4772 1054 4815; x_wconf 87' lang='lat' dir='ltr'><strong>cum</strong></span> <span class='ocrx_word' id='word_1_317' title='bbox 1091 4755 1210 4815; x_wconf 89' lang='lat' dir='ltr'><strong>hac</strong></span> <span class='ocrx_word' id='word_1_318' title='bbox 1239 4754 1594 4815; x_wconf 87' lang='lat' dir='ltr'><strong>conditione</strong></span> <span class='ocrx_word' id='word_1_319' title='bbox 1634 4774 1647 4816; x_wconf 92' lang='lat'><strong>:</strong></span> <span class='ocrx_word' id='word_1_320' title='bbox 1691 4756 1754 4816; x_wconf 93' lang='lat' dir='ltr'><strong>Si</strong></span> <span class='ocrx_word' id='word_1_321' title='bbox 1783 4754 2073 4815; x_wconf 79' lang='lat' dir='ltr'><strong>voluntas</strong></span> 
     </span>
     <span class='ocr_line' id='line_1_49' title="bbox 503 4846 2074 4909; baseline 0 -2"><span class='ocrx_word' id='word_1_322' title='bbox 503 4846 784 4908; x_wconf 89' lang='lat' dir='ltr'><strong>humana</strong></span> <span class='ocrx_word' id='word_1_323' title='bbox 814 4865 952 4907; x_wconf 88' lang='lat' dir='ltr'><strong>sese</strong></span> <span class='ocrx_word' id='word_1_324' title='bbox 995 4847 1075 4907; x_wconf 90' lang='lat' dir='ltr'><strong>ad</strong></span> <span class='ocrx_word' id='word_1_325' title='bbox 1103 4847 1276 4908; x_wconf 90' lang='lat' dir='ltr'><strong>illam</strong></span> <span class='ocrx_word' id='word_1_326' title='bbox 1315 4847 1901 4909; x_wconf 84' lang='lat' dir='ltr'><strong>accommodaverit.</strong></span> <span class='ocrx_word' id='word_1_327' title='bbox 1952 4848 2074 4908; x_wconf 91' lang='lat' dir='ltr'><strong>Ne-</strong></span> 
     </span>
     <span class='ocr_line' id='line_1_50' title="bbox 505 4940 2073 5020; baseline -0.001 -18"><span class='ocrx_word' id='word_1_328' title='bbox 505 4960 630 5020; x_wconf 89' lang='lat' dir='ltr'><strong>que</strong></span> <span class='ocrx_word' id='word_1_329' title='bbox 657 4941 842 5005; x_wconf 86' lang='lat' dir='ltr'><strong>etiam</strong></span> <span class='ocrx_word' id='word_1_330' title='bbox 873 4947 966 5003; x_wconf 87' lang='lat' dir='ltr'><strong>est</strong></span> <span class='ocrx_word' id='word_1_331' title='bbox 991 4942 1280 5003; x_wconf 80' lang='lat' dir='ltr'><strong>voluntas</strong></span> <span class='ocrx_word' id='word_1_332' title='bbox 1311 4942 1530 5003; x_wconf 84' lang='lat' dir='ltr'><strong>efficax</strong></span> <span class='ocrx_word' id='word_1_333' title='bbox 1555 4940 2073 5003; x_wconf 88' lang='lat' dir='ltr'><strong>accommodandi</strong></span> 
     </span>
     <span class='ocr_line' id='line_1_51' title="bbox 507 5035 2073 5114; baseline -0.001 -17"><span class='ocrx_word' id='word_1_334' title='bbox 507 5054 622 5097; x_wconf 88' lang='lat' dir='ltr'><strong>seu</strong></span> <span class='ocrx_word' id='word_1_335' title='bbox 657 5035 1114 5097; x_wconf 89' lang='lat' dir='ltr'><strong>determinandi</strong></span> <span class='ocrx_word' id='word_1_336' title='bbox 1157 5035 1491 5114; x_wconf 85' lang='lat' dir='ltr'><strong>ipsammet</strong></span> <span class='ocrx_word' id='word_1_337' title='bbox 1528 5036 1915 5097; x_wconf 84' lang='lat' dir='ltr'><strong>voluntatem</strong></span> <span class='ocrx_word' id='word_1_338' title='bbox 1956 5036 2073 5095; x_wconf 87' lang='lat' dir='ltr'><strong>hu-</strong></span> 
     </span>
     <span class='ocr_line' id='line_1_52' title="bbox 505 5128 2068 5207; baseline -0.001 -18"><span class='ocrx_word' id='word_1_339' title='bbox 505 5146 781 5203; x_wconf 90' lang='lat' dir='ltr'><strong>manam,</strong></span> <span class='ocrx_word' id='word_1_340' title='bbox 815 5128 926 5189; x_wconf 91' lang='lat' dir='ltr'><strong>sed</strong></span> <span class='ocrx_word' id='word_1_341' title='bbox 953 5128 1161 5207; x_wconf 85' lang='lat' dir='ltr'><strong>quoad</strong></span> <span class='ocrx_word' id='word_1_342' title='bbox 1188 5129 1308 5189; x_wconf 91' lang='lat' dir='ltr'><strong>hoc</strong></span> <span class='ocrx_word' id='word_1_343' title='bbox 1337 5129 1827 5190; x_wconf 88' lang='lat' dir='ltr'><strong>concomitanter</strong></span> <span class='ocrx_word' id='word_1_344' title='bbox 1859 5146 1926 5189; x_wconf 92' lang='lat' dir='ltr'><strong>se</strong></span> <span class='ocrx_word' id='word_1_345' title='bbox 1956 5130 2068 5188; x_wconf 89' lang='lat' dir='ltr'><strong>ha·-</strong></span> 
     </span>
     <span class='ocr_line' id='line_1_53' title="bbox 503 5220 2067 5300; baseline 0.001 -19"><span class='ocrx_word' id='word_1_346' title='bbox 503 5221 634 5282; x_wconf 87' lang='lat' dir='ltr'><strong>bet.</strong></span> <span class='ocrx_word' id='word_1_347' title='bbox 667 5221 846 5283; x_wconf 89' lang='lat' dir='ltr'><strong>Unde</strong></span> <span class='ocrx_word' id='word_1_348' title='bbox 863 5220 946 5281; x_wconf 88' lang='lat' dir='ltr'><strong>ad</strong></span> <span class='ocrx_word' id='word_1_349' title='bbox 964 5221 1150 5281; x_wconf 88' lang='lat' dir='ltr'><strong>aliam</strong></span> <span class='ocrx_word' id='word_1_350' title='bbox 1177 5221 1656 5300; x_wconf 83' lang='lat' dir='ltr'><strong>argumentandi</strong></span> <span class='ocrx_word' id='word_1_351' title='bbox 1678 5220 1947 5281; x_wconf 83' lang='lat' dir='ltr'><strong>formam</strong></span> <span class='ocrx_word' id='word_1_352' title='bbox 1970 5240 2067 5283; x_wconf 90' lang='lat' dir='ltr'><strong>re-</strong></span> 
     </span>
     <span class='ocr_line' id='line_1_54' title="bbox 506 5314 2073 5395; baseline 0.003 -22"><span class='ocrx_word' id='word_1_353' title='bbox 506 5314 810 5394; x_wconf 86' lang='lat' dir='ltr'><strong>spondeo,</strong></span> <span class='ocrx_word' id='word_1_354' title='bbox 828 5314 992 5375; x_wconf 88' lang='lat' dir='ltr'><strong>hanc</strong></span> <span class='ocrx_word' id='word_1_355' title='bbox 1013 5314 1368 5375; x_wconf 86' lang='lat' dir='ltr'><strong>causalem:</strong></span> <span class='ocrx_word' id='word_1_356' title='bbox 1391 5314 1515 5375; x_wconf 73' lang='lat' dir='ltr'><strong>Res</strong></span> <span class='ocrx_word' id='word_1_357' title='bbox 1543 5316 1765 5388; x_wconf 79' lang='lat' dir='ltr'><strong>futura</strong></span> <span class='ocrx_word' id='word_1_358' title='bbox 1789 5319 1902 5385; x_wconf 71' lang='lat' dir='ltr'><strong>cst,</strong></span> <span class='ocrx_word' id='word_1_359' title='bbox 1925 5316 2073 5395; x_wconf 83' lang='lat' dir='ltr'><strong>quia</strong></span> 
     </span>
     <span class='ocr_line' id='line_1_55' title="bbox 505 5406 2069 5483; baseline -0.001 -14"><span class='ocrx_word' id='word_1_360' title='bbox 505 5407 673 5469; x_wconf 72' lang='lat' dir='ltr'><strong>Deus</strong></span> <span class='ocrx_word' id='word_1_361' title='bbox 699 5406 892 5469; x_wconf 74' lang='lat' dir='ltr'><strong>voluit</strong></span> <span class='ocrx_word' id='word_1_362' title='bbox 921 5424 1051 5469; x_wconf 80' lang='lat' dir='ltr'><strong>eam</strong></span> <span class='ocrx_word' id='word_1_363' title='bbox 1081 5411 1206 5483; x_wconf 76' lang='lat' dir='ltr'><strong>sore</strong></span> <span class='ocrx_word' id='word_1_364' title='bbox 1224 5452 1242 5480; x_wconf 92' lang='lat'><strong>,</strong></span> <span class='ocrx_word' id='word_1_365' title='bbox 1287 5406 1350 5467; x_wconf 91' lang='lat' dir='ltr'><strong>in</strong></span> <span class='ocrx_word' id='word_1_366' title='bbox 1377 5407 1476 5467; x_wconf 89' lang='lat' dir='ltr'><strong>his</strong></span> <span class='ocrx_word' id='word_1_367' title='bbox 1504 5423 1644 5483; x_wconf 83' lang='lat' dir='ltr'><strong>quae</strong></span> <span class='ocrx_word' id='word_1_368' title='bbox 1677 5424 1754 5466; x_wconf 80' lang='lat' dir='ltr'><strong>ex</strong></span> <span class='ocrx_word' id='word_1_369' title='bbox 1796 5407 1929 5467; x_wconf 87' lang='lat' dir='ltr'><strong>sola</strong></span> <span class='ocrx_word' id='word_1_370' title='bbox 1960 5408 2069 5467; x_wconf 87' lang='lat' dir='ltr'><strong>Dei</strong></span> 
     </span>
     <span class='ocr_line' id='line_1_56' title="bbox 509 5497 2072 5579; baseline 0 -20"><span class='ocrx_word' id='word_1_371' title='bbox 509 5499 869 5559; x_wconf 86' lang='lat' dir='ltr'><strong>causalitate</strong></span> <span class='ocrx_word' id='word_1_372' title='bbox 927 5497 1134 5559; x_wconf 82' lang='lat' dir='ltr'><strong>futura</strong></span> <span class='ocrx_word' id='word_1_373' title='bbox 1193 5504 1338 5559; x_wconf 87' lang='lat' dir='ltr'><strong>sunt</strong></span> <span class='ocrx_word' id='word_1_374' title='bbox 1369 5543 1385 5573; x_wconf 96' lang='lat'><strong>,</strong></span> <span class='ocrx_word' id='word_1_375' title='bbox 1444 5516 1661 5559; x_wconf 87' lang='lat' dir='ltr'><strong>veram</strong></span> <span class='ocrx_word' id='word_1_376' title='bbox 1713 5499 2072 5579; x_wconf 88' lang='lat' dir='ltr'><strong>simpliciter</strong></span> 
     </span>
    </p>
   </div>
   <div class='ocr_carea' id='block_1_3' title="bbox 1001 355 3228 424">
    <p class='ocr_par' dir='ltr' id='par_1_4' title="bbox 1001 355 3228 424">
     <span class='ocr_line' id='line_1_57' title="bbox 1001 355 3228 424; baseline 0.001 -12"><span class='ocrx_word' id='word_1_377' title='bbox 1001 355 1214 414; x_wconf 80' lang='lat' dir='ltr'><strong>OPUSG.</strong></span> <span class='ocrx_word' id='word_1_378' title='bbox 1251 361 1316 422; x_wconf 85' lang='grc' dir='ltr'><strong>ΙΙ,</strong></span> <span class='ocrx_word' id='word_1_379' title='bbox 1351 361 1470 424; x_wconf 76' lang='lat' dir='ltr'><strong>Lm,</strong></span> <span class='ocrx_word' id='word_1_380' title='bbox 1504 361 1542 414; x_wconf 92' lang='lat'><strong>1.</strong></span> <span class='ocrx_word' id='word_1_381' title='bbox 1580 361 1660 416; x_wconf 72' lang='grc' dir='ltr'><strong>ΒΕ</strong></span> <span class='ocrx_word' id='word_1_382' title='bbox 1693 357 2017 414; x_wconf 73' lang='lat' dir='ltr'>ABSOLUTA</span> <span class='ocrx_word' id='word_1_383' title='bbox 2048 360 2336 414; x_wconf 62' lang='lat' dir='ltr'><strong>scu-:Nun</strong></span> <span class='ocrx_word' id='word_1_384' title='bbox 2366 362 2673 416; x_wconf 70' lang='lat' dir='ltr'><strong>Furunon.</strong></span> <span class='ocrx_word' id='word_1_385' title='bbox 2710 363 3228 418; x_wconf 67' lang='lat' dir='ltr'><strong>CONTlNGENTlUH.</strong></span> 
     </span>
    </p>
   </div>
   <div class='ocr_carea' id='block_1_4' title="bbox 2146 465 3701 3143">
    <p class='ocr_par' dir='ltr' id='par_1_5' title="bbox 2146 465 3701 3143">
     <span class='ocr_line' id='line_1_58' title="bbox 2148 465 3685 544; baseline 0.001 -19"><span class='ocrx_word' id='word_1_386' title='bbox 2148 482 2287 526; x_wconf 85' lang='lat' dir='ltr'><strong>esse</strong></span> <span class='ocrx_word' id='word_1_387' title='bbox 2308 487 2325 540; x_wconf 90' lang='lat'>;</span> <span class='ocrx_word' id='word_1_388' title='bbox 2360 465 2427 526; x_wconf 90' lang='lat' dir='ltr'><strong>in</strong></span> <span class='ocrx_word' id='word_1_389' title='bbox 2472 466 2571 526; x_wconf 82' lang='lat' dir='ltr'><strong>his</strong></span> <span class='ocrx_word' id='word_1_390' title='bbox 2613 483 2759 526; x_wconf 79' lang='lat' dir='ltr'><strong>vero</strong></span> <span class='ocrx_word' id='word_1_391' title='bbox 2803 484 2942 544; x_wconf 82' lang='lat' dir='ltr'><strong>quae</strong></span> <span class='ocrx_word' id='word_1_392' title='bbox 2972 486 3101 528; x_wconf 90' lang='lat' dir='ltr'><strong>non</strong></span> <span class='ocrx_word' id='word_1_393' title='bbox 3144 486 3183 526; x_wconf 85' lang='lat' dir='ltr'><strong>a</strong></span> <span class='ocrx_word' id='word_1_394' title='bbox 3224 467 3361 526; x_wconf 87' lang='lat' dir='ltr'><strong>solo</strong></span> <span class='ocrx_word' id='word_1_395' title='bbox 3400 468 3549 538; x_wconf 84' lang='lat' dir='ltr'><strong>Deo,</strong></span> <span class='ocrx_word' id='word_1_396' title='bbox 3588 468 3685 527; x_wconf 82' lang='lat' dir='ltr'><strong>sed</strong></span> 
     </span>
     <span class='ocr_line' id='line_1_59' title="bbox 2148 557 3685 638; baseline 0 -20"><span class='ocrx_word' id='word_1_397' title='bbox 2148 557 2337 618; x_wconf 88' lang='lat' dir='ltr'><strong>etiam</strong></span> <span class='ocrx_word' id='word_1_398' title='bbox 2356 579 2391 618; x_wconf 87' lang='lat' dir='ltr'><strong>a</strong></span> <span class='ocrx_word' id='word_1_399' title='bbox 2414 565 2791 638; x_wconf 81' lang='lat' dir='ltr'><strong>cooperante</strong></span> <span class='ocrx_word' id='word_1_400' title='bbox 2814 558 3009 620; x_wconf 83' lang='lat' dir='ltr'><strong>libero</strong></span> <span class='ocrx_word' id='word_1_401' title='bbox 3036 560 3293 621; x_wconf 87' lang='lat' dir='ltr'><strong>arbitrio</strong></span> <span class='ocrx_word' id='word_1_402' title='bbox 3312 559 3519 620; x_wconf 79' lang='lat' dir='ltr'><strong>sutum</strong></span> <span class='ocrx_word' id='word_1_403' title='bbox 3536 565 3685 630; x_wconf 86' lang='lat' dir='ltr'><strong>sunt,</strong></span> 
     </span>
     <span class='ocr_line' id='line_1_60' title="bbox 2146 650 3689 728; baseline 0.002 -19"><span class='ocrx_word' id='word_1_404' title='bbox 2146 650 2450 728; x_wconf 89' lang='lat' dir='ltr'><strong>imprimis</strong></span> <span class='ocrx_word' id='word_1_405' title='bbox 2496 670 2623 712; x_wconf 90' lang='lat' dir='ltr'><strong>non</strong></span> <span class='ocrx_word' id='word_1_406' title='bbox 2677 658 2775 713; x_wconf 88' lang='lat' dir='ltr'><strong>est</strong></span> <span class='ocrx_word' id='word_1_407' title='bbox 2824 671 2975 712; x_wconf 82' lang='lat' dir='ltr'><strong>vera</strong></span> <span class='ocrx_word' id='word_1_408' title='bbox 3024 653 3105 714; x_wconf 89' lang='lat' dir='ltr'><strong>de</strong></span> <span class='ocrx_word' id='word_1_409' title='bbox 3152 652 3446 713; x_wconf 82' lang='lat' dir='ltr'><strong>omnibus</strong></span> <span class='ocrx_word' id='word_1_410' title='bbox 3488 652 3689 712; x_wconf 79' lang='lat' dir='ltr'><strong>futuris</strong></span> 
     </span>
     <span class='ocr_line' id='line_1_61' title="bbox 2148 745 3689 825; baseline 0.001 -23"><span class='ocrx_word' id='word_1_411' title='bbox 2148 745 2671 824; x_wconf 86' lang='lat' dir='ltr'><strong>contingentibus,</strong></span> <span class='ocrx_word' id='word_1_412' title='bbox 2714 763 2861 806; x_wconf 90' lang='lat' dir='ltr'><strong>nam</strong></span> <span class='ocrx_word' id='word_1_413' title='bbox 2890 745 2953 805; x_wconf 93' lang='lat' dir='ltr'><strong>in</strong></span> <span class='ocrx_word' id='word_1_414' title='bbox 2980 746 3222 806; x_wconf 86' lang='lat' dir='ltr'><strong>actibus</strong></span> <span class='ocrx_word' id='word_1_415' title='bbox 3260 747 3689 825; x_wconf 84' lang='lat' dir='ltr'><strong>peccaminosis</strong></span> 
     </span>
     <span class='ocr_line' id='line_1_62' title="bbox 2146 836 3691 920; baseline 0.002 -25"><span class='ocrx_word' id='word_1_416' title='bbox 2146 836 2373 897; x_wconf 86' lang='lat' dir='ltr'><strong>falsum</strong></span> <span class='ocrx_word' id='word_1_417' title='bbox 2403 844 2497 899; x_wconf 88' lang='lat' dir='ltr'><strong>est</strong></span> <span class='ocrx_word' id='word_1_418' title='bbox 2528 837 2738 898; x_wconf 86' lang='lat' dir='ltr'><strong>dicere</strong></span> <span class='ocrx_word' id='word_1_419' title='bbox 2786 856 2798 896; x_wconf 90' lang='lat'><strong>:</strong></span> <span class='ocrx_word' id='word_1_420' title='bbox 2850 837 3282 901; x_wconf 70' lang='lat' dir='ltr'><strong>Antichristus</strong></span> <span class='ocrx_word' id='word_1_421' title='bbox 3324 845 3691 920; x_wconf 65' lang='lat' dir='ltr'><strong>persequetur</strong></span> 
     </span>
     <span class='ocr_line' id='line_1_63' title="bbox 2146 931 3689 1012; baseline 0.001 -20"><span class='ocrx_word' id='word_1_422' title='bbox 2146 931 2491 994; x_wconf 75' lang='lat' dir='ltr'><strong>Ecclesiam</strong></span> <span class='ocrx_word' id='word_1_423' title='bbox 2514 975 2533 1006; x_wconf 88' lang='lat'><strong>,</strong></span> <span class='ocrx_word' id='word_1_424' title='bbox 2578 932 2725 1012; x_wconf 75' lang='lat' dir='ltr'><strong>quia</strong></span> <span class='ocrx_word' id='word_1_425' title='bbox 2770 932 2936 994; x_wconf 69' lang='lat' dir='ltr'><strong>Deus</strong></span> <span class='ocrx_word' id='word_1_426' title='bbox 2982 932 3175 994; x_wconf 74' lang='lat' dir='ltr'><strong>voluit</strong></span> <span class='ocrx_word' id='word_1_427' title='bbox 3228 937 3302 993; x_wconf 80' lang='lat' dir='ltr'><strong>ut</strong></span> <span class='ocrx_word' id='word_1_428' title='bbox 3350 933 3423 992; x_wconf 70' lang='lat' dir='ltr'><strong>id</strong></span> <span class='ocrx_word' id='word_1_429' title='bbox 3470 935 3689 1006; x_wconf 67' lang='lat' dir='ltr'><strong>faceret,</strong></span> 
     </span>
     <span class='ocr_line' id='line_1_64' title="bbox 2148 1023 3693 1104; baseline 0.003 -22"><span class='ocrx_word' id='word_1_430' title='bbox 2148 1023 2293 1101; x_wconf 89' lang='lat' dir='ltr'><strong>quia</strong></span> <span class='ocrx_word' id='word_1_431' title='bbox 2336 1025 2499 1084; x_wconf 88' lang='lat' dir='ltr'><strong>Deus</strong></span> <span class='ocrx_word' id='word_1_432' title='bbox 2541 1043 2669 1084; x_wconf 89' lang='lat' dir='ltr'><strong>non</strong></span> <span class='ocrx_word' id='word_1_433' title='bbox 2697 1024 2763 1084; x_wconf 91' lang='lat' dir='ltr'><strong>id</strong></span> <span class='ocrx_word' id='word_1_434' title='bbox 2802 1025 3031 1096; x_wconf 88' lang='lat' dir='ltr'><strong>voluit,</strong></span> <span class='ocrx_word' id='word_1_435' title='bbox 3090 1025 3201 1085; x_wconf 91' lang='lat' dir='ltr'><strong>sed</strong></span> <span class='ocrx_word' id='word_1_436' title='bbox 3224 1025 3549 1104; x_wconf 83' lang='lat' dir='ltr'><strong>permisit;</strong></span> <span class='ocrx_word' id='word_1_437' title='bbox 3592 1044 3693 1086; x_wconf 81' lang='lat' dir='ltr'><strong>nec</strong></span> 
     </span>
     <span class='ocr_line' id='line_1_65' title="bbox 2150 1117 3696 1196; baseline 0.002 -21"><span class='ocrx_word' id='word_1_438' title='bbox 2150 1121 2363 1176; x_wconf 87' lang='lat' dir='ltr'><strong>tamen</strong></span> <span class='ocrx_word' id='word_1_439' title='bbox 2402 1135 2623 1177; x_wconf 88' lang='lat' dir='ltr'><strong>verum</strong></span> <span class='ocrx_word' id='word_1_440' title='bbox 2672 1123 2769 1178; x_wconf 91' lang='lat' dir='ltr'><strong>est</strong></span> <span class='ocrx_word' id='word_1_441' title='bbox 2812 1117 3020 1178; x_wconf 91' lang='lat' dir='ltr'><strong>dicere</strong></span> <span class='ocrx_word' id='word_1_442' title='bbox 3066 1117 3129 1177; x_wconf 85' lang='lat' dir='ltr'><strong>id</strong></span> <span class='ocrx_word' id='word_1_443' title='bbox 3181 1117 3317 1178; x_wconf 83' lang='lat' dir='ltr'><strong>fore</strong></span> <span class='ocrx_word' id='word_1_444' title='bbox 3358 1119 3509 1196; x_wconf 84' lang='lat' dir='ltr'><strong>quia</strong></span> <span class='ocrx_word' id='word_1_445' title='bbox 3548 1119 3696 1178; x_wconf 86' lang='lat' dir='ltr'><strong>Deus</strong></span> 
     </span>
     <span class='ocr_line' id='line_1_66' title="bbox 2148 1209 3697 1290; baseline 0 -20"><span class='ocrx_word' id='word_1_446' title='bbox 2148 1210 2215 1270; x_wconf 92' lang='lat' dir='ltr'><strong>id</strong></span> <span class='ocrx_word' id='word_1_447' title='bbox 2242 1209 2521 1290; x_wconf 82' lang='lat' dir='ltr'><strong>permisit</strong></span> <span class='ocrx_word' id='word_1_448' title='bbox 2544 1255 2561 1283; x_wconf 92' lang='lat'><strong>,</strong></span> <span class='ocrx_word' id='word_1_449' title='bbox 2606 1209 2753 1289; x_wconf 90' lang='lat' dir='ltr'><strong>quia</strong></span> <span class='ocrx_word' id='word_1_450' title='bbox 2782 1209 2971 1270; x_wconf 86' lang='lat' dir='ltr'><strong>etiam</strong></span> <span class='ocrx_word' id='word_1_451' title='bbox 3000 1210 3287 1272; x_wconf 81' lang='lat' dir='ltr'><strong>voluntas</strong></span> <span class='ocrx_word' id='word_1_452' title='bbox 3316 1209 3697 1290; x_wconf 81' lang='lat' dir='ltr'><strong>permittendi</strong></span> 
     </span>
     <span class='ocr_line' id='line_1_67' title="bbox 2148 1303 3697 1376; baseline 0.001 -13"><span class='ocrx_word' id='word_1_453' title='bbox 2148 1323 2277 1365; x_wconf 88' lang='lat' dir='ltr'><strong>non</strong></span> <span class='ocrx_word' id='word_1_454' title='bbox 2320 1310 2413 1365; x_wconf 91' lang='lat' dir='ltr'><strong>est</strong></span> <span class='ocrx_word' id='word_1_455' title='bbox 2456 1323 2643 1364; x_wconf 87' lang='lat' dir='ltr'><strong>causa</strong></span> <span class='ocrx_word' id='word_1_456' title='bbox 2693 1303 2832 1364; x_wconf 87' lang='lat' dir='ltr'><strong>talis</strong></span> <span class='ocrx_word' id='word_1_457' title='bbox 2864 1305 3155 1376; x_wconf 73' lang='lat' dir='ltr'><strong>effectu8‚</strong></span> <span class='ocrx_word' id='word_1_458' title='bbox 3203 1305 3318 1364; x_wconf 83' lang='lat' dir='ltr'><strong>sed</strong></span> <span class='ocrx_word' id='word_1_459' title='bbox 3352 1305 3557 1364; x_wconf 85' lang='lat' dir='ltr'><strong>solum</strong></span> <span class='ocrx_word' id='word_1_460' title='bbox 3586 1323 3697 1364; x_wconf 88' lang='lat' dir='ltr'><strong>non</strong></span> 
     </span>
     <span class='ocr_line' id='line_1_68' title="bbox 2148 1396 3699 1474; baseline 0 -18"><span class='ocrx_word' id='word_1_461' title='bbox 2148 1396 2407 1474; x_wconf 90' lang='lat' dir='ltr'><strong>impedit</strong></span> <span class='ocrx_word' id='word_1_462' title='bbox 2454 1396 2651 1457; x_wconf 90' lang='lat' dir='ltr'><strong>illum.</strong></span> <span class='ocrx_word' id='word_1_463' title='bbox 2717 1397 2787 1458; x_wconf 87' lang='lat' dir='ltr'><strong>In</strong></span> <span class='ocrx_word' id='word_1_464' title='bbox 2834 1396 3019 1457; x_wconf 89' lang='lat' dir='ltr'><strong>bonis</strong></span> <span class='ocrx_word' id='word_1_465' title='bbox 3062 1403 3275 1458; x_wconf 88' lang='lat' dir='ltr'><strong>autem</strong></span> <span class='ocrx_word' id='word_1_466' title='bbox 3320 1397 3563 1457; x_wconf 80' lang='lat' dir='ltr'><strong>actibus</strong></span> <span class='ocrx_word' id='word_1_467' title='bbox 3600 1397 3699 1456; x_wconf 85' lang='lat' dir='ltr'><strong>erit</strong></span> 
     </span>
     <span class='ocr_line' id='line_1_69' title="bbox 2147 1489 3699 1570; baseline 0.001 -22"><span class='ocrx_word' id='word_1_468' title='bbox 2147 1508 2295 1550; x_wconf 82' lang='lat' dir='ltr'><strong>vera</strong></span> <span class='ocrx_word' id='word_1_469' title='bbox 2322 1489 2425 1549; x_wconf 83' lang='lat' dir='ltr'><strong>illa</strong></span> <span class='ocrx_word' id='word_1_470' title='bbox 2454 1489 2745 1561; x_wconf 86' lang='lat' dir='ltr'><strong>causalis,</strong></span> <span class='ocrx_word' id='word_1_471' title='bbox 2776 1490 3119 1569; x_wconf 66' lang='lat' dir='ltr'><strong>praesertim</strong></span> <span class='ocrx_word' id='word_1_472' title='bbox 3146 1497 3410 1570; x_wconf 86' lang='lat' dir='ltr'><strong>propter</strong></span> <span class='ocrx_word' id='word_1_473' title='bbox 3434 1489 3699 1550; x_wconf 73' lang='lat' dir='ltr'><strong>volunta-</strong></span> 
     </span>
     <span class='ocr_line' id='line_1_70' title="bbox 2146 1583 3694 1662; baseline -0.001 -18"><span class='ocrx_word' id='word_1_474' title='bbox 2146 1589 2275 1644; x_wconf 88' lang='lat' dir='ltr'><strong>tem</strong></span> <span class='ocrx_word' id='word_1_475' title='bbox 2320 1583 2433 1644; x_wconf 87' lang='lat' dir='ltr'><strong>Dei</strong></span> <span class='ocrx_word' id='word_1_476' title='bbox 2482 1583 2972 1662; x_wconf 70' lang='lat' dir='ltr'><strong>praeflnientem,</strong></span> <span class='ocrx_word' id='word_1_477' title='bbox 3008 1584 3117 1644; x_wconf 90' lang='lat' dir='ltr'><strong>ubi</strong></span> <span class='ocrx_word' id='word_1_478' title='bbox 3160 1584 3293 1644; x_wconf 84' lang='lat' dir='ltr'><strong>haec</strong></span> <span class='ocrx_word' id='word_1_479' title='bbox 3340 1583 3694 1654; x_wconf 81' lang='lat' dir='ltr'><strong>intercedit;</strong></span> 
     </span>
     <span class='ocr_line' id='line_1_71' title="bbox 2146 1675 3699 1756; baseline -0.001 -20"><span class='ocrx_word' id='word_1_480' title='bbox 2146 1676 2245 1736; x_wconf 75' lang='lat' dir='ltr'><strong>vel</strong></span> <span class='ocrx_word' id='word_1_481' title='bbox 2274 1677 2460 1737; x_wconf 87' lang='lat' dir='ltr'><strong>ctiam</strong></span> <span class='ocrx_word' id='word_1_482' title='bbox 2491 1682 2747 1756; x_wconf 87' lang='lat' dir='ltr'><strong>propter</strong></span> <span class='ocrx_word' id='word_1_483' title='bbox 2768 1677 3153 1738; x_wconf 81' lang='lat' dir='ltr'><strong>voluntatem</strong></span> <span class='ocrx_word' id='word_1_484' title='bbox 3174 1675 3525 1736; x_wconf 85' lang='lat' dir='ltr'><strong>inducendi</strong></span> <span class='ocrx_word' id='word_1_485' title='bbox 3548 1684 3605 1736; x_wconf 81' lang='lat' dir='ltr'><strong>et</strong></span> <span class='ocrx_word' id='word_1_486' title='bbox 3616 1677 3699 1753; x_wconf 84' lang='lat' dir='ltr'><strong>ju-</strong></span> 
     </span>
     <span class='ocr_line' id='line_1_72' title="bbox 2147 1770 3701 1842; baseline -0.002 -12"><span class='ocrx_word' id='word_1_487' title='bbox 2147 1770 2333 1830; x_wconf 82' lang='lat' dir='ltr'><strong>vandi</strong></span> <span class='ocrx_word' id='word_1_488' title='bbox 2386 1770 2707 1832; x_wconf 90' lang='lat' dir='ltr'><strong>hominem</strong></span> <span class='ocrx_word' id='word_1_489' title='bbox 2750 1770 2831 1830; x_wconf 90' lang='lat' dir='ltr'><strong>ad</strong></span> <span class='ocrx_word' id='word_1_490' title='bbox 2868 1771 2982 1830; x_wconf 89' lang='lat' dir='ltr'><strong>hos</strong></span> <span class='ocrx_word' id='word_1_491' title='bbox 3018 1773 3229 1842; x_wconf 89' lang='lat' dir='ltr'><strong>actus;</strong></span> <span class='ocrx_word' id='word_1_492' title='bbox 3272 1788 3427 1830; x_wconf 85' lang='lat' dir='ltr'><strong>nam</strong></span> <span class='ocrx_word' id='word_1_493' title='bbox 3468 1770 3533 1830; x_wconf 90' lang='lat' dir='ltr'><strong>in</strong></span> <span class='ocrx_word' id='word_1_494' title='bbox 3574 1789 3701 1830; x_wconf 85' lang='lat' dir='ltr'><strong>cau-</strong></span> 
     </span>
     <span class='ocr_line' id='line_1_73' title="bbox 2150 1865 3695 1926; baseline 0 -2"><span class='ocrx_word' id='word_1_495' title='bbox 2150 1883 2218 1924; x_wconf 86' lang='lat' dir='ltr'><strong>sa</strong></span> <span class='ocrx_word' id='word_1_496' title='bbox 2264 1866 2447 1926; x_wconf 85' lang='lat' dir='ltr'><strong>etiam</strong></span> <span class='ocrx_word' id='word_1_497' title='bbox 2506 1865 2855 1926; x_wconf 84' lang='lat' dir='ltr'><strong>consulenti</strong></span> <span class='ocrx_word' id='word_1_498' title='bbox 2890 1866 3167 1926; x_wconf 88' lang='lat' dir='ltr'><strong>humana</strong></span> <span class='ocrx_word' id='word_1_499' title='bbox 3204 1884 3355 1926; x_wconf 84' lang='lat' dir='ltr'><strong>vere</strong></span> <span class='ocrx_word' id='word_1_500' title='bbox 3410 1865 3695 1926; x_wconf 84' lang='lat' dir='ltr'><strong>dicimus:</strong></span> 
     </span>
     <span class='ocr_line' id='line_1_74' title="bbox 2146 1957 3697 2040; baseline 0.002 -20"><span class='ocrx_word' id='word_1_501' title='bbox 2146 1959 2416 2021; x_wconf 72' lang='lat' dir='ltr'><strong>Joannes</strong></span> <span class='ocrx_word' id='word_1_502' title='bbox 2460 1959 2565 2020; x_wconf 76' lang='lat' dir='ltr'><strong>hoc</strong></span> <span class='ocrx_word' id='word_1_503' title='bbox 2610 1958 2840 2033; x_wconf 76' lang='lat' dir='ltr'><strong>voluit,</strong></span> <span class='ocrx_word' id='word_1_504' title='bbox 2894 1957 3039 2040; x_wconf 75' lang='lat' dir='ltr'><strong>quia</strong></span> <span class='ocrx_word' id='word_1_505' title='bbox 3086 1958 3315 2022; x_wconf 72' lang='lat' dir='ltr'><strong>Petrus</strong></span> <span class='ocrx_word' id='word_1_506' title='bbox 3370 1959 3697 2023; x_wconf 56' lang='lat' dir='ltr'><strong>consum.</strong></span> 
     </span>
     <span class='ocr_line' id='line_1_75' title="bbox 2150 2051 3696 2130; baseline -0.001 -20"><span class='ocrx_word' id='word_1_507' title='bbox 2150 2051 2437 2130; x_wconf 85' lang='lat' dir='ltr'><strong>quamvis</strong></span> <span class='ocrx_word' id='word_1_508' title='bbox 2458 2051 2785 2112; x_wconf 87' lang='lat' dir='ltr'><strong>consilium</strong></span> <span class='ocrx_word' id='word_1_509' title='bbox 2810 2069 2935 2112; x_wconf 90' lang='lat' dir='ltr'><strong>non</strong></span> <span class='ocrx_word' id='word_1_510' title='bbox 2962 2053 3041 2112; x_wconf 88' lang='lat' dir='ltr'><strong>sit</strong></span> <span class='ocrx_word' id='word_1_511' title='bbox 3069 2069 3257 2112; x_wconf 72' lang='lat' dir='ltr'><strong>causa</strong></span> <span class='ocrx_word' id='word_1_512' title='bbox 3282 2051 3447 2112; x_wconf 86' lang='lat' dir='ltr'><strong>adeo</strong></span> <span class='ocrx_word' id='word_1_513' title='bbox 3476 2051 3696 2121; x_wconf 80' lang='lat' dir='ltr'><strong>efficax,</strong></span> 
     </span>
     <span class='ocr_line' id='line_1_76' title="bbox 2149 2144 3700 2222; baseline -0.001 -18"><span class='ocrx_word' id='word_1_514' title='bbox 2149 2149 2219 2204; x_wconf 89' lang='lat' dir='ltr'><strong>ut</strong></span> <span class='ocrx_word' id='word_1_515' title='bbox 2248 2145 2313 2203; x_wconf 89' lang='lat' dir='ltr'><strong>in</strong></span> <span class='ocrx_word' id='word_1_516' title='bbox 2346 2161 2421 2204; x_wconf 89' lang='lat' dir='ltr'><strong>eo</strong></span> <span class='ocrx_word' id='word_1_517' title='bbox 2454 2148 2666 2222; x_wconf 89' lang='lat' dir='ltr'><strong>posset</strong></span> <span class='ocrx_word' id='word_1_518' title='bbox 2694 2144 3097 2205; x_wconf 86' lang='lat' dir='ltr'><strong>infallibiliter</strong></span> <span class='ocrx_word' id='word_1_519' title='bbox 3124 2144 3422 2222; x_wconf 86' lang='lat' dir='ltr'><strong>cognosci</strong></span> <span class='ocrx_word' id='word_1_520' title='bbox 3452 2144 3700 2206; x_wconf 85' lang='lat' dir='ltr'><strong>alterum</strong></span> 
     </span>
     <span class='ocr_line' id='line_1_77' title="bbox 2149 2240 3701 2300; baseline -0.001 0"><span class='ocrx_word' id='word_1_521' title='bbox 2149 2240 2340 2300; x_wconf 82' lang='lat' dir='ltr'><strong>fuisse</strong></span> <span class='ocrx_word' id='word_1_522' title='bbox 2374 2257 2849 2300; x_wconf 87' lang='lat' dir='ltr'><strong>consensurum.</strong></span> <span class='ocrx_word' id='word_1_523' title='bbox 2894 2240 3153 2300; x_wconf 78' lang='lat' dir='ltr'><strong>Ratione</strong></span> <span class='ocrx_word' id='word_1_524' title='bbox 3182 2245 3399 2300; x_wconf 90' lang='lat' dir='ltr'><strong>autem</strong></span> <span class='ocrx_word' id='word_1_525' title='bbox 3432 2241 3701 2300; x_wconf 78' lang='lat' dir='ltr'><strong>volunta-</strong></span> 
     </span>
     <span class='ocr_line' id='line_1_78' title="bbox 2150 2331 3699 2406; baseline 0 -14"><span class='ocrx_word' id='word_1_526' title='bbox 2150 2333 2229 2392; x_wconf 89' lang='lat' dir='ltr'><strong>tis</strong></span> <span class='ocrx_word' id='word_1_527' title='bbox 2258 2331 2669 2392; x_wconf 86' lang='lat' dir='ltr'><strong>concurrendi</strong></span> <span class='ocrx_word' id='word_1_528' title='bbox 2696 2332 2799 2391; x_wconf 88' lang='lat' dir='ltr'><strong>illa</strong></span> <span class='ocrx_word' id='word_1_529' title='bbox 2833 2333 3101 2392; x_wconf 87' lang='lat' dir='ltr'><strong>causalis</strong></span> <span class='ocrx_word' id='word_1_530' title='bbox 3128 2337 3223 2392; x_wconf 88' lang='lat' dir='ltr'><strong>est</strong></span> <span class='ocrx_word' id='word_1_531' title='bbox 3252 2351 3403 2394; x_wconf 75' lang='lat' dir='ltr'><strong>vera</strong></span> <span class='ocrx_word' id='word_1_532' title='bbox 3422 2377 3437 2406; x_wconf 92' lang='lat'><strong>,</strong></span> <span class='ocrx_word' id='word_1_533' title='bbox 3479 2333 3699 2392; x_wconf 81' lang='lat' dir='ltr'><strong>sidicat</strong></span> 
     </span>
     <span class='ocr_line' id='line_1_79' title="bbox 2152 2425 3699 2500; baseline 0 -14"><span class='ocrx_word' id='word_1_534' title='bbox 2152 2444 2407 2486; x_wconf 86' lang='lat' dir='ltr'><strong>causam</strong></span> <span class='ocrx_word' id='word_1_535' title='bbox 2434 2431 2675 2486; x_wconf 89' lang='lat' dir='ltr'><strong>tantum</strong></span> <span class='ocrx_word' id='word_1_536' title='bbox 2705 2425 2770 2486; x_wconf 91' lang='lat' dir='ltr'><strong>in</strong></span> <span class='ocrx_word' id='word_1_537' title='bbox 2798 2445 2925 2486; x_wconf 89' lang='lat' dir='ltr'><strong>uno</strong></span> <span class='ocrx_word' id='word_1_538' title='bbox 2956 2427 3201 2500; x_wconf 91' lang='lat' dir='ltr'><strong>ordine,</strong></span> <span class='ocrx_word' id='word_1_539' title='bbox 3244 2427 3481 2488; x_wconf 85' lang='lat' dir='ltr'><strong>scilicet</strong></span> <span class='ocrx_word' id='word_1_540' title='bbox 3509 2445 3699 2488; x_wconf 68' lang='lat' dir='ltr'><strong>caussa</strong></span> 
     </span>
     <span class='ocr_line' id='line_1_80' title="bbox 2150 2520 3699 2600; baseline 0 -20"><span class='ocrx_word' id='word_1_541' title='bbox 2150 2521 2386 2600; x_wconf 70' lang='lat' dir='ltr'><strong>primae,</strong></span> <span class='ocrx_word' id='word_1_542' title='bbox 2420 2539 2550 2581; x_wconf 87' lang='lat' dir='ltr'><strong>non</strong></span> <span class='ocrx_word' id='word_1_543' title='bbox 2576 2539 2727 2581; x_wconf 88' lang='lat' dir='ltr'><strong>vero</strong></span> <span class='ocrx_word' id='word_1_544' title='bbox 2758 2521 2809 2580; x_wconf 92' lang='lat' dir='ltr'><strong>si</strong></span> <span class='ocrx_word' id='word_1_545' title='bbox 2838 2520 3005 2582; x_wconf 91' lang='lat' dir='ltr'><strong>dicat</strong></span> <span class='ocrx_word' id='word_1_546' title='bbox 3034 2539 3295 2582; x_wconf 86' lang='lat' dir='ltr'><strong>causam</strong></span> <span class='ocrx_word' id='word_1_547' title='bbox 3328 2521 3699 2600; x_wconf 68' lang='lat' dir='ltr'><strong>adaequatam</strong></span> 
     </span>
     <span class='ocr_line' id='line_1_81' title="bbox 2154 2613 3699 2692; baseline 0 -18"><span class='ocrx_word' id='word_1_548' title='bbox 2154 2613 2517 2692; x_wconf 87' lang='lat' dir='ltr'><strong>simpliciter</strong></span> <span class='ocrx_word' id='word_1_549' title='bbox 2558 2614 2623 2674; x_wconf 90' lang='lat' dir='ltr'><strong>in</strong></span> <span class='ocrx_word' id='word_1_550' title='bbox 2667 2614 2842 2674; x_wconf 92' lang='lat' dir='ltr'><strong>omni</strong></span> <span class='ocrx_word' id='word_1_551' title='bbox 2880 2633 3113 2692; x_wconf 81' lang='lat' dir='ltr'><strong>genere</strong></span> <span class='ocrx_word' id='word_1_552' title='bbox 3138 2659 3154 2686; x_wconf 93' lang='lat'><strong>,</strong></span> <span class='ocrx_word' id='word_1_553' title='bbox 3200 2632 3415 2692; x_wconf 89' lang='lat' dir='ltr'><strong>neque</strong></span> <span class='ocrx_word' id='word_1_554' title='bbox 3454 2617 3633 2674; x_wconf 85' lang='lat' dir='ltr'><strong>etiam</strong></span> <span class='ocrx_word' id='word_1_555' title='bbox 3660 2613 3699 2674; x_wconf 82' lang='lat' dir='ltr'><strong>si</strong></span> 
     </span>
     <span class='ocr_line' id='line_1_82' title="bbox 2152 2705 3699 2792; baseline -0.001 -25"><span class='ocrx_word' id='word_1_556' title='bbox 2152 2706 2319 2767; x_wconf 88' lang='lat' dir='ltr'><strong>dicat</strong></span> <span class='ocrx_word' id='word_1_557' title='bbox 2360 2723 2615 2767; x_wconf 88' lang='lat' dir='ltr'><strong>causam</strong></span> <span class='ocrx_word' id='word_1_558' title='bbox 2654 2705 3313 2792; x_wconf 69' lang='lat' dir='ltr'><strong>praedeterminantem</strong></span> <span class='ocrx_word' id='word_1_559' title='bbox 3346 2707 3534 2768; x_wconf 87' lang='lat' dir='ltr'><strong>aliam</strong></span> <span class='ocrx_word' id='word_1_560' title='bbox 3568 2725 3699 2768; x_wconf 83' lang='lat' dir='ltr'><strong>con·</strong></span> 
     </span>
     <span class='ocr_line' id='line_1_83' title="bbox 2154 2800 3696 2880; baseline -0.001 -19"><span class='ocrx_word' id='word_1_561' title='bbox 2154 2819 2446 2872; x_wconf 89' lang='lat' dir='ltr'><strong>causam;</strong></span> <span class='ocrx_word' id='word_1_562' title='bbox 2482 2805 2545 2862; x_wconf 86' lang='lat' dir='ltr'><strong>et</strong></span> <span class='ocrx_word' id='word_1_563' title='bbox 2568 2800 2711 2861; x_wconf 91' lang='lat' dir='ltr'><strong>ideo</strong></span> <span class='ocrx_word' id='word_1_564' title='bbox 2738 2802 3005 2863; x_wconf 88' lang='lat' dir='ltr'><strong>causalis</strong></span> <span class='ocrx_word' id='word_1_565' title='bbox 3028 2801 3156 2875; x_wconf 87' lang='lat' dir='ltr'><strong>illa,</strong></span> <span class='ocrx_word' id='word_1_566' title='bbox 3188 2802 3253 2862; x_wconf 90' lang='lat' dir='ltr'><strong>in</strong></span> <span class='ocrx_word' id='word_1_567' title='bbox 3280 2821 3357 2863; x_wconf 88' lang='lat' dir='ltr'><strong>eo</strong></span> <span class='ocrx_word' id='word_1_568' title='bbox 3384 2821 3567 2864; x_wconf 84' lang='lat' dir='ltr'><strong>sensu</strong></span> <span class='ocrx_word' id='word_1_569' title='bbox 3584 2819 3696 2880; x_wconf 86' lang='lat' dir='ltr'><strong>quo</strong></span> 
     </span>
     <span class='ocr_line' id='line_1_84' title="bbox 2150 2893 3697 2967; baseline 0.001 -15"><span class='ocrx_word' id='word_1_570' title='bbox 2150 2911 2299 2953; x_wconf 78' lang='lat' dir='ltr'><strong>vera</strong></span> <span class='ocrx_word' id='word_1_571' title='bbox 2329 2898 2448 2967; x_wconf 90' lang='lat' dir='ltr'><strong>est,</strong></span> <span class='ocrx_word' id='word_1_572' title='bbox 2476 2911 2607 2953; x_wconf 86' lang='lat' dir='ltr'><strong>non</strong></span> <span class='ocrx_word' id='word_1_573' title='bbox 2630 2893 2857 2954; x_wconf 87' lang='lat' dir='ltr'><strong>sufficit</strong></span> <span class='ocrx_word' id='word_1_574' title='bbox 2879 2895 3031 2955; x_wconf 87' lang='lat' dir='ltr'><strong>utin</strong></span> <span class='ocrx_word' id='word_1_575' title='bbox 3054 2895 3188 2955; x_wconf 86' lang='lat' dir='ltr'><strong>solo</strong></span> <span class='ocrx_word' id='word_1_576' title='bbox 3208 2895 3597 2957; x_wconf 82' lang='lat' dir='ltr'><strong>antecedenti</strong></span> <span class='ocrx_word' id='word_1_577' title='bbox 3620 2896 3697 2954; x_wconf 89' lang='lat' dir='ltr'><strong>in-</strong></span> 
     </span>
     <span class='ocr_line' id='line_1_85' title="bbox 2154 2985 3697 3066; baseline 0 -20"><span class='ocrx_word' id='word_1_578' title='bbox 2154 2985 2490 3048; x_wconf 85' lang='lat' dir='ltr'><strong>fallibiliter</strong></span> <span class='ocrx_word' id='word_1_579' title='bbox 2516 2993 2935 3066; x_wconf 83' lang='lat' dir='ltr'><strong>cognoscatur</strong></span> <span class='ocrx_word' id='word_1_580' title='bbox 2964 3005 3363 3066; x_wconf 87' lang='lat' dir='ltr'><strong>consequens</strong></span> <span class='ocrx_word' id='word_1_581' title='bbox 3392 3007 3530 3050; x_wconf 86' lang='lat' dir='ltr'><strong>esse</strong></span> <span class='ocrx_word' id='word_1_582' title='bbox 3554 2989 3697 3048; x_wconf 84' lang='lat' dir='ltr'><strong>futu-</strong></span> 
     </span>
     <span class='ocr_line' id='line_1_86' title="bbox 2154 3097 2318 3143; baseline -0.012 0"><span class='ocrx_word' id='word_1_583' title='bbox 2154 3097 2318 3143; x_wconf 88' lang='lat' dir='ltr'><strong>rum.</strong></span> 
     </span>
    </p>
   </div>
   <div class='ocr_carea' id='block_1_5' title="bbox 2724 3312 3139 3374">
    <p class='ocr_par' dir='ltr' id='par_1_6' title="bbox 2724 3312 3139 3374">
     <span class='ocr_line' id='line_1_87' title="bbox 2724 3312 3139 3374; baseline -0.005 -1"><span class='ocrx_word' id='word_1_584' title='bbox 2724 3312 2973 3374; x_wconf 84' lang='lat' dir='ltr'>CAPUT</span> <span class='ocrx_word' id='word_1_585' title='bbox 3016 3312 3139 3373; x_wconf 90' lang='lat' dir='ltr'><strong>VII.</strong></span> 
     </span>
    </p>
   </div>
   <div class='ocr_carea' id='block_1_6' title="bbox 2153 3539 3703 3865">
    <p class='ocr_par' dir='ltr' id='par_1_7' title="bbox 2153 3539 3703 3865">
     <span class='ocr_line' id='line_1_88' title="bbox 2153 3539 3703 3587; baseline -0.001 -2"><span class='ocrx_word' id='word_1_586' title='bbox 2153 3540 2391 3585; x_wconf 61' lang='lat' dir='ltr'>REALE!</span> <span class='ocrx_word' id='word_1_587' title='bbox 2428 3540 2501 3585; x_wconf 74' lang='lat' dir='ltr'><strong>AG</strong></span> <span class='ocrx_word' id='word_1_588' title='bbox 2551 3539 2850 3585; x_wconf 73' lang='lat' dir='ltr'>AETERNAM</span> <span class='ocrx_word' id='word_1_589' title='bbox 2896 3540 3295 3586; x_wconf 65' lang='lat' dir='ltr'><strong>PnAEsRs‘rlut</strong></span> <span class='ocrx_word' id='word_1_590' title='bbox 3336 3542 3449 3585; x_wconf 67' lang='lat' dir='ltr'><strong>snt!</strong></span> <span class='ocrx_word' id='word_1_591' title='bbox 3490 3540 3703 3587; x_wconf 77' lang='lat' dir='ltr'><strong>coms·</strong></span> 
     </span>
     <span class='ocr_line' id='line_1_89' title="bbox 2236 3632 3703 3679; baseline 0 -2"><span class='ocrx_word' id='word_1_592' title='bbox 2236 3632 2509 3679; x_wconf 68' lang='lat' dir='ltr'>TRNTIAM</span> <span class='ocrx_word' id='word_1_593' title='bbox 2535 3633 2659 3677; x_wconf 72' lang='lat' dir='ltr'><strong>cm(</strong></span> <span class='ocrx_word' id='word_1_594' title='bbox 2683 3632 2796 3677; x_wconf 73' lang='grc' dir='ltr'><strong>ΠΕΟ</strong></span> <span class='ocrx_word' id='word_1_595' title='bbox 2826 3632 2946 3679; x_wconf 75' lang='lat' dir='ltr'><strong>NON</strong></span> <span class='ocrx_word' id='word_1_596' title='bbox 2978 3633 3315 3679; x_wconf 69' lang='lat' dir='ltr'><strong>convmmm</strong></span> <span class='ocrx_word' id='word_1_597' title='bbox 3336 3634 3525 3679; x_wconf 76' lang='lat' dir='ltr'>REBUS</span> <span class='ocrx_word' id='word_1_598' title='bbox 3543 3633 3703 3677; x_wconf 71' lang='lat' dir='ltr'><strong>GREA·</strong></span> 
     </span>
     <span class='ocr_line' id='line_1_90' title="bbox 2234 3725 3701 3785; baseline -0.001 -14"><span class='ocrx_word' id='word_1_599' title='bbox 2234 3726 2351 3785; x_wconf 76' lang='lat' dir='ltr'><strong>TIS,</strong></span> <span class='ocrx_word' id='word_1_600' title='bbox 2396 3726 2593 3778; x_wconf 70' lang='lat' dir='ltr'><strong>Nnouss</strong></span> <span class='ocrx_word' id='word_1_601' title='bbox 2636 3726 2697 3769; x_wconf 77' lang='lat' dir='ltr'><strong>IN</strong></span> <span class='ocrx_word' id='word_1_602' title='bbox 2738 3726 2821 3771; x_wconf 77' lang='grc' dir='ltr'><strong>ΕΔ</strong></span> <span class='ocrx_word' id='word_1_603' title='bbox 2876 3725 3133 3771; x_wconf 64' lang='lat' dir='ltr'><strong>tunnam</strong></span> <span class='ocrx_word' id='word_1_604' title='bbox 3184 3726 3359 3773; x_wconf 72' lang='lat' dir='ltr'>POSSE</span> <span class='ocrx_word' id='word_1_605' title='bbox 3402 3725 3701 3773; x_wconf 64' lang='lat' dir='ltr'><strong>summu!</strong></span> 
     </span>
     <span class='ocr_line' id='line_1_91' title="bbox 2232 3818 3125 3865; baseline 0.002 -2"><span class='ocrx_word' id='word_1_606' title='bbox 2232 3818 2585 3865; x_wconf 71' lang='lat' dir='ltr'><strong>FUTURORUM</strong></span> <span class='ocrx_word' id='word_1_607' title='bbox 2625 3818 3125 3865; x_wconf 65' lang='lat' dir='ltr'><strong>CONTINGENTIUM.</strong></span> 
     </span>
    </p>
   </div>
   <div class='ocr_carea' id='block_1_7' title="bbox 2150 4011 3707 5585">
    <p class='ocr_par' dir='ltr' id='par_1_8' title="bbox 2150 4011 3707 5585">
     <span class='ocr_line' id='line_1_92' title="bbox 2240 4011 3699 4093; baseline 0.004 -19"><span class='ocrx_word' id='word_1_608' title='bbox 2240 4018 2291 4074; x_wconf 82' lang='lat' dir='ltr'><strong>t.</strong></span> <span class='ocrx_word' id='word_1_609' title='bbox 2346 4012 2637 4086; x_wconf 69' lang='lat' dir='ltr'><strong>Quomodo</strong></span> <span class='ocrx_word' id='word_1_610' title='bbox 2662 4012 2947 4093; x_wconf 73' lang='lat' dir='ltr'><strong>loquatur</strong></span> <span class='ocrx_word' id='word_1_611' title='bbox 2978 4011 3055 4076; x_wconf 82' lang='lat' dir='ltr'><strong>S.</strong></span> <span class='ocrx_word' id='word_1_612' title='bbox 3092 4014 3355 4075; x_wconf 74' lang='lat' dir='ltr'><strong>Thomas</strong></span> <span class='ocrx_word' id='word_1_613' title='bbox 3387 4014 3459 4075; x_wconf 67' lang='lat' dir='ltr'><strong>in</strong></span> <span class='ocrx_word' id='word_1_614' title='bbox 3494 4016 3605 4077; x_wconf 69' lang='lat' dir='ltr'><strong>leuc</strong></span> <span class='ocrx_word' id='word_1_615' title='bbox 3628 4030 3699 4080; x_wconf 78' lang='lat' dir='ltr'><strong>re.</strong></span> 
     </span>
     <span class='ocr_line' id='line_1_93' title="bbox 2152 4106 3699 4187; baseline -0.005 -17"><span class='ocrx_word' id='word_1_616' title='bbox 2152 4112 2355 4187; x_wconf 76' lang='lat' dir='ltr'><strong>etqua</strong></span> <span class='ocrx_word' id='word_1_617' title='bbox 2398 4106 2725 4169; x_wconf 73' lang='lat' dir='ltr'><strong>occasione.</strong></span> <span class='ocrx_word' id='word_1_618' title='bbox 2748 4137 2829 4152; x_wconf 89' lang='lat'>—</span> <span class='ocrx_word' id='word_1_619' title='bbox 2856 4106 3047 4167; x_wconf 85' lang='lat' dir='ltr'><strong>Divus</strong></span> <span class='ocrx_word' id='word_1_620' title='bbox 3090 4108 3388 4176; x_wconf 86' lang='lat' dir='ltr'><strong>Thomas,</strong></span> <span class='ocrx_word' id='word_1_621' title='bbox 3446 4111 3475 4168; x_wconf 84' lang='grc'><strong>1</strong></span> <span class='ocrx_word' id='word_1_622' title='bbox 3534 4111 3699 4186; x_wconf 64' lang='lat' dir='ltr'><strong>part„</strong></span> 
     </span>
     <span class='ocr_line' id='line_1_94' title="bbox 2152 4200 3701 4279; baseline -0.003 -18"><span class='ocrx_word' id='word_1_623' title='bbox 2152 4204 2373 4279; x_wconf 68' lang='lat' dir='ltr'><strong>quaest.</strong></span> <span class='ocrx_word' id='word_1_624' title='bbox 2408 4202 2507 4271; x_wconf 69' lang='lat'><strong>14,</strong></span> <span class='ocrx_word' id='word_1_625' title='bbox 2534 4204 2650 4259; x_wconf 88' lang='lat' dir='ltr'><strong>art.</strong></span> <span class='ocrx_word' id='word_1_626' title='bbox 2678 4202 2777 4272; x_wconf 88' lang='grc'><strong>13,</strong></span> <span class='ocrx_word' id='word_1_627' title='bbox 2800 4205 3135 4278; x_wconf 86' lang='lat' dir='ltr'><strong>postquam</strong></span> <span class='ocrx_word' id='word_1_628' title='bbox 3162 4200 3540 4279; x_wconf 74' lang='lat' dir='ltr'><strong>improbavit</strong></span> <span class='ocrx_word' id='word_1_629' title='bbox 3564 4202 3701 4259; x_wconf 82' lang='lat' dir='ltr'><strong>alios</strong></span> 
     </span>
     <span class='ocr_line' id='line_1_95' title="bbox 2150 4292 3705 4374; baseline -0.001 -21"><span class='ocrx_word' id='word_1_630' title='bbox 2150 4293 2373 4354; x_wconf 91' lang='lat' dir='ltr'><strong>modos</strong></span> <span class='ocrx_word' id='word_1_631' title='bbox 2401 4292 2819 4371; x_wconf 84' lang='lat' dir='ltr'><strong>cognoscendi</strong></span> <span class='ocrx_word' id='word_1_632' title='bbox 2848 4292 3059 4353; x_wconf 84' lang='lat' dir='ltr'><strong>futura</strong></span> <span class='ocrx_word' id='word_1_633' title='bbox 3088 4294 3539 4374; x_wconf 74' lang='lat' dir='ltr'><strong>contingentia,</strong></span> <span class='ocrx_word' id='word_1_634' title='bbox 3572 4312 3705 4354; x_wconf 84' lang='lat' dir='ltr'><strong>con-</strong></span> 
     </span>
     <span class='ocr_line' id='line_1_96' title="bbox 2152 4386 3701 4464; baseline -0.002 -17"><span class='ocrx_word' id='word_1_635' title='bbox 2152 4386 2345 4447; x_wconf 88' lang='lat' dir='ltr'><strong>cludit</strong></span> <span class='ocrx_word' id='word_1_636' title='bbox 2362 4403 2547 4464; x_wconf 86' lang='lat' dir='ltr'><strong>posse</strong></span> <span class='ocrx_word' id='word_1_637' title='bbox 2572 4386 2865 4464; x_wconf 86' lang='lat' dir='ltr'><strong>cognosci</strong></span> <span class='ocrx_word' id='word_1_638' title='bbox 2886 4390 3197 4464; x_wconf 86' lang='lat' dir='ltr'><strong>quatenus</strong></span> <span class='ocrx_word' id='word_1_639' title='bbox 3220 4392 3369 4447; x_wconf 88' lang='lat' dir='ltr'><strong>sunt</strong></span> <span class='ocrx_word' id='word_1_640' title='bbox 3392 4387 3701 4449; x_wconf 77' lang='lat' dir='ltr'><strong>aeteraitati</strong></span> 
     </span>
     <span class='ocr_line' id='line_1_97' title="bbox 2150 4476 3703 4557; baseline -0.001 -19"><span class='ocrx_word' id='word_1_641' title='bbox 2150 4477 2509 4557; x_wconf 74' lang='lat' dir='ltr'><strong>praesentia,</strong></span> <span class='ocrx_word' id='word_1_642' title='bbox 2554 4476 2702 4557; x_wconf 87' lang='lat' dir='ltr'><strong>quia</strong></span> <span class='ocrx_word' id='word_1_643' title='bbox 2732 4479 3051 4541; x_wconf 57' lang='lat' dir='ltr'><strong>aeternitas</strong></span> <span class='ocrx_word' id='word_1_644' title='bbox 3088 4478 3329 4541; x_wconf 86' lang='lat' dir='ltr'><strong>infinita</strong></span> <span class='ocrx_word' id='word_1_645' title='bbox 3354 4486 3473 4551; x_wconf 84' lang='lat' dir='ltr'><strong>est,</strong></span> <span class='ocrx_word' id='word_1_646' title='bbox 3506 4486 3564 4539; x_wconf 87' lang='lat' dir='ltr'><strong>et</strong></span> <span class='ocrx_word' id='word_1_647' title='bbox 3590 4484 3703 4537; x_wconf 82' lang='lat' dir='ltr'><strong>tota</strong></span> 
     </span>
     <span class='ocr_line' id='line_1_98' title="bbox 2155 4569 3703 4650; baseline -0.001 -19"><span class='ocrx_word' id='word_1_648' title='bbox 2155 4569 2363 4643; x_wconf 89' lang='lat' dir='ltr'><strong>simul,</strong></span> <span class='ocrx_word' id='word_1_649' title='bbox 2389 4569 2655 4647; x_wconf 89' lang='lat' dir='ltr'><strong>ideoque</strong></span> <span class='ocrx_word' id='word_1_650' title='bbox 2682 4570 2893 4631; x_wconf 88' lang='lat' dir='ltr'><strong>omnia</strong></span> <span class='ocrx_word' id='word_1_651' title='bbox 2914 4572 3364 4650; x_wconf 86' lang='lat' dir='ltr'><strong>complectitur.</strong></span> <span class='ocrx_word' id='word_1_652' title='bbox 3398 4574 3597 4650; x_wconf 81' lang='lat' dir='ltr'><strong>Atque</strong></span> <span class='ocrx_word' id='word_1_653' title='bbox 3616 4588 3703 4630; x_wconf 65' lang='lat' dir='ltr'><strong>eo</strong></span> 
     </span>
     <span class='ocr_line' id='line_1_99' title="bbox 2152 4663 3705 4743; baseline -0.001 -20"><span class='ocrx_word' id='word_1_654' title='bbox 2152 4664 2297 4725; x_wconf 89' lang='lat' dir='ltr'><strong>dem</strong></span> <span class='ocrx_word' id='word_1_655' title='bbox 2326 4663 2514 4724; x_wconf 91' lang='lat' dir='ltr'><strong>modo</strong></span> <span class='ocrx_word' id='word_1_656' title='bbox 2546 4663 2839 4743; x_wconf 83' lang='lat' dir='ltr'><strong>explicuit</strong></span> <span class='ocrx_word' id='word_1_657' title='bbox 2875 4666 2948 4725; x_wconf 93' lang='lat' dir='ltr'><strong>D.</strong></span> <span class='ocrx_word' id='word_1_658' title='bbox 2988 4667 3261 4725; x_wconf 86' lang='lat' dir='ltr'><strong>Thomas</strong></span> <span class='ocrx_word' id='word_1_659' title='bbox 3298 4666 3463 4726; x_wconf 87' lang='lat' dir='ltr'><strong>hauc</strong></span> <span class='ocrx_word' id='word_1_660' title='bbox 3514 4663 3705 4743; x_wconf 86' lang='lat' dir='ltr'><strong>cogni·</strong></span> 
     </span>
     <span class='ocr_line' id='line_1_100' title="bbox 2151 4756 3699 4838; baseline -0.001 -20"><span class='ocrx_word' id='word_1_661' title='bbox 2151 4758 2387 4819; x_wconf 87' lang='lat' dir='ltr'><strong>tionem</strong></span> <span class='ocrx_word' id='word_1_662' title='bbox 2419 4756 2799 4835; x_wconf 88' lang='lat' dir='ltr'><strong>ubicumque</strong></span> <span class='ocrx_word' id='word_1_663' title='bbox 2838 4757 2919 4818; x_wconf 90' lang='lat' dir='ltr'><strong>de</strong></span> <span class='ocrx_word' id='word_1_664' title='bbox 2950 4756 3054 4817; x_wconf 87' lang='lat' dir='ltr'><strong>illa</strong></span> <span class='ocrx_word' id='word_1_665' title='bbox 3098 4758 3395 4837; x_wconf 86' lang='lat' dir='ltr'><strong>disputat,</strong></span> <span class='ocrx_word' id='word_1_666' title='bbox 3448 4763 3477 4820; x_wconf 87' lang='grc'><strong>1</strong></span> <span class='ocrx_word' id='word_1_667' title='bbox 3532 4766 3699 4838; x_wconf 69' lang='lat' dir='ltr'><strong>part„</strong></span> 
     </span>
     <span class='ocr_line' id='line_1_101' title="bbox 2154 4850 3706 4932; baseline -0.001 -22"><span class='ocrx_word' id='word_1_668' title='bbox 2154 4857 2377 4929; x_wconf 73' lang='lat' dir='ltr'><strong>quaest.</strong></span> <span class='ocrx_word' id='word_1_669' title='bbox 2406 4851 2507 4923; x_wconf 77' lang='lat'><strong>57,</strong></span> <span class='ocrx_word' id='word_1_670' title='bbox 2536 4856 2651 4911; x_wconf 87' lang='lat' dir='ltr'><strong>art.</strong></span> <span class='ocrx_word' id='word_1_671' title='bbox 2686 4852 2747 4917; x_wconf 82' lang='lat'><strong>3.</strong></span> <span class='ocrx_word' id='word_1_672' title='bbox 2771 4850 2881 4910; x_wconf 90' lang='lat' dir='ltr'><strong>ubi</strong></span> <span class='ocrx_word' id='word_1_673' title='bbox 2908 4856 3099 4929; x_wconf 83' lang='lat' dir='ltr'><strong>negat</strong></span> <span class='ocrx_word' id='word_1_674' title='bbox 3123 4852 3397 4931; x_wconf 81' lang='lat' dir='ltr'><strong>Angelos</strong></span> <span class='ocrx_word' id='word_1_675' title='bbox 3420 4870 3601 4932; x_wconf 84' lang='lat' dir='ltr'><strong>posse</strong></span> <span class='ocrx_word' id='word_1_676' title='bbox 3620 4868 3706 4909; x_wconf 88' lang='lat' dir='ltr'><strong>co-</strong></span> 
     </span>
     <span class='ocr_line' id='line_1_102' title="bbox 2154 4942 3705 5025; baseline -0.001 -22"><span class='ocrx_word' id='word_1_677' title='bbox 2154 4960 2457 5021; x_wconf 86' lang='lat' dir='ltr'><strong>gnoscere</strong></span> <span class='ocrx_word' id='word_1_678' title='bbox 2512 4943 2649 5003; x_wconf 86' lang='lat' dir='ltr'><strong>haec</strong></span> <span class='ocrx_word' id='word_1_679' title='bbox 2698 4943 2941 5016; x_wconf 86' lang='lat' dir='ltr'><strong>futura,</strong></span> <span class='ocrx_word' id='word_1_680' title='bbox 2988 4944 3133 5021; x_wconf 90' lang='lat' dir='ltr'><strong>quia</strong></span> <span class='ocrx_word' id='word_1_681' title='bbox 3186 4962 3407 5004; x_wconf 83' lang='lat' dir='ltr'><strong>eorum</strong></span> <span class='ocrx_word' id='word_1_682' title='bbox 3456 4942 3705 5025; x_wconf 81' lang='lat' dir='ltr'><strong>cognitio</strong></span> 
     </span>
     <span class='ocr_line' id='line_1_103' title="bbox 2152 5036 3701 5099; baseline -0.001 -4"><span class='ocrx_word' id='word_1_683' title='bbox 2152 5054 2283 5096; x_wconf 89' lang='lat' dir='ltr'><strong>non</strong></span> <span class='ocrx_word' id='word_1_684' title='bbox 2338 5042 2741 5097; x_wconf 88' lang='lat' dir='ltr'><strong>mensuratur</strong></span> <span class='ocrx_word' id='word_1_685' title='bbox 2798 5036 3168 5099; x_wconf 62' lang='lat' dir='ltr'><strong>aeternitate.</strong></span> <span class='ocrx_word' id='word_1_686' title='bbox 3224 5037 3399 5098; x_wconf 88' lang='lat' dir='ltr'><strong>Idem</strong></span> <span class='ocrx_word' id='word_1_687' title='bbox 3458 5042 3487 5098; x_wconf 84' lang='lat'><strong>1</strong></span> <span class='ocrx_word' id='word_1_688' title='bbox 3554 5042 3701 5097; x_wconf 82' lang='lat' dir='ltr'><strong>cont.</strong></span> 
     </span>
     <span class='ocr_line' id='line_1_104' title="bbox 2152 5128 3707 5209; baseline -0.001 -18"><span class='ocrx_word' id='word_1_689' title='bbox 2152 5130 2361 5202; x_wconf 90' lang='lat' dir='ltr'><strong>Gent.,</strong></span> <span class='ocrx_word' id='word_1_690' title='bbox 2390 5148 2530 5209; x_wconf 88' lang='lat' dir='ltr'><strong>cap.</strong></span> <span class='ocrx_word' id='word_1_691' title='bbox 2556 5128 2637 5190; x_wconf 87' lang='grc'><strong>66</strong></span> <span class='ocrx_word' id='word_1_692' title='bbox 2668 5134 2731 5189; x_wconf 90' lang='lat' dir='ltr'><strong>et</strong></span> <span class='ocrx_word' id='word_1_693' title='bbox 2756 5130 2857 5201; x_wconf 82' lang='lat'><strong>67,</strong></span> <span class='ocrx_word' id='word_1_694' title='bbox 2891 5130 3001 5189; x_wconf 91' lang='lat' dir='ltr'><strong>ubi</strong></span> <span class='ocrx_word' id='word_1_695' title='bbox 3044 5136 3367 5208; x_wconf 86' lang='lat' dir='ltr'><strong>comparat</strong></span> <span class='ocrx_word' id='word_1_696' title='bbox 3410 5132 3707 5191; x_wconf 77' lang='lat' dir='ltr'><strong>aeternita-</strong></span> 
     </span>
     <span class='ocr_line' id='line_1_105' title="bbox 2151 5222 3704 5309; baseline -0.001 -26"><span class='ocrx_word' id='word_1_697' title='bbox 2151 5228 2279 5283; x_wconf 89' lang='lat' dir='ltr'><strong>tem</strong></span> <span class='ocrx_word' id='word_1_698' title='bbox 2314 5228 2543 5309; x_wconf 81' lang='lat' dir='ltr'><strong>puncto</strong></span> <span class='ocrx_word' id='word_1_699' title='bbox 2572 5224 2765 5283; x_wconf 87' lang='lat' dir='ltr'><strong>centri</strong></span> <span class='ocrx_word' id='word_1_700' title='bbox 2802 5224 2866 5283; x_wconf 90' lang='lat' dir='ltr'><strong>in</strong></span> <span class='ocrx_word' id='word_1_701' title='bbox 2902 5240 3029 5301; x_wconf 86' lang='lat' dir='ltr'><strong>quo</strong></span> <span class='ocrx_word' id='word_1_702' title='bbox 3076 5222 3257 5284; x_wconf 70' lang='lat' dir='ltr'><strong>lineae</strong></span> <span class='ocrx_word' id='word_1_703' title='bbox 3298 5242 3427 5284; x_wconf 88' lang='lat' dir='ltr'><strong>non</strong></span> <span class='ocrx_word' id='word_1_704' title='bbox 3470 5224 3704 5293; x_wconf 83' lang='lat' dir='ltr'><strong>distant,</strong></span> 
     </span>
     <span class='ocr_line' id='line_1_106' title="bbox 2152 5314 3702 5395; baseline -0.001 -21"><span class='ocrx_word' id='word_1_705' title='bbox 2152 5316 2439 5391; x_wconf 80' lang='lat' dir='ltr'><strong>quamvis</strong></span> <span class='ocrx_word' id='word_1_706' title='bbox 2468 5314 2623 5375; x_wconf 88' lang='lat' dir='ltr'><strong>alias</strong></span> <span class='ocrx_word' id='word_1_707' title='bbox 2644 5316 2805 5377; x_wconf 90' lang='lat' dir='ltr'><strong>inter</strong></span> <span class='ocrx_word' id='word_1_708' title='bbox 2832 5334 2899 5377; x_wconf 93' lang='lat' dir='ltr'><strong>se</strong></span> <span class='ocrx_word' id='word_1_709' title='bbox 2930 5316 3181 5376; x_wconf 88' lang='lat' dir='ltr'><strong>distent.</strong></span> <span class='ocrx_word' id='word_1_710' title='bbox 3212 5318 3490 5395; x_wconf 86' lang='lat' dir='ltr'><strong>Sumpsit</strong></span> <span class='ocrx_word' id='word_1_711' title='bbox 3514 5320 3702 5377; x_wconf 79' lang='lat' dir='ltr'><strong>autem</strong></span> 
     </span>
     <span class='ocr_line' id='line_1_107' title="bbox 2151 5407 3702 5486; baseline -0.003 -17"><span class='ocrx_word' id='word_1_712' title='bbox 2151 5410 2223 5469; x_wconf 92' lang='lat' dir='ltr'><strong>D.</strong></span> <span class='ocrx_word' id='word_1_713' title='bbox 2256 5409 2528 5471; x_wconf 89' lang='lat' dir='ltr'><strong>Thomas</strong></span> <span class='ocrx_word' id='word_1_714' title='bbox 2555 5410 2717 5469; x_wconf 87' lang='lat' dir='ltr'><strong>hanc</strong></span> <span class='ocrx_word' id='word_1_715' title='bbox 2748 5408 2992 5470; x_wconf 89' lang='lat' dir='ltr'><strong>dicendi</strong></span> <span class='ocrx_word' id='word_1_716' title='bbox 3018 5410 3328 5470; x_wconf 88' lang='lat' dir='ltr'><strong>rationem</strong></span> <span class='ocrx_word' id='word_1_717' title='bbox 3351 5428 3431 5470; x_wconf 88' lang='lat' dir='ltr'><strong>ex</strong></span> <span class='ocrx_word' id='word_1_718' title='bbox 3458 5407 3702 5486; x_wconf 79' lang='lat' dir='ltr'><strong>antiquis</strong></span> 
     </span>
     <span class='ocr_line' id='line_1_108' title="bbox 2154 5501 3699 5585; baseline -0.002 -23"><span class='ocrx_word' id='word_1_719' title='bbox 2154 5501 2462 5576; x_wconf 87' lang='lat' dir='ltr'><strong>Patribus,</strong></span> <span class='ocrx_word' id='word_1_720' title='bbox 2518 5502 2859 5583; x_wconf 78' lang='lat' dir='ltr'><strong>proesertim</strong></span> <span class='ocrx_word' id='word_1_721' title='bbox 2908 5520 2982 5563; x_wconf 79' lang='lat' dir='ltr'><strong>cx</strong></span> <span class='ocrx_word' id='word_1_722' title='bbox 3036 5502 3409 5581; x_wconf 73' lang='lat' dir='ltr'><strong>Augustino,</strong></span> <span class='ocrx_word' id='word_1_723' title='bbox 3462 5503 3567 5585; x_wconf 85' lang='lat' dir='ltr'><strong>qui</strong></span> <span class='ocrx_word' id='word_1_724' title='bbox 3604 5515 3699 5559; x_wconf 80' lang='lat' dir='ltr'><strong>sae-</strong></span> 
     </span>
    </p>
   </div>
   <div class='ocr_carea' id='block_1_8' title="bbox 3829 379 3834 6172">
    <p class='ocr_par' dir='ltr' id='par_1_9' title="bbox 3829 379 3834 6172">
     <span class='ocr_line' id='line_1_109' title="bbox 3829 379 3834 6172; baseline 0 0"><span class='ocrx_word' id='word_1_725' title='bbox 3829 379 3834 6172; x_wconf 95' lang='lat' dir='ltr'><strong> </strong></span> 
     </span>
    </p>
   </div>
  </div>
 </body>
</html>
