3850 6225
712 395 847 449 GM).
882 397 989 452 vll.
1026 399 1110 450 AN
1142 399 1575 454 PRAEDEFlNlAT
1606 401 1766 456 DEUS
1798 402 2002 456 ouNEs
2035 405 2233 460 Acws
2263 407 2566 472 nonnus,
2603 407 2736 462 E'rC.

130 494 401 555 sex-tione
438 495 567 570 Dei,
613 515 735 576 qua
764 496 1015 560 dimittit
1040 497 1364 559 hominem
1404 507 1693 578 peccato-

130 603 253 646 rem
282 593 349 646 et
374 593 755 664 protervum,
788 609 917 650 non
959 589 1215 669 quidem
1263 591 1397 653 sine
1446 593 1691 654 auxiliis

130 682 561 742 communibus
602 689 663 744 et
702 683 1104 761 generalibus
1133 685 1372 762 gratiae,
1420 687 1572 746 etin
1611 687 1691 747 ri·

128 789 271 851 gere
296 773 767 848 sufficientibuS,
791 775 905 836 sed
934 775 1069 836 sine
1094 777 1469 856 specialibus
1496 785 1557 840 et
1584 779 1692 840 ho-

126 867 267 926 mini
318 867 639 930 moraliter
682 871 1055 930 necessariis
1110 871 1459 932 secundum
1511 891 1691 932 suam

127 959 614 1037 dispositionem.
666 963 851 1025 Unde
893 981 971 1023 ex
997 963 1115 1024 hac
1152 963 1266 1023 Dei
1310 963 1686 1036 desertione,

128 1052 525 1114 infallibiliter
576 1057 859 1134 sequitur
899 1057 1221 1118 hominem
1260 1064 1687 1136 peccaturum,

128 1165 245 1206 non
276 1145 533 1224 quidem
558 1148 679 1208 hoc
700 1149 800 1210 vel
824 1149 931 1210 illo
957 1157 1215 1230 peccato
1244 1149 1683 1226 determinate,

128 1237 233 1298 sed
268 1238 624 1311 indefinite:
670 1241 827 1303 sicut
873 1241 1089 1304 dicunt
1126 1243 1453 1324 Theologi,
1490 1245 1693 1305 homi-

128 1350 263 1392 nem
290 1331 357 1392 in
394 1339 649 1412 peccato
674 1335 1041 1396 existentem
1070 1335 1259 1416 longo
1286 1343 1571 1418 tempore
1597 1337 1691 1398 in-

128 1425 459 1486 fallibiliter
496 1428 833 1506 aliquando
877 1447 1202 1503 casurum,
1242 1429 1389 1492 licet
1440 1431 1687 1508 nullum

130 1525 357 1580 certum
400 1529 730 1600 peccatum
773 1523 1079 1602 assignari
1126 1525 1346 1602 possit,
1394 1526 1565 1606 quod
1614 1525 1693 1586 sit

130 1614 523 1676 infallibiliter
576 1618 1043 1678 commissurus,
1104 1619 1204 1681 Sic
1256 1637 1407 1698 ergo
1454 1638 1529 1680 ex
1572 1621 1690 1681 hac

132 1707 395 1781 generali
426 1710 844 1787 permissione
874 1716 936 1771 et
961 1710 1317 1772 desertione
1356 1710 1565 1772 divina
1594 1713 1690 1772 in-

132 1800 387 1862 fallihilis
420 1809 519 1864 est
543 1803 725 1863 ruina
747 1803 1017 1863 hominis
1046 1823 1062 1875 ;
1094 1822 1219 1865 non
1244 1809 1451 1882 potest
1476 1811 1687 1868 autem

135 1899 355 1954 certum
394 1901 726 1972 peccatum
766 1895 1107 1976 designari,
1140 1897 1311 1976 quod
1350 1896 1690 1960 infallibili-

134 1993 217 2048 ter
242 1989 607 2050 committet.
648 1990 717 2049 In
755 1988 874 2050 illis
903 1993 1119 2050 autem
1146 1990 1299 2051 locis
1329 2009 1687 2054 sermonem

137 2097 255 2141 esse
282 2080 365 2141 de
404 2081 527 2142 bae
562 2082 919 2143 desertione
966 2099 1045 2143 ex
1088 2083 1297 2144 verbis
1335 2083 1487 2163 ipsis
1538 2085 1687 2146 satis

138 2180 399 2247 constat,
448 2181 596 2234 sunt
642 2176 809 2235 enim
851 2175 1177 2237 indefinita
1228 2179 1291 2237 ct
1319 2177 1681 2256 generalia:

138 2267 353 2330 Dimisi
386 2285 483 2332 eos
528 2272 852 2334 secundum
888 2269 1183 2334 desideria
1222 2271 1419 2336 cordis
1460 2279 1685 2348 eorum,

136 2363 285 2424 ibunt
332 2363 403 2423 in
456 2362 977 2428 adinventionibus
1010 2365 1165 2428 suis.
1205 2364 1424 2428 Averti-
1463 2363 1687 2444 faciem

138 2473 331 2526 mea-m,
362 2461 417 2518 et
456 2455 607 2519 abiit
647 2475 859 2539 vaguas.
894 2457 1089 2522 Nemo
1114 2462 1316 2537 potest
1364 2459 1683 2542 com-imre,

138 2565 303 2628 quem
332 2547 463 2629 ipse
508 2550 869 2631 despexerit.
924 2551 1063 2610 Hoec
1114 2550 1305 2630 igitur
1351 2551 1687 2613 infallibilis

139 2641 483 2702 consecutio
516 2641 937 2707 derelictionis
976 2643 1201 2704 divina}
1250 2650 1313 2706 et
1336 2643 1551 2724 lapsus
1580 2646 1688 2706 ho-

138 2733 303 2792 minis
332 2752 459 2794 non
504 2734 804 2796 fundatur
833 2735 895 2796 in
922 2737 1575 2816 praedeterminatione
1602 2739 1691 2800 di-

138 2827 287 2898 vina,
328 2828 441 2889 sed
492 2829 556 2888 in
604 2829 937 2909 fragilitate
966 2831 1163 2909 ipsius
1208 2830 1504 2906 hominis,
1550 2851 1686 2912 quse

139 2927 291 2982 tanta
322 2929 440 2994 est,
466 2927 685 3001 totque
720 2923 909 2986 babet
936 2923 1383 3002 impedimenta
1426 2926 1507 2986 ad
1539 2945 1690 3006 ope-

140 3015 387 3074 randum
414 3015 679 3092 bonum,
718 3021 935 3095 totque
971 3017 1331 3079 occasiones
1374 3024 1435 3080 et
1475 3019 1687 3082 incita-

142 3116 335 3169 menta
380 3107 461 3169 ad
492 3108 709 3183 mala,⁴
730 3116 801 3172 ut
832 3111 965 3171 sine
1010 3111 1262 3189 speciali
1298 3116 1685 3191 protectione

142 3200 329 3261 divina
356 3220 485 3263 non
512 3204 711 3283 possit
738 3224 775 3265 a
810 3205 991 3284 lapsu
1019 3203 1353 3267 abstinere.
1380 3208 1557 3270 Unde
1587 3226 1685 3271 se-

145 3294 329 3355 cundo
367 3296 593 3357 dicitur
616 3298 1099 3375 permissionem
1140 3297 1417 3361 divinam
1465 3300 1543 3363 de
1574 3302 1687 3363 ali-

148 3406 251 3464 quo
272 3396 529 3467 peccato
560 3390 623 3449 in
656 3392 1011 3470 particulari
1042 3394 1371 3475 dupliciter
1404 3394 1687 3457 conside·

148 3480 251 3539 rari
277 3484 499 3559 posse‘:
536 3502 665 3545 uno
698 3484 909 3558 modo,
936 3484 1002 3546 in
1050 3488 1269 3548 ordine
1299 3486 1380 3547 ad
1410 3485 1685 3547 divinam

148 3574 505 3636 voluntatem
550 3582 614 3637 et
658 3578 1133 3651 causalitatem;
1184 3585 1246 3641 et
1304 3580 1423 3641 hoc
1470 3579 1682 3653 modo,

149 3672 360 3729 certum
376 3676 490 3743 est,
510 3670 573 3730 in
590 3672 723 3731 sola
738 3672 1147 3751 permissione
1163 3674 1420 3753 praecise
1436 3679 1683 3753 sumpta

150 3780 257 3821 non
281 3780 412 3825 esse
442 3762 765 3825 infallibile
795 3765 963 3844 quod
989 3767 1175 3827 homo
1205 3766 1509 3847 peccabit,
1538 3766 1684 3847 quia

146 3856 311 3929 Deus,
339 3858 779 3935 permittendo,
811 3877 939 3919 non
974 3858 1235 3920 inclinat
1260 3860 1359 3921 vel
1393 3858 1683 3922 determi-

148 3956 237 4010 nat
258 3951 670 4024 voluntatem3
706 3951 877 4013 unde
904 3952 1009 4013 illa
1036 3959 1253 4014 manet
1288 3952 1677 4027 indifferens,

148 4044 277 4102 etin
304 4044 401 4105 illa
426 4049 496 4105 ut
532 4044 621 4104 sic
650 4062 777 4105 non
815 4050 1022 4124 potest
1052 4046 1345 4125 cognosci
1384 4047 1677 4108 determi-

150 4142 305 4197 natus
364 4137 643 4198 effectus.
696 4138 983 4200 Secundo
1038 4145 1242 4219 potest
1296 4139 1677 4201 considerari

152 4232 477 4307 permissio,
528 4236 599 4292 ut
636 4233 969 4313 conjuncta
1016 4234 1241 4295 divinae
1272 4236 1678 4315 praescientiae

152 4324 569 4396 conditionatae,
612 4343 735 4404 qua
775 4326 1083 4406 praescivit
1126 4330 1294 4389 Deus
1344 4330 1493 4408 quid
1522 4348 1678 4390 una-

152 4434 377 4495 qnaeque
398 4436 593 4479 eausa
630 4424 963 4498 operatura
992 4421 1067 4481 sit
1108 4422 1173 4481 in
1202 4424 1371 4483 omni
1402 4422 1677 4484 occasio-

154 4528 235 4581 ne,
262 4511 306 4570 si
342 4530 466 4571 non
504 4512 903 4592 impediatur,
955 4514 1065 4575 sed
1122 4532 1251 4575 suae
1296 4515 1564 4576 libertati
1594 4514 1678 4575 si-

152 4610 339 4675 natur;
372 4613 431 4666 et
460 4612 611 4667 tunc
650 4607 901 4685 proprie
944 4607 1169 4668 dicitur
1212 4610 1377 4669 Deus
1420 4609 1676 4687 permit-

154 4698 257 4757 terc
280 4698 549 4777 aliquem
584 4717 873 4777 peccare,
906 4700 1185 4778 quandO,
1230 4700 1575 4779 proevidens
1603 4700 1677 4761 il-

156 4787 255 4849 lum
286 4791 597 4871 lapsurum
634 4794 686 4853 si
734 4810 879 4853 eum
922 4794 1104 4869 sinat,
1152 4793 1555 4853 nihilominus
1584 4794 1673 4873 ip-

158 4900 263 4943 sum
288 4885 421 4947 sinit
446 4892 509 4946 et
538 4886 872 4965 permittit3
906 4893 968 4947 et
1000 4904 1077 4946 ex
1114 4887 1223 4948 tali
1254 4886 1668 4965 permissione

159 4975 225 5033 sic
264 4986 527 5057 sumpta,
570 4978 976 5040 infallibiliter
1026 4980 1305 5059 sequitur
1347 4980 1669 5041 hominem

158 5075 534 5146 peccaturum,
589 5090 717 5132 non
769 5072 915 5150 quia
968 5073 1539 5152 praedeterminatio
1574 5073 1672 5134 di-

3219 402 3336 470 137

1773 501 1855 562 ad
1878 522 2048 579 rem;
2075 508 2209 567 tum
2249 507 2395 587 quia
2425 527 2592 570 nunc
2633 527 2760 570 non
2785 507 3030 589 agimus
3067 509 3146 570 de
3177 527 3338 593 prse-

1771 595 2054 660 fiuitione
2101 599 2324 660 divinae
2369 601 2706 662 voluntatis
2735 602 2798 662 in
2839 602 3068 681 seipsa,
3113 603 3226 664 sed
3255 603 3334 664 de

1772 690 2425 776 praedeterminatione
2455 701 2682 756 nostrae
2707 694 3041 756 voluntatis
3072 695 3152 755 ab
3175 695 3330 774 ipsa,

1772 801 1912 862 quae
1959 791 2106 848 sunt
2151 787 2331 848 valde
2375 788 2656 860 diversae,
2687 793 2758 849 ut
2797 805 2965 868 saepe
3003 787 3162 860 dixi;
3199 794 3334 849 tum

1771 878 1917 957 quia
1957 880 2158 958 capite
2192 881 2502 960 sequenti,
2557 881 2886 942 ostendam
2932 881 3102 942 illam
3145 881 3336 944 etiarn

1770 971 2246 1050 praefinitionem
2293 991 2422 1036 non
2471 993 2608 1036 esse
2653 975 3015 1054 simpliciter
3039 993 3336 1037 necessa-

1770 1064 1927 1124 riam
1972 1065 2054 1126 ad
2095 1065 2435 1146 perfectam
2465 1067 2942 1148 providentiam.
2979 1067 3198 1130 Nullus
3225 1068 3337 1128 ita-

1772 1177 1893 1236 que
1923 1159 2378 1222 Catholicorum
2431 1166 2622 1241 negat
2674 1163 2872 1222 Deum
2918 1162 3152 1223 habere
3196 1180 3334 1241 per-

1772 1251 2000 1313 fectam
2031 1258 2093 1314 et
2135 1259 2416 1316 exactam
2455 1255 2910 1334 providentiam
2955 1257 3020 1316 in
3067 1255 3335 1335 particu-

1772 1347 1884 1406 lari
1915 1347 2198 1408 omnium
2227 1357 2480 1409 actuum
2517 1350 2850 1424 bonorum,
2885 1349 3012 1410 imo
3043 1354 3106 1411 et
3134 1349 3334 1409 malo-

1772 1459 1956 1514 rum;
2008 1447 2244 1520 negant
2287 1445 2501 1503 tamen
2548 1459 2770 1504 omnes
2819 1442 2924 1522 qui
2979 1442 3144 1503 bene
3191 1461 3336 1503 sen-

1770 1535 1956 1612 tiunt,
2005 1535 2088 1597 ad
2116 1535 2460 1616 perfectam
2501 1535 2956 1616 providentiam
2995 1537 3329 1614 pertinere,

1770 1631 2026 1710 physice
2067 1631 2624 1711 proedeterminare
2651 1632 3038 1694 voluntatem
3067 1631 3150 1692 ad
3177 1630 3335 1692 tales

1770 1729 1986 1797 actus;
2039 1725 2152 1787 sed
2205 1725 2412 1806 potius
2459 1741 2812 1806 repugnare
2873 1724 2994 1786 hoc
3043 1724 3333 1802 perfectae

1769 1817 2198 1898 providentiae,
2219 1818 2299 1879 ad
2315 1836 2504 1896 quam
2527 1824 2788 1898 spectat,
2809 1824 2880 1879 ut
2899 1835 3104 1879 causoe
3121 1816 3333 1878 liberae

1768 1909 1964 1971 libere
2005 1912 2290 1972 sinantur
2336 1913 2611 1991 operari,
2645 1910 2816 1991 quod
2849 1910 2950 1970 illa
2993 1910 3334 1990 proedeter-

1768 2004 2110 2066 minatione
2149 2005 2594 2085 impediretur;
2627 2003 2738 2066 sed
2771 2004 2850 2066 de
2895 2005 3012 2066 hac
3054 2023 3122 2066 re
3150 2003 3330 2084 plura

1770 2098 1972 2178 capite
2003 2100 2310 2178 sequenti.

2328 2287 2579 2352 CAPUT
2623 2289 2747 2350 VH.

1768 2467 1849 2514 AN
1902 2465 2312 2512 PRAEDEFJMAT
2381 2465 2530 2512 DBUS
2579 2465 2772 2512 omas
2822 2464 3008 2512 AG'rns
3061 2463 3330 2510 uoams

1848 2555 2090 2606 LIBEROS
2131 2559 2194 2606 IN
2243 2558 2660 2618 marlevam,
2707 2558 2782 2604 ΕΤ
2824 2558 2905 2604 ΑΝ
2951 2557 3144 2604 rossn·
3183 2557 3331 2602 Essz

1848 2651 2152 2698 PERFEGTA
2191 2651 2595 2698 Pnovmznru
2636 2652 2770 2698 snm
2811 2651 2928 2697 mc
2971 2649 3331 2696 submmi-

1854 2745 2205 2794 nlm'rloun.

1852 2927 1911 2984 1.
1963 2922 2079 2998 Qui
2104 2927 2510 3008 περιπέφυκε
2535 2923 2728 2986 Deum
2755 2919 2970 2984 liberos
3009 2919 3185 2983 bonos
3213 2937 3333 2982 mo-

1770 3017 1934 3080 rales
1969 3020 2143 3080 actus
2171 3017 2254 3081 ad
2291 3017 2462 3080 iutra
2483 3011 2813 3098 proefiaire.
2839 3047 2922 3062 -
2945 3012 3335 3076 Fundamen-

1768 3118 1897 3177 tum
1916 3114 2236 3193 proedictoe
2267 3108 2882 3176 sententia—Multi
2905 3107 3228 3189 Theologi‚
3265 3111 3334 3169 ut

1768 3204 1831 3264 in
1858 3204 1986 3265 fine
2017 3204 2356 3283 superioris
2382 3203 2522 3265 libri
2569 3202 2763 3283 tetigi,
2805 3202 3160 3263 existimant
3192 3218 3332 3262 esse

1769 3298 2057 3358 eamdem
2100 3298 2410 3359 rationem
2461 3296 2542 3357 de
2585 3294 3076 3375 praedefinitione
3109 3294 3334 3355 divinas

1766 3391 2104 3453 voluntatis
2146 3392 2306 3452 intra
2365 3391 2602 3471 ipsam,
2651 3406 2842 3469 quam
2881 3388 3332 3449 immanentem

1769 3502 1881 3545 seu
1915 3483 2352 3563 disponentem
2378 3502 2701 3557 vocamus,
2759 3488 2822 3545 et
2869 3481 2950 3544 de
2997 3481 3332 3561 praedeter-

1766 3579 2110 3639 minatione
2139 3578 2472 3639 voluntatis
2515 3582 2743 3639 nostrae
2782 3580 3171 3645 transeunte,
3216 3592 3330 3635 seu

1766 3678 2018 3750 recepta
2059 3672 2122 3733 in
2168 3672 2338 3752 ipsa3
2368 3678 2432 3735 et
2459 3669 2624 3743 ideo,
2675 3670 2834 3733 sicut
2864 3674 3102 3746 negant
3127 3669 3330 3729 Deum

1765 3766 2318 3846 praedeterminare
2367 3766 2648 3827 effective
2691 3764 3040 3826 voluntates
3082 3768 3329 3823 nostras

1763 3859 1845 3919 ad
1874 3866 2050 3921 actus
2077 3859 2276 3921 bonos
2303 3860 2599 3931 morales,
2623 3860 2710 3920 ita
2735 3864 2970 3938 negant
2997 3856 3136 3918 illos
3162 3856 3228 3917 in
3257 3874 3326 3917 se

1762 3954 2174 4033 praedefinire.
2217 3955 2332 4015 Pro
2375 3972 2498 4033 qua
2547 3954 2856 4015 sententia
2902 3950 3078 4013 citari
3125 3950 3328 4011 solent

1762 4048 1940 4111 Alex.
2003 4048 2276 4123 AlensiS,
2331 4050 2790 4121 Bonaventura,
2839 4046 3204 4126 cajetanus,
3265 4050 3328 4107 et

1762 4142 1886 4203 alii.
1926 4142 2052 4204 Sed
2089 4160 2309 4203 revera
2345 4142 2516 4203 illam
2555 4160 2682 4201 non
2719 4140 3070 4201 docuerunt
3107 4138 3170 4197 in
3200 4145 3328 4200 ter-

1758 4236 1968 4309 miniS,
2001 4236 2114 4297 sed
2139 4235 2457 4315 potissime
2485 4234 2678 4296 locuti
2710 4238 2856 4295 sunt
2877 4232 2954 4295 de
2988 4230 3325 4311 praedeter-

1759 4328 2100 4391 minatione
2145 4334 2207 4389 et
2245 4328 2520 4389 motione
2566 4328 2646 4389 ad
2681 4334 2876 4399 extra,
2920 4332 2988 4387 ut
3030 4330 3203 4405 patet
3245 4342 3324 4386 ex

1757 4422 1909 4483 locis
1958 4422 2184 4501 quibus
2225 4423 2386 4483 hanc
2437 4422 2810 4483 sententiam
2858 4424 3146 4491 tractant,
3179 4434 3320 4497 quae

1758 4514 2048 4587 indicavi,
2075 4521 2136 4575 et
2163 4514 2288 4575 late
2317 4533 2536 4575 eorum
2568 4514 2907 4576 sententias
2935 4512 3138 4586 attuli,
3161 4510 3320 4571 libro

1758 4608 1983 4687 prime,
2023 4608 2226 4687 capite
2271 4609 2514 4669 decimo
2555 4610 2806 4687 quinto,
2859 4614 2921 4668 et
2959 4607 3080 4667 hoc
3131 4603 3315 4677 libre,

1756 4702 1957 4780 capite
1997 4702 2203 4763 tertio.
2237 4701 2395 4774 Quid
2439 4720 2590 4762 vero
2619 4701 2698 4761 de
2739 4700 2978 4762 actibus
3021 4714 3320 4777 superna-

1752 4795 2060 4856 turalibus
2089 4796 2418 4868 senserint,
2451 4794 2610 4856 libro
2641 4794 2824 4855 tertio
2861 4793 3164 4854 dicemus.
3209 4792 3317 4853 So-

1752 4888 1881 4947 lum
1926 4906 2076 4967 ergo
2109 4887 2392 4949 moderni
2437 4887 2693 4967 quidam
2719 4887 3011 4948 videntur
3049 4886 3112 4945 in
3153 4886 3316 4945 hane

1752 4988 1996 5061 partem
2046 4982 2248 5061 magis
2277 4982 2602 5061 propensi,
2661 4998 2819 5061 quos
2875 4980 3098 5041 eodem
3153 4977 3314 5039 libro

1752 5075 1934 5136 tertio
1963 5075 2254 5149 referam,
2287 5076 2436 5154 quia
2473 5075 2552 5135 de
2595 5072 3172 5154 supernaturalibus
3214 5090 3314 5133 ac·

158 5160 273 5220 vina
298 5164 533 5225 omnino
561 5166 918 5227 necessaria
947 5166 1025 5227 sit
1052 5167 1135 5227 ad
1168 5173 1376 5228 actum
1404 5167 1663 5241 bonum,
1748 5170 1916 5229 tibus
1956 5168 2229 5230 maxime
2275 5171 2636 5248 loquuntur.
2697 5166 3064 5229 Fundantur
3100 5170 3310 5226 autem

162 5254 250 5314 sed
268 5256 397 5334 quia
430 5259 689 5321 scientia
718 5259 821 5321 illa
850 5260 1271 5322 conditionata
1288 5262 1419 5322 'Dei
1451 5267 1544 5322 est
1572 5262 1667 5321 in·
1748 5263 1813 5323 in
1842 5282 1940 5337 ee,
1985 5263 2155 5343 quod
2196 5264 2329 5325 haec
2363 5262 2552 5324 etiam
2597 5260 2922 5340 praefinitio
2959 5260 3310 5320 libertatem

160 5346 416 5425 fallibilis,
456 5358 551 5425 et,
610 5354 813 5433 posita
852 5355 1287 5435 permissione,
1340 5354 1563 5417 transit
1602 5356 1667 5417 in
1747 5357 2014 5429 tolleret,
2059 5358 2158 5418 vel
2199 5358 2346 5437 quia
2385 5355 2578 5417 etiam
2623 5360 2718 5417 est
2753 5352 3096 5434 suppositio
3138 5356 3312 5411 antc-

159 5440 477 5509 absolutam.

1750 5449 2006 5525 cedenS,
2037 5451 2136 5513 cui
2170 5451 2459 5512 voluntas
2483 5450 2762 5510 humana
2801 5466 2930 5509 non
2959 5448 3164 5525 potest
3207 5462 3310 5503 re.-

216 5536 563 5602 Testimonia
612 5541 794 5604 tertio
844 5542 982 5605 loco
1028 5542 1299 5605 adducta
1346 5560 1473 5606 non
1522 5552 1669 5609 sunt
1750 5544 2006 5641 sisterc3
2039 5544 2136 5607 vel
2164 5545 2333 5625 quia,
2363 5560 2506 5605 eum
2525 5542 2638 5604 fiat
2659 5560 2774 5623 per
2797 5540 3180 5601 voluntatem
3195 5537 3308 5599 Dei
