3850 6225
514 372 634 434 240

1339 374 1551 428 OPUSC.
1585 376 1626 430 1.
1660 375 1776 428 Lm.
1813 375 1896 426 m.
1934 375 2015 426 DE
2050 373 2319 428 Auxluls
2354 373 2584 426 mvmAE
2614 374 2877 426 GRATlAE.

515 479 705 558 igitur
743 497 884 558 quae
933 478 1013 538 sit
1066 478 1171 538 illa
1215 477 1506 540 voluntas
1551 477 1782 550 divina,
1841 475 2087 538 ratione
2168 493 2271 538 nee
2292 475 2664 556 salvosfieri,
2690 479 2713 536 l
2744 475 2823 536 ad
2842 475 3111 538 Timoth.
3146 474 3377 546 zoua}
3394 474 3583 536 verba
3602 475 3692 536 ibi·

516 572 698 652 cujus
753 571 942 632 detur
998 571 1214 632 electis
1265 570 1749 650 perseverantiae
1812 569 2081 640 donum;

2169 567 2317 629 dem
2341 570 2723 647 Augustinus
2743 570 2822 630 de
2852 568 3172 630 voluntate
3194 567 3431 630 efficaci
3454 569 3693 646 exponit,

513 683 644 726 non
686 670 780 725 est
823 665 990 725 enim
1051 665 1184 726 sola
1229 665 1516 725 voluntas
1565 662 1758 724 dandi
1809 661 2086 742 aliquam
2170 667 2231 724 et
2258 663 2337 724 de
2360 663 2508 724 solis
2530 663 3009 743 praedestinatis,
3036 664 3201 723 inter
3230 679 3391 741 quos
3430 667 3571 722 sunt
3594 679 3699 722 om-

514 759 786 838 primam
842 759 1236 820 vocationem
1292 775 1638 838 congruam
1663 801 1679 830 ‚
1735 756 1882 834 quia
1914 755 2087 816 nulla
2166 755 2273 816 nia
2310 756 2637 817 hominum
2674 775 2929 832 genera,
2964 756 3027 816 id
3056 763 3173 829 est,
3214 773 3289 816 ex
3330 753 3503 814 omni
3534 759 3693 822 stain,

517 857 611 913 est
628 871 706 913 ex
722 869 848 930 qua
872 852 1230 913 necessario
1249 850 1346 912 vel
1367 849 1768 912 infallibiliter
1787 853 2089 927 sequatur

513 937 997 1026 perseverantiae
1025 945 1284 1017 donum,
1323 950 1393 1005 ut
1434 962 1547 1024 per
1571 961 1637 1004 se
1673 948 1941 1004 constat.
1972 943 2088 1003 Ne·

2168 850 2443 924 natione,
2470 856 2619 922 etc„
2644 851 2705 910 in
2734 867 2858 929 qua
2880 849 3265 929 expositione
3280 865 3587 908 nuncnon
3610 847 3697 906 im·

2169 960 2414 1014 moron
2448 941 2601 1003 illud
2624 947 2867 1005 tantum
2908 961 3090 1004 sumo
3130 961 3209 1003 ex
3244 945 3463 1002 mente
3490 941 3697 1018 Augus-

515 1057 641 1118 que
689 1039 818 1099 sola
873 1039 1163 1100 voluntas
1213 1037 1403 1098 dandi
1459 1038 1796 1116 ipsummet
1850 1034 2089 1097 donum
2170 1035 2303 1108 tini,
2341 1035 2726 1098 voluntatem
2754 1036 3069 1097 efficacem
3100 1032 3385 1096 salvandi
3414 1033 3700 1113 pradesti-

513 1132 1036 1210 perseverantiae,
1103 1149 1216 1192 seu
1270 1131 1481 1191 omnia
1529 1127 1977 1209 praevenientia
2024 1128 2086 1186 et

511 1225 989 1286 concomitantia
1041 1223 1274 1286 auxilia
1345 1221 1644 1300 specialia
1667 1267 1682 1294 ‚
1743 1221 1806 1280 in
1857 1219 2085 1298 quibus

511 1317 746 1378 donum
777 1318 1259 1396 perseverantiae
1303 1316 1615 1387 consistit3
1649 1314 1798 1393 quia
1829 1312 1949 1374 hoc
1989 1312 2085 1372 ni-

514 1411 601 1470 hil
627 1411 798 1472 aliud
829 1415 994 1472 esset
1025 1429 1218 1488 quam
1245 1411 1481 1482 dicere,
1512 1427 1590 1471 ex
1617 1408 1941 1468 voluntate
1972 1405 2085 1466 ab—

513 1504 742 1578 soluta,
798 1524 922 1584 qua
966 1505 1163 1566 voluit
1194 1505 1364 1564 Deus
1409 1509 1480 1564 ut
1529 1503 1628 1564 isti
1657 1503 2082 1580 perseverent,

516 1597 693 1676 sequi
741 1599 1218 1677 perseverantiae
1265 1596 1542 1669 donum;
1588 1597 1710 1655 hoc
1760 1599 1973 1654 autern
2024 1594 2088 1651 et

515 1691 813 1770 supponit
863 1691 1136 1770 priorem
1193 1689 1594 1752 dilectionem
1644 1692 1711 1748 et
1761 1685 2085 1747 discretio-

513 1801 686 1858 nem,
743 1789 811 1844 ut
866 1783 1250 1864 Augustinus
1297 1781 1644 1863 significat;
1689 1785 1754 1842 et
1791 1777 2083 1840 eamdem

511 1876 700 1938 babet
730 1877 1078 1950 rationem;
1112 1895 1262 1938 nam
1289 1877 1496 1956 ipsum
1527 1891 1933 1954 perseverare
1972 1871 2084 1932 ali-

513 1972 664 2051 quid
699 1970 1058 2032 distinctum
1093 1977 1188 2032 est
1224 1971 1304 2032 ab
1346 1969 1638 2031 omnibus
1662 1968 1782 2029 illis
1811 1965 2078 2035 auxiliiS,

516 2071 736 2144 estque
785 2063 1043 2125 effectus
1073 2081 1290 2124 eorum
1335 2079 1451 2141 per
1487 2061 1752 2123 liberam
1793 2059 2083 2120 volunta-

514 2165 643 2220 tem
673 2158 1122 2236 exequendus3
1159 2157 1328 2217 hunc
1361 2173 1512 2232 ergo
1541 2152 1887 2234 praedefinit
1912 2153 2081 2212 Deus

517 2259 580 2313 et
609 2251 850 2313 ratione
883 2251 1046 2311 illius
1069 2249 1178 2311 dat
1205 2250 1308 2310 illa
1339 2248 1590 2320 auxilia,
1627 2252 1929 2325 tanquam
1954 2261 2084 2306 me-

518 2345 622 2405 dia
659 2351 914 2424 propter
949 2343 1143 2404 finem
1185 2341 1520 2404 efficaciter
1557 2341 1885 2400 intentum.
1915 2337 2082 2414 Ergo

511 2439 681 2500 idem
713 2437 1052 2499 dicendum
1096 2442 1190 2496 est
1218 2434 1297 2497 de
1340 2433 1646 2496 electione
1675 2432 1757 2494 ad
1795 2431 2079 2509 gloriam.

519 2533 675 2594 Nam
719 2531 886 2592 Deus
928 2529 1164 2590 nemini
1211 2528 1344 2589 vult
1383 2525 1936 2606 perseverantiam,
1966 2521 2087 2583 nisi

517 2630 776 2704 propter
799 2622 1097 2702 gloriam;
1133 2640 1284 2701 ergo
1325 2622 1378 2682 si
1415 2620 1701 2682 voluntas
1730 2617 1920 2678 dandi
1950 2634 2089 2695 per-

514 2716 884 2778 severantiae
937 2714 1176 2775 donum
1213 2713 1530 2776 antecedit
1571 2710 1782 2772 omnia
1821 2709 2081 2789 praevisa

512 2809 759 2884 merita,
810 2808 1008 2868 multo
1057 2807 1257 2887 magis
1303 2807 1592 2868 voluntas
1638 2803 1858 2865 efficax
1889 2801 2081 2862 dandi

516 2902 779 2984 gloriam
805 2903 996 2962 etiam
1020 2899 1370 2974 antecedit;
1396 2901 1533 2960 haec
1563 2903 1774 2958 autem
1800 2901 1894 2958 est
1925 2895 2085 2956 elec·

515 2997 624 3070 tio,
660 2996 740 3056 de
775 3010 900 3074 qua
927 2993 1194 3074 agimus.

598 3091 697 3152 12.
745 3091 946 3168 Atque
993 3088 1138 3149 hinc
1179 3087 1339 3148 sumi
1386 3090 1593 3167 potest
1643 3087 2085 3165 argumentum

517 3184 686 3246 aliud
709 3184 774 3244 in
794 3182 1078 3244 doctrina
1104 3180 1226 3243 divi
1256 3178 1580 3259 Augustini
1613 3197 1628 3251 ς
1683 3196 1830 3239 nam
1877 3176 2085 3256 soepis·

517 3278 674 3339 sime
695 3276 880 3337 docet
903 3275 1294 3336 vocationem
1321 3290 1664 3352 congruam
1693 3272 1829 3333 dari
1845 3290 1923 3331 ex
1946 3288 2089 3349 spe-

518 3370 660 3435 ciali
686 3368 1124 3430 benevolentia
1153 3368 1286 3439 Dei,
1317 3384 1508 3445 quam
1555 3364 1830 3444 appellat
1862 3381 2087 3442 propo-

485 3460 496 3472 “
519 3464 706 3526 situm
735 3461 950 3541 gratiae
973 3460 1083 3523 Dei
1105 3478 1120 3532 ;
1149 3465 1212 3521 et
1235 3459 1378 3521 ideo
1399 3459 1590 3521 etiam
1605 3456 1878 3536 appellat
1905 3474 2087 3516 voca-

519 3558 760 3618 tionem
793 3554 968 3615 illam
995 3550 1341 3615 secundnm
1365 3551 1777 3633 propositum,
1819 3556 1890 3612 ut
1917 3566 1973 3609 c.
2012 3550 2089 3609 14

525 3650 730 3711 visum
759 3652 876 3721 est,
915 3646 1022 3707 ubi
1065 3644 1452 3707 ostendimus
1497 3643 1652 3705 illud
1699 3642 2087 3722 propositum

522 3741 874 3823 significare
897 3740 1174 3817 aliquam
1191 3736 1576 3800 voluntatem
1597 3736 1709 3797 Dei
1738 3736 2085 3807 efficacem,

521 3854 602 3897 ex
655 3852 780 3913 qua
829 3833 1230 3895 infallibiliter
1282 3832 1562 3911 sequitur
1609 3829 1971 3909 justificatio
2028 3833 2091 3889 et

522 3926 890 4009 glorificatio
935 3927 1072 4006 ejus
1102 3927 1264 3987 circa
1294 3942 1483 4005 quem
1509 3925 1672 3986 Deus
1709 3923 1834 3983 tale
1863 3938 2091 4001 propo·

523 4022 711 4083 situm
759 4020 1012 4094 habuit;
1061 4021 1194 4083 haec
1239 4025 1452 4081 autem
1486 4018 1772 4079 voluntas
1799 4034 1926 4076 non
1978 4032 2088 4095 po-

523 4122 644 4178 test
667 4133 804 4177 esse
835 4114 981 4188 alia,
1007 4113 1124 4175 nisi
1153 4113 1443 4174 voluntas
1463 4110 1685 4171 efficax
1703 4108 1897 4189 ipsius
1919 4106 2087 4181 finis,

522 4226 662 4289 quae
717 4212 815 4270 est
865 4207 1153 4269 voluutas
1192 4204 1380 4266 dandi
1425 4203 1728 4283 gloriam;
1777 4218 1926 4260 nam
1958 4199 2091 4261 sola

521 4302 660 4363 hoec
713 4302 1002 4363 voluntas
1027 4300 1253 4361 virtute
1297 4296 1558 4359 includit
1599 4294 1812 4357 omnia
1855 4292 2087 4367 media,

523 4397 610 4459 ita
643 4414 948 4474 congrua,
979 4400 1050 4455 ut
1075 4412 1186 4473 per
1215 4410 1291 4455 ea
1315 4390 1715 4453 infallibiliter
1767 4406 2092 4468 compare-

524 4497 627 4550 tur
656 4488 818 4549 finis,
855 4488 931 4547 Et
957 4487 1078 4546 hoc
1123 4492 1293 4546 recte
1323 4483 1696 4544 confirmant
1742 4481 1933 4542 verba
1960 4482 2054 4541 Au
2076 4514 2091 4522 -

526 4582 755 4663 gustini
785 4580 972 4659 paulo
1001 4584 1144 4639 ante
1175 4581 1384 4651 citata,
1419 4594 1493 4637 ex
1535 4576 1673 4635 libr.
1705 4575 1784 4635 de
1811 4576 2089 4654 Corrept.

527 4683 590 4737 et
615 4681 801 4755 grat.‚
833 4672 1020 4751 capit.
1052 4674 1163 4732 14:
1217 4670 1447 4737 Volenti
1473 4669 1714 4733 salvum
1725 4672 1946 4747 facere,
1965 4668 2098 4729 nul-

527 4768 654 4829 lum
693 4768 1017 4829 humanum
1059 4762 1296 4827 resistit
1344 4760 1663 4848 arbitgium
1685 4786 1708 4820 .·
1763 4762 1896 4821 haec
1944 4778 2095 4840 ergo

528 4859 817 4921 voluntas
875 4864 970 4919 est
1019 4856 1404 4936 propositum
1441 4854 1598 4915 illud
1627 4854 1839 4933 gratiae
1879 4873 1918 4913 a
1970 4872 2094 4933 quo

535 4952 738 5013 omnis
753 4968 1034 5030 congrua
1051 4950 1292 5009 vocatio
1311 4955 1368 5009 et
1388 4947 1608 5007 efficax
1625 4948 1823 5026 gratia
1843 4952 2090 5007 manat:

531 5045 636 5107 illa
677 5048 889 5105 autem
915 5042 1202 5103 voluntas
1227 5041 1340 5101 Dei
1381 5040 1600 5101 efficax
1644 5046 1777 5112 est;
1815 5058 1964 5101 nam
2008 5040 2098 5101 in-

531 5136 768 5201 efficaci
797 5136 1099 5199 voluntati
1131 5132 1476 5195 humanum
1492 5133 1720 5195 resistit
1745 5133 2092 5197 arbitrium.

528 5232 812 5310 Denique
851 5230 956 5291 illa
997 5228 1286 5289 voluntas
1311 5225 1592 5287 salvandi
1621 5233 1716 5287 est
1743 5228 1880 5287 sine
1904 5228 2095 5289 dubio

529 5325 820 5387 voluntas
857 5321 1050 5384 dandi
1087 5339 1354 5402 regnum
1403 5318 1734 5393 coelorum,
1783 5320 1886 5381 ubi
1927 5321 2097 5383 salus

531 5422 624 5480 est
650 5417 949 5499 perfecta,
975 5432 1200 5476 secura
1227 5420 1290 5476 et
1315 5418 1571 5489 aeterna,
1604 5411 1684 5473 de
1707 5430 1832 5493 qua
1865 5414 2097 5475 Paulus

529 5512 774 5575 locutus
801 5514 919 5583 est,
951 5526 1095 5569 cum
1117 5508 1301 5569 dixit:
1335 5508 1498 5570 Deus
1525 5506 1658 5569 vult
1677 5524 1874 5569 omnes
1906 5508 2093 5570 homi-

2164 1134 2405 1202 natum,
2452 1135 2513 1191 et
2544 1147 2681 1190 esse
2722 1130 3093 1191 electionem
3116 1127 3445 1188 efficacem
3482 1126 3561 1186 ad
3595 1127 3701 1204 glo-

2162 1221 2344 1293 riam,
2378 1225 2439 1282 et
2489 1241 2627 1284 esse
2676 1223 2951 1284 radicem
2992 1221 3275 1284 omnium
3310 1220 3617 1282 bonorum
3656 1227 3705 1280 et

2165 1315 2504 1396 gratiarum
2546 1316 2917 1388 efficacium,
2972 1333 3113 1394 quoe
3144 1315 3233 1374 sic
3284 1312 3492 1374 electo
3524 1311 3705 1372 conie-

2168 1415 2425 1482 runtur;
2455 1429 2655 1490 quam
2700 1408 2965 1490 proinde
3012 1425 3271 1476 necesse
3312 1411 3415 1466 est
3454 1411 3707 1465 anteces-

2168 1503 2323 1565 sisse
2350 1503 2805 1583 proescientiam
2826 1501 3109 1563 omnium
3138 1500 3547 1568 meritorum;
3570 1498 3705 1558 hanc

2167 1603 2379 1659 autem
2414 1597 2797 1658 voluntatem
2832 1596 3207 1658 electionem
3238 1592 3577 1673 gratuitam
3614 1609 3705 1668 ap-

2168 1691 2497 1770 pellamus.
2527 1692 2617 1752 De
2642 1707 2771 1768 qua
2794 1695 2963 1750 recte
2986 1685 3354 1764 intelligitur
3382 1683 3559 1763 quod
3586 1703 3705 1744 scn-

2162 1784 2255 1846 bit
2284 1785 2690 1864 AugustinuS,
2722 1782 2881 1843 libro
2923 1781 3002 1842 de
3044 1781 3255 1843 Gratia
3296 1785 3360 1840 et
3400 1777 3599 1838 libero
3632 1795 3708 1837 ar-

2162 1879 2302 1953 hit„
2334 1897 2389 1939 c.
2420 1881 2489 1940 8:
2524 1875 2906 1959 Eliqeutimn
2950 1875 3255 1936 hominum
3290 1870 3579 1934 meo-itum
3602 1871 3709 1932 aul-

2162 1973 2291 2035 lum
2322 1976 2496 2038 esset.
2522 1969 2648 2032 nisi
2666 1985 2761 2032 eos
2785 1967 3061 2050 eliqentie
3089 1965 3301 2046 qratia
3346 1965 3473 2028 Dei
3514 1979 3709 2043 pra-te-

2162 2064 2325 2130 nir-et
2340 2089 2365 2138 ;
2412 2063 2559 2146 quia
2594 2061 2767 2125 electi
2810 2065 2979 2135 sunt,
3034 2060 3345 2140 eleyemnt
3361 2079 3389 2128 ,·
3425 2073 3547 2118 eto-n
3590 2058 3709 2136 quia

2163 2159 2489 2240 elmerum,
2526 2154 2701 2219 electi
2734 2159 2900 2216 eunt.
2934 2154 3091 2214 Item
3124 2151 3296 2230 quod
3324 2150 3439 2225 ait,
3472 2150 3551 2210 de
3580 2150 3709 2210 Pra-

2166 2251 2351 2322 dest.‚
2396 2269 2533 2329 cap.
2574 2253 2675 2310 17:
2734 2247 3163 2330 Intelliqamm·
3203 2244 3571 2308 vocationem
3612 2261 3709 2324 qna

2158 2347 2317 2426 fiunt
2330 2343 2524 2413 electi,
2552 2359 2669 2404 mm
2693 2343 2799 2423 qui
2826 2340 3138 2422 eliquatur
3150 2340 3299 2420 quia
3325 2337 3705 2400 crediderunt.

2165 2439 2274 2501 sed
2292 2438 2400 2519 qui
2420 2435 2723 2520 eliquatur
2758 2442 2829 2500 ut
2857 2435 3124 2498 credant.
3154 2432 3245 2492 De
3268 2449 3397 2510 qua
3428 2429 3707 2492 electione

2168 2531 2250 2591 ad
2295 2530 2488 2590 fidem
2545 2533 2807 2609 possunt
2860 2527 3083 2590 eadem
3140 2529 3524 2604 argumenta
3574 2523 3705 2594 fiori,
3812 2557 3815 2594 ÷

2168 2625 2314 2703 quia
2344 2623 2533 2684 etiam
2576 2623 2833 2684 credere
2878 2627 2975 2682 est
3018 2625 3193 2680 actus
3220 2619 3403 2680 liber.
3442 2621 3533 2678 Ac
3558 2616 3709 2676 deni-
3813 2647 3815 2658 ·

2164 2737 2287 2798 que
2318 2718 2383 2778 in
2412 2722 2539 2778 toto
2572 2736 2649 2778 eo
2678 2718 2880 2796 capite
2905 2717 2992 2777 ita
3020 2712 3293 2778 excludit
3320 2713 3547 2772 merita
3578 2727 3709 2788 prae-
3813 2711 3815 2726 '

2164 2811 2298 2871 visa
2338 2810 2417 2870 ad
2457 2809 2852 2886 electionem,
2904 2809 3067 2870 sicut
3116 2807 3197 2868 ad
3240 2803 3709 2885 praedestinatio-

2162 2923 2335 2980 nem,
2370 2903 2586 2964 dicens
2618 2922 2747 2964 non
2773 2902 3117 2982 praesciisse
3142 2901 3373 2972 Deum,
3398 2897 3511 2976 qui
3542 2897 3709 2958 futuri

2166 3002 2376 3058 essent
2404 2997 2626 3068 sancti,
2650 3003 2711 3058 et
2730 2996 2871 3058 ideo
2903 3015 3011 3057 eos
3038 2995 3333 3074 elegisse:
3360 2991 3513 3072 quia
3534 2993 3709 3068 Apos—

2164 3090 2329 3153 tolus
2354 3109 2485 3152 non
2522 3089 2700 3153 dicit:
2746 3091 2959 3173 Eleyit
3006 3107 3115 3153 nos
3140 3090 3324 3162 Dm,
3356 3086 3507 3165 quia
3540 3083 3709 3145 futuri

2168 3202 2420 3247 eramus
2460 3186 2691 3246 sancti:
2746 3184 2880 3259 sed,
2925 3190 2996 3247 nt
3022 3200 3283 3245 essemus
3308 3179 3517 3244 sancti
3542 3184 3597 3241 et
3618 3178 3711 3239 im·

2166 3278 2462 3341 maculati
2506 3278 2575 3339 in
2601 3280 2915 3357 conspeetu
2955 3276 3087 3357 ejus
3114 3276 3183 3337 iu
3210 3272 3537 3347 chax-itate,
3592 3288 3709 3349 quae

2168 3372 2302 3435 sine
2325 3370 2515 3432 dubio
2554 3374 2650 3431 est
2676 3371 2895 3431 electio
2934 3370 3014 3430 ad
3038 3368 3324 3448 gloriam,
3352 3366 3457 3427 vel
3512 3364 3711 3425 saltem

2166 3464 2337 3526 illam
2368 3464 2649 3537 includit,
2686 3469 2749 3525 et
2774 3464 2991 3525 ordine
3022 3460 3385 3523 intentionis
3412 3456 3709 3538 supponit.

2170 3558 2347 3629 Quod
2372 3559 2565 3619 etiam
2590 3556 2845 3636 egregie
2866 3556 3195 3617 confirmat
3218 3552 3489 3615 celebris
3514 3550 3615 3612 ille
3640 3549 3717 3608 lo-
3810 3602 3812 3609 .

2170 3671 2281 3714 cus
2320 3654 2580 3731 August.
2628 3668 2793 3729 soepe
2826 3650 2889 3711 in
2942 3647 3373 3729 superioribus
3406 3649 3711 3712 tractatus,
3811 3674 3812 3739 3

2168 3746 2276 3807 lib.
2327 3746 2405 3806 de
2451 3746 2629 3806 Dono
2658 3762 3002 3823 persever„
3042 3762 3099 3804 c.
3138 3746 3239 3817 14,
3276 3740 3387 3801 ubi
3428 3740 3513 3801 de
3538 3736 3715 3816 Tyriis
3811 3740 3812 3795 ζ

2170 3845 2233 3901 et
2250 3840 2519 3903 Sidoniis
2548 3838 2668 3899 ait:
2698 3838 2993 3912 Quoniam
3016 3842 3089 3899 ut
3106 3837 3433 3905 crederent,
3458 3850 3579 3894 non
3602 3836 3715 3892 erat

2170 3934 2257 3997 eie
2276 3934 2503 4005 duum,
2548 3930 2783 3992 scilicet
2822 3929 3059 3991 efficaci
3093 3927 3413 4008 proposito
3448 3926 3715 3987 volunta-

2170 4026 2250 4087 tis
2274 4026 2426 4099 Dei,
2455 4025 2585 4089 ideo
2621 4024 2775 4087 unde
2826 4024 3131 4087 crederent
3180 4026 3270 4084 est
3318 4025 3623 4101 meatum,
3663 4015 3717 4075 id

2174 4126 2287 4192 est,
2309 4135 2655 4198 congruum
2676 4116 2996 4177 auxilium.
3014 4116 3091 4177 Et
3106 4120 3323 4195 postea
3342 4112 3553 4173 subdit
3580 4109 3717 4169 mul-

2170 4214 2249 4275 tis
2277 4214 2499 4292 negari
2527 4214 2647 4272 hoc
2684 4210 3007 4283 auxilium,
3031 4210 3213 4290 quia:
3247 4208 3363 4271 Dei
3400 4204 3611 4271 altiori
3624 4206 3717 4283 ju-

2172 4308 2329 4371 dicio
2354 4324 2395 4370 a
2408 4305 2771 4388 perditionis
2792 4322 2999 4367 massa
3024 4322 3143 4365 non
3164 4306 3309 4364 sunt
3332 4298 3553 4382 qratia·
3572 4316 3717 4379 proe—

2175 4399 2567 4463 destinatione
2592 4396 2860 4463 disereti.
2890 4396 3128 4459 Similia
3158 4398 3305 4457 sunt
3336 4392 3577 4453 infinita
3596 4392 3719 4451 loca

2176 4493 2345 4573 apud
2372 4492 2813 4571 Augustinum,
2840 4508 2981 4569 quoe
3000 4490 3263 4567 longum
3292 4493 3461 4548 esset
3474 4485 3715 4547 referre.

2178 4588 2451 4665 Legatur
2498 4585 2577 4646 de
2624 4584 2824 4647 Praed.
2872 4588 2935 4643 et
2960 4582 3161 4662 gratia
3185 4628 3204 4654 ,
3236 4580 3579 4661 praesertim
3604 4595 3657 4637 c.
3686 4580 3717 4635 7
3809 4648 3810 4651 Ἴ

2178 4688 2241 4743 et
2269 4684 2331 4754 9,
2358 4680 2437 4741 de
2461 4681 2619 4740 Don.
2650 4697 2895 4759 persev.
2930 4698 2986 4739 c.
3019 4679 3081 4749 8,
3114 4678 3156 4737 l.
3194 4679 3234 4739 5
3272 4682 3438 4738 cont.
3472 4674 3717 4745 Julian„
3809 4716 3810 4721 η

2178 4794 2233 4837 c.
2266 4778 2328 4847 3,
2358 4774 2401 4835 l.
2437 4776 2475 4835 3
2504 4776 2923 4852 Hypognost„
2960 4770 3305 4851 presertim
3335 4788 3373 4829 a
3412 4768 3559 4839 fine,
3586 4772 3645 4828 et
3676 4767 3715 4825 l.
3809 4846 3810 4851 ἵ

2177 4872 2239 4942 6,
2278 4886 2501 4948 parum
2534 4887 2571 4928 a
2600 4866 2927 4946 principio.

2180 5018 2417 5081 Electio
2452 5020 2588 5079 ante
2614 5012 2829 5077 merita
2861 5032 2979 5075 non
3011 5020 3101 5077 est
3144 5017 3385 5076 tantum
3421 5010 3713 5075 virtualis.
3808 5036 3810 5101 {

2744 5108 2851 5171 sed
2870 5106 3173 5183 formalis.

2262 5232 2359 5291 13.
2402 5228 2529 5291 Sed
2554 5227 2719 5290 dicet
2756 5226 3021 5291 fortasse
3060 5226 3309 5307 aliquiS,
3358 5243 3574 5287 verum
3600 5223 3719 5301 qui-

2178 5320 2323 5382 dem
2352 5340 2489 5383 esse
2508 5322 2895 5383 voluntatem
2923 5319 3203 5382 salvandi
3231 5317 3719 5400 praedestinamm

2177 5414 2549 5477 antecedere
2584 5414 2795 5494 aliquo
2822 5414 3011 5475 modo
3062 5413 3515 5493 praescientiam
3552 5412 3717 5471 abso-

2174 5508 2373 5569 lutam
2400 5508 2789 5576 mcritorum,
2823 5513 3033 5570 tamen
3076 5506 3246 5567 illam
3288 5524 3417 5567 non
3446 5523 3579 5567 esse
3620 5520 3715 5562 vo-
