3850 6225
749 381 884 438 cAP.
924 389 960 440 1.
997 383 1324 436 REFERTUR
1357 383 1562 436 opimo
1593 379 1838 434 NEGANS
1871 381 2119 434 HABERE
2156 380 2322 432 DEUM
2356 379 2622 441 CERTAM,
2660 379 2795 431 mc:

161 507 352 569 poena
380 488 780 550 infallibiliter
813 489 1170 550 conferetur
1200 507 1216 561 ;
1262 506 1412 566 ergo
1445 485 1727 548 similiter

163 585 222 644 in
255 584 550 662 praesenti
576 582 876 659 revelatio
899 583 1002 644 illa
1033 583 1476 654 conditionata,
1515 585 1582 640 ut
1613 578 1722 653 sic,

162 678 348 738 debet
376 695 520 738 esse
543 676 877 738 infallibilis
909 677 1132 738 saltem
1162 676 1282 737 sub
1305 673 1680 736 conditione.

239 774 300 832 8.
346 773 563 836 Tertia
583 772 888 852 responsio
915 772 1194 835 adducta.
1223 803 1305 818 --
1335 765 1722 834 Testimoniis

161 871 531 942 confutatur.
569 899 652 912 —
689 853 1111 938 Quamobrem
1151 865 1366 926 dicunt
1423 863 1528 924 alii
1583 879 1722 921 esse

163 962 418 1041 quidem
463 960 814 1021 infallibiles
847 961 962 1020 has
995 959 1408 1024 revelationes
1429 1003 1444 1031 ,
1489 957 1724 1018 habere

163 1065 366 1118 tamen
409 1053 908 1114 infallibilitatem
943 1053 1008 1113 in
1035 1071 1246 1127 causa,
1277 1051 1426 1132 quia
1461 1068 1590 1111 non
1625 1069 1728 1110 re·-

162 1148 450 1208 velantur
475 1146 734 1208 effectus
761 1147 826 1206 in
847 1146 1168 1206 individuo
1197 1152 1260 1206 et
1281 1146 1346 1205 in
1371 1143 1730 1224 particulari

167 1262 301 1302 cum
355 1240 650 1302 omnibus
697 1240 1214 1314 circumstantiis,
1263 1238 1374 1300 sed
1419 1239 1622 1299 solum
1665 1238 1732 1320 in

166 1336 482 1397 communi
507 1341 570 1396 et
595 1333 888 1406 confuse;
914 1334 1035 1396 hoc
1063 1339 1274 1394 autem
1309 1331 1500 1393 modo
1525 1335 1732 1410 potest

167 1435 330 1490 certo
375 1428 671 1508 cognosci
717 1427 976 1488 effectus
1017 1428 1386 1506 contingens
1425 1426 1492 1485 in
1538 1443 1728 1485 causa

167 1541 272 1584 sua
293 1567 310 1594 ,
353 1527 424 1582 ut
473 1521 656 1582 facile
697 1525 906 1600 potest
951 1520 1250 1598 exemplis
1293 1518 1558 1580 ostendi.
1607 1517 1732 1580 Sed

166 1617 290 1676 haec
327 1615 662 1694 responsio
702 1632 831 1674 non
877 1613 1176 1674 satisfacit
1211 1611 1524 1692 pra-dictis
1561 1611 1733 1672 testi-

166 1707 402 1781 monna,
429 1725 554 1768 nec
577 1706 854 1768 declarat
881 1707 1032 1768 satis
1055 1705 1506 1785 perfectionem
1533 1706 1732 1766 scien-

167 1802 260 1860 tize
288 1807 348 1861 et
385 1800 792 1861 revelationis
821 1800 1068 1861 divinae.
1097 1799 1304 1861 Primo
1329 1798 1497 1858 enim
1523 1799 1591 1858 in
1619 1799 1730 1858 ali-

167 1895 384 1971 quibus
419 1893 581 1954 locis
621 1893 1040 1972 praedicantur
1077 1898 1254 1954 actus
1276 1891 1456 1952 liberi
1489 1893 1638 1953 satis
1665 1892 1730 1951 in

167 1987 546 2066 particulari,
571 1992 640 2047 ut
679 1988 742 2046 in
781 1987 944 2048 facto
983 1987 1132 2050 Saul
1171 1992 1234 2048 et
1258 1985 1470 2046 David.
1499 1987 1732 2048 Secun-

167 2080 264 2150 do,
287 2079 548 2158 quando
571 2098 782 2154 causa,
813 2081 1000 2142 etiam
1028 2081 1094 2140 in
1117 2080 1434 2142 communi
1457 2083 1728 2158 sumpta,

169 2179 256 2232 est
277 2171 646 2232 indifferens
682 2174 781 2234 vel
811 2191 1126 2252 propensa
1163 2174 1372 2252 potius
1397 2173 1460 2232 in
1485 2179 1736 2234 contra-

169 2266 343 2338 rium,
369 2283 502 2324 non
533 2270 738 2344 potest
765 2267 830 2326 in
857 2284 932 2328 ea
959 2273 1128 2328 certo
1153 2267 1444 2346 cognosci
1475 2267 1734 2327 effectus

169 2360 480 2439 oppositus
503 2361 714 2431 ;verbi
739 2361 962 2440 gratia,
985 2361 1154 2440 quod
1181 2361 1380 2422 Adam
1407 2361 1732 2440 esset‘pec-

170 2461 432 2527 catur-us,
481 2459 552 2514 et
593 2473 1014 2515 consensurus
1054 2456 1162 2514 tali
1205 2454 1556 2527 tentationi,
1601 2471 1732 2514 non

169 2553 398 2625 poterat
425 2549 729 2628 cognosci
752 2549 820 2608 in
845 2565 1060 2622 causa,
1094 2548 1283 2609 etiam
1311 2547 1732 2608 abstrahendo

172 2660 204 2699 a
229 2642 714 2714 circumstantia,
743 2643 890 2720 quia
913 2643 1000 2703 ita
1031 2649 1166 2702 erat
1192 2648 1360 2703 recte
1389 2641 1729 2714 institutuS,

171 2741 232 2794 ut
251 2735 432 2814 longe
461 2736 712 2796 facilius
741 2741 908 2798 esset
931 2737 1016 2796 illi
1045 2755 1176 2797 non
1199 2754 1484 2815 peccare,
1509 2735 1734 2814 magis-

173 2847 284 2906 que
314 2835 478 2889 esset
514 2829 596 2888 ad
621 2830 742 2908 hoc
774 2847 1158 2907 propensus3
1191 2828 1594 2890 ostendemus
1623 2845 1736 2889 au-

169 2925 286 2980 tem
307 2921 488 2981 inferi
499 2939 578 2980 us
597 2922 733 2982 haec
759 2921 944 2981 etiam
972 2921 1184 2982 futura
1206 2940 1242 2980 a
1265 2922 1390 2982 Deo
1417 2922 1730 3002 cognosci,

173 3019 225 3072 et
263 3015 322 3073 in
367 3014 678 3093 exemplis
715 3015 1002 3074 adductis
1045 3013 1292 3075 videtur
1337 3033 1476 3076 esse
1521 3015 1732 3094 hujus-

174 3107 348 3183 modi,
381 3108 558 3188 quod
601 3107 680 3169 de
707 3109 910 3187 Tyriis
934 3115 996 3169 et
1037 3108 1307 3171 Sidoniis
1332 3109 1608 3172 Christus
1633 3129 1734 3171 re—

174 3202 409 3274 velavit;
437 3220 616 3276 nam,
644 3207 713 3261 ut
750 3220 940 3281 supra
979 3200 1285 3277 dicebam,
1329 3201 1394 3262 in
1433 3204 1522 3264 eis
1558 3203 1732 3264 nulla

175 3300 298 3355 erat
332 3294 658 3374 dispositio
693 3294 778 3355 ad
798 3294 1254 3373 poenitentiam,
1297 3296 1491 3368 unde,
1524 3297 1732 3357 consi-

175 3386 372 3447 derata
393 3388 500 3448 illa
531 3405 722 3448 causa
748 3392 934 3465 prout
959 3393 1112 3448 tunc
1151 3392 1286 3450 erat
1323 3388 1622 3468 disposita
1651 3388 1732 3449 ad

174 3480 348 3540 talem
391 3481 691 3542 effectam
709 3526 726 3553 ,
777 3480 878 3541 vel
928 3481 1131 3560 magis
1185 3487 1322 3543 erat
1367 3500 1732 3561 repugnans

175 3589 349 3649 quam
376 3590 714 3653 propensa,
746 3574 847 3635 vel
883 3580 1074 3645 certe,
1111 3575 1402 3635 omnibus
1426 3576 1726 3654 pensam,

176 3665 248 3724 ad
274 3684 587 3727 summum
631 3672 768 3727 erat
793 3666 1181 3728 indifferens.
1217 3668 1424 3729 Tertio
1459 3668 1730 3747 denique

177 3776 386 3839 magna
417 3760 812 3839 imperfectio
847 3760 1140 3821 tribuitur
1167 3761 1318 3832 Deo,
1351 3780 1494 3822 cum
1523 3762 1731 3823 existi-

177 3858 368 3913 matur
389 3853 490 3914 vel
517 3853 714 3932 ipsius
745 3853 1170 3930 cognitionem
1191 3854 1258 3913 in
1287 3854 1394 3914 illa
1419 3856 1732 3916 confusio-

179 3962 250 4005 ne
275 3946 514 4019 sistere,
564 3952 628 4007 et
657 3963 788 4006 non
833 3946 1024 4016 clare,
1059 3954 1120 4006 et
1159 3947 1224 4006 in
1257 3947 1615 4025 particulari
1642 3948 1734 4008 vi-

180 4034 314 4099 dere
356 4038 586 4117 quibus
625 4038 690 4099 in
733 4038 1070 4099 individuis
1113 4038 1425 4101 accideret
1460 4040 1524 4100 id
1561 4040 1730 4119 quod

181 4129 250 4191 de
283 4131 726 4193 communitate
759 4131 968 4209 aliqua
1002 4132 1264 4205 revelem
1294 4132 1394 4193 vel
1420 4132 1732 4195 certitudi-

179 4240 312 4283 nem
355 4223 632 4285 scientiae
687 4226 750 4284 et
793 4223 1192 4285 revelationis
1243 4224 1379 4303 ejus
1421 4241 1546 4284 non
1591 4242 1728 4285 esse

181 4316 464 4394 majorem
494 4334 688 4394 quam
727 4315 804 4376 sit
827 4316 934 4377 illa
963 4334 1106 4395 quae
1131 4334 1208 4377 ex
1231 4317 1438 4379 causis
1461 4317 1550 4377 sic
1587 4335 1730 4378 con-

179 4406 302 4468 fuse
327 4409 646 4488 conceptis
671 4410 866 4487 accipi
895 4416 1126 4488 potest.

249 4502 305 4559 9.
355 4501 590 4575 Quarta
612 4501 936 4577 νομαίων.
954 4504 1258 4580 —Atque
1293 4503 1440 4563 hinc
1469 4503 1728 4564 ulterius

179 4593 435 4670 rejicitur
459 4594 726 4655 aliorum
754 4594 1078 4673 responsio
1113 4594 1452 4656 dicentium
1470 4642 1486 4669 ,
1522 4597 1721 4657 solum

181 4688 412 4761 praedici
439 4688 674 4761 futura,
706 4707 846 4767 quae
882 4688 949 4747 in
989 4688 1264 4767 quadam
1305 4689 1578 4751 motione
1617 4692 1725 4751 Dei

182 4779 395 4842 efficaci
437 4783 730 4861 cognosci
774 4790 1055 4861 possunt.
1093 4783 1368 4843 Primum
1399 4784 1564 4843 enim
1607 4784 1728 4844 hoc

186 4890 298 4933 non
330 4877 592 4953 pertinet
621 4876 703 4938 ad
731 4878 1138 4954 quaestionem
1167 4896 1248 4937 an
1291 4878 1424 4939 haec
1463 4896 1728 4959 cognos-

182 4974 406 5041 cantur,
440 4986 631 5048 quam
666 4970 856 5031 modo
885 4974 1248 5043 tractamus,
1278 4971 1390 5031 sed
1417 4971 1498 5032 ad
1525 4988 1727 5049 quaes-

182 5058 398 5121 tionem
446 5063 762 5141 quomodo
806 5064 944 5125 haec
991 5070 1482 5143 cognoscantur,
1535 5084 1726 5144 quam

183 5150 326 5213 infra
359 5154 830 5235 disputabimus.
873 5156 1114 5218 Deinde
1151 5156 1456 5219 refellitur
1493 5158 1722 5238 duplici

183 5245 426 5309 ratione.
472 5249 673 5311 Prima
695 5294 710 5323 ,
757 5250 906 5327 quia
945 5248 1088 5311 talis
1133 5251 1324 5311 motio
1361 5250 1581 5312 efficax
1625 5253 1723 5312 vel

187 5344 458 5418 supponit
497 5344 659 5405 hanc
707 5344 1054 5418 scientiam,
1101 5351 1166 5406 et
1213 5344 1300 5405 ita
1345 5364 1474 5406 non
1520 5350 1726 5425 potest

190 5448 312 5493 esse
352 5436 506 5497 ratio
548 5438 748 5510 illius;
781 5437 880 5499 vel
923 5438 976 5498 si
1015 5438 1189 5499 illam
1235 5456 1363 5499 non
1405 5438 1720 5517 supponit,

189 5541 302 5585 non
335 5534 529 5607 potest
557 5545 692 5593 esse
735 5530 974 5607 efficax,
1015 5532 1166 5613 quin
1191 5532 1452 5615 physice
1479 5531 1724 5613 praede-

3254 373 3369 434 347

1804 484 2103 546 terminet
2146 475 2530 544 voluntatem
2552 527 2572 556 ,
2620 486 2683 542 et
2730 485 3188 558 consequenter
3229 497 3372 540 cum

1805 577 2095 638 libertate
2132 583 2393 656 pugnet,
2424 581 2495 636 ut
2534 593 2612 636 ex
2638 575 2913 636 tractatis
2940 574 3113 634 libris
3146 564 3375 652 praece-

1807 670 2099 732 dentibus
2128 671 2277 730 satis
2306 674 2569 730 constat.
2607 668 2893 731 Secunda
2922 673 3039 740 est,
3070 667 3217 746 quia
3240 667 3375 728 haec

1805 764 1999 825 motio
2024 764 2265 836 efficax,
2292 762 2769 842 qualiscumque
2788 761 2895 822 illa
2915 761 3015 834 sit,
3038 779 3167 822 non
3191 759 3377 820 datur

1806 855 1924 918 nisi
1970 856 2052 918 ad
2092 875 2284 936 opera
2330 856 2529 928 bona;
2576 857 2745 918 Deus
2796 855 2965 916 enim
3014 853 3095 915 ad
3138 854 3373 914 malum

1806 968 1937 1011 nou
1975 956 2210 1024 movet,
2236 956 2305 1011 ut
2337 950 2615 1012 secundo
2642 950 2800 1011 libro
2822 949 2961 1010 fuse
2986 949 3376 1010 demonstra-

1809 1028 1947 1105 tu'm
1984 1051 2098 1106 est.
2132 1046 2201 1106 In
2229 1045 2541 1124 praedictis
2576 1048 2787 1106 autem
2838 1043 3209 1105 testimoniis
3248 1061 3375 1104 non

1812 1139 2016 1200 solum
2064 1140 2483 1218 praedicuntur
2534 1157 2726 1218 opera
2770 1139 2978 1211 bona,
3028 1137 3141 1199 sed
3188 1137 3377 1198 etiam

1808 1239 2066 1312 peccata
2108 1233 2225 1293 sub
2268 1235 2366 1294 his
2412 1234 2509 1294 vel
2546 1234 2665 1294 illis
2714 1232 3203 1304 conditionibus;
3248 1249 3377 1291 non

1811 1345 1961 1405 ergo
1998 1327 2297 1388 fundatur
2319 1328 2423 1388 illa
2452 1327 2771 1407 praedictio
2802 1333 2865 1387 et
2892 1325 3282 1405 praescientia
3311 1324 3375 1384 in

1807 1419 1919 1481 tali
1956 1421 2255 1482 motione.
2297 1421 2501 1482 Minor
2534 1426 2777 1482 constat
2818 1421 2881 1480 in
2908 1419 3073 1481 facto
3102 1418 3272 1490 Saul,
3314 1421 3377 1479 et
3492 1500 3499 1508 1

1811 1513 1956 1575 addi
1981 1520 2185 1593 potest
2202 1514 2401 1575 simile
2430 1514 2509 1576 de
2536 1515 2883 1587 Pharaone,
2906 1512 3102 1574 Exodi
3130 1515 3169 1574 3
3196 1531 3209 1572 :
3236 1511 3377 1592 qu

1811 1611 2011 1670 autem
2058 1606 2181 1670 scio
2227 1609 2386 1688 quod
2430 1625 2551 1669 non
2596 1608 2893 1688 relinquet
2939 1624 3044 1669 vos
3087 1607 3336 1668 Pharao
3355 1650 3371 1678 ,

1809 1701 1937 1762 nisi
1956 1719 2073 1782 per
2113 1718 2397 1782 maynam
2436 1716 2720 1774 maniam}
2762 1706 2825 1760 et
2862 1699 3022 1760 infra
3056 1718 3069 1758 :
3102 1701 3241 1779 qu
3278 1715 3377 1760 em-

1811 1795 2049 1856 tendam
2091 1811 2339 1856 manum
2378 1813 2590 1868 meam,
2626 1800 2743 1855 etc.
2789 1795 2857 1854 In
2898 1793 3125 1872 quibus
3168 1791 3377 1852 verbis

1816 1905 1939 1947 una
1980 1887 2081 1947 vel
2117 1887 2325 1966 potius
2359 1885 2589 1966 duplex
2622 1886 2959 1966 propositio
2990 1885 3376 1946 cnudi'tiona-

1809 1981 1886 2042 lis
1923 1981 2165 2060 cognita
2212 1979 2565 2054 involvitur,
2597 1980 2851 2054 scilicet,
2877 1979 3047 2058 quod
3074 1997 3188 2058 per
3214 1977 3377 2038 ordi·-

1813 2074 1993 2134 naria
2034 2074 2242 2135 media
2268 2119 2283 2147 ,
2328 2074 2429 2135 vel
2468 2074 2736 2146 auxilia,
2792 2074 2843 2134 si
2886 2073 3333 2134 adhiberentur
3357 2117 3374 2144 ,

1811 2167 2055 2229 Pharao
2078 2185 2207 2228 non
2241 2174 2407 2228 esset
2438 2168 2786 2229 movendus
2818 2167 2901 2228 ad
2940 2167 3377 2228 dimittendum

1811 2261 2137 2340 populum,
2162 2266 2224 2321 et
2248 2260 2417 2340 quod
2446 2279 2560 2340 per
2580 2279 2814 2351 magua
2837 2261 3015 2340 signa
3048 2266 3215 2320 esset
3239 2278 3381 2338 per-

1812 2354 2185 2416 movendas».
2213 2355 2409 2426 Quem
2435 2354 2643 2414 locum
2670 2354 2759 2414 ita
2793 2355 3038 2415 videtur
3063 2371 3375 2432 exponere

1817 2447 2221 2528 AugustinuS,
2248 2448 2325 2508 de
2350 2448 2545 2508 Proed.
2568 2455 2631 2509 et
2646 2454 2831 2526 grat„
2852 2468 2905 2508 c.
2930 2451 2990 2521 7,
3010 2447 3119 2508 ubi
3130 2446 3379 2508 conclu-

1811 2543 1906 2604 dit
1938 2561 1953 2602 :
2002 2544 2127 2608 Vooe
2152 2542 2267 2604 Dei
2306 2551 2419 2612 esc,
2451 2561 2585 2623 quoe
2609 2543 2959 2606 Pharaonis
2985 2541 3369 2615 voluntatem,

1813 2637 1975 2698 siout
2002 2637 2391 2718 praeviderat,
2418 2637 2746 2698 indicabat.
2776 2637 2851 2696 Et
2876 2653 2992 2714 per
3018 2634 3188 2694 idem
3225 2652 3377 2713 pra-.—

1815 2729 2087 2789 scientiae
2116 2745 2317 2807 genus
2340 2728 2617 2789 declarat
2638 2728 2875 2789 ibidem
2914 2727 3252 2788 Pharaonis
3286 2727 3376 2786 in·

1814 2823 2233 2899 durationem,
2274 2823 2490 2883 dicens
2532 2841 2545 2881 :
2591 2821 2743 2884 Alta
2782 2823 2943 2884 Deus
2968 2821 3377 2902 proescimtioe

1813 2932 1943 2978 suoe
1969 2916 2100 2978 luco
2118 2917 2433 2995 praescivit
2468 2917 2851 2978 Pharaonem
2877 2931 2997 2976 noa
3028 2915 3223 2991 faisse
3246 2931 3377 2976 mv-

1815 3011 2089 3084 tandum,
2119 3011 2361 3072 etiamsi
2388 3010 2545 3073 talia
2577 3011 2757 3091 aigyna
2794 3009 3031 3083 fierent.

1896 3105 1993 3163 10.
2019 3101 2246 3177 Quinta
2270 3103 2666 3185 improbatur.
2684 3132 2765 3146 —
2778 3101 2956 3164 Unde
2984 3102 3242 3163 tandem
3266 3101 3373 3161 im·-

1811 3196 2135 3274 probabile
2184 3196 2369 3257 etiam
2420 3204 2515 3259 est
2564 3201 2735 3277 quod
2785 3198 3063 3277 quidam,
3111 3195 3375 3258 convicti

1810 3289 2121 3369 praedictis
2141 3289 2533 3364 testimoniiS,
2561 3298 2871 3368 asserunt,
2898 3293 3099 3351 Deum
3122 3288 3375 3368 quidem

1813 3400 2193 3463 cognoscere
2238 3383 2445 3462 aliqua
2492 3403 2570 3445 ex
2610 3386 2708 3447 his
2751 3384 3187 3447 conditionatis
3233 3400 3372 3460 quae

1810 3475 2127 3549 revelavit,
2158 3483 2523 3539 nontamen
2550 3480 2784 3551 omnia,
2817 3479 2929 3539 sed
2960 3478 3224 3539 fortasse
3268 3476 3373 3537 illa

1811 3585 1951 3647 quae
1998 3568 2252 3646 speciali
2299 3570 2487 3631 modo
2530 3572 2985 3650 praeordinavit,
3028 3570 3226 3631 voluit
3266 3574 3376 3631 aut

1812 3661 2113 3740 permisit.
2146 3663 2253 3721 Est
2278 3663 2447 3723 enim
2485 3664 2605 3725 hoc
2643 3665 2829 3743 plane
2865 3664 3283 3725 voluntarium
3312 3668 3375 3723 et

1809 3754 2037 3815 falsum
2063 3774 2079 3827 ;
2113 3756 2499 3817 ostendimus
2526 3758 2781 3817 enimin
2810 3757 2980 3818 omni
3012 3774 3243 3836 genere
3274 3774 3375 3817 ac-

1810 3847 2054 3908 tionum
2080 3847 2421 3909 liberarum
2450 3850 2685 3911 babere
2731 3852 2933 3911 Deum
2972 3851 3138 3911 hanc
3180 3850 3379 3910 scien-

1810 3942 1987 4015 tiam,
2026 3942 2282 4017 scilicet,
2316 3942 2378 4003 in
2406 3943 2587 4004 bonis
2616 3949 2681 4005 et
2708 3932 2999 4013 in'malis,
3030 3943 3095 4002 in
3124 3948 3379 4005 natura-

1812 4034 1975 4096 libus
2020 4041 2084 4096 et
2122 4036 2723 4115 supernaturalibuS,
2766 4036 2832 4096 in
2872 4037 3191 4097 communi
3220 4036 3375 4097 etin

1809 4128 2203 4207 particulari;
2240 4146 2391 4207 ergo
2432 4129 2605 4189 nulla
2634 4130 2937 4209 probabili
2979 4130 3219 4190 ratione
3266 4146 3378 4209 po-

1809 4228 1935 4285 test
1966 4224 2103 4284 haec
2133 4224 2390 4285 scientia
2428 4224 2678 4285 limitari
2706 4224 2787 4285 ad
2814 4225 3127 4303 quaedam,
3161 4229 3223 4285 et
3248 4242 3375 4285 non

1812 4316 1893 4377 ad
1923 4317 2135 4378 omnia
2176 4317 2448 4377 extendi.
2479 4317 2748 4378 Maxime
2778 4318 2923 4397 quia
2972 4318 3377 4378 ostendemus

1809 4428 1935 4470 non
1967 4428 2152 4489 posse
2176 4410 2341 4469 hanc
2371 4410 2695 4471 scientiam
2720 4409 2967 4471 fundari
2995 4410 3057 4470 in
3080 4409 3379 4488 praeordi-

1808 4504 2086 4576 natione,
2114 4509 2177 4563 et
2206 4503 2401 4564 multo
2428 4504 2637 4564 minus
2668 4504 2733 4563 in
2763 4502 3205 4583 permissi'one;
3230 4502 3379 4579 quia

1809 4596 2067 4657 effectus
2100 4597 2439 4675 permissus
2480 4614 2555 4658 ex
2582 4596 2642 4657 vi
2675 4596 3101 4676 permissionis
3128 4614 3256 4655 non
3284 4600 3379 4657 est

1808 4689 2209 4751 infallibiliter
2234 4690 2503 4762 futurus,
2536 4691 2819 4752 nisidiaec
2850 4690 3107 4753 scientia
3147 4704 3379 4769 suppo-

1807 4777 2017 4855 natur,
2050 4784 2211 4844 utin
2252 4786 2291 4844 2
2318 4784 2425 4845 lib.
2466 4784 2852 4845 declaratum
2892 4788 3009 4845 est.

1894 4879 1991 4938 11.
2040 4877 2321 4937 Tandem
2352 4876 2699 4957 adjungere
2746 4896 3003 4956 possum
3050 4878 3221 4958 quod
3248 4896 3378 4939 mo-

1807 4970 1926 5031 dus
1952 4970 2253 5049 loquendi
2281 4987 2359 5030 ex
2392 4971 2510 5031 hac
2538 4970 2955 5031 conditionata
2988 4971 3379 5051 praescientia

1809 5069 1903 5126 est
1927 5063 2089 5125 adeo
2118 5062 2423 5141 frequens
2448 5062 2515 5123 iu
2544 5064 2885 5142 Scriptura,
2918 5070 2987 5125 ut
3010 5064 3197 5143 plane
3228 5082 3379 5124 con-

1808 5165 1929 5220 stet
1958 5164 2019 5219 et
2054 5157 2417 5241 generalem
2462 5174 2599 5218 esse
2636 5158 2800 5217 hanc
2828 5157 3279 5237 praescientiam
3310 5158 3375 5218 in

1807 5252 1979 5313 omni
2008 5268 2239 5331 genere
2264 5251 2625 5324 effectuum,
2650 5257 2711 5311 et
2735 5258 2987 5312 actuum
3008 5250 3373 5323 liberorum,

1807 5351 1870 5407 et
1892 5347 2095 5407 Deum
2121 5343 2226 5404 illa
2268 5345 2537 5405 maxime
2578 5345 2663 5405 uti
2690 5345 2755 5404 in
2799 5362 2930 5405 suae
2961 5344 3369 5424 providentiae

1805 5439 2301 5521 gubernatione3
2347 5439 2519 5499 verbi
2546 5439 2767 5518 gratia,
2808 5456 2950 5498 cnm
2992 5438 3147 5499 Gen.
3180 5438 3375 5499 unde-

1805 5534 1967 5600 cimo
1999 5532 2260 5595 dicitur:
2292 5532 2455 5623 Ecce
2480 5548 2638 5594 unus
2666 5536 2757 5595 est
2780 5530 3065 5612 populus,
3092 5534 3149 5594 et
3185 5548 3373 5593 unum
