3850 6225
478 422 599 483 326

484 533 721 587 aeterno
773 530 1101 606 praesentia
1155 528 1376 591 divinae
1430 532 1741 603 seientioe3
1788 548 1940 611 ergo
1991 531 2041 592 si

483 620 606 682 hoc
656 640 783 681 non
838 628 929 683 est
982 641 1201 685 verum
1265 630 1521 703 propter
1572 626 2044 686 coexistentiam

484 721 808 788 aeternam,
848 732 1107 776 necesse
1148 724 1243 777 est
1280 724 1346 777 ut
1390 718 1609 779 saltem
1648 726 1901 798 propter
1933 721 2046 780 ob-

479 810 775 889 jectivam
820 828 1039 870 verum
1080 810 1177 870 sit.
1236 814 1311 871 Et
1354 830 1571 873 revera
1622 814 1828 873 Sancti
1875 814 2045 873 citati

482 902 640 961 nihil
668 901 838 962 aliud
867 903 1215 976 intendunt,
1252 911 1321 965 ut
1352 905 1533 965 facile
1564 906 1870 967 constabit
1898 924 2048 967 con-

486 994 781 1055 sideranti
823 1015 1041 1057 eorum
1080 998 1293 1058 verba.
1362 1001 1491 1061 Hoc
1528 1000 1697 1060 enim
1740 1000 1890 1062 dixit
1920 1002 2047 1060 Au-

386 1106 395 1113 ·
486 1088 773 1166 gustinus
801 1108 813 1148 :
842 1090 987 1151 Non
1014 1090 1195 1154 aliter
1220 1092 1385 1156 notit
1406 1097 1629 1168 sutura
1652 1112 1832 1173 quam
1854 1098 2044 1173 facta,

484 1180 631 1261 quia
674 1183 741 1242 in
787 1184 917 1260 ejus
963 1184 1351 1264 dispositione
1386 1185 1521 1262 jam
1564 1190 1831 1265 tempora
1874 1190 2048 1261 sacta

488 1283 631 1339 sunt
656 1300 683 1347 ,·
728 1283 789 1337 et
828 1277 1165 1355 Gregorius
1206 1295 1219 1335 :
1256 1278 1377 1339 Deo
1410 1280 1691 1353 futurum
1730 1280 1889 1341 nihil
1931 1284 2044 1351 est,

490 1375 630 1432 ante
654 1371 829 1449 cujus
844 1376 1215 1448 conspectum
1230 1388 1347 1429 uon
1370 1374 1687 1433 transeunt
1696 1374 1938 1449 futura,
1955 1391 2050 1435 ne-

490 1480 600 1543 que
632 1464 919 1535 reniunt;
950 1468 1011 1521 et
1049 1462 1301 1521 Boetius
1340 1480 1353 1520 :
1401 1464 1584 1525 Talia
1616 1464 1779 1543 apud
1806 1481 1871 1527 se
1891 1483 2052 1545 proe-

488 1556 684 1616 sent-ia
730 1559 984 1633 spectat,
1021 1554 1227 1635 qualia
1266 1557 1333 1617 in
1374 1562 1633 1637 tempore
1660 1562 1877 1635 futura
1906 1575 2052 1637 pro-

491 1647 759 1709 tenimzt.
802 1648 981 1707 Dices
1012 1666 1025 1707 :
1070 1668 1183 1709 cur
1211 1667 1361 1729 ergo
1390 1650 1450 1709 hi
1484 1651 1697 1711 Patres
1725 1657 1959 1731 negant
1985 1651 2051 1712 in

490 1740 621 1800 Deo
650 1740 1108 1817 praescientiam
1136 1742 1487 1803 futurorum
1511 1743 1761 1823 proprie
1792 1744 2044 1817 dictam,

490 1832 601 1891 sed
626 1831 825 1892 solum
852 1832 1210 1894 scientiam?
1230 1836 1387 1896 Nam
1408 1836 1541 1897 sola
1566 1836 1869 1915 objectiva
1888 1854 2052 1916 prae-

490 1924 691 1985 sentia
726 1944 853 1985 non
896 1926 1167 1987 excludit
1209 1929 1529 2007 propriam
1564 1929 2046 2009 praescientiam.

488 2016 647 2077 Nam
700 2018 889 2079 etiam
936 2019 1287 2097 astrologus
1335 2022 1441 2100 qui
1490 2023 1733 2100 praeseit
1776 2022 2050 2083 futuram

491 2110 793 2188 eclipsim,
822 2112 1013 2171 habet
1036 2111 1207 2173 illam
1238 2115 1539 2192 objective
1566 2121 1964 2194 praesentem,
1993 2122 2056 2176 et

490 2203 897 2264 nihilomiuus
924 2206 1345 2283 propriissime
1386 2209 1635 2288 praescit
1676 2208 1868 2281 illam,
1908 2208 2057 2287 quia

493 2294 595 2355 illa
628 2298 966 2375 propositio
996 2299 1197 2358 solum
1236 2300 1469 2363 indicat
1502 2302 1693 2363 talem
1732 2302 2058 2363 scientiam

492 2388 818 2451 duratione
858 2392 1228 2454 antecedere
1268 2394 1583 2473 objectum
1624 2414 1843 2467 suum;
1878 2414 2053 2475 erge,

490 2481 745 2560 quando
770 2484 977 2546 Sancti
1004 2492 1237 2565 negant
1262 2487 1587 2550 scientiam
1612 2490 1715 2549 Dei
1738 2507 1876 2549 esse
1902 2508 2059 2568 prae-

496 2576 843 2651 scientiam,
868 2584 1147 2641 astruere
1178 2581 1393 2643 volunt
1422 2602 1551 2645 non
1574 2584 1777 2644 solum
1806 2584 2060 2662 objecti-

492 2688 639 2731 vam
682 2673 1102 2751 praesentiam,
1148 2674 1259 2735 sed
1308 2677 1496 2737 etiam
1540 2676 1777 2737 realem
1834 2696 2060 2737 secun-

496 2762 647 2823 dum
678 2764 1169 2827 coexistentiam.
1200 2768 1593 2847 RespondeO,
1624 2770 1677 2830 si
1714 2770 1831 2831 hoc
1872 2788 2059 2851 argu·

492 2864 775 2917 mentum
808 2866 975 2919 esset
996 2860 1294 2934 validum,
1322 2862 1509 2921 etiam
1544 2862 1811 2941 probare
1840 2862 1905 2921 in
1927 2865 2058 2924 Deo

494 2967 623 3010 non
662 2968 801 3011 esse
843 2952 1093 3031 proprie
1129 2952 1713 3032 praedefinitionem,
1742 2973 1859 3016 nec
1900 2972 2062 3033 prae-

494 3041 999 3119 destinationem,
1028 3064 1171 3107 cum
1206 3053 1415 3107 tamen
1458 3047 1645 3108 iidem
1674 3048 1881 3109 Sancti
1922 3048 2060 3109 haec

496 3141 561 3195 et
584 3137 805 3198 similia
831 3139 957 3200 Deo
984 3140 1260 3201 tribuant
1278 3157 1421 3200 cum
1444 3141 1617 3202 omni
1655 3141 2051 3221 proprietate.

496 3230 754 3306 Deinde,
796 3231 861 3292 in
904 3233 1077 3292 omni
1114 3233 1303 3294 etiam
1344 3235 1747 3312 proprietate,
1792 3235 2057 3296 certissi-

495 3341 671 3383 mum
700 3331 791 3385 est
819 3325 1141 3387 seientiam
1170 3326 1304 3400 Dei,
1334 3328 1491 3389 sicut
1514 3335 1576 3389 et
1602 3331 1798 3390 Deum
1824 3330 2051 3409 ipsum,

496 3415 821 3476 duratione
860 3419 1231 3480 antecedere
1256 3439 1469 3480 rerum
1508 3423 1785 3482 omnium
1824 3429 2060 3484 creata-

496 3527 635 3570 rum
675 3510 1063 3572 existentiam
1089 3530 1101 3572 :
1136 3531 1307 3592 erge,
1334 3513 1383 3574 si
1412 3513 1515 3574 illa
1544 3515 1870 3593 particula,
1899 3533 2056 3596 prce,

496 3601 696 3662 solum
740 3602 995 3665 denotet
1032 3603 1197 3666 hauc
1239 3608 1760 3680 antecessionem,
1794 3607 2061 3668 certissi-

494 3713 669 3756 mum
694 3697 809 3756 erit
836 3714 973 3757 esse
1006 3697 1067 3756 in
1088 3699 1216 3758 Deo
1238 3699 1689 3776 praescientiam
1716 3719 1859 3760 cum
1886 3701 2060 3760 omni

496 3789 893 3867 proprietate.
924 3791 1061 3850 Non
1084 3809 1235 3869 ergo
1264 3791 1412 3851 dicti
1443 3792 1654 3853 Patres
1680 3791 1743 3851 in
1772 3793 1891 3852 hoc
1914 3809 2060 3851 sen-

497 3900 571 3941 su
612 3881 731 3941 hoc
770 3889 1099 3962 negarunt,
1130 3883 1243 3945 sed
1274 3903 1390 3962 per
1426 3884 1765 3962 quamdam
1794 3902 2062 3963 exagge-

492 3974 797 4034 rationem
822 3975 1009 4036 locuti
1038 3984 1203 4050 sunt,
1229 3983 1299 4038 ut
1322 3977 1717 4039 declararent
1734 3977 2063 4056 perfectio-

492 4085 639 4126 nem
677 4068 974 4142 scientim,
1016 4087 1203 4146 quam
1244 4073 1411 4131 Deus
1449 4070 1639 4130 habet
1674 4069 1753 4130 de
1794 4069 2052 4140 futuris;

490 4177 637 4219 nani
666 4159 766 4218 illa
808 4166 935 4220 tam
974 4161 1138 4222 clare
1168 4170 1227 4223 et
1258 4164 1545 4224 distincte
1584 4181 1727 4224 cum
1766 4162 2058 4224 omnibus

490 4253 969 4314 circumstantiis
1009 4254 1303 4328 intuetur,
1339 4275 1413 4316 ac
1450 4258 1501 4318 si
1541 4256 1871 4338 praesentia
1911 4261 2056 4315 actu

483 4345 615 4424 jam
646 4345 1015 4419 existerent;
1049 4347 1318 4427 ideoque
1358 4350 1615 4411 scicntia
1652 4349 1753 4410 illa
1794 4367 1925 4408 nou
1963 4352 2056 4407 est

488 4438 884 4511 abstractiva,
919 4439 1032 4500 sed
1057 4442 1483 4520 propriissima
1508 4442 1785 4514 intuiti03
1824 4441 1905 4502 ad
1939 4443 2056 4501 hoc

492 4548 642 4607 ergo
686 4531 1189 4609 significandum,
1230 4534 1519 4594 dixerunt
1547 4535 1717 4594 illam
1754 4551 1883 4593 non
1923 4538 2054 4592 tam

492 4641 629 4682 esse
652 4622 983 4684 dicendam
1004 4629 1471 4704 praescientiam,
1492 4645 1681 4706 quam
1704 4626 2047 4686 scientiam.

490 4717 643 4776 Nam
676 4735 850 4780 more
879 4719 1155 4783 humano
1180 4721 1511 4800 loquend0,
1542 4739 1681 4801 quae
1712 4719 2056 4799 praesciun-

488 4817 611 4880 tur,
636 4828 767 4870 non
798 4812 885 4872 ita
928 4815 1095 4876 clare
1139 4821 1199 4875 et
1236 4815 1521 4875 distincte
1552 4817 2052 4894 cognoscuntnr;

490 4909 561 4961 ut
604 4902 667 4961 in
708 4903 873 4965 dicto
904 4907 1209 4985 exemplo,
1240 4907 1615 4986 astrologuS,
1660 4906 1767 4984 qui
1806 4906 2058 4986 praescit

492 4996 766 5056 futurum
818 5017 955 5059 esse
1002 4999 1313 5078 eclipsim,
1359 5019 1487 5060 non
1534 4999 1952 5078 apprehendit
1999 5004 2060 5059 et

494 5091 817 5167 cognoscit
845 5092 1015 5151 illum
1040 5091 1329 5152 effectum
1360 5093 1668 5164 distincte,
1696 5099 1881 5172 prout
1904 5091 1968 5151 in
1991 5110 2058 5151 re

492 5181 743 5243 futurus
792 5189 905 5255 est,
954 5201 1101 5244 cum
1148 5185 1437 5246 omnibus
1488 5185 1946 5247 conditionibus
1999 5191 2062 5244 et

494 5275 970 5337 circumstantiis
995 5277 1151 5355 ejuS‚
1182 5285 1243 5339 et
1264 5279 1409 5340 ideo
1450 5298 1577 5340 non
1616 5279 1809 5339 habet
1832 5277 1911 5338 de
1951 5277 2056 5339 illo

494 5368 817 5428 scientiam
864 5367 1209 5428 intuitivam
1236 5415 1251 5442 ,
1304 5371 1418 5431 sed
1464 5370 1938 5442 abstractivam;
1994 5373 2058 5430 at

492 5478 641 5521 vero
676 5459 841 5520 Deus
865 5467 993 5520 tam
1030 5460 1312 5522 distincte
1346 5464 1625 5524 intuetur
1644 5464 1927 5524 futurum
1949 5481 2056 5522 an-

490 5559 745 5632 tequam
776 5552 875 5626 sit,
916 5553 1075 5616 sicut
1110 5555 1362 5631 quando
1400 5563 1517 5631 est,
1544 5563 1801 5638 tamque
1838 5573 2056 5616 veram

982 427 1191 482 OPL'SC.
1229 431 1290 493 11,
1328 432 1441 484 LlB.
1480 434 1516 484 l.
1554 432 1634 483 DE
1668 432 1992 485 Ansous‘ra
2025 432 2309 487 SClENTlA
2343 433 2646 487 FUTUROR.
2683 432 3202 485 commeminit.

2123 532 2470 593 intuitivam
2497 532 2819 593 scientiam
2847 530 3008 591 illius
3037 532 3248 592 habet.
3273 530 3606 602 Quocirca,
3635 528 3700 588 in

2125 644 2199 685 eo
2247 644 2436 687 sensu
2477 628 2540 687 in
2585 644 2710 705 quo
2753 626 2838 687 illi
2881 627 3094 687 Patres
3135 626 3480 685 noluerunt
3522 624 3700 683 illam

2125 719 2444 779 scientiam
2471 720 2721 798 proprie
2743 718 3060 797 appellare
3085 718 3568 797 praescientiam,
3595 716 3700 774 illa

2127 812 2469 893 particula,
2503 832 2672 895 prce,
2717 832 2845 873 non
2888 814 3094 873 solum
3139 812 3414 873 excludit
3461 811 3700 871 realem

2129 907 2520 967 existentiam
2547 952 2562 979 ,
2605 906 2718 966 sed
2761 906 2946 965 etiam
2991 906 3398 984 praesentiam
3441 902 3704 981 objecti-

2127 1018 2270 1061 vam
2297 1006 2576 1060 exactam
2609 1005 2672 1060 et
2699 998 3125 1059 omnimodam
3163 998 3426 1059 effectus
3465 996 3554 1056 sic
3597 1014 3706 1055 co-

2130 1094 2304 1173 guiti.

2211 1190 2311 1249 19.
2350 1186 2496 1260 Quoe
2535 1186 2620 1247 sit
2657 1204 2825 1249 ntem
2871 1188 2951 1249 D.
3007 1186 3270 1249 lemoe.
3301 1218 3384 1231 -
3417 1184 3708 1246 Tandem

2129 1281 2298 1341 hunc
2337 1278 2628 1340 eumdem
2661 1282 2846 1340 etiam
2877 1279 3162 1355 existimo
3205 1279 3400 1338 fuisse
3443 1296 3704 1337 sensum

2129 1374 2203 1435 D.
2237 1374 2512 1434 Thomae.
2543 1373 2770 1447 Primo,
2798 1372 2945 1451 qnia
2975 1372 3196 1432 nullibi
3233 1372 3428 1433 talem
3469 1372 3708 1431 coexis-

2131 1466 2394 1527 tentiam
2434 1466 2668 1525 realem
2699 1466 3014 1544 explicuit,
3063 1466 3174 1526 sed
3207 1482 3463 1542 semper
3499 1463 3709 1525 decla·

2131 1567 2227 1621 rat
2269 1578 2382 1639 per
2431 1559 2718 1619 ordinem
2773 1558 2854 1619 ad
2903 1558 3184 1619 divinum
3228 1559 3564 1628 intuitum;
3621 1558 3710 1617 sic

2133 1654 2300 1714 enim
2345 1657 2374 1712 1
2430 1658 2620 1733 part.‚
2682 1658 2898 1731 quaest.
2963 1655 3061 1725 14,
3103 1658 3221 1712 art.
3278 1655 3380 1724 13,
3443 1650 3704 1711 scribit:

2136 1747 2352 1810 Omnia
2379 1766 2510 1827 quoe
2525 1752 2672 1809 suut
2695 1748 2763 1807 in
2797 1750 3075 1827 tempore,
3102 1752 3248 1808 sunt
3277 1746 3400 1809 Deo
3437 1746 3512 1807 ab
3537 1750 3710 1807 (τίεν-

2131 1858 2208 1903 ow
2255 1840 2590 1923 proesentia
2613 1885 2628 1911 ,
2664 1840 2830 1927 ,quia
2887 1841 3018 1919 ejus
3065 1840 3335 1901 intuitus
3385 1840 3588 1917 fertur
3639 1838 3710 1897 ab

2133 1940 2352 1997 aterno
2379 1950 2562 2012 super
2582 1932 2808 2005 omnia,
2833 1936 3020 2011 prout
3039 1936 3188 1993 runt
3213 1932 3284 1992 in
3308 1948 3428 1993 sua
3445 1947 3710 2011 proesen-

2134 2028 2438 2097 tialitate;
2483 2031 2544 2085 et
2591 2024 2798 2085 infra:
2841 2024 3267 2106 Gontinyentia
3293 2024 3712 2097 infallibiliter

2137 2138 2176 2182 a
2196 2121 2317 2180 Deo
2345 2124 2803 2201 coquo-scantur,
2831 2118 2899 2178 in
2925 2123 3220 2199 quantum
3247 2118 3598 2179 subduntur
3621 2114 3712 2179 di-

2136 2212 2274 2275 vino
2295 2212 2635 2293 conspectui
2669 2212 2992 2274 secundum
3023 2228 3201 2272 suam
3231 2209 3712 2290 praesentialite-

2137 2311 2276 2367 tem.
2314 2306 2390 2365 Et
2429 2305 2596 2365 idem
2641 2304 2934 2383 colligere
2975 2303 3119 2363 licet
3169 2321 3248 2363 ex
3295 2302 3710 2363 solutionibus

2139 2404 2674 2477 argumentorum,
2725 2396 3074 2475 praesertim
3115 2394 3196 2455 ad
3241 2394 3620 2468 secundum,
3653 2404 3710 2455 et

2141 2510 2216 2553 ex
2247 2498 2364 2551 art.
2397 2494 2457 2563 9,
2489 2490 2597 2549 ubi
2627 2490 2776 2551 dicit
2809 2488 3158 2559 scientiam,
3187 2506 3318 2567 qua
3347 2489 3522 2548 Deus
3545 2490 3710 2549 novit

2139 2602 2278 2663 qum
2313 2583 2522 2643 futura
2561 2589 2707 2644 sunt
2749 2582 2814 2641 in
2838 2582 3048 2661 aliqua
3074 2581 3436 2643 differentia
3471 2588 3710 2659 tempo-

2137 2678 2241 2750 rie,
2271 2675 2482 2737 vocari
2509 2675 2836 2735 scientiam
2861 2674 3140 2745 visionis,
3189 2675 3342 2755 quia
3369 2691 3510 2737 ωιτη
3537 2681 3708 2737 oeter-

2137 2770 2330 2832 nitate
2375 2773 2778 2843 mensuretur,
2825 2786 2960 2849 qua·
2986 2766 3115 2831 sine
3143 2768 3526 2831 successione
3557 2770 3706 2831 εει-ἰε-

2139 2867 2270 2924 tens
2291 2866 2480 2925 totum
2519 2866 2753 2943 tempus
2787 2860 3252 2941 comprehendit,
3291 2878 3576 2939 pra-sm
3619 2862 3708 2921 in-

2142 2954 2335 3017 tuitus
2357 2954 2470 3017 Dei
2489 2959 2688 3035 fertur
2715 2955 2800 3017 ad
2817 2971 2986 3017 omne
3025 2958 3282 3034 tempu,
3309 2954 3382 3015 'et
3415 2954 3490 3015 in
3517 2953 3708 3014 omnia

2139 3066 2274 3130 quoe
2293 3053 2440 3109 sunt
2463 3049 2531 3109 iu
2568 3064 2930 3129 quocumque
2971 3052 3253 3129 tempore,
3285 3046 3454 3108 siout
3481 3048 3552 3106 in
3579 3046 3708 3107 sub·

2125 3141 2299 3221 jecta
2329 3141 2446 3203 sibi
2467 3139 2946 3222 proesentialiter
2961 3166 2986 3212 ;
3012 3141 3120 3200 uhi
3147 3159 3278 3200 non
3305 3140 3464 3200 dicit
3493 3159 3510 3199 :
3545 3141 3707 3200 Sicut

2137 3235 2204 3294 in
2249 3235 2652 3295 coexistentia
2697 3234 2816 3294 sibi
2857 3233 3131 3305 realiter,
3173 3233 3289 3294 sed
3336 3251 3352 3292 :
3409 3231 3600 3296 Siout
3647 3233 3710 3292 in

2137 3327 2404 3404 mbjeota
2433 3325 2552 3390 sibi
2573 3327 3067 3405 proesentialiter,
3097 3325 3244 3408 quia
3275 3327 3416 3406 ojus
3445 3324 3708 3387 intuitus

2141 3419 2270 3497 (ait)
2305 3421 2476 3483 habet
2517 3420 2669 3482 hanc
2707 3420 2832 3480 vim
2871 3417 3210 3499 attinymdi
3247 3425 3308 3480 et
3351 3417 3710 3496 subjiciendi

2137 3515 2255 3576 sibi
2279 3515 2478 3576 omnia
2497 3517 2784 3594 tempora.
2817 3512 3099 3590 Optimus
3125 3511 3302 3572 locus
3327 3517 3448 3585 est,
3487 3517 3700 3589 quaest.

2143 3609 2242 3680 16,
2275 3613 2390 3668 art.
2427 3608 2492 3682 2,
2535 3605 2646 3664 ubi
2691 3603 2944 3682 inquirit
2993 3621 3072 3664 an
3126 3605 3426 3664 veritates
3481 3611 3702 3664 creatae

2141 3699 2264 3759 sint
2287 3703 2646 3770 aeternanct
2665 3696 3002 3774 respondet
3023 3713 3164 3757 esse
3187 3701 3484 3769 aeterum,
3507 3697 3700 3758 solum

2139 3799 2325 3871 prout
2357 3797 2502 3852 sunt
2537 3790 2840 3870 objective
2873 3789 2940 3849 in
2967 3789 3290 3852 intellectu
3327 3790 3585 3852 divino:
3615 3793 3702 3853 Et

2139 3887 2199 3948 si
2223 3885 2425 3946 nullus
2447 3884 2688 3962 (inquit)
2709 3881 3050 3946 intellectus
3080 3889 3234 3947 esset
3255 3889 3550 3951 ‹etot-nus,
3573 3885 3700 3946 nnl-

2139 3978 2205 4038 la
2231 3975 2455 4040 ceritas
2483 3981 2686 4039 creata
2713 3982 2866 4038 esset
2893 3981 3142 4038 arcer-na.
3191 3977 3266 4036 Et
3295 3976 3360 4036 in
3397 3976 3696 4038 solutione

2139 4069 2222 4130 ad
2269 4071 2329 4141 3,
2377 4069 2654 4129 extendit
2695 4070 2859 4130 hanc
2903 4069 3250 4131 doctrinam
3291 4070 3376 4130 ad
3415 4071 3696 4130 vei-imtes

2139 4162 2592 4240 contingentes·
2627 4163 2700 4221 Et
2726 4164 2942 4240 quaest.
2973 4163 3076 4233 20,
3109 4168 3225 4222 art.
3259 4164 3324 4236 2,
3355 4161 3438 4222 ad
3463 4165 3528 4233 2,
3557 4161 3697 4222 dicit

2137 4261 2456 4316 creaturas
2485 4255 2566 4314 ab
2607 4261 2842 4314 oeterno
2871 4273 3000 4316 nou
3027 4254 3244 4325 fuisse,
3279 4255 3400 4314 nisi
3439 4255 3504 4315 in
3533 4256 3690 4322 Deo;

2139 4353 2376 4420 tamen,
2403 4365 2517 4426 per
2543 4347 2663 4406 hoc
2689 4347 2860 4425 quod
2883 4348 2946 4406 in
2967 4348 3096 4407 Deo
3119 4347 3400 4422 fuerunt,
3421 4347 3504 4408 ab
3529 4353 3694 4406 eeter-

2136 4459 2221 4501 no
2271 4440 2566 4520 cognosci
2595 4439 2676 4498 ab
2721 4439 2854 4518 ipso
2891 4439 2956 4499 in
3003 4439 3270 4520 propriis
3313 4441 3586 4510 naturis;
3637 4447 3692 4499 et

2136 4541 2354 4612 qua-st.
2387 4534 2490 4609 87,
2533 4541 2650 4594 art.
2684 4536 2744 4608 Δ»,
2787 4533 2874 4594 sic
2903 4533 2990 4594 ait
3024 4551 3038 4592 ε
3083 4533 3170 4595 In
3206 4533 3430 4615 seipsis
3469 4535 3690 4614 quidem

2129 4631 2352 4706 futura
2391 4629 2664 4710 coquo-roi
2693 4643 2812 4687 non
2839 4629 3098 4708 possum
3143 4628 3272 4688 αἰεί
3317 4647 3358 4691 a
3399 4627 3542 4700 Deo,
3595 4627 3690 4688 cui

2137 4721 2322 4782 etiam
2369 4725 2516 4782 sunt
2561 4720 2912 4798 praesentia,
2968 4718 3112 4780 dum
3161 4721 3228 4780 in
3263 4737 3454 4782 curm
3497 4735 3688 4780 rerum

2137 4818 2283 4877 sunt
2300 4815 2544 4888 futura,
2566 4813 2634 4872 in
2657 4817 2950 4892 qtmntmn
2977 4812 3109 4890 ejus
3148 4818 3412 4875 πίθηκε
3441 4812 3684 4874 intuitus

2137 4904 2323 4966 simul
2374 4909 2574 4984 sertin·
2615 4923 2806 4985 supra
2855 4909 3050 4966 totum
3095 4908 3384 4985 temporis
3429 4924 3676 4970 cursum.

2139 4996 2439 5076 Idemque
2477 4996 2610 5058 fere
2632 4997 2874 5057 dixerat
2899 5003 3120 5074 quaest.
3149 5001 3249 5070 57,
3281 5005 3400 5058 art.
3443 5001 3496 5057 3.
3519 4997 3676 5058 Idem

2141 5089 2208 5150 in
2247 5093 2306 5160 1,
2351 5089 2620 5149 distinct.
2667 5092 2768 5162 38,
2801 5107 2861 5168 q.
2902 5089 3110 5162 unica,
3143 5097 3260 5150 art.
3307 5093 3369 5164 4,
3411 5089 3492 5150 ad
3525 5091 3578 5149 Ξ.
3609 5089 3672 5147 Et

2141 5183 2226 5243 ita
2273 5181 2629 5262 intelligunt
2666 5183 2742 5242 D.
2801 5183 3105 5244 'rhomam
3163 5183 3480 5255 Hervaeus,
3525 5182 3674 5258 AEgi-

2139 5275 2282 5336 dius
2309 5321 2330 5350 ,
2377 5275 2762 5354 Hispalensis
2818 5279 2882 5336 et
2931 5274 3276 5354 Sylvester,
3339 5275 3488 5336 locis
3537 5275 3670 5334 cita-

2135 5367 2236 5428 tis.
2281 5369 2412 5428 Duo
2453 5387 2600 5429 vero
2649 5369 2752 5429 hic
2784 5375 3118 5448 supersunt
3139 5367 3522 5446 explicanda.
3557 5367 3668 5426 Pri-

2137 5477 2330 5534 mum,
2363 5461 2509 5540 quid
2553 5463 2630 5524 sit
2677 5462 2808 5522 haec
2837 5467 3166 5541 praesentia
3203 5462 3538 5541 objectiva;
3583 5477 3666 5518 se-

2137 5554 2436 5628 cundum,
2491 5554 2806 5634 quomodo
2849 5553 2930 5616 ad
2977 5554 3302 5617 seientiam
3347 5555 3660 5616 futurorum
