3850 6225
1513 396 1706 450 mnsx
1739 397 1973 454 RERUH.

141 495 366 550 scientia
391 495 690 550 futurorum
720 495 778 548 ln
829 495 936 548 beo
978 493 1166 549 eadem
1213 499 1297 549 est
1341 505 1404 549 ac
1459 503 1700 560 praesen—

199 573 348 634 tium,
373 571 468 630 lb..
485 583 531 624 c.
555 574 602 624 ’1.

137 649 235 700 Per
265 647 566 712 simplicem
597 645 934 700 intuitionem
981 646 1219 700 veritatis
1253 644 1530 716 cognoscit
1557 646 1698 699 Deus

197 723 372 775 sutura
391 721 776 789 contingentia,
795 721 890 782 ib..
915 735 962 774 c.
989 725 1036 775 8.

136 800 255 862 Quae
281 798 618 863 requirantur
649 797 718 850 ad
751 798 1113 862 cognitionem
1154 799 1296 852 hanc
1319 809 1383 851 ex
1417 803 1569 864 parte
1593 796 1696 851 ob-

189 875 312 940 jecti
340 880 390 926 et
417 873 686 940 principii,
709 874 778 925 ib.

136 949 412 1004 AEternitas
445 957 500 1003 et
545 951 891 1005 coexistentia
935 963 1116 1005 rerum
1151 964 1248 1006 cur
1293 950 1595 1018 requiratur
1623 949 1691 1003 ad

197 1027 336 1078 hanc
359 1025 656 1086 scientiam,
688 1026 758 1080 ib.

133 1103 192 1154 Et
221 1101 502 1166 exponitur
523 1103 580 1154 D.
606 1102 817 1157 Thom..
851 1101 922 1154 ib.

136 1177 360 1229 scientia
401 1174 488 1228 Dei
527 1189 652 1228 cum
693 1175 1060 1245 contingentia
1091 1175 1378 1230 effectuum
1427 1187 1537 1230 non
1587 1190 1690 1243 pu-

192 1258 334 1318 gnat,
361 1250 433 1305 ib.

134 1330 250 1392 Quae
273 1327 498 1380 scicntia
519 1329 820 1381 neccssaria
847 1328 917 1381 sit
957 1327 1219 1390 absolute,
1243 1335 1296 1382 et
1323 1339 1444 1394 quae
1468 1340 1532 1381 ex
1557 1339 1689 1394 sup—

193 1403 474 1470 positione.
507 1402 601 1466 ib„
624 1415 671 1456 c.
709 1408 754 1455 9.

135 1479 254 1540 Quae
282 1490 410 1532 vero
437 1478 492 1532 in
527 1479 733 1532 ratione
766 1491 958 1541 causae,
993 1479 1066 1532 ib.

133 1555 354 1607 scientia
377 1555 473 1608 Dei
496 1555 664 1607 semel
685 1553 1038 1608 determinata
1059 1567 1092 1607 a
1109 1555 1384 1609 voluntate
1407 1554 1480 1606 ita
1497 1565 1688 1607 neces·

190 1631 331 1684 sario
349 1630 458 1699 agit
486 1643 549 1684 ac
569 1631 615 1684 si
645 1643 678 1683 a
707 1639 898 1684 natura
923 1630 1387 1689 determinaretur,
1423 1629 1498 1682 ib.

133 1705 512 1760 conditionalis
535 1706 652 1758 illa:
680 1705 734 1758 Si
759 1707 895 1760 Deus
909 1707 1066 1760 scivit
1089 1707 1300 1760 Petrum
1321 1711 1686 1772 peccaturum,

189 1781 448 1849 peccabit.
481 1795 610 1836 vcra
637 1789 736 1842 est,
771 1781 844 1834 ib.

129 1859 186 1910 Et
211 1857 484 1923 quomodo
517 1857 835 1919 necessaria,
873 1857 943 1910 ib.

133 1933 402 1998 Quomodo
452 1933 522 1986 sit
567 1945 774 1994 verum,
819 1935 1029 1986 Petrum
1081 1945 1242 2001 posse
1292 1945 1402 1988 non
1449 1945 1688 2002 peccare,

187 2010 395 2062 etiamsi
429 2011 568 2062 Deus
595 2010 730 2063 sciat
765 2021 886 2062 esse
931 2017 1308 2076 peccaturum3
1339 2009 1443 2070 vel,
1475 2011 1688 2063 Petrum

193 2099 348 2152 posse
366 2085 543 2140 facere
564 2093 622 2139 ut
645 2087 782 2140 Deus
801 2086 933 2138 sciat
955 2097 1064 2139 non
1086 2099 1208 2139 esse
1225 2092 1582 2153 peccaturum,
1614 2085 1686 2138 ib.

134 2161 240 2224 Quo
266 2174 430 2214 sensu
455 2161 817 2214 necessarium
841 2161 910 2214 sit
933 2173 1094 2214 omne
1117 2162 1310 2216 scitum
1339 2175 1372 2214 a
1399 2163 1520 2221 Deo,
1553 2161 1624 2216 ib.

135 2237 287 2300 Quam
313 2243 518 2290 certum
541 2237 611 2289 sit
635 2249 756 2290 esse
777 2237 830 2288 in
847 2237 954 2288 neo
971 2237 1247 2290 scientiam
1268 2237 1688 2292 conditionatum

193 2313 488 2366 futurorum
521 2312 962 2378 contingentium,
988 2325 1076 2377 op.
1099 2316 1149 2373 2,
1176 2313 1211 2364 l.
1236 2317 1286 2372 2,
1319 2326 1365 2365 c.
1389 2318 1436 2365 1.

137 2389 382 2443 Probatur
407 2403 471 2442 ex
501 2389 761 2452 Patribus,
784 2389 876 2450 ib..
908 2401 954 2441 c.
986 2393 1035 2440 2.

138 2463 356 2516 scientia
383 2464 755 2517 conditionata
776 2476 884 2516 non
916 2463 1097 2531 inepte
1110 2462 1306 2518 dicitur
1325 2463 1548 2518 scientia
1571 2477 1685 2518 me-

191 2541 292 2598 dia,
323 2539 422 2604 ib.,
452 2553 500 2594 c.
528 2545 576 2593 ⁸.

135 2616 607 2681 comprehenditur
630 2621 809 2668 tamen
851 2615 921 2670 ab
945 2615 1287 2670 Scholasticis
1319 2617 1422 2670 sub
1463 2617 1689 2671 scientis

189 2693 432 2752 visionis,
457 2691 529 2745 ib.

137 2769 324 2821 Divisio
341 2769 582 2820 scientiae
607 2767 662 2821 in
684 2769 963 2820 scientiam
981 2767 1208 2822 visionis
1226 2775 1280 2822 et
1313 2767 1574 2834 simplicis
1605 2769 1692 2824 in·-

195 2845 494 2912 telligentiae
513 2845 791 2910 adaequata
812 2852 910 2908 est,
945 2844 1016 2897 ib.

139 2919 190 2971 Et
216 2921 339 2986 quid
369 2928 593 2986 utraque
615 2920 894 2987 significet,
927 2919 1000 2972 ib.

137 2995 400 3058 Quomodo
424 2997 600 3050 sutura
619 2995 986 3050 conditionata
1006 3002 1417 3061 cognoscantur,
1447 2996 1542 3056 ib..
1570 3009 1618 3051 c.
1643 3001 1689 3050 7.

139 3071 248 3124 llaec
305 3071 483 3125 sutura
542 3084 650 3127 non
704 3077 1102 3139 cognoscuntur
1155 3069 1210 3125 in
1257 3071 1472 3127 decreto
1520 3070 1690 3126 libero

199 3148 303 3210 Dei,
331 3148 399 3201 ib.

141 3221 187 3273 Si
215 3223 326 3274 sola
347 3223 762 3290 comprehensio
787 3236 898 3276 non
919 3221 1050 3275 satis
1065 3228 1148 3275 est
1169 3221 1236 3274 ad
1252 3222 1690 3289 cognoscendum

197 3298 318 3363 quid
335 3299 406 3351 sit
431 3298 638 3353 factura
675 3298 938 3360 voluntas,
987 3310 1086 3351 nec
1118 3296 1344 3352 sufficiet
1375 3310 1692 3366 supercom-

199 3374 499 3439 prehensio,
532 3374 606 3425 ib.

139 3449 320 3502 Futura
349 3448 718 3502 conditionata
753 3446 808 3500 in
845 3448 1024 3515 seipsa
1055 3452 1456 3515 cognoscuntur
1495 3461 1530 3501 a
1565 3450 1690 3512 beo,

197 3525 266 3576 ib.

141 3600 269 3652 bcus
291 3600 566 3665 cognoscit
593 3610 689 3652 sua
718 3598 931 3651 decreta
964 3600 1126 3651 etiam
1150 3604 1206 3651 ut
1227 3598 1426 3662 futura,
1449 3596 1542 3662 ih„
1574 3610 1621 3652 c.
1646 3603 1690 3650 8.

141 3675 193 3725 ln
223 3674 322 3728 alio
347 3674 510 3741 priori
540 3675 696 3740 signo
717 3686 878 3739 quam
903 3680 1047 3736 sunt,
1079 3672 1150 3725 ib.

139 3750 208 3802 Eo
229 3750 410 3804 ordine
435 3750 606 3803 fertur
627 3750 848 3803 scientia
865 3750 917 3801 in
941 3750 1166 3815 objecta,
1191 3760 1298 3815 quo
1322 3747 1437 3815 ipsa
1459 3752 1587 3802 sunt
1605 3759 1694 3803 co-

193 3826 522 3892 gnoscibilia,
557 3824 628 3877 ib.

135 3900 350 3952 scientia
379 3900 752 3953 conditionata
775 3910 884 3953 non
917 3896 1139 3966 impedit
1180 3898 1478 3952 libertatem
1513 3896 1691 3965 quoad

190 3976 494 4029 exercitium
522 3983 614 4029 aut
639 3974 1110 4041 specificationem,
1145 3974 1218 4026 ib.

713 4147 796 4185 nst
829 4144 1102 4187 vomitus.

137 4270 386 4338 Quidquid
433 4274 576 4325 Deus
613 4278 868 4339 operatur
887 4312 904 4336 ,
945 4272 1218 4327 voluntate
1255 4283 1356 4324 sua
1397 4275 1684 4338 operatur,

195 4360 278 4413 op.
307 4352 352 4409 1,
383 4350 416 4401 l.
444 4353 493 4409 1,
518 4362 548 4401 c
590 4353 669 4400 14.

137 4422 397 4484 Quomodo
425 4424 610 4477 divina
633 4423 882 4477 voluntas
911 4422 1096 4477 influat
1120 4435 1242 4477 cum
1279 4428 1464 4477 nostra
1491 4420 1558 4475 ad
1598 4433 1690 4475 ac-

195 4506 274 4551 tus
302 4500 518 4559 liberos,
547 4499 618 4551 ib.

136 4574 230 4625 Cur
257 4575 518 4639 generalis
548 4584 768 4628 vocetur
795 4574 1042 4628 voluntas
1083 4574 1194 4635 Dei,
1230 4585 1337 4640 qua
1369 4572 1528 4627 offert
1555 4584 1681 4627 con-

191 4664 399 4703 cursum
435 4652 502 4704 ad
533 4660 682 4704 actus
713 4654 903 4712 malos,
932 4663 1023 4717 op.
1053 4654 1100 4713 1,
1123 4650 1160 4711 l,
1187 4655 1236 4709 2,
1267 4662 1314 4701 c.
1342 4654 1390 4701 3.

137 4725 354 4779 Effectus
373 4728 568 4793 aliquis
585 4735 667 4781 est
688 4741 720 4780 a
747 4730 852 4781 Deo
875 4729 994 4781 sine
1017 4729 1134 4794 ejus
1153 4726 1398 4780 absoluta
1416 4725 1690 4781 voluntate

194 4802 524 4869 beneplaciti,
553 4805 624 4857 ib.

137 4876 404 4939 Quomodo
433 4878 648 4932 differat
681 4879 928 4933 voluntas
959 4876 1312 4933 concurrendi
1347 4890 1382 4931 a
1417 4876 1689 4931 voluntate

192 4952 601 5016 determinandi,
627 4954 699 5006 ib.

135 5027 232 5079 Sua
255 5028 468 5082 bonitas
505 5030 610 5082 Deo
635 5034 718 5081 est
761 5028 1002 5081 formalis
1033 5029 1170 5082 ratio
1207 5027 1445 5092 volendi,
1477 5027 1690 5080 bonitas

192 5116 317 5157 vero
330 5112 586 5159 creaturae
600 5104 756 5170 quasi
773 5104 1081 5167 materialis
1095 5117 1185 5171 op.
1207 5108 1232 5155 t
1242 5104 1409 5171 ,.disp
1429 5108 1476 5168 1,
1489 5110 1618 5157 sect.
1637 5108 1684 5157 2.

135 5178 218 5229 Dei
243 5179 632 5234 indifferentia
621 5194 675 5233 tn
701 5180 933 5235 volendo
961 5184 1019 5232 in
1045 5191 1154 5248 quo
1181 5180 1457 5243 consistat,
1487 5179 1558 5231 ib.

135 5254 265 5307 Deus
297 5258 535 5323 seipsum
559 5257 884 5318 necessario,
908 5268 1028 5323 quoe
1050 5268 1180 5311 vero
1204 5260 1349 5309 extra
1377 5268 1438 5308 se
1473 5260 1598 5308 sunt
1619 5253 1684 5306 li-

193 5330 314 5382 bere
333 5332 466 5393 vult,
491 5330 563 5382 ib.

134 5402 382 5469 Aliqualis
409 5406 700 5458 necessitas
724 5406 902 5471 quoad
928 5406 1378 5474 specificationem
1417 5402 1688 5456 invenitur

194 5480 244 5529 in
279 5481 460 5534 divina
487 5482 776 5543 voluntate,
803 5481 874 5533 ib.

134 5552 190 5603 Et
219 5558 358 5609 unde
385 5559 612 5623 oriatur,
643 5556 719 5609 ib.

3222 393 3335 456 591

1779 493 1895 548 Non
1933 499 2108 561 potest
2130 495 2270 550 neus
2300 494 2443 550 nolle
2465 494 2669 552 bonum
2702 507 2809 564 qna
2832 496 3054 560 bonum,
3077 496 3215 552 sicut
3240 507 3341 550 nec

1844 569 2180 636 complacere
2204 571 2258 623 in
2282 571 2423 626 malo
2444 585 2551 639 qua
2578 572 2779 626 malum
2802 579 2903 635 est,
2926 583 3016 638 op.
3048 576 3098 635 ⁴,
3126 571 3264 639 disp.
3286 577 3336 634 1,

1778 650 1979 785 nustffita
2008 649 2156 774 a'ctus
2179 721 2469 775 voluntatis
2490 723 2545 776 in
2576 724 2683 776 Deo
2702 729 2784 776 est
2802 723 2945 778 circa
2966 729 3115 778 actus
3139 723 3339 778 liberos

1843 796 2100 855 hominis,
2134 796 2227 858 ib..
2256 804 2387 852 sect.
2418 802 2465 850 1.

1775 869 1999 960 Quidsit
2025 872 2237 999 oper-{ri
2270 872 2436 926 Deum
2478 873 2775 927 secundum
2816 873 3100 928 consilium
3140 874 3339 928 volun·

1771 953 2229 1112 „eigel-{31:535
2264 1029 2439 1092 potest
2464 1037 2584 1092 qute
2612 1037 2677 1079 ex
2706 1037 2767 1078 se
2810 1023 2952 1078 mala
2980 1029 3107 1078 sunt
3137 1029 3191 1080 et
3222 1031 3333 1080 tur-

1772 1101 2182 1231 veff'vgt'untas
2208 1181 2290 1229 est
2310 1185 2365 1230 et
2388 1176 2625 1244 propria,
2648 1175 2745 1230 sed
2776 1189 2885 1230 non
2906 1175 3106 1240 efficax,
3132 1189 3197 1230 ca
3230 1189 3337 1243 qua

1833 1252 1945 1306 vult
1965 1253 2104 1306 Deus
2133 1265 2324 1306 omnes
2347 1253 2597 1306 homines
2617 1252 2798 1306 salvos
2822 1251 2955 1316 fleri,
2980 1252 3076 1314 ib..
3101 1259 3230 1308 sect.
3251 1258 3301 1306 1.

1769 1328 1992 1392 Quando
2020 1328 2243 1397 castigat
2272 1331 2429 1390 Deus,
2464 1329 2761 1396 complacet
2798 1329 3073 1382 voluntate
3106 1329 3335 1395 simplici

1833 1403 1888 1455 in
1923 1405 2194 1458 contrario
2222 1403 2387 1467 bono,
2424 1403 2496 1457 ib.

1771 1479 1852 1531 An
1875 1479 2099 1567 concedi
2145 1481 2317 1547 possit
2346 1479 2402 1533 in
2430 1482 2539 1534 Deo
2582 1479 2997 1534 involuntarium
3038 1480 3333 1535 secundum

1770 1555 2329 1698 voffffiisffliuntenui,
2357 1646 2520 1699 quam
2540 1633 2679 1686 Deus
2701 1631 2883 1697 habet,
2908 1644 2972 1686 ex
3000 1630 3247 1700 analogia
3264 1631 3333 1686 ad

1833 1713 2070 1772 nostras,
2098 1708 2455 1761 involuntaria
2480 1709 2692 1767 dicitur.
2726 1708 2798 1760 ib.

1769 1781 1960 1836 omnia
1987 1785 2124 1836 neus
2150 1783 2266 1836 vult
2291 1791 2349 1836 ut
2372 1784 2563 1843 media,
2593 1795 2713 1849 quae
2740 1789 2885 1837 extra
2919 1795 2978 1838 se
3006 1783 3137 1844 vult,
3164 1783 3234 1837 ib.

1770 1857 2082 1987 quaili'l‘tmign
2108 1871 2293 1912 verum
2334 1872 2446 1912 rem
2471 1872 2591 1912 esse
2614 1861 2867 1924 suturam,
2886 1858 3013 1926 quia
3044 1860 3181 1913 Deus
3212 1871 3331 1913 eam

1769 2163 1987 2218 Daemon
2020 2163 2181 2218 habet
2204 2163 2526 2232 peculiarem
2548 2165 2656 2217 vim
2680 2161 2749 2218 ad
2773 2162 3181 2232 cognoscendos
3212 2177 3331 2218 ma·

1834 2240 1916 2293 los
1944 2244 2111 2304 actus,
2147 2252 2236 2308 op.
2259 2243 2308 2305 2,
2330 2239 2366 2292 l.
2400 2245 2447 2305 1,
2472 2253 2519 2293 c.
2550 2243 2597 2292 1.

2362 2385 2739 2425 omnnium).

1768 2483 2147 2538 netes-minatio
2171 2485 2395 2552 physica
2421 2485 2573 2552 quid,
2594 2498 2681 2553 op.
2707 2488 2757 2549 1,
2792 2485 2826 2538 l.
2854 2490 2903 2548 1,
2926 2497 2974 2540 c.
3008 2492 3054 2540 5.

1768 2559 2097 2626 Augustinus
2118 2573 2229 2616 non
2269 2561 2430 2614 sentit
2462 2573 2697 2627 unquam
2734 2561 3080 2616 determinari
3118 2573 3223 2616 nos
3260 2561 3331 2616 sd

1831 2641 1983 2688 actus
2006 2635 2194 2700 malos,
2224 2635 2317 2699 ib..
2344 2647 2391 2690 c.
2423 2640 2503 2690 17.

2526 2807 2585 2881 Ε

2442 3023 2662 3064 llum.

1770 3124 2099 3179 Profundum
2126 3126 2435 3193 mysterium
2460 3128 2654 3182 divin‘e
2682 3128 2958 3182 electionis
2980 3128 3035 3181 in
3063 3140 3171 3195 quo
3200 3141 3337 3183 con-

1835 3202 2004 3266 sistat,
2034 3216 2121 3270 op.
2148 3207 2198 3266 a,
2226 3217 2279 3257 n.
2309 3209 2385 3257 ιι.

1771 3280 1912 3334 Deus
1936 3280 2140 3334 nullum
2170 3280 2316 3349 eligit
2349 3286 2631 3348 propterca
2658 3282 2804 3349 quod
2826 3281 3003 3337 videat
3033 3294 3335 3337 consensu-

1837 3368 1957 3409 rum
1976 3368 2098 3409 esse
2118 3356 2319 3423 gratiae,
2343 3356 2415 3409 ib.

1773 3430 1953 3497 Neque
1974 3432 2165 3486 electio
2190 3444 2366 3497 neque
2402 3432 2807 3498 proedestinatio
2846 3439 2929 3487 est
2958 3438 3177 3499 propter
3214 3445 3333 3487 me·

1839 3509 1941 3559 rita
1970 3508 2217 3573 praevisa,
2237 3519 2327 3574 op.
2357 3511 2406 3572 a,
2429 3507 2469 3559 l.
2488 3512 2538 3568 a,
2562 3520 2612 3561 c.
2636 3512 2685 3561 ο.

1775 3582 1974 3635 Electio
2016 3582 2285 3636 interdum
2326 3583 2631 3637 necessario
2674 3582 2846 3636 oritur
2888 3595 2952 3636 ex
3000 3582 3295 3635 intentione
3321 3621 3333 3643 ,

1839 3667 1929 3723 op.
1954 3658 2060 3721 1,Ι.
2094 3661 2141 3721 1,
2168 3670 2216 3711 c.
2250 3662 2296 3711 8.

1776 3735 1866 3862 luc
1871 3734 2019 3787 omni
2060 3740 2182 3788 actu
2208 3734 2380 3789 libero
2409 3734 2678 3789 invenitur
2699 3732 2947 3800 aliqualis
2986 3732 3194 3797 electio,
3236 3732 3333 3797 ib„

1773 3884 2095 3937 Electionem
2118 3884 2189 3936 ad
2220 3884 2447 3952 gloriam
2468 3895 2581 3938 non
2598 3897 2721 3938 esse
2748 3890 2873 3939 ante
2900 3885 3126 3952 praevisa
3144 3885 3337 3939 merita

1831 3960 1926 4025 qui
1950 3959 2149 4023 dicant,
2172 3966 2226 4013 et
2245 3972 2353 4025 quo
2374 3959 2741 4024 fundamento,
2772 3972 2863 4027 op.
2895 3964 2948 4025 1,
2980 3961 3268 4024 l.s,c.1s.

1773 4034 2069 4089 Probabilis
2096 4042 2180 4089 est
2208 4035 2307 4087 ista
2334 4034 2540 4100 opinio,
2564 4034 2636 4086 ib.

1771 4110 2108 4164 Probabilius
2128 4112 2287 4197 longe
2306 4118 2389 4163 est
2408 4110 2724 4165 electionem
2747 4109 2815 4163 ad
2836 4110 3061 4178 gloriam
3080 4122 3201 4165 esse
3220 4110 3333 4165 rac-

1834 4192 1942 4239 tam
1969 4194 2095 4240 ante
2122 4186 2347 4253 proevisa
2375 4185 2585 4250 merita,
2607 4184 2680 4238 ib.

1771 4262 1967 4316 Electio
1992 4263 2107 4315 haec
2128 4260 2352 4316 libertati
2376 4272 2488 4315 non
2510 4266 2790 4328 repugnat,
2814 4260 2889 4313 ib.

1769 4337 1832 4389 Et
1856 4338 2003 4402 juxta
2020 4334 2299 4403 Augustini
2320 4342 2574 4399 mentem,
2603 4336 2673 4389 ib.

1771 4412 1833 4463 Et
1853 4424 2061 4464 sacram
2085 4411 2428 4477 scripturam,
2460 4412 2530 4464 ib.

1771 4488 1967 4554 Estque
2000 4487 2241 4540 formalis
2268 4493 2323 4540 et
2344 4486 2589 4540 absoluta
2614 4486 2807 4541 electio
2834 4486 3039 4554 glor-ine,
3068 4486 3145 4541 ib.

1773 4563 2111 4629 Explicantur
2130 4563 2327 4624 Patres,
2350 4562 2441 4627 qui
2462 4562 2769 4629 significant
2787 4562 3105 4616 electionem
3124 4562 3194 4615 ad
3212 4563 3331 4630 glo-

1836 4640 1971 4693 riam
2005 4650 2127 4693 essc
2159 4640 2350 4693 factam
2387 4646 2509 4704 post
2532 4639 2761 4705 praevisa
2790 4640 2997 4702 merita,
3026 4639 3121 4701 ib..
3146 4652 3195 4693 c.
3220 4645 3299 4692 18.

1771 4716 1971 4769 Electio
2000 4715 2366 4768 intentionalis
2394 4722 2449 4767 et
2474 4714 2749 4767 executiva
2775 4716 2981 4767 ratione
3000 4714 3259 4768 differunt
3278 4716 3333 4769 in

1835 4792 1961 4857 Deo,
1982 4791 2121 4844 sicut
2140 4790 2395 4844 differunt
2416 4797 2469 4843 et
2494 4792 2611 4857 ipsa
2632 4792 2685 4843 in
2710 4790 2931 4854 artifice,
2958 4790 3053 4849 ib..
3080 4804 3131 4844 c.
3154 4795 3236 4843 19.

1770 4868 1908 4921 Deus
1944 4878 2053 4919 non
2080 4866 2241 4933 elegit
2259 4879 2361 4920 nos
2382 4866 2452 4920 ad
2472 4866 2697 4935 gloriam
2722 4872 2783 4919 ut
2804 4878 3049 4920 essemus
3075 4866 3245 4919 sancti
3276 4866 3331 4919 in

1721 4964 1730 4971 ·
1833 4944 1936 4997 hac
1966 4945 2095 5007 vita,
2134 4943 2206 4995 ib.

1768 5020 1936 5082 Quam
1964 5026 2146 5087 aperte
2178 5018 2467 5072 constituat
2486 5017 2815 5085 Augustinus
2846 5016 3165 5071 electionem
3206 5024 3333 5071 ante

1831 5097 2057 5163 praevisa
2080 5096 2288 5157 merita,
2326 5094 2397 5145 ib.

1767 5172 1891 5225 Sine
1919 5172 2031 5225 ullo
2058 5171 2408 5225 fundamento
2438 5170 2666 5225 trahitur
2696 5170 2753 5223 in
2780 5169 3083 5237 oppositam
3112 5175 3333 5223 senten-

1831 5247 1959 5299 tiam
1988 5246 2040 5298 S.
2078 5247 2329 5308 Thomas,
2360 5243 2434 5298 ib.

1767 5322 1993 5390 Semper
2020 5323 2245 5377 intentio
2276 5322 2397 5375 linis
2428 5320 2577 5388 prior
2613 5325 2695 5375 est
2720 5320 2983 5375 electione
3010 5319 3331 5383 mediorum,

1829 5400 1945 5454 sive
1970 5400 2191 5466 physica
2215 5400 2345 5461 sint,
2368 5399 2483 5452 sive
2504 5398 2749 5461 moralia,
2771 5396 2844 5450 ib.

1766 5475 1840 5527 Ex
1875 5476 2139 5529 electione
2174 5474 2375 5529 efficaci
2416 5485 2529 5526 non
2562 5471 2803 5538 sequitur
2830 5472 2885 5525 in
2928 5477 3170 5538 tempore
3212 5470 3332 5525 dari

1829 5552 2057 5619 gloriam
2091 5550 2208 5603 siue
2234 5552 2422 5603 iutuitu
2454 5550 2782 5613 meriorum,
2811 5549 2883 5601 ib.

2477 5646 2499 5673 U
