<?xml version="1.0" encoding="UTF-8"?>
<!DOCTYPE html PUBLIC "-//W3C//DTD XHTML 1.0 Transitional//EN"
    "http://www.w3.org/TR/xhtml1/DTD/xhtml1-transitional.dtd">
<html xmlns="http://www.w3.org/1999/xhtml" xml:lang="en" lang="en">
 <head>
  <title>
</title>
<meta http-equiv="Content-Type" content="text/html;charset=utf-8" />
  <meta name='ocr-system' content='tesseract 3.04.00' />
  <meta name='ocr-capabilities' content='ocr_page ocr_carea ocr_par ocr_line ocrx_word'/>
</head>
<body>
  <div class='ocr_page' id='page_1' title='image "./rpfranciscisuar01duvagoog_0580.png"; bbox 0 0 3850 6225; ppageno 0'>
   <div class='ocr_carea' id='block_1_1' title="bbox 1449 407 2769 484">
    <p class='ocr_par' dir='ltr' id='par_1_1' title="bbox 1449 407 2769 484">
     <span class='ocr_line' id='line_1_1' title="bbox 1449 407 2769 484; baseline 0.004 -26"><span class='ocrx_word' id='word_1_1' title='bbox 1449 407 1660 460; x_wconf 77' lang='lat' dir='ltr'><strong>OPUSG.</strong></span> <span class='ocrx_word' id='word_1_2' title='bbox 1697 409 1779 460; x_wconf 78' lang='lat' dir='ltr'><strong>Vl.</strong></span> <span class='ocrx_word' id='word_1_3' title='bbox 1819 407 2193 461; x_wconf 73' lang='lat' dir='ltr'><strong>mspu&#39;m&#39;rlo</strong></span> <span class='ocrx_word' id='word_1_4' title='bbox 2224 409 2303 461; x_wconf 78' lang='lat' dir='ltr'><strong>DE</strong></span> <span class='ocrx_word' id='word_1_5' title='bbox 2335 409 2613 484; x_wconf 30' lang='lat' dir='ltr'><strong>sus-‘rma</strong></span> <span class='ocrx_word' id='word_1_6' title='bbox 2646 409 2769 463; x_wconf 77' lang='lat' dir='ltr'><strong>nm.</strong></span> 
     </span>
    </p>
   </div>
   <div class='ocr_carea' id='block_1_2' title="bbox 493 509 3721 685">
    <p class='ocr_par' dir='ltr' id='par_1_2' title="bbox 493 509 3721 685">
     <span class='ocr_line' id='line_1_2' title="bbox 493 509 3721 590; baseline -0 -17"><span class='ocrx_word' id='word_1_7' title='bbox 493 511 752 584; x_wconf 87' lang='lat' dir='ltr'><strong>dientia,</strong></span> <span class='ocrx_word' id='word_1_8' title='bbox 784 529 900 590; x_wconf 87' lang='lat' dir='ltr'><strong>per</strong></span> <span class='ocrx_word' id='word_1_9' title='bbox 923 527 1115 589; x_wconf 87' lang='lat' dir='ltr'><strong>quam</strong></span> <span class='ocrx_word' id='word_1_10' title='bbox 1143 509 1390 588; x_wconf 80' lang='lat' dir='ltr'><strong>legibus</strong></span> <span class='ocrx_word' id='word_1_11' title='bbox 1412 526 1731 587; x_wconf 85' lang='lat' dir='ltr'><strong>paremus,</strong></span> <span class='ocrx_word' id='word_1_12' title='bbox 1761 515 1824 570; x_wconf 89' lang='lat' dir='ltr'><strong>et</strong></span> <span class='ocrx_word' id='word_1_13' title='bbox 1861 527 1898 570; x_wconf 90' lang='lat' dir='ltr'><strong>a</strong></span> <span class='ocrx_word' id='word_1_14' title='bbox 1925 509 2064 588; x_wconf 85' lang='lat' dir='ltr'><strong>pie-</strong></span> <span class='ocrx_word' id='word_1_15' title='bbox 2144 509 2237 572; x_wconf 88' lang='lat' dir='ltr'><strong>ria</strong></span> <span class='ocrx_word' id='word_1_16' title='bbox 2256 509 2561 584; x_wconf 87' lang='lat' dir='ltr'><strong>omnium,</strong></span> <span class='ocrx_word' id='word_1_17' title='bbox 2603 511 2773 590; x_wconf 90' lang='lat' dir='ltr'><strong>quod</strong></span> <span class='ocrx_word' id='word_1_18' title='bbox 2798 529 2927 572; x_wconf 89' lang='lat' dir='ltr'><strong>non</strong></span> <span class='ocrx_word' id='word_1_19' title='bbox 2956 511 3231 574; x_wconf 80' lang='lat' dir='ltr'><strong>excludit</strong></span> <span class='ocrx_word' id='word_1_20' title='bbox 3262 511 3591 590; x_wconf 75' lang='lat' dir='ltr'><strong>privatum</strong></span> <span class='ocrx_word' id='word_1_21' title='bbox 3612 510 3721 572; x_wconf 88' lang='lat' dir='ltr'><strong>do-</strong></span> 
     </span>
     <span class='ocr_line' id='line_1_3' title="bbox 499 602 3721 685; baseline -0.001 -17"><span class='ocrx_word' id='word_1_22' title='bbox 499 612 648 678; x_wconf 79' lang='lat' dir='ltr'><strong>tata,</strong></span> <span class='ocrx_word' id='word_1_23' title='bbox 671 623 790 685; x_wconf 82' lang='lat' dir='ltr'><strong>per</strong></span> <span class='ocrx_word' id='word_1_24' title='bbox 815 621 1010 684; x_wconf 86' lang='lat' dir='ltr'><strong>quam</strong></span> <span class='ocrx_word' id='word_1_25' title='bbox 1031 621 1160 665; x_wconf 87' lang='lat' dir='ltr'><strong>non</strong></span> <span class='ocrx_word' id='word_1_26' title='bbox 1189 603 1394 664; x_wconf 86' lang='lat' dir='ltr'><strong>solum</strong></span> <span class='ocrx_word' id='word_1_27' title='bbox 1415 605 1712 682; x_wconf 84' lang='lat' dir='ltr'><strong>parentes</strong></span> <span class='ocrx_word' id='word_1_28' title='bbox 1735 602 1850 663; x_wconf 84' lang='lat' dir='ltr'><strong>sed</strong></span> <span class='ocrx_word' id='word_1_29' title='bbox 1875 603 2065 664; x_wconf 88' lang='lat' dir='ltr'><strong>etiam</strong></span> <span class='ocrx_word' id='word_1_30' title='bbox 2144 603 2410 664; x_wconf 89' lang='lat' dir='ltr'><strong>minium</strong></span> <span class='ocrx_word' id='word_1_31' title='bbox 2448 603 2696 665; x_wconf 86' lang='lat' dir='ltr'><strong>illoram</strong></span> <span class='ocrx_word' id='word_1_32' title='bbox 2712 651 2727 678; x_wconf 97' lang='lat'><strong>,</strong></span> <span class='ocrx_word' id='word_1_33' title='bbox 2758 605 2871 666; x_wconf 90' lang='lat' dir='ltr'><strong>sed</strong></span> <span class='ocrx_word' id='word_1_34' title='bbox 2900 623 2976 666; x_wconf 93' lang='lat' dir='ltr'><strong>eo</strong></span> <span class='ocrx_word' id='word_1_35' title='bbox 3002 623 3133 666; x_wconf 90' lang='lat' dir='ltr'><strong>non</strong></span> <span class='ocrx_word' id='word_1_36' title='bbox 3162 605 3463 666; x_wconf 83' lang='lat' dir='ltr'><strong>obstante</strong></span> <span class='ocrx_word' id='word_1_37' title='bbox 3490 603 3721 666; x_wconf 74' lang='lat' dir='ltr'><strong>confert</strong></span> 
     </span>
    </p>
   </div>
   <div class='ocr_carea' id='block_1_3' title="bbox 495 695 2071 1046">
    <p class='ocr_par' dir='ltr' id='par_1_3' title="bbox 495 695 2071 1046">
     <span class='ocr_line' id='line_1_4' title="bbox 495 695 2061 780; baseline -0.003 -20"><span class='ocrx_word' id='word_1_38' title='bbox 495 699 764 780; x_wconf 86' lang='lat' dir='ltr'><strong>patriam</strong></span> <span class='ocrx_word' id='word_1_39' title='bbox 819 697 1297 777; x_wconf 86' lang='lat' dir='ltr'><strong>prosequimur;</strong></span> <span class='ocrx_word' id='word_1_40' title='bbox 1329 703 1392 756; x_wconf 90' lang='lat' dir='ltr'><strong>et</strong></span> <span class='ocrx_word' id='word_1_41' title='bbox 1443 714 1482 756; x_wconf 88' lang='lat' dir='ltr'><strong>a</strong></span> <span class='ocrx_word' id='word_1_42' title='bbox 1533 695 1856 768; x_wconf 76' lang='lat' dir='ltr'><strong>charitate,</strong></span> <span class='ocrx_word' id='word_1_43' title='bbox 1911 713 2061 774; x_wconf 89' lang='lat' dir='ltr'><strong>qua,</strong></span> 
     </span>
     <span class='ocr_line' id='line_1_5' title="bbox 497 789 2065 874; baseline -0.003 -20"><span class='ocrx_word' id='word_1_44' title='bbox 497 796 640 874; x_wconf 88' lang='lat' dir='ltr'><strong>post</strong></span> <span class='ocrx_word' id='word_1_45' title='bbox 693 793 916 865; x_wconf 89' lang='lat' dir='ltr'><strong>Deum,</strong></span> <span class='ocrx_word' id='word_1_46' title='bbox 965 806 1366 854; x_wconf 86' lang='lat' dir='ltr'><strong>communem</strong></span> <span class='ocrx_word' id='word_1_47' title='bbox 1401 789 1640 852; x_wconf 88' lang='lat' dir='ltr'><strong>bonum</strong></span> <span class='ocrx_word' id='word_1_48' title='bbox 1688 789 2065 871; x_wconf 70' lang='lat' dir='ltr'><strong>Reipublicae</strong></span> 
     </span>
     <span class='ocr_line' id='line_1_6' title="bbox 505 883 2071 966; baseline 0.001 -18"><span class='ocrx_word' id='word_1_49' title='bbox 505 885 774 948; x_wconf 84' lang='lat' dir='ltr'><strong>maxime</strong></span> <span class='ocrx_word' id='word_1_50' title='bbox 811 885 1151 966; x_wconf 80' lang='lat' dir='ltr'>diligimus,</span> <span class='ocrx_word' id='word_1_51' title='bbox 1183 888 1246 946; x_wconf 87' lang='lat' dir='ltr'><strong>et</strong></span> <span class='ocrx_word' id='word_1_52' title='bbox 1287 883 1371 946; x_wconf 90' lang='lat' dir='ltr'><strong>ad</strong></span> <span class='ocrx_word' id='word_1_53' title='bbox 1405 883 1560 944; x_wconf 91' lang='lat' dir='ltr'><strong>illud</strong></span> <span class='ocrx_word' id='word_1_54' title='bbox 1599 901 1933 963; x_wconf 85' lang='lat' dir='ltr'><strong>possumus</strong></span> <span class='ocrx_word' id='word_1_55' title='bbox 1964 902 2071 950; x_wconf 76' lang='lat' dir='ltr'><strong>au-</strong></span> 
     </span>
     <span class='ocr_line' id='line_1_7' title="bbox 503 979 1602 1046; baseline -0.007 0"><span class='ocrx_word' id='word_1_56' title='bbox 503 981 703 1046; x_wconf 73' lang='lat' dir='ltr'><strong>tiones</strong></span> <span class='ocrx_word' id='word_1_57' title='bbox 733 981 984 1044; x_wconf 85' lang='lat' dir='ltr'><strong>illarum</strong></span> <span class='ocrx_word' id='word_1_58' title='bbox 1011 980 1306 1043; x_wconf 83' lang='lat' dir='ltr'><strong>virtutum</strong></span> <span class='ocrx_word' id='word_1_59' title='bbox 1345 979 1602 1042; x_wconf 80' lang='lat' dir='ltr'><strong>referre.</strong></span> 
     </span>
    </p>
   </div>
   <div class='ocr_carea' id='block_1_4' title="bbox 728 1229 1839 1314">
    <p class='ocr_par' dir='ltr' id='par_1_4' title="bbox 728 1229 1839 1314">
     <span class='ocr_line' id='line_1_8' title="bbox 728 1229 1839 1314; baseline -0.007 -16"><span class='ocrx_word' id='word_1_60' title='bbox 728 1232 1010 1298; x_wconf 73' lang='lat' dir='ltr'><strong>lustitia·</strong></span> <span class='ocrx_word' id='word_1_61' title='bbox 1031 1230 1249 1314; x_wconf 69' lang='lat' dir='ltr'><strong>zeqalis</strong></span> <span class='ocrx_word' id='word_1_62' title='bbox 1273 1230 1434 1296; x_wconf 75' lang='lat' dir='ltr'><strong>ratio</strong></span> <span class='ocrx_word' id='word_1_63' title='bbox 1471 1229 1839 1296; x_wconf 67' lang='lat' dir='ltr'><strong>declaratur.</strong></span> 
     </span>
    </p>
   </div>
   <div class='ocr_carea' id='block_1_5' title="bbox 497 1445 2083 5643">
    <p class='ocr_par' dir='ltr' id='par_1_5' title="bbox 497 1445 2083 5643">
     <span class='ocr_line' id='line_1_9' title="bbox 583 1445 2073 1528; baseline -0.003 -17"><span class='ocrx_word' id='word_1_64' title='bbox 583 1452 644 1511; x_wconf 89' lang='lat'><strong>6.</strong></span> <span class='ocrx_word' id='word_1_65' title='bbox 675 1448 822 1522; x_wconf 85' lang='lat' dir='ltr'>Sed,</span> <span class='ocrx_word' id='word_1_66' title='bbox 855 1447 1156 1528; x_wconf 89' lang='lat' dir='ltr'><strong>quoniam</strong></span> <span class='ocrx_word' id='word_1_67' title='bbox 1188 1445 1498 1526; x_wconf 85' lang='lat' dir='ltr'><strong>prolixum</strong></span> <span class='ocrx_word' id='word_1_68' title='bbox 1539 1451 1704 1508; x_wconf 88' lang='lat' dir='ltr'><strong>esset</strong></span> <span class='ocrx_word' id='word_1_69' title='bbox 1745 1451 1808 1508; x_wconf 87' lang='lat' dir='ltr'><strong>et</strong></span> <span class='ocrx_word' id='word_1_70' title='bbox 1843 1450 2073 1525; x_wconf 76' lang='lat' dir='ltr'><strong>praeter</strong></span> 
     </span>
     <span class='ocr_line' id='line_1_10' title="bbox 504 1539 2075 1624; baseline -0.003 -20"><span class='ocrx_word' id='word_1_71' title='bbox 504 1561 801 1624; x_wconf 58' lang='lat' dir='ltr'><strong>praesens·</strong></span> <span class='ocrx_word' id='word_1_72' title='bbox 827 1542 1181 1604; x_wconf 84' lang='lat' dir='ltr'><strong>institutum</strong></span> <span class='ocrx_word' id='word_1_73' title='bbox 1217 1539 1496 1620; x_wconf 82' lang='lat' dir='ltr'><strong>singulas</strong></span> <span class='ocrx_word' id='word_1_74' title='bbox 1533 1539 1612 1601; x_wconf 92' lang='lat' dir='ltr'><strong>de</strong></span> <span class='ocrx_word' id='word_1_75' title='bbox 1665 1539 1784 1600; x_wconf 87' lang='lat' dir='ltr'><strong>hac</strong></span> <span class='ocrx_word' id='word_1_76' title='bbox 1829 1557 1898 1600; x_wconf 89' lang='lat' dir='ltr'><strong>re</strong></span> <span class='ocrx_word' id='word_1_77' title='bbox 1946 1539 2075 1618; x_wconf 85' lang='lat' dir='ltr'><strong>opi·-</strong></span> 
     </span>
     <span class='ocr_line' id='line_1_11' title="bbox 502 1632 2075 1712; baseline -0.005 -13"><span class='ocrx_word' id='word_1_78' title='bbox 502 1637 728 1699; x_wconf 87' lang='lat' dir='ltr'><strong>niones</strong></span> <span class='ocrx_word' id='word_1_79' title='bbox 745 1636 978 1698; x_wconf 77' lang='lat' dir='ltr'><strong>referre</strong></span> <span class='ocrx_word' id='word_1_80' title='bbox 1007 1641 1068 1696; x_wconf 91' lang='lat' dir='ltr'><strong>et</strong></span> <span class='ocrx_word' id='word_1_81' title='bbox 1097 1634 1477 1709; x_wconf 80' lang='lat' dir='ltr'><strong>examinare,</strong></span> <span class='ocrx_word' id='word_1_82' title='bbox 1515 1651 1656 1712; x_wconf 73' lang='lat' dir='ltr'><strong>qnae</strong></span> <span class='ocrx_word' id='word_1_83' title='bbox 1683 1632 1837 1693; x_wconf 90' lang='lat' dir='ltr'><strong>mihi</strong></span> <span class='ocrx_word' id='word_1_84' title='bbox 1871 1633 2075 1712; x_wconf 82' lang='lat' dir='ltr'><strong>magis</strong></span> 
     </span>
     <span class='ocr_line' id='line_1_12' title="bbox 501 1725 2078 1810; baseline -0.003 -19"><span class='ocrx_word' id='word_1_85' title='bbox 501 1729 728 1810; x_wconf 88' lang='lat' dir='ltr'><strong>placet,</strong></span> <span class='ocrx_word' id='word_1_86' title='bbox 757 1736 816 1790; x_wconf 89' lang='lat' dir='ltr'><strong>et</strong></span> <span class='ocrx_word' id='word_1_87' title='bbox 839 1729 914 1790; x_wconf 88' lang='lat' dir='ltr'><strong>D.</strong></span> <span class='ocrx_word' id='word_1_88' title='bbox 941 1728 1196 1789; x_wconf 76' lang='lat' dir='ltr'><strong>Thomas</strong></span> <span class='ocrx_word' id='word_1_89' title='bbox 1219 1727 1516 1788; x_wconf 82' lang='lat' dir='ltr'><strong>doctrinae</strong></span> <span class='ocrx_word' id='word_1_90' title='bbox 1545 1726 1792 1787; x_wconf 82' lang='lat' dir='ltr'><strong>videtur</strong></span> <span class='ocrx_word' id='word_1_91' title='bbox 1835 1725 2078 1787; x_wconf 79' lang='lat' dir='ltr'><strong>contor-</strong></span> 
     </span>
     <span class='ocr_line' id='line_1_13' title="bbox 503 1819 2081 1900; baseline -0.004 -14"><span class='ocrx_word' id='word_1_92' title='bbox 503 1825 686 1898; x_wconf 88' lang='lat' dir='ltr'><strong>mior,</strong></span> <span class='ocrx_word' id='word_1_93' title='bbox 719 1829 816 1886; x_wconf 85' lang='lat' dir='ltr'><strong>est</strong></span> <span class='ocrx_word' id='word_1_94' title='bbox 839 1823 978 1884; x_wconf 82' lang='lat' dir='ltr'><strong>dari</strong></span> <span class='ocrx_word' id='word_1_95' title='bbox 1007 1823 1074 1884; x_wconf 87' lang='lat' dir='ltr'><strong>in</strong></span> <span class='ocrx_word' id='word_1_96' title='bbox 1109 1821 1290 1882; x_wconf 90' lang='lat' dir='ltr'><strong>nobis</strong></span> <span class='ocrx_word' id='word_1_97' title='bbox 1325 1819 1630 1900; x_wconf 86' lang='lat' dir='ltr'><strong>justitiam</strong></span> <span class='ocrx_word' id='word_1_98' title='bbox 1665 1819 1937 1900; x_wconf 82' lang='lat' dir='ltr'>legalem</span> <span class='ocrx_word' id='word_1_99' title='bbox 1960 1819 2081 1880; x_wconf 88' lang='lat' dir='ltr'><strong>dis-</strong></span> 
     </span>
     <span class='ocr_line' id='line_1_14' title="bbox 503 1913 2083 1994; baseline -0.004 -14"><span class='ocrx_word' id='word_1_100' title='bbox 503 1916 762 1980; x_wconf 81' lang='lat' dir='ltr'><strong>tinctam</strong></span> <span class='ocrx_word' id='word_1_101' title='bbox 813 1935 852 1976; x_wconf 92' lang='lat' dir='ltr'><strong>a</strong></span> <span class='ocrx_word' id='word_1_102' title='bbox 903 1915 1160 1994; x_wconf 87' lang='lat' dir='ltr'><strong>reliquis</strong></span> <span class='ocrx_word' id='word_1_103' title='bbox 1205 1914 1532 1976; x_wconf 82' lang='lat' dir='ltr'><strong>virtutibus</strong></span> <span class='ocrx_word' id='word_1_104' title='bbox 1567 1914 1948 1986; x_wconf 77' lang='lat' dir='ltr'><strong>moralibus3</strong></span> <span class='ocrx_word' id='word_1_105' title='bbox 1998 1913 2083 1973; x_wconf 87' lang='lat' dir='ltr'><strong>ab</strong></span> 
     </span>
     <span class='ocr_line' id='line_1_15' title="bbox 503 2007 2078 2091; baseline -0.003 -19"><span class='ocrx_word' id='word_1_106' title='bbox 503 2007 626 2072; x_wconf 89' lang='lat' dir='ltr'><strong>illis</strong></span> <span class='ocrx_word' id='word_1_107' title='bbox 663 2011 942 2091; x_wconf 88' lang='lat' dir='ltr'><strong>quidem,</strong></span> <span class='ocrx_word' id='word_1_108' title='bbox 986 2028 1125 2089; x_wconf 63' lang='lat' dir='ltr'><strong>quae</strong></span> <span class='ocrx_word' id='word_1_109' title='bbox 1158 2015 1490 2070; x_wconf 81' lang='lat' dir='ltr'><strong>versantur</strong></span> <span class='ocrx_word' id='word_1_110' title='bbox 1533 2009 1694 2070; x_wconf 83' lang='lat' dir='ltr'><strong>circa</strong></span> <span class='ocrx_word' id='word_1_111' title='bbox 1731 2007 2078 2086; x_wconf 70' lang='lat' dir='ltr'><strong>passiones»,</strong></span> 
     </span>
     <span class='ocr_line' id='line_1_16' title="bbox 505 2102 2081 2186; baseline -0.003 -20"><span class='ocrx_word' id='word_1_112' title='bbox 505 2106 657 2186; x_wconf 84' lang='lat' dir='ltr'><strong>quia</strong></span> <span class='ocrx_word' id='word_1_113' title='bbox 677 2122 805 2166; x_wconf 87' lang='lat' dir='ltr'><strong>non</strong></span> <span class='ocrx_word' id='word_1_114' title='bbox 833 2105 995 2166; x_wconf 88' lang='lat' dir='ltr'><strong>circa</strong></span> <span class='ocrx_word' id='word_1_115' title='bbox 1019 2104 1179 2177; x_wconf 90' lang='lat' dir='ltr'><strong>illas,</strong></span> <span class='ocrx_word' id='word_1_116' title='bbox 1205 2102 1318 2164; x_wconf 87' lang='lat' dir='ltr'><strong>sed</strong></span> <span class='ocrx_word' id='word_1_117' title='bbox 1335 2102 1502 2164; x_wconf 90' lang='lat' dir='ltr'><strong>circa</strong></span> <span class='ocrx_word' id='word_1_118' title='bbox 1523 2103 1922 2181; x_wconf 81' lang='lat' dir='ltr'><strong>operationes</strong></span> <span class='ocrx_word' id='word_1_119' title='bbox 1941 2119 2081 2162; x_wconf 82' lang='lat' dir='ltr'><strong>ver—</strong></span> 
     </span>
     <span class='ocr_line' id='line_1_17' title="bbox 505 2195 2081 2275; baseline -0.003 -15"><span class='ocrx_word' id='word_1_120' title='bbox 505 2201 714 2272; x_wconf 75' lang='lat' dir='ltr'><strong>satur3</strong></span> <span class='ocrx_word' id='word_1_121' title='bbox 745 2198 826 2258; x_wconf 89' lang='lat' dir='ltr'><strong>ab</strong></span> <span class='ocrx_word' id='word_1_122' title='bbox 847 2197 982 2257; x_wconf 87' lang='lat' dir='ltr'><strong>aliis</strong></span> <span class='ocrx_word' id='word_1_123' title='bbox 1007 2215 1180 2270; x_wconf 81' lang='lat' dir='ltr'><strong>vero,</strong></span> <span class='ocrx_word' id='word_1_124' title='bbox 1200 2213 1340 2275; x_wconf 80' lang='lat' dir='ltr'><strong>quae</strong></span> <span class='ocrx_word' id='word_1_125' title='bbox 1361 2196 1551 2256; x_wconf 86' lang='lat' dir='ltr'><strong>etiam</strong></span> <span class='ocrx_word' id='word_1_126' title='bbox 1573 2200 1721 2257; x_wconf 86' lang='lat' dir='ltr'><strong>sunt</strong></span> <span class='ocrx_word' id='word_1_127' title='bbox 1739 2195 1902 2256; x_wconf 85' lang='lat' dir='ltr'><strong>circa</strong></span> <span class='ocrx_word' id='word_1_128' title='bbox 1927 2213 2081 2274; x_wconf 89' lang='lat' dir='ltr'><strong>ope-</strong></span> 
     </span>
     <span class='ocr_line' id='line_1_18' title="bbox 505 2288 2081 2368; baseline -0.003 -16"><span class='ocrx_word' id='word_1_129' title='bbox 505 2293 781 2354; x_wconf 76' lang='lat' dir='ltr'><strong>rationes</strong></span> <span class='ocrx_word' id='word_1_130' title='bbox 801 2291 882 2352; x_wconf 89' lang='lat' dir='ltr'><strong>ad</strong></span> <span class='ocrx_word' id='word_1_131' title='bbox 903 2291 1192 2362; x_wconf 87' lang='lat' dir='ltr'><strong>alterum,</strong></span> <span class='ocrx_word' id='word_1_132' title='bbox 1219 2295 1282 2350; x_wconf 89' lang='lat' dir='ltr'><strong>et</strong></span> <span class='ocrx_word' id='word_1_133' title='bbox 1301 2290 1446 2349; x_wconf 88' lang='lat' dir='ltr'><strong>sunt</strong></span> <span class='ocrx_word' id='word_1_134' title='bbox 1469 2295 1680 2368; x_wconf 86' lang='lat' dir='ltr'><strong>partes</strong></span> <span class='ocrx_word' id='word_1_135' title='bbox 1701 2288 2081 2368; x_wconf 69' lang='lat' dir='ltr'><strong>potentiales</strong></span> 
     </span>
     <span class='ocr_line' id='line_1_19' title="bbox 497 2381 2077 2466; baseline -0.002 -19"><span class='ocrx_word' id='word_1_136' title='bbox 497 2387 778 2466; x_wconf 66' lang='lat' dir='ltr'><strong>justitiae,</strong></span> <span class='ocrx_word' id='word_1_137' title='bbox 823 2386 972 2465; x_wconf 87' lang='lat' dir='ltr'><strong>quia</strong></span> <span class='ocrx_word' id='word_1_138' title='bbox 1010 2402 1142 2445; x_wconf 90' lang='lat' dir='ltr'><strong>non</strong></span> <span class='ocrx_word' id='word_1_139' title='bbox 1195 2389 1291 2446; x_wconf 88' lang='lat' dir='ltr'><strong>est</strong></span> <span class='ocrx_word' id='word_1_140' title='bbox 1345 2401 1492 2462; x_wconf 88' lang='lat' dir='ltr'><strong>pars</strong></span> <span class='ocrx_word' id='word_1_141' title='bbox 1535 2382 1913 2462; x_wconf 75' lang='lat' dir='ltr'><strong>potentialis,</strong></span> <span class='ocrx_word' id='word_1_142' title='bbox 1964 2381 2077 2444; x_wconf 88' lang='lat' dir='ltr'><strong>sed</strong></span> 
     </span>
     <span class='ocr_line' id='line_1_20' title="bbox 505 2475 2079 2559; baseline -0.004 -17"><span class='ocrx_word' id='word_1_143' title='bbox 505 2480 848 2559; x_wconf 81' lang='lat' dir='ltr'><strong>subjectiva</strong></span> <span class='ocrx_word' id='word_1_144' title='bbox 877 2497 892 2552; x_wconf 90' lang='grc'>;</span> <span class='ocrx_word' id='word_1_145' title='bbox 926 2478 1011 2540; x_wconf 88' lang='lat' dir='ltr'><strong>ab</strong></span> <span class='ocrx_word' id='word_1_146' title='bbox 1035 2477 1174 2539; x_wconf 89' lang='lat' dir='ltr'><strong>aliis</strong></span> <span class='ocrx_word' id='word_1_147' title='bbox 1218 2484 1432 2538; x_wconf 87' lang='lat' dir='ltr'><strong>antem</strong></span> <span class='ocrx_word' id='word_1_148' title='bbox 1469 2477 1750 2556; x_wconf 84' lang='lat' dir='ltr'><strong>partibus</strong></span> <span class='ocrx_word' id='word_1_149' title='bbox 1782 2475 2079 2556; x_wconf 78' lang='lat' dir='ltr'><strong>subjecti-</strong></span> 
     </span>
     <span class='ocr_line' id='line_1_21' title="bbox 503 2569 2077 2651; baseline -0.004 -16"><span class='ocrx_word' id='word_1_150' title='bbox 503 2573 620 2646; x_wconf 71' lang='lat' dir='ltr'><strong>vis,</strong></span> <span class='ocrx_word' id='word_1_151' title='bbox 665 2578 736 2635; x_wconf 88' lang='grc' dir='ltr'><strong>ιιι</strong></span> <span class='ocrx_word' id='word_1_152' title='bbox 759 2578 908 2633; x_wconf 87' lang='lat' dir='ltr'><strong>sunt</strong></span> <span class='ocrx_word' id='word_1_153' title='bbox 931 2571 1174 2651; x_wconf 78' lang='lat' dir='ltr'><strong>justitia</strong></span> <span class='ocrx_word' id='word_1_154' title='bbox 1209 2570 1652 2632; x_wconf 65' lang='lat' dir='ltr'><strong>comminativa</strong></span> <span class='ocrx_word' id='word_1_155' title='bbox 1681 2573 1744 2630; x_wconf 91' lang='lat' dir='ltr'><strong>et</strong></span> <span class='ocrx_word' id='word_1_156' title='bbox 1788 2569 2077 2631; x_wconf 88' lang='lat' dir='ltr'><strong>distribu-</strong></span> 
     </span>
     <span class='ocr_line' id='line_1_22' title="bbox 503 2661 2071 2744; baseline -0.003 -16"><span class='ocrx_word' id='word_1_157' title='bbox 503 2666 648 2739; x_wconf 79' lang='lat' dir='ltr'><strong>tiva,</strong></span> <span class='ocrx_word' id='word_1_158' title='bbox 693 2667 842 2744; x_wconf 85' lang='lat' dir='ltr'><strong>quia</strong></span> <span class='ocrx_word' id='word_1_159' title='bbox 871 2663 936 2726; x_wconf 90' lang='lat' dir='ltr'><strong>in</strong></span> <span class='ocrx_word' id='word_1_160' title='bbox 977 2663 1258 2743; x_wconf 85' lang='lat' dir='ltr'><strong>subjecto</strong></span> <span class='ocrx_word' id='word_1_161' title='bbox 1301 2661 1556 2742; x_wconf 81' lang='lat' dir='ltr'><strong>respicit</strong></span> <span class='ocrx_word' id='word_1_162' title='bbox 1599 2661 1939 2741; x_wconf 83' lang='lat' dir='ltr'><strong>quemdam</strong></span> <span class='ocrx_word' id='word_1_163' title='bbox 1968 2680 2071 2742; x_wconf 89' lang='lat' dir='ltr'><strong>pe-</strong></span> 
     </span>
     <span class='ocr_line' id='line_1_23' title="bbox 503 2755 2075 2836; baseline -0.003 -15"><span class='ocrx_word' id='word_1_164' title='bbox 503 2758 805 2821; x_wconf 83' lang='lat' dir='ltr'><strong>culiarem</strong></span> <span class='ocrx_word' id='word_1_165' title='bbox 843 2757 1102 2819; x_wconf 83' lang='lat' dir='ltr'><strong>modum</strong></span> <span class='ocrx_word' id='word_1_166' title='bbox 1137 2756 1322 2836; x_wconf 81' lang='lat' dir='ltr'><strong>juris,</strong></span> <span class='ocrx_word' id='word_1_167' title='bbox 1375 2755 1736 2817; x_wconf 86' lang='lat' dir='ltr'><strong>distinctum</strong></span> <span class='ocrx_word' id='word_1_168' title='bbox 1761 2774 1802 2816; x_wconf 83' lang='lat' dir='ltr'><strong>a</strong></span> <span class='ocrx_word' id='word_1_169' title='bbox 1823 2756 2075 2835; x_wconf 82' lang='lat' dir='ltr'><strong>juribus</strong></span> 
     </span>
     <span class='ocr_line' id='line_1_24' title="bbox 502 2849 2075 2930; baseline -0.003 -17"><span class='ocrx_word' id='word_1_170' title='bbox 502 2867 644 2930; x_wconf 82' lang='lat' dir='ltr'><strong>quae</strong></span> <span class='ocrx_word' id='word_1_171' title='bbox 699 2851 838 2912; x_wconf 71' lang='lat' dir='ltr'><strong>alite</strong></span> <span class='ocrx_word' id='word_1_172' title='bbox 886 2850 1142 2930; x_wconf 69' lang='lat' dir='ltr'><strong>justitiae</strong></span> <span class='ocrx_word' id='word_1_173' title='bbox 1191 2849 1551 2928; x_wconf 87' lang='lat' dir='ltr'><strong>respiciunt.</strong></span> <span class='ocrx_word' id='word_1_174' title='bbox 1609 2849 1676 2911; x_wconf 93' lang='lat' dir='ltr'><strong>Si</strong></span> <span class='ocrx_word' id='word_1_175' title='bbox 1717 2849 1888 2910; x_wconf 91' lang='lat' dir='ltr'><strong>enim</strong></span> <span class='ocrx_word' id='word_1_176' title='bbox 1943 2850 2075 2910; x_wconf 82' lang='lat' dir='ltr'><strong>haec</strong></span> 
     </span>
     <span class='ocr_line' id='line_1_25' title="bbox 497 2942 2075 3026; baseline -0.002 -20"><span class='ocrx_word' id='word_1_177' title='bbox 497 2945 740 3026; x_wconf 64' lang='lat' dir='ltr'><strong>⁸iustitia</strong></span> <span class='ocrx_word' id='word_1_178' title='bbox 779 2943 1000 3023; x_wconf 80' lang='lat' dir='ltr'><strong>legalis</strong></span> <span class='ocrx_word' id='word_1_179' title='bbox 1045 2961 1193 3006; x_wconf 78' lang='lat' dir='ltr'><strong>vera</strong></span> <span class='ocrx_word' id='word_1_180' title='bbox 1227 2942 1467 3022; x_wconf 78' lang='lat' dir='ltr'><strong>justitia</strong></span> <span class='ocrx_word' id='word_1_181' title='bbox 1497 2947 1614 3016; x_wconf 82' lang='lat' dir='ltr'><strong>est,</strong></span> <span class='ocrx_word' id='word_1_182' title='bbox 1661 2948 1734 3003; x_wconf 88' lang='lat' dir='ltr'><strong>ut</strong></span> <span class='ocrx_word' id='word_1_183' title='bbox 1780 2943 2075 3022; x_wconf 88' lang='lat' dir='ltr'><strong>supponi-</strong></span> 
     </span>
     <span class='ocr_line' id='line_1_26' title="bbox 503 3035 2073 3117; baseline -0.003 -17"><span class='ocrx_word' id='word_1_184' title='bbox 503 3053 672 3114; x_wconf 81' lang='lat' dir='ltr'><strong>mus,</strong></span> <span class='ocrx_word' id='word_1_185' title='bbox 713 3055 978 3100; x_wconf 82' lang='lat' dir='ltr'><strong>necesse</strong></span> <span class='ocrx_word' id='word_1_186' title='bbox 1011 3041 1108 3098; x_wconf 88' lang='lat' dir='ltr'><strong>est</strong></span> <span class='ocrx_word' id='word_1_187' title='bbox 1143 3043 1212 3098; x_wconf 87' lang='lat' dir='ltr'><strong>ut</strong></span> <span class='ocrx_word' id='word_1_188' title='bbox 1231 3037 1341 3117; x_wconf 83' lang='lat' dir='ltr'><strong>jus</strong></span> <span class='ocrx_word' id='word_1_189' title='bbox 1376 3035 1630 3116; x_wconf 78' lang='lat' dir='ltr'><strong>aliquod</strong></span> <span class='ocrx_word' id='word_1_190' title='bbox 1669 3054 1786 3117; x_wconf 86' lang='lat' dir='ltr'><strong>pro</strong></span> <span class='ocrx_word' id='word_1_191' title='bbox 1823 3035 2073 3116; x_wconf 86' lang='lat' dir='ltr'><strong>objecto</strong></span> 
     </span>
     <span class='ocr_line' id='line_1_27' title="bbox 507 3130 2072 3212; baseline -0.003 -16"><span class='ocrx_word' id='word_1_192' title='bbox 507 3134 738 3197; x_wconf 86' lang='lat' dir='ltr'><strong>babeat</strong></span> <span class='ocrx_word' id='word_1_193' title='bbox 755 3178 772 3207; x_wconf 90' lang='lat'><strong>,</strong></span> <span class='ocrx_word' id='word_1_194' title='bbox 815 3132 1102 3212; x_wconf 81' lang='lat' dir='ltr'><strong>illudque</strong></span> <span class='ocrx_word' id='word_1_195' title='bbox 1141 3132 1316 3194; x_wconf 85' lang='lat' dir='ltr'><strong>alteri</strong></span> <span class='ocrx_word' id='word_1_196' title='bbox 1357 3130 1614 3203; x_wconf 87' lang='lat' dir='ltr'><strong>reddat,</strong></span> <span class='ocrx_word' id='word_1_197' title='bbox 1659 3130 1762 3192; x_wconf 81' lang='lat' dir='ltr'><strong>vel</strong></span> <span class='ocrx_word' id='word_1_198' title='bbox 1807 3130 2072 3192; x_wconf 80' lang='lat' dir='ltr'><strong>illoesum</strong></span> 
     </span>
     <span class='ocr_line' id='line_1_28' title="bbox 508 3223 2073 3301; baseline -0.005 -10"><span class='ocrx_word' id='word_1_199' title='bbox 508 3234 856 3300; x_wconf 55' lang='lat' dir='ltr'><strong>conservem</strong></span> <span class='ocrx_word' id='word_1_200' title='bbox 877 3232 938 3289; x_wconf 87' lang='lat' dir='ltr'><strong>et</strong></span> <span class='ocrx_word' id='word_1_201' title='bbox 955 3224 1178 3287; x_wconf 89' lang='lat' dir='ltr'><strong>eadem</strong></span> <span class='ocrx_word' id='word_1_202' title='bbox 1191 3224 1432 3287; x_wconf 86' lang='lat' dir='ltr'><strong>ratione</strong></span> <span class='ocrx_word' id='word_1_203' title='bbox 1441 3270 1458 3291; x_wconf 85' lang='lat'><strong>.</strong></span> <span class='ocrx_word' id='word_1_204' title='bbox 1473 3229 1542 3285; x_wconf 88' lang='lat' dir='ltr'><strong>ut</strong></span> <span class='ocrx_word' id='word_1_205' title='bbox 1555 3224 1634 3285; x_wconf 87' lang='lat' dir='ltr'><strong>sit</strong></span> <span class='ocrx_word' id='word_1_206' title='bbox 1647 3223 1935 3285; x_wconf 82' lang='lat' dir='ltr'><strong>distincta</strong></span> <span class='ocrx_word' id='word_1_207' title='bbox 1942 3224 1967 3301; x_wconf 87' lang='lat' dir='ltr'><strong>j</strong></span> <span class='ocrx_word' id='word_1_208' title='bbox 1976 3242 2073 3283; x_wconf 89' lang='lat' dir='ltr'><strong>us·</strong></span> 
     </span>
     <span class='ocr_line' id='line_1_29' title="bbox 506 3316 2074 3398; baseline -0.003 -15"><span class='ocrx_word' id='word_1_209' title='bbox 506 3322 664 3393; x_wconf 83' lang='lat' dir='ltr'><strong>titia,</strong></span> <span class='ocrx_word' id='word_1_210' title='bbox 693 3338 954 3383; x_wconf 86' lang='lat' dir='ltr'><strong>necesse</strong></span> <span class='ocrx_word' id='word_1_211' title='bbox 975 3324 1071 3380; x_wconf 90' lang='lat' dir='ltr'><strong>est</strong></span> <span class='ocrx_word' id='word_1_212' title='bbox 1099 3324 1166 3380; x_wconf 85' lang='lat' dir='ltr'><strong>ut</strong></span> <span class='ocrx_word' id='word_1_213' title='bbox 1193 3318 1448 3396; x_wconf 86' lang='lat' dir='ltr'><strong>aliquod</strong></span> <span class='ocrx_word' id='word_1_214' title='bbox 1469 3319 1576 3398; x_wconf 85' lang='lat' dir='ltr'><strong>jus</strong></span> <span class='ocrx_word' id='word_1_215' title='bbox 1603 3316 1718 3378; x_wconf 90' lang='lat' dir='ltr'><strong>sibi</strong></span> <span class='ocrx_word' id='word_1_216' title='bbox 1747 3317 2074 3396; x_wconf 81' lang='lat' dir='ltr'><strong>proprium</strong></span> 
     </span>
     <span class='ocr_line' id='line_1_30' title="bbox 509 3409 2077 3493; baseline -0.004 -17"><span class='ocrx_word' id='word_1_217' title='bbox 509 3420 574 3477; x_wconf 87' lang='lat' dir='ltr'><strong>et</strong></span> <span class='ocrx_word' id='word_1_218' title='bbox 623 3412 892 3493; x_wconf 82' lang='lat' dir='ltr'><strong>speciale</strong></span> <span class='ocrx_word' id='word_1_219' title='bbox 939 3412 1252 3491; x_wconf 77' lang='lat' dir='ltr'><strong>respiciat.</strong></span> <span class='ocrx_word' id='word_1_220' title='bbox 1299 3412 1376 3473; x_wconf 89' lang='lat' dir='ltr'><strong>Et</strong></span> <span class='ocrx_word' id='word_1_221' title='bbox 1423 3411 1490 3471; x_wconf 87' lang='lat' dir='ltr'><strong>in</strong></span> <span class='ocrx_word' id='word_1_222' title='bbox 1541 3411 1664 3471; x_wconf 86' lang='lat' dir='ltr'><strong>hoc</strong></span> <span class='ocrx_word' id='word_1_223' title='bbox 1707 3409 2077 3489; x_wconf 86' lang='lat' dir='ltr'><strong>explicando</strong></span> 
     </span>
     <span class='ocr_line' id='line_1_31' title="bbox 509 3502 2077 3582; baseline -0.004 -11"><span class='ocrx_word' id='word_1_224' title='bbox 509 3514 606 3571; x_wconf 89' lang='lat' dir='ltr'><strong>est</strong></span> <span class='ocrx_word' id='word_1_225' title='bbox 627 3511 758 3570; x_wconf 88' lang='lat' dir='ltr'><strong>tota</strong></span> <span class='ocrx_word' id='word_1_226' title='bbox 791 3504 1143 3567; x_wconf 81' lang='lat' dir='ltr'><strong>difficultas.</strong></span> <span class='ocrx_word' id='word_1_227' title='bbox 1174 3502 1274 3565; x_wconf 77' lang='lat' dir='ltr'><strong>Ad</strong></span> <span class='ocrx_word' id='word_1_228' title='bbox 1295 3521 1486 3582; x_wconf 87' lang='lat' dir='ltr'><strong>quam</strong></span> <span class='ocrx_word' id='word_1_229' title='bbox 1513 3502 1963 3565; x_wconf 81' lang='lat' dir='ltr'><strong>declarandam</strong></span> <span class='ocrx_word' id='word_1_230' title='bbox 1988 3504 2077 3565; x_wconf 88' lang='lat' dir='ltr'><strong>uti</strong></span> 
     </span>
     <span class='ocr_line' id='line_1_32' title="bbox 509 3594 2075 3675; baseline -0.004 -12"><span class='ocrx_word' id='word_1_231' title='bbox 509 3599 684 3663; x_wconf 88' lang='lat' dir='ltr'><strong>soleo</strong></span> <span class='ocrx_word' id='word_1_232' title='bbox 703 3598 1100 3661; x_wconf 83' lang='lat' dir='ltr'><strong>distinctione</strong></span> <span class='ocrx_word' id='word_1_233' title='bbox 1117 3596 1370 3675; x_wconf 73' lang='lat' dir='ltr'><strong>vulgata</strong></span> <span class='ocrx_word' id='word_1_234' title='bbox 1389 3595 1560 3675; x_wconf 89' lang='lat' dir='ltr'><strong>apud</strong></span> <span class='ocrx_word' id='word_1_235' title='bbox 1571 3596 1606 3659; x_wconf 78' lang='lat' dir='ltr'>J</span> <span class='ocrx_word' id='word_1_236' title='bbox 1611 3596 1838 3657; x_wconf 78' lang='lat' dir='ltr'><strong>aristas</strong></span> <span class='ocrx_word' id='word_1_237' title='bbox 1854 3596 1935 3658; x_wconf 89' lang='lat' dir='ltr'><strong>dc</strong></span> <span class='ocrx_word' id='word_1_238' title='bbox 1960 3594 2075 3657; x_wconf 85' lang='lat' dir='ltr'><strong>du-</strong></span> 
     </span>
     <span class='ocr_line' id='line_1_33' title="bbox 509 3688 2075 3775; baseline -0.003 -20"><span class='ocrx_word' id='word_1_239' title='bbox 509 3694 658 3775; x_wconf 85' lang='lat' dir='ltr'><strong>plici</strong></span> <span class='ocrx_word' id='word_1_240' title='bbox 685 3691 983 3764; x_wconf 84' lang='lat' dir='ltr'><strong>dominio,</strong></span> <span class='ocrx_word' id='word_1_241' title='bbox 1015 3688 1252 3752; x_wconf 80' lang='lat' dir='ltr'><strong>scilicet</strong></span> <span class='ocrx_word' id='word_1_242' title='bbox 1287 3688 1622 3750; x_wconf 84' lang='lat' dir='ltr'><strong>universali</strong></span> <span class='ocrx_word' id='word_1_243' title='bbox 1661 3705 1778 3751; x_wconf 89' lang='lat' dir='ltr'><strong>seu</strong></span> <span class='ocrx_word' id='word_1_244' title='bbox 1814 3688 1979 3763; x_wconf 85' lang='lat' dir='ltr'><strong>alto,</strong></span> <span class='ocrx_word' id='word_1_245' title='bbox 2011 3692 2075 3751; x_wconf 88' lang='lat' dir='ltr'><strong>et</strong></span> 
     </span>
     <span class='ocr_line' id='line_1_34' title="bbox 507 3782 2076 3868; baseline -0.003 -18"><span class='ocrx_word' id='word_1_246' title='bbox 507 3785 868 3868; x_wconf 84' lang='lat' dir='ltr'><strong>particulari</strong></span> <span class='ocrx_word' id='word_1_247' title='bbox 903 3802 1020 3847; x_wconf 87' lang='lat' dir='ltr'><strong>seu</strong></span> <span class='ocrx_word' id='word_1_248' title='bbox 1051 3782 1351 3856; x_wconf 79' lang='lat' dir='ltr'><strong>interiori,</strong></span> <span class='ocrx_word' id='word_1_249' title='bbox 1372 3782 1474 3845; x_wconf 79' lang='lat' dir='ltr'><strong>vel</strong></span> <span class='ocrx_word' id='word_1_250' title='bbox 1497 3782 1710 3857; x_wconf 83' lang='lat' dir='ltr'><strong>basso,</strong></span> <span class='ocrx_word' id='word_1_251' title='bbox 1745 3788 1813 3843; x_wconf 88' lang='grc' dir='ltr'><strong>ιιι</strong></span> <span class='ocrx_word' id='word_1_252' title='bbox 1837 3782 1955 3862; x_wconf 89' lang='lat' dir='ltr'><strong>ipsi</strong></span> <span class='ocrx_word' id='word_1_253' title='bbox 1980 3782 2076 3845; x_wconf 84' lang='lat' dir='ltr'><strong>lo-</strong></span> 
     </span>
     <span class='ocr_line' id='line_1_35' title="bbox 507 3874 2077 3961; baseline -0.003 -20"><span class='ocrx_word' id='word_1_254' title='bbox 507 3879 900 3961; x_wconf 79' lang='lat' dir='ltr'><strong>quunmr.1n</strong></span> <span class='ocrx_word' id='word_1_255' title='bbox 927 3876 1267 3957; x_wconf 82' lang='lat' dir='ltr'><strong>Republica</strong></span> <span class='ocrx_word' id='word_1_256' title='bbox 1297 3874 1470 3939; x_wconf 87' lang='lat' dir='ltr'><strong>enim</strong></span> <span class='ocrx_word' id='word_1_257' title='bbox 1492 3891 1892 3955; x_wconf 74' lang='lat' dir='ltr'><strong>unaquaeque</strong></span> <span class='ocrx_word' id='word_1_258' title='bbox 1930 3892 2077 3955; x_wconf 87' lang='lat' dir='ltr'><strong>per-</strong></span> 
     </span>
     <span class='ocr_line' id='line_1_36' title="bbox 503 3968 2075 4051; baseline -0.004 -14"><span class='ocrx_word' id='word_1_259' title='bbox 503 3992 662 4037; x_wconf 83' lang='lat' dir='ltr'><strong>sona</strong></span> <span class='ocrx_word' id='word_1_260' title='bbox 705 3972 896 4035; x_wconf 82' lang='lat' dir='ltr'><strong>habet</strong></span> <span class='ocrx_word' id='word_1_261' title='bbox 949 3972 1274 4051; x_wconf 87' lang='lat' dir='ltr'><strong>proprium</strong></span> <span class='ocrx_word' id='word_1_262' title='bbox 1313 3987 1574 4031; x_wconf 76' lang='lat' dir='ltr'><strong>suarum</strong></span> <span class='ocrx_word' id='word_1_263' title='bbox 1603 3987 1820 4031; x_wconf 90' lang='lat' dir='ltr'><strong>rerum</strong></span> <span class='ocrx_word' id='word_1_264' title='bbox 1865 3968 2075 4031; x_wconf 91' lang='lat' dir='ltr'><strong>domi-</strong></span> 
     </span>
     <span class='ocr_line' id='line_1_37' title="bbox 503 4062 2075 4145; baseline -0.004 -14"><span class='ocrx_word' id='word_1_265' title='bbox 503 4068 702 4140; x_wconf 85' lang='lat' dir='ltr'><strong>nium,</strong></span> <span class='ocrx_word' id='word_1_266' title='bbox 725 4066 826 4129; x_wconf 76' lang='lat' dir='ltr'><strong>vel</strong></span> <span class='ocrx_word' id='word_1_267' title='bbox 847 4065 1038 4127; x_wconf 85' lang='lat' dir='ltr'><strong>etiam</strong></span> <span class='ocrx_word' id='word_1_268' title='bbox 1057 4064 1265 4145; x_wconf 87' lang='lat' dir='ltr'><strong>aliqua</strong></span> <span class='ocrx_word' id='word_1_269' title='bbox 1293 4062 1708 4125; x_wconf 86' lang='lat' dir='ltr'><strong>communitas</strong></span> <span class='ocrx_word' id='word_1_270' title='bbox 1733 4063 2075 4143; x_wconf 85' lang='lat' dir='ltr'><strong>particula-</strong></span> 
     </span>
     <span class='ocr_line' id='line_1_38' title="bbox 506 4156 2075 4237; baseline -0.004 -12"><span class='ocrx_word' id='word_1_271' title='bbox 506 4162 615 4235; x_wconf 90' lang='lat' dir='ltr'><strong>ris,</strong></span> <span class='ocrx_word' id='word_1_272' title='bbox 635 4161 738 4223; x_wconf 77' lang='lat' dir='ltr'><strong>vel</strong></span> <span class='ocrx_word' id='word_1_273' title='bbox 752 4162 884 4223; x_wconf 84' lang='lat' dir='ltr'><strong>tota</strong></span> <span class='ocrx_word' id='word_1_274' title='bbox 899 4158 1136 4231; x_wconf 82' lang='lat' dir='ltr'><strong>civitas,</strong></span> <span class='ocrx_word' id='word_1_275' title='bbox 1160 4158 1340 4237; x_wconf 85' lang='lat' dir='ltr'><strong>quasi</strong></span> <span class='ocrx_word' id='word_1_276' title='bbox 1361 4156 1548 4219; x_wconf 86' lang='lat' dir='ltr'><strong>unius</strong></span> <span class='ocrx_word' id='word_1_277' title='bbox 1561 4174 1848 4236; x_wconf 74' lang='lat' dir='ltr'><strong>personia</strong></span> <span class='ocrx_word' id='word_1_278' title='bbox 1869 4157 2075 4219; x_wconf 82' lang='lat' dir='ltr'><strong>vicem</strong></span> 
     </span>
     <span class='ocr_line' id='line_1_39' title="bbox 503 4250 2076 4333; baseline -0.003 -16"><span class='ocrx_word' id='word_1_279' title='bbox 503 4256 770 4327; x_wconf 81' lang='lat' dir='ltr'><strong>babens,</strong></span> <span class='ocrx_word' id='word_1_280' title='bbox 783 4253 1134 4333; x_wconf 85' lang='lat' dir='ltr'><strong>aliquarum</strong></span> <span class='ocrx_word' id='word_1_281' title='bbox 1143 4268 1360 4315; x_wconf 84' lang='lat' dir='ltr'><strong>rerum</strong></span> <span class='ocrx_word' id='word_1_282' title='bbox 1371 4250 1568 4313; x_wconf 84' lang='lat' dir='ltr'><strong>habet</strong></span> <span class='ocrx_word' id='word_1_283' title='bbox 1577 4250 1917 4330; x_wconf 79' lang='lat' dir='ltr'><strong>specialem</strong></span> <span class='ocrx_word' id='word_1_284' title='bbox 1931 4269 2076 4330; x_wconf 89' lang='lat' dir='ltr'><strong>pro·-</strong></span> 
     </span>
     <span class='ocr_line' id='line_1_40' title="bbox 505 4344 2072 4429; baseline -0.003 -18"><span class='ocrx_word' id='word_1_285' title='bbox 505 4348 834 4429; x_wconf 86' lang='lat' dir='ltr'><strong>prietatem</strong></span> <span class='ocrx_word' id='word_1_286' title='bbox 863 4351 926 4409; x_wconf 90' lang='lat' dir='ltr'><strong>et</strong></span> <span class='ocrx_word' id='word_1_287' title='bbox 955 4344 1325 4407; x_wconf 84' lang='lat' dir='ltr'><strong>dominium.</strong></span> <span class='ocrx_word' id='word_1_288' title='bbox 1353 4345 1430 4405; x_wconf 86' lang='lat' dir='ltr'><strong>Et</strong></span> <span class='ocrx_word' id='word_1_289' title='bbox 1458 4346 1590 4407; x_wconf 84' lang='lat' dir='ltr'><strong>Rex</strong></span> <span class='ocrx_word' id='word_1_290' title='bbox 1625 4344 1836 4418; x_wconf 87' lang='lat' dir='ltr'><strong>etiam,</strong></span> <span class='ocrx_word' id='word_1_291' title='bbox 1865 4364 2072 4425; x_wconf 84' lang='lat' dir='ltr'><strong>quan-</strong></span> 
     </span>
     <span class='ocr_line' id='line_1_41' title="bbox 503 4438 2071 4519; baseline -0.003 -16"><span class='ocrx_word' id='word_1_292' title='bbox 503 4441 734 4503; x_wconf 83' lang='lat' dir='ltr'><strong>tamvis</strong></span> <span class='ocrx_word' id='word_1_293' title='bbox 758 4456 1026 4519; x_wconf 86' lang='lat' dir='ltr'><strong>persona</strong></span> <span class='ocrx_word' id='word_1_294' title='bbox 1055 4438 1308 4519; x_wconf 86' lang='lat' dir='ltr'><strong>publica</strong></span> <span class='ocrx_word' id='word_1_295' title='bbox 1345 4438 1448 4511; x_wconf 84' lang='lat' dir='ltr'><strong>sit,</strong></span> <span class='ocrx_word' id='word_1_296' title='bbox 1479 4438 1674 4500; x_wconf 86' lang='lat' dir='ltr'><strong>babet</strong></span> <span class='ocrx_word' id='word_1_297' title='bbox 1696 4438 2071 4517; x_wconf 82' lang='lat' dir='ltr'><strong>particulare</strong></span> 
     </span>
     <span class='ocr_line' id='line_1_42' title="bbox 499 4530 2073 4617; baseline -0.003 -20"><span class='ocrx_word' id='word_1_298' title='bbox 499 4535 608 4617; x_wconf 86' lang='lat' dir='ltr'><strong>jus</strong></span> <span class='ocrx_word' id='word_1_299' title='bbox 625 4536 690 4596; x_wconf 91' lang='lat' dir='ltr'><strong>in</strong></span> <span class='ocrx_word' id='word_1_300' title='bbox 705 4552 814 4597; x_wconf 83' lang='lat' dir='ltr'><strong>eas</strong></span> <span class='ocrx_word' id='word_1_301' title='bbox 826 4552 928 4595; x_wconf 86' lang='lat' dir='ltr'><strong>res</strong></span> <span class='ocrx_word' id='word_1_302' title='bbox 947 4550 1218 4613; x_wconf 84' lang='lat' dir='ltr'><strong>quarum</strong></span> <span class='ocrx_word' id='word_1_303' title='bbox 1235 4537 1332 4593; x_wconf 89' lang='lat' dir='ltr'><strong>est</strong></span> <span class='ocrx_word' id='word_1_304' title='bbox 1347 4531 1636 4611; x_wconf 86' lang='lat' dir='ltr'><strong>specialis</strong></span> <span class='ocrx_word' id='word_1_305' title='bbox 1657 4530 1973 4593; x_wconf 85' lang='lat' dir='ltr'><strong>dominus.</strong></span> <span class='ocrx_word' id='word_1_306' title='bbox 1996 4533 2073 4593; x_wconf 84' lang='lat' dir='ltr'><strong>Et</strong></span> 
     </span>
     <span class='ocr_line' id='line_1_43' title="bbox 509 4623 2072 4708; baseline -0.001 -19"><span class='ocrx_word' id='word_1_307' title='bbox 509 4629 628 4690; x_wconf 80' lang='lat' dir='ltr'><strong>hoc</strong></span> <span class='ocrx_word' id='word_1_308' title='bbox 645 4628 752 4708; x_wconf 83' lang='lat' dir='ltr'><strong>jus</strong></span> <span class='ocrx_word' id='word_1_309' title='bbox 771 4632 886 4700; x_wconf 89' lang='lat' dir='ltr'><strong>est,</strong></span> <span class='ocrx_word' id='word_1_310' title='bbox 907 4625 1078 4706; x_wconf 88' lang='lat' dir='ltr'><strong>quod</strong></span> <span class='ocrx_word' id='word_1_311' title='bbox 1096 4624 1348 4704; x_wconf 86' lang='lat' dir='ltr'><strong>proprie</strong></span> <span class='ocrx_word' id='word_1_312' title='bbox 1367 4623 1620 4705; x_wconf 85' lang='lat' dir='ltr'><strong>respicit</strong></span> <span class='ocrx_word' id='word_1_313' title='bbox 1639 4630 1702 4687; x_wconf 91' lang='lat' dir='ltr'><strong>et</strong></span> <span class='ocrx_word' id='word_1_314' title='bbox 1721 4631 1929 4687; x_wconf 83' lang='lat' dir='ltr'><strong>servat</strong></span> <span class='ocrx_word' id='word_1_315' title='bbox 1940 4625 2072 4704; x_wconf 76' lang='lat' dir='ltr'><strong>jus·</strong></span> 
     </span>
     <span class='ocr_line' id='line_1_44' title="bbox 505 4717 2075 4799; baseline -0.004 -15"><span class='ocrx_word' id='word_1_316' title='bbox 505 4721 642 4784; x_wconf 87' lang='lat' dir='ltr'><strong>titia</strong></span> <span class='ocrx_word' id='word_1_317' title='bbox 674 4720 1115 4783; x_wconf 81' lang='lat' dir='ltr'><strong>commutativa</strong></span> <span class='ocrx_word' id='word_1_318' title='bbox 1153 4718 1220 4779; x_wconf 87' lang='lat' dir='ltr'><strong>in</strong></span> <span class='ocrx_word' id='word_1_319' title='bbox 1251 4735 1649 4798; x_wconf 88' lang='lat' dir='ltr'><strong>quacumque</strong></span> <span class='ocrx_word' id='word_1_320' title='bbox 1675 4736 1947 4799; x_wconf 87' lang='lat' dir='ltr'><strong>persona</strong></span> <span class='ocrx_word' id='word_1_321' title='bbox 1974 4717 2075 4781; x_wconf 82' lang='lat' dir='ltr'><strong>vel</strong></span> 
     </span>
     <span class='ocr_line' id='line_1_45' title="bbox 509 4812 2069 4893; baseline -0.001 -16"><span class='ocrx_word' id='word_1_322' title='bbox 509 4814 955 4877; x_wconf 82' lang='lat' dir='ltr'><strong>communitate</strong></span> <span class='ocrx_word' id='word_1_323' title='bbox 1003 4812 1381 4887; x_wconf 75' lang='lat' dir='ltr'><strong>inveniatur3</strong></span> <span class='ocrx_word' id='word_1_324' title='bbox 1412 4812 1562 4893; x_wconf 91' lang='lat' dir='ltr'><strong>quia</strong></span> <span class='ocrx_word' id='word_1_325' title='bbox 1597 4812 1922 4875; x_wconf 81' lang='lat' dir='ltr'><strong>materiale</strong></span> <span class='ocrx_word' id='word_1_326' title='bbox 1952 4817 2069 4885; x_wconf 88' lang='lat' dir='ltr'><strong>est,</strong></span> 
     </span>
     <span class='ocr_line' id='line_1_46' title="bbox 507 4905 2073 4988; baseline -0.003 -19"><span class='ocrx_word' id='word_1_327' title='bbox 507 4914 572 4970; x_wconf 88' lang='lat' dir='ltr'><strong>et</strong></span> <span class='ocrx_word' id='word_1_328' title='bbox 597 4906 778 4988; x_wconf 88' lang='lat' dir='ltr'><strong>quasi</strong></span> <span class='ocrx_word' id='word_1_329' title='bbox 825 4924 940 4986; x_wconf 88' lang='lat' dir='ltr'><strong>per</strong></span> <span class='ocrx_word' id='word_1_330' title='bbox 989 4905 1302 4981; x_wconf 82' lang='lat' dir='ltr'><strong>accidens,</strong></span> <span class='ocrx_word' id='word_1_331' title='bbox 1351 4905 1526 4987; x_wconf 88' lang='lat' dir='ltr'><strong>quod</strong></span> <span class='ocrx_word' id='word_1_332' title='bbox 1576 4905 1698 4967; x_wconf 88' lang='lat' dir='ltr'><strong>tale</strong></span> <span class='ocrx_word' id='word_1_333' title='bbox 1733 4905 1840 4985; x_wconf 80' lang='lat' dir='ltr'><strong>jus</strong></span> <span class='ocrx_word' id='word_1_334' title='bbox 1875 4906 1955 4967; x_wconf 88' lang='lat' dir='ltr'><strong>sit</strong></span> <span class='ocrx_word' id='word_1_335' title='bbox 2006 4905 2073 4967; x_wconf 89' lang='lat' dir='ltr'><strong>in</strong></span> 
     </span>
     <span class='ocr_line' id='line_1_47' title="bbox 504 4998 2071 5079; baseline -0.003 -16"><span class='ocrx_word' id='word_1_336' title='bbox 504 5000 977 5075; x_wconf 82' lang='lat' dir='ltr'><strong>communitate,</strong></span> <span class='ocrx_word' id='word_1_337' title='bbox 1005 4998 1106 5061; x_wconf 68' lang='lat' dir='ltr'><strong>vel</strong></span> <span class='ocrx_word' id='word_1_338' title='bbox 1131 5002 1200 5061; x_wconf 88' lang='lat' dir='ltr'><strong>in</strong></span> <span class='ocrx_word' id='word_1_339' title='bbox 1225 5018 1498 5079; x_wconf 84' lang='lat' dir='ltr'><strong>persona</strong></span> <span class='ocrx_word' id='word_1_340' title='bbox 1517 4998 1770 5078; x_wconf 87' lang='lat' dir='ltr'><strong>publica</strong></span> <span class='ocrx_word' id='word_1_341' title='bbox 1793 5002 1904 5060; x_wconf 88' lang='lat' dir='ltr'><strong>aut</strong></span> <span class='ocrx_word' id='word_1_342' title='bbox 1925 5016 2071 5078; x_wconf 85' lang='lat' dir='ltr'><strong>par-</strong></span> 
     </span>
     <span class='ocr_line' id='line_1_48' title="bbox 505 5091 2063 5173; baseline -0.003 -15"><span class='ocrx_word' id='word_1_343' title='bbox 505 5094 784 5167; x_wconf 85' lang='lat' dir='ltr'><strong>ticulari,</strong></span> <span class='ocrx_word' id='word_1_344' title='bbox 827 5110 1080 5173; x_wconf 85' lang='lat' dir='ltr'><strong>semper</strong></span> <span class='ocrx_word' id='word_1_345' title='bbox 1121 5092 1290 5153; x_wconf 87' lang='lat' dir='ltr'><strong>enim</strong></span> <span class='ocrx_word' id='word_1_346' title='bbox 1323 5096 1420 5155; x_wconf 89' lang='lat' dir='ltr'><strong>est</strong></span> <span class='ocrx_word' id='word_1_347' title='bbox 1461 5092 1748 5172; x_wconf 80' lang='lat' dir='ltr'><strong>ejusdem</strong></span> <span class='ocrx_word' id='word_1_348' title='bbox 1783 5091 2063 5155; x_wconf 86' lang='lat' dir='ltr'><strong>rationis.</strong></span> 
     </span>
     <span class='ocr_line' id='line_1_49' title="bbox 505 5186 2065 5265; baseline -0.003 -14"><span class='ocrx_word' id='word_1_349' title='bbox 505 5190 740 5251; x_wconf 81' lang='lat' dir='ltr'><strong>Praeter</strong></span> <span class='ocrx_word' id='word_1_350' title='bbox 773 5188 894 5249; x_wconf 87' lang='lat' dir='ltr'><strong>hoc</strong></span> <span class='ocrx_word' id='word_1_351' title='bbox 917 5204 1065 5249; x_wconf 86' lang='lat' dir='ltr'><strong>vero</strong></span> <span class='ocrx_word' id='word_1_352' title='bbox 1113 5186 1304 5248; x_wconf 86' lang='lat' dir='ltr'><strong>habet</strong></span> <span class='ocrx_word' id='word_1_353' title='bbox 1343 5186 1741 5265; x_wconf 82' lang='lat' dir='ltr'><strong>Respublica,</strong></span> <span class='ocrx_word' id='word_1_354' title='bbox 1771 5186 1872 5249; x_wconf 79' lang='lat' dir='ltr'><strong>vel</strong></span> <span class='ocrx_word' id='word_1_355' title='bbox 1911 5188 2065 5260; x_wconf 84' lang='lat' dir='ltr'><strong>Rex,</strong></span> 
     </span>
     <span class='ocr_line' id='line_1_50' title="bbox 501 5280 2069 5364; baseline -0.001 -21"><span class='ocrx_word' id='word_1_356' title='bbox 501 5290 813 5364; x_wconf 84' lang='lat' dir='ltr'><strong>quatenus</strong></span> <span class='ocrx_word' id='word_1_357' title='bbox 847 5288 945 5344; x_wconf 81' lang='lat' dir='ltr'><strong>est</strong></span> <span class='ocrx_word' id='word_1_358' title='bbox 985 5280 1234 5361; x_wconf 84' lang='lat' dir='ltr'><strong>publica</strong></span> <span class='ocrx_word' id='word_1_359' title='bbox 1270 5298 1562 5361; x_wconf 83' lang='lat' dir='ltr'><strong>persona,</strong></span> <span class='ocrx_word' id='word_1_360' title='bbox 1601 5281 1668 5341; x_wconf 89' lang='lat' dir='ltr'><strong>in</strong></span> <span class='ocrx_word' id='word_1_361' title='bbox 1693 5298 1884 5361; x_wconf 88' lang='lat' dir='ltr'><strong>quam</strong></span> <span class='ocrx_word' id='word_1_362' title='bbox 1919 5282 2069 5341; x_wconf 82' lang='lat' dir='ltr'><strong>Res-</strong></span> 
     </span>
     <span class='ocr_line' id='line_1_51' title="bbox 501 5374 2064 5457; baseline -0.002 -20"><span class='ocrx_word' id='word_1_363' title='bbox 501 5376 752 5457; x_wconf 80' lang='lat' dir='ltr'><strong>publica</strong></span> <span class='ocrx_word' id='word_1_364' title='bbox 780 5376 926 5456; x_wconf 80' lang='lat' dir='ltr'><strong>jura</strong></span> <span class='ocrx_word' id='word_1_365' title='bbox 981 5394 1098 5437; x_wconf 83' lang='lat' dir='ltr'><strong>sua</strong></span> <span class='ocrx_word' id='word_1_366' title='bbox 1143 5374 1477 5451; x_wconf 84' lang='lat' dir='ltr'><strong>transtulit,</strong></span> <span class='ocrx_word' id='word_1_367' title='bbox 1527 5374 1719 5437; x_wconf 83' lang='lat' dir='ltr'><strong>habet</strong></span> <span class='ocrx_word' id='word_1_368' title='bbox 1755 5374 2064 5454; x_wconf 87' lang='lat' dir='ltr'><strong>(inquam)</strong></span> 
     </span>
     <span class='ocr_line' id='line_1_52' title="bbox 503 5467 2067 5549; baseline -0.002 -18"><span class='ocrx_word' id='word_1_369' title='bbox 503 5470 852 5533; x_wconf 88' lang='lat' dir='ltr'><strong>dominium</strong></span> <span class='ocrx_word' id='word_1_370' title='bbox 879 5468 1196 5549; x_wconf 76' lang='lat' dir='ltr'><strong>quoddam</strong></span> <span class='ocrx_word' id='word_1_371' title='bbox 1225 5468 1444 5541; x_wconf 88' lang='lat' dir='ltr'><strong>altum,</strong></span> <span class='ocrx_word' id='word_1_372' title='bbox 1475 5469 1538 5531; x_wconf 90' lang='lat' dir='ltr'><strong>id</strong></span> <span class='ocrx_word' id='word_1_373' title='bbox 1575 5475 1692 5545; x_wconf 87' lang='lat' dir='ltr'><strong>est,</strong></span> <span class='ocrx_word' id='word_1_374' title='bbox 1725 5467 2067 5549; x_wconf 87' lang='lat' dir='ltr'><strong>superioris</strong></span> 
     </span>
     <span class='ocr_line' id='line_1_53' title="bbox 503 5562 2066 5643; baseline 0.001 -20"><span class='ocrx_word' id='word_1_375' title='bbox 503 5563 740 5626; x_wconf 80' lang='lat' dir='ltr'><strong>ordinis</strong></span> <span class='ocrx_word' id='word_1_376' title='bbox 763 5564 828 5623; x_wconf 87' lang='lat' dir='ltr'><strong>in</strong></span> <span class='ocrx_word' id='word_1_377' title='bbox 853 5562 1020 5625; x_wconf 84' lang='lat' dir='ltr'><strong>bona</strong></span> <span class='ocrx_word' id='word_1_378' title='bbox 1049 5564 1330 5625; x_wconf 84' lang='lat' dir='ltr'><strong>omnium</strong></span> <span class='ocrx_word' id='word_1_379' title='bbox 1359 5563 1610 5637; x_wconf 77' lang='lat' dir='ltr'><strong>civium,</strong></span> <span class='ocrx_word' id='word_1_380' title='bbox 1641 5569 1704 5625; x_wconf 86' lang='lat' dir='ltr'><strong>et</strong></span> <span class='ocrx_word' id='word_1_381' title='bbox 1731 5562 2066 5643; x_wconf 82' lang='lat' dir='ltr'><strong>particula·</strong></span> 
     </span>
    </p>
   </div>
   <div class='ocr_carea' id='block_1_6' title="bbox 2147 696 3726 966">
    <p class='ocr_par' dir='ltr' id='par_1_6' title="bbox 2147 696 3726 966">
     <span class='ocr_line' id='line_1_54' title="bbox 2148 696 3721 776; baseline -0.002 -16"><span class='ocrx_word' id='word_1_382' title='bbox 2148 696 2230 760; x_wconf 83' lang='lat' dir='ltr'><strong>ad</strong></span> <span class='ocrx_word' id='word_1_383' title='bbox 2258 697 2563 760; x_wconf 89' lang='lat' dir='ltr'><strong>utendum</strong></span> <span class='ocrx_word' id='word_1_384' title='bbox 2586 697 2707 759; x_wconf 90' lang='lat' dir='ltr'><strong>illis</strong></span> <span class='ocrx_word' id='word_1_385' title='bbox 2734 698 2917 760; x_wconf 88' lang='lat' dir='ltr'><strong>bonis</strong></span> <span class='ocrx_word' id='word_1_386' title='bbox 2956 699 3023 760; x_wconf 89' lang='lat' dir='ltr'><strong>in</strong></span> <span class='ocrx_word' id='word_1_387' title='bbox 3056 715 3475 760; x_wconf 85' lang='lat' dir='ltr'><strong>communem</strong></span> <span class='ocrx_word' id='word_1_388' title='bbox 3510 699 3721 776; x_wconf 82' lang='lat' dir='ltr'><strong>Reipu-</strong></span> 
     </span>
     <span class='ocr_line' id='line_1_55' title="bbox 2148 790 3722 872; baseline -0.001 -20"><span class='ocrx_word' id='word_1_389' title='bbox 2148 791 2329 852; x_wconf 76' lang='lat' dir='ltr'><strong>hlicae</strong></span> <span class='ocrx_word' id='word_1_390' title='bbox 2356 791 2705 867; x_wconf 85' lang='lat' dir='ltr'><strong>utilitatem,</strong></span> <span class='ocrx_word' id='word_1_391' title='bbox 2724 792 2978 872; x_wconf 90' lang='lat' dir='ltr'><strong>quando</strong></span> <span class='ocrx_word' id='word_1_392' title='bbox 3006 791 3409 854; x_wconf 83' lang='lat' dir='ltr'><strong>necessitatis</strong></span> <span class='ocrx_word' id='word_1_393' title='bbox 3432 790 3722 852; x_wconf 69' lang='lat' dir='ltr'><strong>articulus</strong></span> 
     </span>
     <span class='ocr_line' id='line_1_56' title="bbox 2147 883 3726 966; baseline 0 -20"><span class='ocrx_word' id='word_1_394' title='bbox 2147 883 2214 946; x_wconf 88' lang='lat' dir='ltr'><strong>id</strong></span> <span class='ocrx_word' id='word_1_395' title='bbox 2240 885 2669 964; x_wconf 81' lang='lat' dir='ltr'><strong>postulaverit.</strong></span> <span class='ocrx_word' id='word_1_396' title='bbox 2702 886 2777 946; x_wconf 86' lang='lat' dir='ltr'><strong>Et</strong></span> <span class='ocrx_word' id='word_1_397' title='bbox 2804 886 3051 946; x_wconf 85' lang='lat' dir='ltr'><strong>ratione</strong></span> <span class='ocrx_word' id='word_1_398' title='bbox 3078 887 3270 966; x_wconf 82' lang='lat' dir='ltr'><strong>hujus</strong></span> <span class='ocrx_word' id='word_1_399' title='bbox 3284 885 3455 965; x_wconf 79' lang='lat' dir='ltr'><strong>juris</strong></span> <span class='ocrx_word' id='word_1_400' title='bbox 3486 889 3726 946; x_wconf 86' lang='lat' dir='ltr'><strong>tenetur</strong></span> 
     </span>
    </p>
   </div>
   <div class='ocr_carea' id='block_1_7' title="bbox 2056 977 3723 1058">
    <p class='ocr_par' dir='ltr' id='par_1_7' title="bbox 2056 977 3723 1058">
     <span class='ocr_line' id='line_1_57' title="bbox 2056 977 3723 1058; baseline 0.001 -19"><span class='ocrx_word' id='word_1_401' title='bbox 2056 1019 2061 1022; x_wconf 91' lang='lat'><em>-</em></span> <span class='ocrx_word' id='word_1_402' title='bbox 2146 977 2473 1057; x_wconf 88' lang='lat' dir='ltr'><strong>quodlibet</strong></span> <span class='ocrx_word' id='word_1_403' title='bbox 2504 978 2891 1058; x_wconf 65' lang='lat' dir='ltr'><strong>Reipublicae</strong></span> <span class='ocrx_word' id='word_1_404' title='bbox 2922 980 3280 1042; x_wconf 81' lang='lat' dir='ltr'><strong>membrum</strong></span> <span class='ocrx_word' id='word_1_405' title='bbox 3316 997 3439 1040; x_wconf 84' lang='lat' dir='ltr'><strong>sna</strong></span> <span class='ocrx_word' id='word_1_406' title='bbox 3480 979 3723 1058; x_wconf 85' lang='lat' dir='ltr'><strong>propria</strong></span> 
     </span>
    </p>
   </div>
   <div class='ocr_carea' id='block_1_8' title="bbox 2146 1071 3729 1998">
    <p class='ocr_par' dir='ltr' id='par_1_8' title="bbox 2146 1071 3726 1898">
     <span class='ocr_line' id='line_1_58' title="bbox 2146 1071 3725 1156; baseline 0 -22"><span class='ocrx_word' id='word_1_407' title='bbox 2146 1071 2315 1134; x_wconf 88' lang='lat' dir='ltr'><strong>bona</strong></span> <span class='ocrx_word' id='word_1_408' title='bbox 2360 1091 2491 1134; x_wconf 88' lang='lat' dir='ltr'><strong>non</strong></span> <span class='ocrx_word' id='word_1_409' title='bbox 2532 1073 2905 1136; x_wconf 81' lang='lat' dir='ltr'><strong>subtrahere</strong></span> <span class='ocrx_word' id='word_1_410' title='bbox 2928 1119 2945 1148; x_wconf 93' lang='lat'><strong>,</strong></span> <span class='ocrx_word' id='word_1_411' title='bbox 2988 1075 3088 1136; x_wconf 79' lang='lat' dir='ltr'><strong>vel</strong></span> <span class='ocrx_word' id='word_1_412' title='bbox 3133 1074 3465 1156; x_wconf 78' lang='lat' dir='ltr'><strong>denegare</strong></span> <span class='ocrx_word' id='word_1_413' title='bbox 3510 1075 3725 1152; x_wconf 79' lang='lat' dir='ltr'><strong>Reipu-</strong></span> 
     </span>
     <span class='ocr_line' id='line_1_59' title="bbox 2146 1165 3724 1247; baseline 0.002 -22"><span class='ocrx_word' id='word_1_414' title='bbox 2146 1165 2350 1242; x_wconf 61' lang='lat' dir='ltr'><strong>blica,</strong></span> <span class='ocrx_word' id='word_1_415' title='bbox 2401 1165 2655 1245; x_wconf 85' lang='lat' dir='ltr'><strong>quando</strong></span> <span class='ocrx_word' id='word_1_416' title='bbox 2704 1167 2787 1229; x_wconf 87' lang='lat' dir='ltr'><strong>ad</strong></span> <span class='ocrx_word' id='word_1_417' title='bbox 2834 1167 3201 1247; x_wconf 81' lang='lat' dir='ltr'><strong>hujusmodi</strong></span> <span class='ocrx_word' id='word_1_418' title='bbox 3254 1185 3452 1229; x_wconf 86' lang='lat' dir='ltr'><strong>usum</strong></span> <span class='ocrx_word' id='word_1_419' title='bbox 3500 1166 3724 1228; x_wconf 76' lang='lat' dir='ltr'><strong>fuerint</strong></span> 
     </span>
     <span class='ocr_line' id='line_1_60' title="bbox 2148 1258 3725 1323; baseline 0.002 -5"><span class='ocrx_word' id='word_1_420' title='bbox 2148 1258 2526 1320; x_wconf 87' lang='lat' dir='ltr'><strong>necessaria.</strong></span> <span class='ocrx_word' id='word_1_421' title='bbox 2560 1261 2693 1321; x_wconf 84' lang='lat' dir='ltr'><strong>Imo</strong></span> <span class='ocrx_word' id='word_1_422' title='bbox 2722 1279 2851 1322; x_wconf 85' lang='lat' dir='ltr'><strong>non</strong></span> <span class='ocrx_word' id='word_1_423' title='bbox 2881 1261 3085 1322; x_wconf 86' lang='lat' dir='ltr'><strong>solum</strong></span> <span class='ocrx_word' id='word_1_424' title='bbox 3106 1261 3274 1323; x_wconf 89' lang='lat' dir='ltr'><strong>circa</strong></span> <span class='ocrx_word' id='word_1_425' title='bbox 3297 1279 3407 1322; x_wconf 89' lang='lat' dir='ltr'><strong>res</strong></span> <span class='ocrx_word' id='word_1_426' title='bbox 3440 1265 3725 1322; x_wconf 79' lang='lat' dir='ltr'><strong>externas</strong></span> 
     </span>
     <span class='ocr_line' id='line_1_61' title="bbox 2150 1351 3721 1435; baseline 0.002 -23"><span class='ocrx_word' id='word_1_427' title='bbox 2150 1351 2343 1413; x_wconf 82' lang='lat' dir='ltr'><strong>habet</strong></span> <span class='ocrx_word' id='word_1_428' title='bbox 2367 1353 2737 1433; x_wconf 86' lang='lat' dir='ltr'><strong>Respublica</strong></span> <span class='ocrx_word' id='word_1_429' title='bbox 2764 1355 2885 1416; x_wconf 89' lang='lat' dir='ltr'><strong>hoc</strong></span> <span class='ocrx_word' id='word_1_430' title='bbox 2903 1373 3106 1435; x_wconf 77' lang='lat' dir='ltr'><strong>genus</strong></span> <span class='ocrx_word' id='word_1_431' title='bbox 3124 1355 3395 1417; x_wconf 84' lang='lat' dir='ltr'><strong>dominii</strong></span> <span class='ocrx_word' id='word_1_432' title='bbox 3426 1354 3531 1415; x_wconf 83' lang='lat' dir='ltr'><strong>vel</strong></span> <span class='ocrx_word' id='word_1_433' title='bbox 3548 1355 3721 1432; x_wconf 69' lang='lat' dir='ltr'><strong>juria,</strong></span> 
     </span>
     <span class='ocr_line' id='line_1_62' title="bbox 2154 1444 3725 1528; baseline 0.003 -23"><span class='ocrx_word' id='word_1_434' title='bbox 2154 1444 2268 1506; x_wconf 89' lang='lat' dir='ltr'><strong>sed</strong></span> <span class='ocrx_word' id='word_1_435' title='bbox 2296 1446 2485 1506; x_wconf 89' lang='lat' dir='ltr'><strong>etiam</strong></span> <span class='ocrx_word' id='word_1_436' title='bbox 2518 1447 2681 1510; x_wconf 89' lang='lat' dir='ltr'><strong>circa</strong></span> <span class='ocrx_word' id='word_1_437' title='bbox 2700 1449 2873 1528; x_wconf 84' lang='lat' dir='ltr'><strong>ipsas</strong></span> <span class='ocrx_word' id='word_1_438' title='bbox 2898 1467 3203 1528; x_wconf 82' lang='lat' dir='ltr'><strong>personas</strong></span> <span class='ocrx_word' id='word_1_439' title='bbox 3226 1456 3295 1511; x_wconf 87' lang='lat' dir='ltr'><strong>et</strong></span> <span class='ocrx_word' id='word_1_440' title='bbox 3322 1448 3611 1510; x_wconf 82' lang='lat' dir='ltr'><strong>actiones</strong></span> <span class='ocrx_word' id='word_1_441' title='bbox 3632 1467 3725 1510; x_wconf 84' lang='lat' dir='ltr'><strong>ea-</strong></span> 
     </span>
     <span class='ocr_line' id='line_1_63' title="bbox 2152 1537 3725 1622; baseline 0.003 -24"><span class='ocrx_word' id='word_1_442' title='bbox 2152 1553 2319 1612; x_wconf 88' lang='lat' dir='ltr'><strong>rum,</strong></span> <span class='ocrx_word' id='word_1_443' title='bbox 2350 1537 2480 1600; x_wconf 88' lang='lat' dir='ltr'><strong>imo</strong></span> <span class='ocrx_word' id='word_1_444' title='bbox 2508 1546 2570 1602; x_wconf 90' lang='lat' dir='ltr'><strong>et</strong></span> <span class='ocrx_word' id='word_1_445' title='bbox 2606 1541 2771 1602; x_wconf 89' lang='lat' dir='ltr'><strong>circa</strong></span> <span class='ocrx_word' id='word_1_446' title='bbox 2812 1541 3005 1604; x_wconf 81' lang='lat' dir='ltr'><strong>vitam</strong></span> <span class='ocrx_word' id='word_1_447' title='bbox 3032 1543 3261 1622; x_wconf 82' lang='lat' dir='ltr'><strong>ipsam,</strong></span> <span class='ocrx_word' id='word_1_448' title='bbox 3286 1561 3427 1604; x_wconf 83' lang='lat' dir='ltr'><strong>non</strong></span> <span class='ocrx_word' id='word_1_449' title='bbox 3462 1547 3539 1602; x_wconf 87' lang='lat' dir='ltr'><strong>ut</strong></span> <span class='ocrx_word' id='word_1_450' title='bbox 3562 1541 3725 1603; x_wconf 82' lang='lat' dir='ltr'><strong>illam</strong></span> 
     </span>
     <span class='ocr_line' id='line_1_64' title="bbox 2156 1631 3725 1714; baseline 0.004 -25"><span class='ocrx_word' id='word_1_451' title='bbox 2156 1646 2271 1690; x_wconf 89' lang='lat' dir='ltr'><strong>suo</strong></span> <span class='ocrx_word' id='word_1_452' title='bbox 2299 1631 2555 1693; x_wconf 86' lang='lat' dir='ltr'><strong>arbitrio</strong></span> <span class='ocrx_word' id='word_1_453' title='bbox 2592 1635 2785 1712; x_wconf 87' lang='lat' dir='ltr'><strong>possit</strong></span> <span class='ocrx_word' id='word_1_454' title='bbox 2826 1635 3073 1709; x_wconf 90' lang='lat' dir='ltr'><strong>tollere,</strong></span> <span class='ocrx_word' id='word_1_455' title='bbox 3104 1637 3221 1698; x_wconf 88' lang='lat' dir='ltr'><strong>sed</strong></span> <span class='ocrx_word' id='word_1_456' title='bbox 3252 1641 3325 1696; x_wconf 87' lang='lat' dir='ltr'><strong>ut</strong></span> <span class='ocrx_word' id='word_1_457' title='bbox 3354 1635 3725 1714; x_wconf 86' lang='lat' dir='ltr'><strong>cuicumque</strong></span> 
     </span>
     <span class='ocr_line' id='line_1_65' title="bbox 2154 1723 3726 1804; baseline 0.004 -22"><span class='ocrx_word' id='word_1_458' title='bbox 2154 1723 2377 1784; x_wconf 88' lang='lat' dir='ltr'><strong>morali</strong></span> <span class='ocrx_word' id='word_1_459' title='bbox 2418 1726 2727 1804; x_wconf 80' lang='lat' dir='ltr'><strong>pericula,</strong></span> <span class='ocrx_word' id='word_1_460' title='bbox 2778 1727 2829 1788; x_wconf 87' lang='lat' dir='ltr'><strong>si</strong></span> <span class='ocrx_word' id='word_1_461' title='bbox 2876 1729 3305 1791; x_wconf 83' lang='lat' dir='ltr'><strong>necessarium</strong></span> <span class='ocrx_word' id='word_1_462' title='bbox 3344 1728 3563 1802; x_wconf 82' lang='lat' dir='ltr'><strong>fuerit,</strong></span> <span class='ocrx_word' id='word_1_463' title='bbox 3594 1746 3726 1788; x_wconf 87' lang='lat' dir='ltr'><strong>eam</strong></span> 
     </span>
     <span class='ocr_line' id='line_1_66' title="bbox 2162 1819 2927 1898; baseline 0.003 -20"><span class='ocrx_word' id='word_1_464' title='bbox 2162 1834 2479 1895; x_wconf 85' lang='lat' dir='ltr'><strong>exponere</strong></span> <span class='ocrx_word' id='word_1_465' title='bbox 2504 1819 2673 1898; x_wconf 88' lang='lat' dir='ltr'><strong>juste</strong></span> <span class='ocrx_word' id='word_1_466' title='bbox 2700 1821 2927 1883; x_wconf 84' lang='lat' dir='ltr'><strong>valeat.</strong></span> 
     </span>
    </p>

    <p class='ocr_par' dir='ltr' id='par_1_9' title="bbox 2242 1913 3729 1998">
     <span class='ocr_line' id='line_1_67' title="bbox 2242 1913 3729 1998; baseline 0.004 -26"><span class='ocrx_word' id='word_1_467' title='bbox 2242 1913 2303 1972; x_wconf 86' lang='grc'><strong>’1.</strong></span> <span class='ocrx_word' id='word_1_468' title='bbox 2334 1913 2599 1976; x_wconf 67' lang='lat' dir='ltr'><strong>‚Iustitia</strong></span> <span class='ocrx_word' id='word_1_469' title='bbox 2624 1914 2841 1998; x_wconf 67' lang='lat' dir='ltr'><strong>{cyulis</strong></span> <span class='ocrx_word' id='word_1_470' title='bbox 2870 1915 3122 1996; x_wconf 72' lang='lat' dir='ltr'><strong>respicit</strong></span> <span class='ocrx_word' id='word_1_471' title='bbox 3135 1916 3253 1995; x_wconf 73' lang='lat' dir='ltr'><strong>jus</strong></span> <span class='ocrx_word' id='word_1_472' title='bbox 3284 1914 3495 1979; x_wconf 68' lang='lat' dir='ltr'><strong>alm</strong></span> <span class='ocrx_word' id='word_1_473' title='bbox 3514 1913 3729 1994; x_wconf 67' lang='lat' dir='ltr'><strong>Reipu-</strong></span> 
     </span>
    </p>
   </div>
   <div class='ocr_carea' id='block_1_9' title="bbox 2162 2003 3843 2090">
    <p class='ocr_par' dir='ltr' id='par_1_10' title="bbox 2162 2003 3843 2090">
     <span class='ocr_line' id='line_1_68' title="bbox 2162 2003 3843 2090; baseline 0.001 -23"><span class='ocrx_word' id='word_1_474' title='bbox 2162 2003 2351 2068; x_wconf 76' lang='lat' dir='ltr'><strong>blioae.</strong></span> <span class='ocrx_word' id='word_1_475' title='bbox 2364 2037 2449 2052; x_wconf 89' lang='lat'>—</span> <span class='ocrx_word' id='word_1_476' title='bbox 2464 2006 2589 2070; x_wconf 67' lang='lat' dir='ltr'><strong>Gur</strong></span> <span class='ocrx_word' id='word_1_477' title='bbox 2606 2009 2839 2072; x_wconf 73' lang='lat' dir='ltr'><strong>dicitur</strong></span> <span class='ocrx_word' id='word_1_478' title='bbox 2862 2010 3184 2090; x_wconf 61' lang='lat' dir='ltr'><strong>generalis.</strong></span> <span class='ocrx_word' id='word_1_479' title='bbox 3206 2039 3292 2056; x_wconf 92' lang='lat'><strong>—-</strong></span> <span class='ocrx_word' id='word_1_480' title='bbox 3308 2008 3533 2070; x_wconf 83' lang='lat' dir='ltr'><strong>Virtus</strong></span> <span class='ocrx_word' id='word_1_481' title='bbox 3560 2025 3727 2087; x_wconf 81' lang='lat' dir='ltr'><strong>ergo,</strong></span> <span class='ocrx_word' id='word_1_482' title='bbox 3841 2015 3843 2018; x_wconf 82' lang='grc'><strong>’</strong></span> 
     </span>
    </p>
   </div>
   <div class='ocr_carea' id='block_1_10' title="bbox 2146 2101 3731 4986">
    <p class='ocr_par' dir='ltr' id='par_1_11' title="bbox 2146 2101 3731 4986">
     <span class='ocr_line' id='line_1_69' title="bbox 2162 2101 3731 2182; baseline 0.002 -23"><span class='ocrx_word' id='word_1_483' title='bbox 2162 2115 2301 2176; x_wconf 80' lang='lat' dir='ltr'><strong>quae</strong></span> <span class='ocrx_word' id='word_1_484' title='bbox 2328 2102 2821 2182; x_wconf 88' lang='lat' dir='ltr'><strong>unumquodque</strong></span> <span class='ocrx_word' id='word_1_485' title='bbox 2842 2102 3219 2182; x_wconf 69' lang='lat' dir='ltr'><strong>Reipublicae</strong></span> <span class='ocrx_word' id='word_1_486' title='bbox 3246 2101 3621 2164; x_wconf 83' lang='lat' dir='ltr'><strong>membrum</strong></span> <span class='ocrx_word' id='word_1_487' title='bbox 3642 2102 3731 2162; x_wconf 89' lang='lat' dir='ltr'><strong>in-</strong></span> 
     </span>
     <span class='ocr_line' id='line_1_70' title="bbox 2160 2189 3731 2276; baseline 0.003 -25"><span class='ocrx_word' id='word_1_488' title='bbox 2160 2189 2371 2268; x_wconf 86' lang='lat' dir='ltr'><strong>clinat,</strong></span> <span class='ocrx_word' id='word_1_489' title='bbox 2402 2197 2472 2254; x_wconf 86' lang='grc' dir='ltr'><strong>ιιι</strong></span> <span class='ocrx_word' id='word_1_490' title='bbox 2512 2213 2627 2256; x_wconf 89' lang='lat' dir='ltr'><strong>suo</strong></span> <span class='ocrx_word' id='word_1_491' title='bbox 2660 2195 2849 2257; x_wconf 89' lang='lat' dir='ltr'><strong>modo</strong></span> <span class='ocrx_word' id='word_1_492' title='bbox 2874 2241 2890 2270; x_wconf 89' lang='lat'><strong>,</strong></span> <span class='ocrx_word' id='word_1_493' title='bbox 2934 2201 2997 2257; x_wconf 88' lang='lat' dir='ltr'><strong>et</strong></span> <span class='ocrx_word' id='word_1_494' title='bbox 3040 2201 3353 2276; x_wconf 80' lang='lat' dir='ltr'><strong>quantum</strong></span> <span class='ocrx_word' id='word_1_495' title='bbox 3402 2194 3489 2255; x_wconf 89' lang='lat' dir='ltr'><strong>ad</strong></span> <span class='ocrx_word' id='word_1_496' title='bbox 3534 2194 3731 2273; x_wconf 80' lang='lat' dir='ltr'><strong>ipsum</strong></span> 
     </span>
     <span class='ocr_line' id='line_1_71' title="bbox 2158 2287 3729 2367; baseline 0.002 -22"><span class='ocrx_word' id='word_1_497' title='bbox 2158 2289 2421 2363; x_wconf 86' lang='lat' dir='ltr'><strong>spectat,</strong></span> <span class='ocrx_word' id='word_1_498' title='bbox 2450 2287 2571 2348; x_wconf 88' lang='lat' dir='ltr'><strong>hoc</strong></span> <span class='ocrx_word' id='word_1_499' title='bbox 2604 2288 2711 2366; x_wconf 87' lang='lat' dir='ltr'><strong>jus</strong></span> <span class='ocrx_word' id='word_1_500' title='bbox 2754 2307 2883 2350; x_wconf 77' lang='lat' dir='ltr'><strong>suae</strong></span> <span class='ocrx_word' id='word_1_501' title='bbox 2922 2288 3302 2367; x_wconf 74' lang='lat' dir='ltr'><strong>Reipublicae</strong></span> <span class='ocrx_word' id='word_1_502' title='bbox 3338 2288 3607 2358; x_wconf 76' lang='lat' dir='ltr'><strong>tribuat,</strong></span> <span class='ocrx_word' id='word_1_503' title='bbox 3634 2289 3729 2348; x_wconf 69' lang='lat' dir='ltr'><strong>vel</strong></span> 
     </span>
     <span class='ocr_line' id='line_1_72' title="bbox 2156 2377 3725 2462; baseline 0.003 -24"><span class='ocrx_word' id='word_1_504' title='bbox 2156 2377 2415 2440; x_wconf 76' lang='lat' dir='ltr'><strong>inaesum</strong></span> <span class='ocrx_word' id='word_1_505' title='bbox 2444 2381 2785 2455; x_wconf 88' lang='lat' dir='ltr'><strong>custodiat,</strong></span> <span class='ocrx_word' id='word_1_506' title='bbox 2819 2381 3107 2462; x_wconf 84' lang='lat' dir='ltr'><strong>specialis</strong></span> <span class='ocrx_word' id='word_1_507' title='bbox 3140 2381 3445 2460; x_wconf 64' lang='lat' dir='ltr'><strong>quaedam</strong></span> <span class='ocrx_word' id='word_1_508' title='bbox 3487 2381 3725 2460; x_wconf 82' lang='lat' dir='ltr'><strong>justitia</strong></span> 
     </span>
     <span class='ocr_line' id='line_1_73' title="bbox 2156 2475 3722 2551; baseline 0.001 -15"><span class='ocrx_word' id='word_1_509' title='bbox 2156 2478 2253 2536; x_wconf 88' lang='lat' dir='ltr'><strong>est</strong></span> <span class='ocrx_word' id='word_1_510' title='bbox 2280 2475 2567 2538; x_wconf 82' lang='lat' dir='ltr'><strong>distincta</strong></span> <span class='ocrx_word' id='word_1_511' title='bbox 2608 2495 2647 2538; x_wconf 90' lang='lat' dir='ltr'><strong>a</strong></span> <span class='ocrx_word' id='word_1_512' title='bbox 2688 2478 3137 2539; x_wconf 80' lang='lat' dir='ltr'><strong>eommutafiva</strong></span> <span class='ocrx_word' id='word_1_513' title='bbox 3176 2483 3241 2538; x_wconf 89' lang='lat' dir='ltr'><strong>et</strong></span> <span class='ocrx_word' id='word_1_514' title='bbox 3288 2476 3722 2551; x_wconf 78' lang='lat' dir='ltr'><strong>distributiva3</strong></span> 
     </span>
     <span class='ocr_line' id='line_1_74' title="bbox 2154 2568 3727 2647; baseline 0.001 -19"><span class='ocrx_word' id='word_1_515' title='bbox 2154 2583 2307 2628; x_wconf 86' lang='lat' dir='ltr'><strong>nam</strong></span> <span class='ocrx_word' id='word_1_516' title='bbox 2340 2569 2591 2647; x_wconf 86' lang='lat' dir='ltr'><strong>respicit</strong></span> <span class='ocrx_word' id='word_1_517' title='bbox 2620 2569 2977 2632; x_wconf 86' lang='lat' dir='ltr'><strong>distinctam</strong></span> <span class='ocrx_word' id='word_1_518' title='bbox 3006 2569 3319 2632; x_wconf 83' lang='lat' dir='ltr'><strong>rationem</strong></span> <span class='ocrx_word' id='word_1_519' title='bbox 3340 2568 3512 2647; x_wconf 80' lang='lat' dir='ltr'><strong>jun&#39;s</strong></span> <span class='ocrx_word' id='word_1_520' title='bbox 3538 2575 3603 2630; x_wconf 84' lang='lat' dir='ltr'><strong>et</strong></span> <span class='ocrx_word' id='word_1_521' title='bbox 3622 2571 3727 2630; x_wconf 79' lang='lat' dir='ltr'><strong>de-</strong></span> 
     </span>
     <span class='ocr_line' id='line_1_75' title="bbox 2154 2661 3727 2742; baseline 0.001 -20"><span class='ocrx_word' id='word_1_522' title='bbox 2154 2661 2289 2734; x_wconf 86' lang='lat' dir='ltr'><strong>biti,</strong></span> <span class='ocrx_word' id='word_1_523' title='bbox 2310 2667 2379 2722; x_wconf 87' lang='grc' dir='ltr'><strong>ιιι</strong></span> <span class='ocrx_word' id='word_1_524' title='bbox 2406 2661 2569 2724; x_wconf 88' lang='lat' dir='ltr'><strong>dicta</strong></span> <span class='ocrx_word' id='word_1_525' title='bbox 2596 2663 3021 2726; x_wconf 85' lang='lat' dir='ltr'><strong>declaratione</strong></span> <span class='ocrx_word' id='word_1_526' title='bbox 3046 2681 3191 2725; x_wconf 88' lang='lat' dir='ltr'><strong>cum</strong></span> <span class='ocrx_word' id='word_1_527' title='bbox 3218 2663 3727 2742; x_wconf 78' lang='lat' dir='ltr'><strong>omnibns-supc-</strong></span> 
     </span>
     <span class='ocr_line' id='line_1_76' title="bbox 2152 2755 3719 2838; baseline 0.001 -22"><span class='ocrx_word' id='word_1_528' title='bbox 2152 2755 2285 2816; x_wconf 89' lang='lat' dir='ltr'><strong>rius</strong></span> <span class='ocrx_word' id='word_1_529' title='bbox 2328 2756 2569 2818; x_wconf 88' lang='lat' dir='ltr'><strong>traditis</strong></span> <span class='ocrx_word' id='word_1_530' title='bbox 2596 2759 2749 2820; x_wconf 80' lang='lat' dir='ltr'><strong>satis</strong></span> <span class='ocrx_word' id='word_1_531' title='bbox 2800 2765 3067 2820; x_wconf 88' lang='lat' dir='ltr'><strong>constat.</strong></span> <span class='ocrx_word' id='word_1_532' title='bbox 3102 2759 3179 2820; x_wconf 89' lang='lat' dir='ltr'><strong>Et</strong></span> <span class='ocrx_word' id='word_1_533' title='bbox 3204 2757 3517 2838; x_wconf 84' lang='lat' dir='ltr'><strong>peculiari</strong></span> <span class='ocrx_word' id='word_1_534' title='bbox 3547 2757 3719 2818; x_wconf 87' lang='lat' dir='ltr'><strong>etiam</strong></span> 
     </span>
     <span class='ocr_line' id='line_1_77' title="bbox 2152 2849 3725 2931; baseline 0.001 -21"><span class='ocrx_word' id='word_1_535' title='bbox 2152 2849 2343 2910; x_wconf 87' lang='lat' dir='ltr'><strong>modo</strong></span> <span class='ocrx_word' id='word_1_536' title='bbox 2384 2850 2577 2912; x_wconf 87' lang='lat' dir='ltr'><strong>habet</strong></span> <span class='ocrx_word' id='word_1_537' title='bbox 2620 2857 2977 2931; x_wconf 85' lang='lat' dir='ltr'><strong>respectum</strong></span> <span class='ocrx_word' id='word_1_538' title='bbox 3018 2851 3103 2914; x_wconf 87' lang='lat' dir='ltr'><strong>ad</strong></span> <span class='ocrx_word' id='word_1_539' title='bbox 3138 2851 3455 2928; x_wconf 82' lang='lat' dir='ltr'><strong>altemm3</strong></span> <span class='ocrx_word' id='word_1_540' title='bbox 3485 2851 3725 2930; x_wconf 85' lang='lat' dir='ltr'><strong>respicit</strong></span> 
     </span>
     <span class='ocr_line' id='line_1_78' title="bbox 2156 2941 3723 3024; baseline 0.003 -22"><span class='ocrx_word' id='word_1_541' title='bbox 2156 2941 2325 3003; x_wconf 88' lang='lat' dir='ltr'><strong>enim</strong></span> <span class='ocrx_word' id='word_1_542' title='bbox 2366 2945 2868 3023; x_wconf 86' lang='lat' dir='ltr'><strong>Rempublicam,</strong></span> <span class='ocrx_word' id='word_1_543' title='bbox 2898 2950 2969 3006; x_wconf 91' lang='grc' dir='ltr'><strong>ιιι</strong></span> <span class='ocrx_word' id='word_1_544' title='bbox 3008 2950 3209 3006; x_wconf 82' lang='grc' dir='ltr'>ιοιιιιιι</span> <span class='ocrx_word' id='word_1_545' title='bbox 3246 2945 3577 3024; x_wconf 86' lang='lat' dir='ltr'><strong>quoddam</strong></span> <span class='ocrx_word' id='word_1_546' title='bbox 3618 2946 3723 3006; x_wconf 83' lang='lat' dir='ltr'><strong>ha-</strong></span> 
     </span>
     <span class='ocr_line' id='line_1_79' title="bbox 2152 3035 3727 3118; baseline 0.001 -22"><span class='ocrx_word' id='word_1_547' title='bbox 2152 3035 2315 3097; x_wconf 87' lang='lat' dir='ltr'><strong>bens</strong></span> <span class='ocrx_word' id='word_1_548' title='bbox 2362 3039 2746 3116; x_wconf 82' lang='lat' dir='ltr'><strong>peculiarem</strong></span> <span class='ocrx_word' id='word_1_549' title='bbox 2774 3039 3036 3100; x_wconf 89' lang='lat' dir='ltr'><strong>modum</strong></span> <span class='ocrx_word' id='word_1_550' title='bbox 3052 3038 3217 3118; x_wconf 80' lang='lat' dir='ltr'><strong>juris</strong></span> <span class='ocrx_word' id='word_1_551' title='bbox 3266 3039 3351 3099; x_wconf 87' lang='lat' dir='ltr'><strong>ad</strong></span> <span class='ocrx_word' id='word_1_552' title='bbox 3398 3038 3569 3100; x_wconf 87' lang='lat' dir='ltr'><strong>bona</strong></span> <span class='ocrx_word' id='word_1_553' title='bbox 3604 3037 3727 3098; x_wconf 86' lang='lat' dir='ltr'><strong>sin-</strong></span> 
     </span>
     <span class='ocr_line' id='line_1_80' title="bbox 2154 3130 3725 3212; baseline 0.001 -22"><span class='ocrx_word' id='word_1_554' title='bbox 2154 3130 2447 3209; x_wconf 80' lang='lat' dir='ltr'><strong>gulorum</strong></span> <span class='ocrx_word' id='word_1_555' title='bbox 2488 3132 2937 3205; x_wconf 82' lang='lat' dir='ltr'><strong>membrorum,</strong></span> <span class='ocrx_word' id='word_1_556' title='bbox 2970 3132 3139 3212; x_wconf 90' lang='lat' dir='ltr'><strong>quod</strong></span> <span class='ocrx_word' id='word_1_557' title='bbox 3170 3151 3301 3193; x_wconf 87' lang='lat' dir='ltr'><strong>non</strong></span> <span class='ocrx_word' id='word_1_558' title='bbox 3328 3132 3573 3194; x_wconf 84' lang='lat' dir='ltr'><strong>habent</strong></span> <span class='ocrx_word' id='word_1_559' title='bbox 3596 3131 3725 3191; x_wconf 79' lang='lat' dir='ltr'><strong>aliae</strong></span> 
     </span>
     <span class='ocr_line' id='line_1_81' title="bbox 2146 3223 3725 3306; baseline 0 -21"><span class='ocrx_word' id='word_1_560' title='bbox 2146 3223 2427 3304; x_wconf 67' lang='lat' dir='ltr'><strong>justitiae,</strong></span> <span class='ocrx_word' id='word_1_561' title='bbox 2460 3230 2529 3285; x_wconf 89' lang='grc' dir='ltr'><strong>ιιι</strong></span> <span class='ocrx_word' id='word_1_562' title='bbox 2552 3232 2815 3287; x_wconf 78' lang='lat' dir='ltr'><strong>constat.</strong></span> <span class='ocrx_word' id='word_1_563' title='bbox 2849 3228 2939 3287; x_wconf 79' lang='lat' dir='ltr'><strong>Ac</strong></span> <span class='ocrx_word' id='word_1_564' title='bbox 2967 3232 3303 3306; x_wconf 80' lang='lat' dir='ltr'><strong>propterea</strong></span> <span class='ocrx_word' id='word_1_565' title='bbox 3331 3226 3477 3287; x_wconf 79' lang='lat' dir='ltr'><strong>baec</strong></span> <span class='ocrx_word' id='word_1_566' title='bbox 3494 3225 3725 3304; x_wconf 84' lang='lat' dir='ltr'><strong>justitia</strong></span> 
     </span>
     <span class='ocr_line' id='line_1_82' title="bbox 2154 3318 3723 3399; baseline 0 -20"><span class='ocrx_word' id='word_1_567' title='bbox 2154 3318 2467 3397; x_wconf 79' lang='lat' dir='ltr'><strong>generalis</strong></span> <span class='ocrx_word' id='word_1_568' title='bbox 2482 3318 2647 3381; x_wconf 86' lang='lat' dir='ltr'><strong>dicta</strong></span> <span class='ocrx_word' id='word_1_569' title='bbox 2665 3326 2781 3393; x_wconf 89' lang='lat' dir='ltr'><strong>est,</strong></span> <span class='ocrx_word' id='word_1_570' title='bbox 2801 3318 2901 3381; x_wconf 84' lang='lat' dir='ltr'><strong>vel</strong></span> <span class='ocrx_word' id='word_1_571' title='bbox 2928 3338 3006 3381; x_wconf 81' lang='lat' dir='ltr'><strong>ex</strong></span> <span class='ocrx_word' id='word_1_572' title='bbox 3036 3328 3219 3399; x_wconf 89' lang='lat' dir='ltr'><strong>parte</strong></span> <span class='ocrx_word' id='word_1_573' title='bbox 3240 3320 3413 3380; x_wconf 86' lang='lat' dir='ltr'><strong>illius</strong></span> <span class='ocrx_word' id='word_1_574' title='bbox 3432 3318 3519 3381; x_wconf 83' lang='lat' dir='ltr'><strong>ad</strong></span> <span class='ocrx_word' id='word_1_575' title='bbox 3544 3336 3723 3399; x_wconf 87' lang='lat' dir='ltr'><strong>quem</strong></span> 
     </span>
     <span class='ocr_line' id='line_1_83' title="bbox 2160 3410 3727 3492; baseline 0.001 -20"><span class='ocrx_word' id='word_1_576' title='bbox 2160 3410 2503 3485; x_wconf 84' lang='lat' dir='ltr'><strong>ordinatur,</strong></span> <span class='ocrx_word' id='word_1_577' title='bbox 2534 3417 2599 3473; x_wconf 89' lang='lat' dir='ltr'><strong>et</strong></span> <span class='ocrx_word' id='word_1_578' title='bbox 2624 3417 2915 3492; x_wconf 86' lang='lat' dir='ltr'><strong>respectu</strong></span> <span class='ocrx_word' id='word_1_579' title='bbox 2954 3412 3145 3474; x_wconf 78' lang='lat' dir='ltr'><strong>etiam</strong></span> <span class='ocrx_word' id='word_1_580' title='bbox 3182 3412 3349 3492; x_wconf 85' lang='lat' dir='ltr'><strong>juris</strong></span> <span class='ocrx_word' id='word_1_581' title='bbox 3384 3412 3563 3492; x_wconf 87' lang='lat' dir='ltr'><strong>quod</strong></span> <span class='ocrx_word' id='word_1_582' title='bbox 3604 3432 3727 3474; x_wconf 80' lang='lat' dir='ltr'><strong>res-</strong></span> 
     </span>
     <span class='ocr_line' id='line_1_84' title="bbox 2156 3504 3719 3585; baseline 0.001 -20"><span class='ocrx_word' id='word_1_583' title='bbox 2156 3504 2307 3582; x_wconf 87' lang='lat' dir='ltr'><strong>picit</strong></span> <span class='ocrx_word' id='word_1_584' title='bbox 2338 3524 2355 3577; x_wconf 85' lang='lat'><em>;</em></span> <span class='ocrx_word' id='word_1_585' title='bbox 2392 3522 2541 3566; x_wconf 89' lang='lat' dir='ltr'><strong>nam</strong></span> <span class='ocrx_word' id='word_1_586' title='bbox 2568 3524 2715 3567; x_wconf 89' lang='lat' dir='ltr'><strong>cum</strong></span> <span class='ocrx_word' id='word_1_587' title='bbox 2742 3507 2823 3568; x_wconf 87' lang='lat' dir='ltr'><strong>sit</strong></span> <span class='ocrx_word' id='word_1_588' title='bbox 2850 3506 3179 3585; x_wconf 86' lang='lat' dir='ltr'><strong>cujusdam</strong></span> <span class='ocrx_word' id='word_1_589' title='bbox 3230 3506 3431 3567; x_wconf 82' lang='lat' dir='ltr'><strong>totius</strong></span> <span class='ocrx_word' id='word_1_590' title='bbox 3470 3506 3719 3585; x_wconf 83' lang='lat' dir='ltr'><strong>politici,</strong></span> 
     </span>
     <span class='ocr_line' id='line_1_85' title="bbox 2156 3599 3719 3679; baseline 0 -20"><span class='ocrx_word' id='word_1_591' title='bbox 2156 3604 2252 3659; x_wconf 88' lang='lat' dir='ltr'><strong>est</strong></span> <span class='ocrx_word' id='word_1_592' title='bbox 2314 3600 2495 3676; x_wconf 88' lang='lat' dir='ltr'><strong>quasi</strong></span> <span class='ocrx_word' id='word_1_593' title='bbox 2541 3600 2855 3679; x_wconf 78' lang='lat' dir='ltr'><strong>generalis</strong></span> <span class='ocrx_word' id='word_1_594' title='bbox 2928 3599 3215 3661; x_wconf 85' lang='lat' dir='ltr'><strong>omnium</strong></span> <span class='ocrx_word' id='word_1_595' title='bbox 3270 3616 3688 3679; x_wconf 78' lang='lat' dir='ltr'><strong>personarum</strong></span> <span class='ocrx_word' id='word_1_596' title='bbox 3705 3646 3719 3669; x_wconf 92' lang='lat'><strong>,</strong></span> 
     </span>
     <span class='ocr_line' id='line_1_86' title="bbox 2154 3692 3723 3773; baseline 0 -20"><span class='ocrx_word' id='word_1_597' title='bbox 2154 3710 2297 3771; x_wconf 63' lang='lat' dir='ltr'><strong>quae</strong></span> <span class='ocrx_word' id='word_1_598' title='bbox 2316 3696 2463 3754; x_wconf 89' lang='lat' dir='ltr'><strong>sunt</strong></span> <span class='ocrx_word' id='word_1_599' title='bbox 2496 3700 2710 3773; x_wconf 85' lang='lat' dir='ltr'><strong>partes</strong></span> <span class='ocrx_word' id='word_1_600' title='bbox 2734 3694 2903 3755; x_wconf 80' lang='lat' dir='ltr'><strong>illius</strong></span> <span class='ocrx_word' id='word_1_601' title='bbox 2928 3692 3154 3767; x_wconf 79' lang='lat' dir='ltr'><strong>totius3</strong></span> <span class='ocrx_word' id='word_1_602' title='bbox 3180 3692 3282 3753; x_wconf 81' lang='lat' dir='ltr'><strong>vel</strong></span> <span class='ocrx_word' id='word_1_603' title='bbox 3300 3694 3495 3755; x_wconf 81' lang='lat' dir='ltr'><strong>etiam</strong></span> <span class='ocrx_word' id='word_1_604' title='bbox 3512 3692 3723 3755; x_wconf 77' lang='lat' dir='ltr'><strong>dicitur</strong></span> 
     </span>
     <span class='ocr_line' id='line_1_87' title="bbox 2154 3784 3716 3867; baseline -0.001 -20"><span class='ocrx_word' id='word_1_605' title='bbox 2154 3786 2467 3865; x_wconf 82' lang='lat' dir='ltr'><strong>generalis</strong></span> <span class='ocrx_word' id='word_1_606' title='bbox 2518 3786 2883 3867; x_wconf 81' lang='lat' dir='ltr'><strong>causalitate</strong></span> <span class='ocrx_word' id='word_1_607' title='bbox 2915 3831 2932 3860; x_wconf 93' lang='lat'><strong>,</strong></span> <span class='ocrx_word' id='word_1_608' title='bbox 2992 3786 3145 3865; x_wconf 85' lang='lat' dir='ltr'><strong>quia</strong></span> <span class='ocrx_word' id='word_1_609' title='bbox 3188 3784 3271 3847; x_wconf 83' lang='lat' dir='ltr'><strong>ad</strong></span> <span class='ocrx_word' id='word_1_610' title='bbox 3308 3786 3491 3847; x_wconf 86' lang='lat' dir='ltr'><strong>hunc</strong></span> <span class='ocrx_word' id='word_1_611' title='bbox 3542 3786 3716 3847; x_wconf 84' lang='lat' dir='ltr'><strong>tinem</strong></span> 
     </span>
     <span class='ocr_line' id='line_1_88' title="bbox 2156 3878 3719 3960; baseline -0.001 -19"><span class='ocrx_word' id='word_1_612' title='bbox 2156 3880 2509 3941; x_wconf 85' lang='lat' dir='ltr'><strong>communis</strong></span> <span class='ocrx_word' id='word_1_613' title='bbox 2530 3880 2680 3941; x_wconf 90' lang='lat' dir='ltr'><strong>boni</strong></span> <span class='ocrx_word' id='word_1_614' title='bbox 2706 3880 3083 3960; x_wconf 69' lang='lat' dir='ltr'><strong>Reipublicae</strong></span> <span class='ocrx_word' id='word_1_615' title='bbox 3126 3878 3400 3941; x_wconf 70' lang='lat' dir='ltr'><strong>aliarum</strong></span> <span class='ocrx_word' id='word_1_616' title='bbox 3430 3879 3719 3941; x_wconf 79' lang='lat' dir='ltr'><strong>virtutum</strong></span> 
     </span>
     <span class='ocr_line' id='line_1_89' title="bbox 2158 3972 3717 4053; baseline -0.001 -19"><span class='ocrx_word' id='word_1_617' title='bbox 2158 3973 2437 4035; x_wconf 82' lang='lat' dir='ltr'><strong>actiones</strong></span> <span class='ocrx_word' id='word_1_618' title='bbox 2464 3972 2775 4051; x_wconf 87' lang='lat' dir='ltr'><strong>imperare</strong></span> <span class='ocrx_word' id='word_1_619' title='bbox 2800 3978 3025 4053; x_wconf 90' lang='lat' dir='ltr'><strong>potest,</strong></span> <span class='ocrx_word' id='word_1_620' title='bbox 3062 3990 3193 4033; x_wconf 90' lang='lat' dir='ltr'><strong>non</strong></span> <span class='ocrx_word' id='word_1_621' title='bbox 3232 3972 3357 4034; x_wconf 87' lang='lat' dir='ltr'><strong>sub</strong></span> <span class='ocrx_word' id='word_1_622' title='bbox 3384 3992 3465 4035; x_wconf 89' lang='lat' dir='ltr'><strong>ea</strong></span> <span class='ocrx_word' id='word_1_623' title='bbox 3494 3974 3717 4035; x_wconf 85' lang='lat' dir='ltr'><strong>ratione</strong></span> 
     </span>
     <span class='ocr_line' id='line_1_90' title="bbox 2156 4064 3718 4146; baseline 0.001 -20"><span class='ocrx_word' id='word_1_624' title='bbox 2156 4084 2282 4145; x_wconf 85' lang='lat' dir='ltr'><strong>qua</strong></span> <span class='ocrx_word' id='word_1_625' title='bbox 2322 4066 2595 4127; x_wconf 86' lang='lat' dir='ltr'><strong>charitas</strong></span> <span class='ocrx_word' id='word_1_626' title='bbox 2627 4066 2731 4128; x_wconf 77' lang='lat' dir='ltr'><strong>vel</strong></span> <span class='ocrx_word' id='word_1_627' title='bbox 2782 4065 3009 4146; x_wconf 88' lang='lat' dir='ltr'><strong>pietas,</strong></span> <span class='ocrx_word' id='word_1_628' title='bbox 3042 4064 3155 4127; x_wconf 88' lang='lat' dir='ltr'><strong>sed</strong></span> <span class='ocrx_word' id='word_1_629' title='bbox 3184 4066 3304 4127; x_wconf 83' lang='lat' dir='ltr'><strong>sub</strong></span> <span class='ocrx_word' id='word_1_630' title='bbox 3346 4066 3475 4128; x_wconf 82' lang='lat' dir='ltr'><strong>hae</strong></span> <span class='ocrx_word' id='word_1_631' title='bbox 3498 4068 3718 4145; x_wconf 81' lang='lat' dir='ltr'><strong>specia-</strong></span> 
     </span>
     <span class='ocr_line' id='line_1_91' title="bbox 2153 4154 3717 4238; baseline 0.001 -18"><span class='ocrx_word' id='word_1_632' title='bbox 2153 4158 2221 4231; x_wconf 90' lang='lat' dir='ltr'><strong>li,</strong></span> <span class='ocrx_word' id='word_1_633' title='bbox 2266 4175 2409 4236; x_wconf 84' lang='lat' dir='ltr'><strong>quae</strong></span> <span class='ocrx_word' id='word_1_634' title='bbox 2460 4163 2556 4219; x_wconf 85' lang='lat' dir='ltr'><strong>est</strong></span> <span class='ocrx_word' id='word_1_635' title='bbox 2608 4154 2877 4221; x_wconf 79' lang='lat' dir='ltr'><strong>reddere</strong></span> <span class='ocrx_word' id='word_1_636' title='bbox 2924 4158 3305 4237; x_wconf 65' lang='lat' dir='ltr'><strong>Reipublicae</strong></span> <span class='ocrx_word' id='word_1_637' title='bbox 3360 4159 3717 4238; x_wconf 64' lang='lat' dir='ltr'><strong>predictum</strong></span> 
     </span>
     <span class='ocr_line' id='line_1_92' title="bbox 2146 4252 3717 4332; baseline 0 -19"><span class='ocrx_word' id='word_1_638' title='bbox 2146 4253 2277 4332; x_wconf 82' lang='lat' dir='ltr'><strong>jus,</strong></span> <span class='ocrx_word' id='word_1_639' title='bbox 2312 4258 2645 4331; x_wconf 86' lang='lat' dir='ltr'><strong>quantum,</strong></span> <span class='ocrx_word' id='word_1_640' title='bbox 2676 4252 2931 4327; x_wconf 84' lang='lat' dir='ltr'><strong>scilicet,</strong></span> <span class='ocrx_word' id='word_1_641' title='bbox 2978 4252 3061 4314; x_wconf 89' lang='lat' dir='ltr'><strong>ad</strong></span> <span class='ocrx_word' id='word_1_642' title='bbox 3114 4252 3281 4315; x_wconf 84' lang='lat' dir='ltr'><strong>hunc</strong></span> <span class='ocrx_word' id='word_1_643' title='bbox 3332 4252 3535 4315; x_wconf 84' lang='lat' dir='ltr'><strong>finem</strong></span> <span class='ocrx_word' id='word_1_644' title='bbox 3584 4270 3717 4313; x_wconf 80' lang='lat' dir='ltr'><strong>usus</strong></span> 
     </span>
     <span class='ocr_line' id='line_1_93' title="bbox 2153 4346 3711 4425; baseline -0.002 -18"><span class='ocrx_word' id='word_1_645' title='bbox 2153 4346 2417 4407; x_wconf 84' lang='lat' dir='ltr'><strong>aliarum</strong></span> <span class='ocrx_word' id='word_1_646' title='bbox 2472 4346 2770 4407; x_wconf 84' lang='lat' dir='ltr'><strong>virtutum</strong></span> <span class='ocrx_word' id='word_1_647' title='bbox 2830 4362 2971 4407; x_wconf 86' lang='lat' dir='ltr'><strong>esse</strong></span> <span class='ocrx_word' id='word_1_648' title='bbox 3038 4350 3245 4425; x_wconf 89' lang='lat' dir='ltr'><strong>potest</strong></span> <span class='ocrx_word' id='word_1_649' title='bbox 3298 4347 3711 4409; x_wconf 83' lang='lat' dir='ltr'><strong>necessarius.</strong></span> 
     </span>
     <span class='ocr_line' id='line_1_94' title="bbox 2156 4438 3713 4519; baseline -0.001 -20"><span class='ocrx_word' id='word_1_650' title='bbox 2156 4440 2425 4501; x_wconf 85' lang='lat' dir='ltr'><strong>Vocatur</strong></span> <span class='ocrx_word' id='word_1_651' title='bbox 2456 4440 2643 4501; x_wconf 87' lang='lat' dir='ltr'><strong>etiam</strong></span> <span class='ocrx_word' id='word_1_652' title='bbox 2676 4440 2813 4501; x_wconf 58' lang='lat' dir='ltr'><strong>haec</strong></span> <span class='ocrx_word' id='word_1_653' title='bbox 2832 4438 3075 4518; x_wconf 84' lang='lat' dir='ltr'><strong>justitia</strong></span> <span class='ocrx_word' id='word_1_654' title='bbox 3116 4438 3363 4519; x_wconf 81' lang='lat' dir='ltr'><strong>legalis,</strong></span> <span class='ocrx_word' id='word_1_655' title='bbox 3394 4456 3529 4501; x_wconf 90' lang='lat' dir='ltr'><strong>non</strong></span> <span class='ocrx_word' id='word_1_656' title='bbox 3585 4439 3713 4519; x_wconf 80' lang='lat' dir='ltr'><strong>quia</strong></span> 
     </span>
     <span class='ocr_line' id='line_1_95' title="bbox 2152 4531 3711 4612; baseline -0.003 -17"><span class='ocrx_word' id='word_1_657' title='bbox 2152 4532 2237 4595; x_wconf 87' lang='lat' dir='ltr'><strong>ad</strong></span> <span class='ocrx_word' id='word_1_658' title='bbox 2262 4532 2435 4594; x_wconf 88' lang='lat' dir='ltr'><strong>illam</strong></span> <span class='ocrx_word' id='word_1_659' title='bbox 2462 4551 2577 4612; x_wconf 88' lang='lat' dir='ltr'><strong>per</strong></span> <span class='ocrx_word' id='word_1_660' title='bbox 2612 4550 2683 4594; x_wconf 89' lang='lat' dir='ltr'><strong>se</strong></span> <span class='ocrx_word' id='word_1_661' title='bbox 2732 4537 2796 4594; x_wconf 89' lang='lat' dir='ltr'><strong>et</strong></span> <span class='ocrx_word' id='word_1_662' title='bbox 2832 4531 3181 4593; x_wconf 83' lang='lat' dir='ltr'><strong>formaliter</strong></span> <span class='ocrx_word' id='word_1_663' title='bbox 3214 4537 3462 4610; x_wconf 77' lang='lat' dir='ltr'><strong>spectet</strong></span> <span class='ocrx_word' id='word_1_664' title='bbox 3506 4550 3711 4611; x_wconf 83' lang='lat' dir='ltr'><strong>parere</strong></span> 
     </span>
     <span class='ocr_line' id='line_1_96' title="bbox 2152 4624 3707 4707; baseline -0.003 -19"><span class='ocrx_word' id='word_1_665' title='bbox 2152 4626 2419 4707; x_wconf 84' lang='lat' dir='ltr'><strong>legibus,</strong></span> <span class='ocrx_word' id='word_1_666' title='bbox 2451 4627 2573 4688; x_wconf 91' lang='lat' dir='ltr'><strong>hoc</strong></span> <span class='ocrx_word' id='word_1_667' title='bbox 2602 4626 2771 4689; x_wconf 87' lang='lat' dir='ltr'><strong>enim</strong></span> <span class='ocrx_word' id='word_1_668' title='bbox 2824 4624 3197 4686; x_wconf 59' lang='lat' dir='ltr'><strong>obedientia</strong></span> <span class='ocrx_word' id='word_1_669' title='bbox 3222 4630 3361 4697; x_wconf 79' lang='lat' dir='ltr'><strong>est;</strong></span> <span class='ocrx_word' id='word_1_670' title='bbox 3406 4625 3525 4686; x_wconf 85' lang='lat' dir='ltr'><strong>sed</strong></span> <span class='ocrx_word' id='word_1_671' title='bbox 3556 4625 3707 4705; x_wconf 82' lang='lat' dir='ltr'><strong>quia,</strong></span> 
     </span>
     <span class='ocr_line' id='line_1_97' title="bbox 2154 4718 3711 4799; baseline -0.001 -18"><span class='ocrx_word' id='word_1_672' title='bbox 2154 4720 2317 4781; x_wconf 85' lang='lat' dir='ltr'><strong>sicut</strong></span> <span class='ocrx_word' id='word_1_673' title='bbox 2342 4719 2445 4781; x_wconf 86' lang='lat' dir='ltr'><strong>lex</strong></span> <span class='ocrx_word' id='word_1_674' title='bbox 2464 4764 2480 4793; x_wconf 97' lang='lat'><strong>,</strong></span> <span class='ocrx_word' id='word_1_675' title='bbox 2532 4724 2601 4780; x_wconf 88' lang='lat' dir='ltr'><strong>ut</strong></span> <span class='ocrx_word' id='word_1_676' title='bbox 2641 4718 2813 4799; x_wconf 78' lang='lat' dir='ltr'><strong>justa</strong></span> <span class='ocrx_word' id='word_1_677' title='bbox 2848 4718 2949 4793; x_wconf 89' lang='lat' dir='ltr'><strong>sit,</strong></span> <span class='ocrx_word' id='word_1_678' title='bbox 2990 4718 3181 4781; x_wconf 85' lang='lat' dir='ltr'><strong>debet</strong></span> <span class='ocrx_word' id='word_1_679' title='bbox 3223 4736 3573 4781; x_wconf 79' lang='lat' dir='ltr'><strong>commune</strong></span> <span class='ocrx_word' id='word_1_680' title='bbox 3612 4718 3711 4779; x_wconf 83' lang='lat' dir='ltr'><strong>bo-</strong></span> 
     </span>
     <span class='ocr_line' id='line_1_98' title="bbox 2151 4810 3709 4891; baseline -0.003 -18"><span class='ocrx_word' id='word_1_681' title='bbox 2151 4830 2307 4873; x_wconf 90' lang='lat' dir='ltr'><strong>num</strong></span> <span class='ocrx_word' id='word_1_682' title='bbox 2334 4812 2635 4890; x_wconf 85' lang='lat' dir='ltr'><strong>primario</strong></span> <span class='ocrx_word' id='word_1_683' title='bbox 2678 4811 3029 4891; x_wconf 86' lang='lat' dir='ltr'><strong>respicere,</strong></span> <span class='ocrx_word' id='word_1_684' title='bbox 3054 4812 3147 4873; x_wconf 85' lang='lat' dir='ltr'><strong>ita</strong></span> <span class='ocrx_word' id='word_1_685' title='bbox 3184 4810 3324 4875; x_wconf 65' lang='lat' dir='ltr'><strong>hoc</strong></span> <span class='ocrx_word' id='word_1_686' title='bbox 3360 4811 3603 4891; x_wconf 84' lang='lat' dir='ltr'><strong>justitia</strong></span> <span class='ocrx_word' id='word_1_687' title='bbox 3646 4810 3709 4871; x_wconf 89' lang='lat' dir='ltr'><strong>il-</strong></span> 
     </span>
     <span class='ocr_line' id='line_1_99' title="bbox 2150 4905 2903 4986; baseline -0.001 -19"><span class='ocrx_word' id='word_1_688' title='bbox 2150 4906 2261 4968; x_wconf 87' lang='lat' dir='ltr'><strong>lud</strong></span> <span class='ocrx_word' id='word_1_689' title='bbox 2286 4905 2559 4967; x_wconf 84' lang='lat' dir='ltr'><strong>maxime</strong></span> <span class='ocrx_word' id='word_1_690' title='bbox 2582 4910 2903 4986; x_wconf 88' lang='lat' dir='ltr'><strong>procurat.</strong></span> 
     </span>
    </p>
   </div>
   <div class='ocr_carea' id='block_1_11' title="bbox 2146 5160 3705 5337">
    <p class='ocr_par' dir='ltr' id='par_1_12' title="bbox 2146 5160 3705 5337">
     <span class='ocr_line' id='line_1_100' title="bbox 2146 5160 3705 5246; baseline -0.003 -21"><span class='ocrx_word' id='word_1_691' title='bbox 2146 5160 2473 5226; x_wconf 72' lang='lat' dir='ltr'><strong>Iustitiam</strong></span> <span class='ocrx_word' id='word_1_692' title='bbox 2500 5160 2749 5246; x_wconf 65' lang='lat' dir='ltr'><strong>lcaalem</strong></span> <span class='ocrx_word' id='word_1_693' title='bbox 2774 5161 2843 5224; x_wconf 74' lang='lat' dir='ltr'><strong>in</strong></span> <span class='ocrx_word' id='word_1_694' title='bbox 2864 5161 2987 5224; x_wconf 75' lang='lat' dir='ltr'><strong>Deo</strong></span> <span class='ocrx_word' id='word_1_695' title='bbox 3014 5160 3265 5243; x_wconf 73' lang='lat' dir='ltr'><strong>proprie</strong></span> <span class='ocrx_word' id='word_1_696' title='bbox 3296 5177 3417 5223; x_wconf 74' lang='lat' dir='ltr'><strong>non</strong></span> <span class='ocrx_word' id='word_1_697' title='bbox 3444 5178 3591 5235; x_wconf 75' lang='lat' dir='ltr'><strong>esee,</strong></span> <span class='ocrx_word' id='word_1_698' title='bbox 3614 5160 3705 5222; x_wconf 77' lang='lat' dir='ltr'><strong>sed</strong></span> 
     </span>
     <span class='ocr_line' id='line_1_101' title="bbox 2656 5255 3186 5337; baseline -0.004 -19"><span class='ocrx_word' id='word_1_699' title='bbox 2656 5255 3186 5337; x_wconf 75' lang='lat' dir='ltr'><strong>providentialem.</strong></span> 
     </span>
    </p>
   </div>
   <div class='ocr_carea' id='block_1_12' title="bbox 2144 5470 3689 5646">
    <p class='ocr_par' dir='ltr' id='par_1_13' title="bbox 2144 5470 3689 5646">
     <span class='ocr_line' id='line_1_102' title="bbox 2222 5470 3689 5551; baseline -0.004 -18"><span class='ocrx_word' id='word_1_700' title='bbox 2222 5474 2284 5533; x_wconf 91' lang='lat'><strong>8.</strong></span> <span class='ocrx_word' id='word_1_701' title='bbox 2328 5472 2419 5533; x_wconf 75' lang='lat'><strong>1⁴31</strong></span> <span class='ocrx_word' id='word_1_702' title='bbox 2441 5470 2537 5532; x_wconf 85' lang='lat' dir='ltr'><strong>his</strong></span> <span class='ocrx_word' id='word_1_703' title='bbox 2568 5470 2917 5549; x_wconf 77' lang='lat' dir='ltr'><strong>intelligere</strong></span> <span class='ocrx_word' id='word_1_704' title='bbox 2946 5471 3091 5533; x_wconf 86' lang='lat' dir='ltr'><strong>licet</strong></span> <span class='ocrx_word' id='word_1_705' title='bbox 3104 5470 3419 5551; x_wconf 75' lang='lat' dir='ltr'><strong>justitiam</strong></span> <span class='ocrx_word' id='word_1_706' title='bbox 3444 5470 3689 5550; x_wconf 77' lang='lat' dir='ltr'><strong>legalem</strong></span> 
     </span>
     <span class='ocr_line' id='line_1_103' title="bbox 2144 5564 3685 5646; baseline -0.001 -20"><span class='ocrx_word' id='word_1_707' title='bbox 2144 5566 2209 5627; x_wconf 86' lang='lat' dir='ltr'><strong>in</strong></span> <span class='ocrx_word' id='word_1_708' title='bbox 2250 5584 2363 5626; x_wconf 88' lang='lat' dir='ltr'><strong>sua</strong></span> <span class='ocrx_word' id='word_1_709' title='bbox 2406 5566 2785 5646; x_wconf 74' lang='lat' dir='ltr'><strong>proprietate</strong></span> <span class='ocrx_word' id='word_1_710' title='bbox 2818 5570 3137 5645; x_wconf 81' lang='lat' dir='ltr'><strong>sumptam</strong></span> <span class='ocrx_word' id='word_1_711' title='bbox 3186 5580 3317 5627; x_wconf 76' lang='lat' dir='ltr'><strong>non</strong></span> <span class='ocrx_word' id='word_1_712' title='bbox 3362 5582 3549 5645; x_wconf 76' lang='lat' dir='ltr'><strong>posse</strong></span> <span class='ocrx_word' id='word_1_713' title='bbox 3570 5564 3685 5624; x_wconf 75' lang='lat' dir='ltr'><strong>neo</strong></span> 
     </span>
    </p>
   </div>
  </div>
 </body>
</html>
