3850 6225
1327 678 1627 771 LIBER
1680 676 2216 771 SECUNDUS.
2239 669 2274 704 ⁰

123 1024 401 1205 DE
521 908 1387 1285 SCIENTiA
1494 1024 2038 1233 QUAM
2145 1026 2640 1209 DEUS
2749 1026 3368 1208 HABET

380 1380 473 1445 DE
506 1378 787 1447 FUTURIS
824 1378 1374 1447 CONTINGENTIBUS
1412 1380 1533 1445 SUB
1570 1378 1957 1445 GONDI'I'IONE
1994 1378 2382 1455 Pnoposl'rla
2425 1378 2616 1444 PRIUS
2651 1377 2932 1445 RATIONE
2967 1378 3144 1451 QUAM

884 1486 972 1553 DE
1006 1486 1149 1553 lPsA
1186 1486 1572 1553 CONDITIONE
1608 1486 1871 1558 ALIQUID
1906 1485 2238 1553 ABSOLUTE
2274 1485 2630 1553 DEGERNAT.

1662 1742 1870 1765 “n-

210 1994 373 2057 Haec
400 1995 642 2069 futura,
694 1995 775 2059 de
806 1996 1035 2077 quibus
1063 2014 1339 2075 praesens
1379 1996 1717 2077 disputatio

126 2086 510 2163 instituitur,
556 2090 744 2151 etiam
788 2089 1265 2152 considerantur
1290 2090 1611 2169 potissime
1652 2090 1717 2151 in

126 2182 339 2243 causis
364 2182 607 2255 liberis,
634 2202 782 2244 nam
808 2184 877 2243 in
903 2184 1109 2245 causis
1139 2184 1497 2245 necessario
1526 2202 1719 2263 agen-

126 2275 297 2335 tibus
334 2278 785 2339 necessitatem
825 2277 1080 2349 hahent,
1136 2282 1203 2338 ut
1246 2276 1427 2340 facile
1457 2277 1719 2357 intelligi

130 2375 343 2447 potest
374 2387 463 2431 ex
490 2369 669 2431 dictis
696 2370 873 2431 initio
900 2370 1239 2449 superioris
1262 2368 1444 2444 libri;
1478 2370 1719 2451 signifi-

130 2467 363 2523 cantur
394 2467 613 2525 autem
643 2482 681 2523 a
710 2463 891 2523 nobis
933 2464 1033 2525 his
1070 2464 1509 2525 communibus
1548 2464 1717 2525 locu-

134 2554 423 2615 tionibus
470 2574 483 2615 :
526 2554 607 2618 Si
638 2556 866 2618 Petrus
894 2557 993 2619 Ιιίσ
1022 2574 1181 2619 nunc
1210 2558 1463 2629 adesset,
1493 2558 1599 2621 hoo
1620 2562 1717 2634 fa·

132 2654 327 2723 emt,
366 2654 439 2709 et
482 2649 825 2721 similibus,
874 2649 1103 2728 quibus
1156 2649 1505 2711 indicamus
1564 2649 1716 2731 quid

126 2742 351 2803 fuisset
386 2748 677 2803 secutum
704 2761 781 2803 ex
818 2742 1015 2805 libera
1044 2743 1363 2805 voluntate
1389 2744 1533 2806 talis
1576 2762 1719 2822 per·

126 2852 321 2907 sonae,
362 2833 421 2895 si
451 2836 551 2895 hic
582 2841 645 2896 et
669 2854 839 2895 nunc
890 2854 1035 2896 cum
1082 2836 1308 2897 talibus
1338 2837 1715 2899 conditioni-

126 2926 241 2985 bus
286 2930 470 2988 esset
496 2928 827 2989 constituta
872 2933 935 2988 et
984 2928 1294 3008 applicata
1332 2930 1413 2990 ad
1444 2948 1709 3009 operan-

130 3019 303 3080 dum.
336 3021 435 3081 De
473 3021 701 3099 quibus
746 3008 1277 3100 propositionibus
1308 3040 1422 3085 seu
1451 3024 1712 3103 objectis

130 3132 253 3174 non
294 3120 403 3176 est
428 3115 689 3184 dubium
730 3115 877 3194 quin
911 3116 1242 3194 obJective,
1270 3123 1353 3192 et,
1388 3123 1457 3178 ut
1486 3117 1713 3197 loqua-

128 3225 267 3267 mur
308 3225 493 3270 more
538 3214 753 3270 nostro
792 3227 907 3288 per
949 3209 1211 3272 modum
1261 3209 1561 3290 simplicis
1600 3229 1711 3291 ap-

134 3303 583 3380 prehensionis
630 3303 755 3362 sint
789 3302 853 3363 in
900 3302 1217 3364 intellectu
1272 3303 1515 3378 divino,
1566 3323 1711 3368 cum

134 3396 381 3474 possint
415 3415 553 3457 esse
584 3396 653 3456 in
678 3395 989 3476 angelico,
1034 3402 1097 3458 et
1124 3416 1241 3458 suo
1267 3399 1455 3460 modo
1496 3399 1561 3460 in
1593 3402 1709 3462 hu·

134 3507 347 3550 mano.
398 3491 477 3550 Et
502 3494 675 3569 patet
718 3489 899 3551 facile
946 3497 1239 3570 respectu
1292 3511 1707 3571 personarum

134 3583 549 3662 possibilium,
576 3601 716 3662 quae
738 3601 1069 3662 nunquam
1096 3584 1321 3646 futuroe
1354 3593 1535 3659 sunt3
1563 3605 1713 3651 nam

134 3676 193 3735 in
214 3676 467 3756 Angelo
498 3675 697 3754 (verbi
726 3677 948 3757 gratia)
980 3695 1311 3758 nunquam
1342 3677 1575 3756 futuro,
1604 3683 1712 3745 ob-

134 3769 373 3846 jectum
411 3774 506 3831 est
546 3775 765 3850 aptum
792 3769 1204 3848 apprehendi,
1235 3789 1319 3831 an
1364 3773 1549 3834 vellet
1591 3775 1713 3837 hoc

136 3862 229 3921 vel
275 3862 457 3938 inud,
498 3863 548 3923 si
596 3869 951 3935 crearetur;
995 3881 1077 3923 an
1107 3870 1419 3944 peccaret,
1450 3866 1551 3926 vel
1579 3885 1707 3928 non

138 3962 451 4033 peccaret,
501 3960 621 4018 etc,
663 3957 740 4016 Et
776 3954 1003 4016 eadem
1040 3955 1279 4017 ratione
1322 3955 1386 4016 in
1420 3961 1707 4036 personis

138 4049 476 4127 aliquando
529 4049 773 4124 futuri8‚
825 4043 1117 4128 respectu
1168 4067 1385 4110 earum
1437 4052 1707 4114 occasio-

138 4159 289 4202 num
326 4143 395 4202 in
428 4142 657 4224 quibus
703 4142 781 4203 de
820 4142 985 4202 facto
1026 4160 1353 4220 nunquam
1385 4144 1709 4206 invenien-

136 4243 235 4297 tur
260 4281 277 4310 ‚
331 4237 615 4298 similiter
668 4241 762 4298 cst
810 4236 1127 4315 objectum
1176 4238 1703 4316 apprehensibile,

136 4329 286 4408 quid
317 4329 551 4410 egisset
602 4328 815 4406 (verbi
858 4329 1099 4408 gratia)
1146 4329 1369 4404 Adam,
1430 4331 1481 4392 si
1532 4333 1705 4411 prius

135 4441 329 4501 quam
354 4424 484 4482 Eva
520 4421 880 4484 immediate
908 4421 1151 4503 abipso
1180 4423 1471 4484 daemone
1499 4429 1706 4486 tenta-

136 4523 231 4577 tus
256 4517 501 4576 fuisset.
533 4517 847 4594 Respectu
870 4533 1022 4576 vero
1052 4533 1270 4576 earum
1300 4517 1701 4578 occasionum

138 4617 195 4670 et
220 4610 537 4671 actionum
574 4626 715 4687 quae
746 4609 825 4669 de
866 4607 1033 4669 facto
1064 4614 1211 4669 sunt
1238 4608 1576 4687 aliquando
1604 4611 1701 4670 fu-

136 4709 313 4777 turae,
348 4707 555 4782 potest
593 4703 727 4764 haec
763 4701 1184 4780 apprehensio
1214 4703 1565 4764 secundum
1606 4721 1701 4764 ra-

134 4797 369 4858 tionem
395 4795 789 4874 praeintelligi
825 4795 889 4854 in
920 4795 1185 4874 simplici
1210 4795 1324 4856 Dei
1352 4795 1701 4876 intelligen—

136 4890 215 4950 tia
240 4889 417 4968 prius
446 4906 637 4967 quam
664 4905 781 4967 per
820 4906 998 4949 suam
1029 4888 1415 4949 voluntatem
1464 4889 1702 4967 aliquid

138 4984 293 5044 eirca
321 4982 515 5044 talem
560 4977 857 5043 effectum
886 4980 1164 5054 definiat,
1204 4986 1313 5042 aut
1356 4983 1693 5061 permittat.

136 5077 219 5137 De
270 5077 372 5136 bis
402 5093 555 5156 ergo
585 5074 811 5136 futuris
857 5075 945 5136 sic
997 5075 1431 5155 apprehensiS,
1486 5075 1701 5137 viden-

136 5169 279 5228 dum
312 5169 619 5249 imprimis
652 5173 747 5230 est
772 5185 855 5228 an
884 5174 1348 5248 cognoscantur
1384 5187 1423 5230 a
1452 5169 1601 5244 Deo,
1636 5169 1699 5231 id

139 5269 246 5335 est,
289 5281 371 5322 an
399 5267 628 5342 praeter
664 5261 837 5322 illam
873 5261 1221 5340 simplicem
1250 5262 1700 5341 apprehensio-

138 5375 274 5418 nem
302 5361 645 5436 cognoscat
680 5355 1045 5418 alterutram
1082 5361 1323 5435 partem
1356 5355 1521 5418 illius
1552 5375 1699 5419 con-

138 5449 445 5510 ditionalis
476 5467 617 5510 esse
644 5465 883 5520 veram,
928 5456 991 5510 et
1032 5449 1097 5508 in
1128 5449 1247 5510 hac
1273 5455 1453 5527 parte
1488 5448 1697 5510 decla-

140 5543 327 5604 randa
350 5543 555 5604 fusius
602 5541 1078 5604 immorabimur
1106 5560 1297 5622 quam
1344 5542 1411 5602 in
1462 5561 1701 5624 proece-

1802 1991 1978 2053 denti
2006 1991 2188 2067 libro,
2217 1993 2283 2053 in
2309 1991 2493 2055 simili
2529 1993 2900 2073 quaestione,
2942 1997 3086 2077 quia
3115 1998 3214 2058 hic
3244 2016 3370 2059 non

1801 2091 1898 2145 est
1924 2086 2158 2147 veritas
2183 2091 2310 2146 tam
2338 2092 2632 2147 constans
2659 2088 2724 2147 in
2752 2087 3034 2149 doctrina
3059 2088 3230 2162 fidei,
3257 2110 3372 2152 ne-

1801 2196 1924 2256 que
1968 2184 2063 2239 est
2110 2180 2532 2241 controversia
2582 2180 2783 2241 solum
2813 2199 2956 2241 cum
2983 2182 3370 2263 Philosophis

1799 2272 1899 2332 vel
1942 2272 2282 2347 hoereticiS,
2331 2273 2445 2333 scd
2497 2274 2686 2334 etiam
2737 2293 2883 2336 cum
2933 2276 3259 2337 Catholicis
3307 2282 3370 2337 et

1798 2363 2154 2443 TheologiS,
2182 2367 2532 2446 praesertim
2560 2368 3048 2440 recentioribus;
3081 2388 3230 2429 nam
3259 2388 3368 2431 an—

1798 2458 1957 2538 tiqui
2013 2477 2216 2538 pauca
2278 2460 2356 2521 de
2419 2461 2538 2521 hac
2607 2461 3028 2522 controversia
3079 2462 3364 2523 distincte

1798 2556 2168 2625 tractarunt,
2200 2552 2381 2631 cujus
2405 2554 2496 2613 rei
2528 2571 2784 2614 causam
2807 2554 2871 2613 iu
2900 2553 3184 2615 discursu
3215 2574 3366 2635 ope-

1796 2646 1883 2705 ris
1933 2646 2310 2725 aperiemus.
2364 2647 2588 2707 Postea
2644 2666 2833 2721 vero,
2889 2648 2940 2707 si
2985 2650 3154 2709 Deus
3201 2650 3366 2711 hanc

1798 2739 2122 2801 scientiam
2173 2740 2388 2809 habet,
2441 2740 2758 2817 quomodo
2806 2759 2844 2799 a
2895 2740 3078 2801 nobis
3106 2742 3362 2822 intelligi

1796 2833 2018 2911 possit,
2055 2831 2538 2893 declarabimus
2571 2832 2750 2903 Quod
2773 2834 2874 2893 hic
2901 2834 3154 2895 brevius
3189 2842 3252 2896 et
3277 2834 3364 2897 fa-

1796 2926 1975 2987 cilius
2005 2926 2442 3005 praestabimus
2483 2944 2678 3005 quam
2721 2928 2789 2987 in
2827 2928 3131 3007 superiori
3177 2929 3356 3001 libre,

1792 3021 1941 3099 quia
1973 3020 2186 3081 omnia
2215 3038 2354 3099 quae
2379 3020 2456 3081 de
2481 3021 2600 3081 hoc
2629 3026 2861 3099 puncto
2885 3021 3048 3082 dicta
3079 3028 3245 3098 sunt,
3277 3022 3358 3083 ad

1792 3133 1927 3175 rem
1965 3119 2339 3194 praesentem
2369 3134 2511 3178 cum
2556 3117 2954 3195 proportione
2995 3123 3141 3177 sunt
3169 3118 3362 3196 appli-

1794 3207 2020 3268 canda.
2067 3211 2270 3287 Atque
2323 3226 2401 3270 ex
2448 3209 2545 3269 his
2589 3208 2777 3270 etiam
2811 3208 3012 3270 obiter
3056 3211 3362 3274 constabit

1794 3319 1988 3380 quam
2035 3301 2390 3363 necessaria
2437 3302 2514 3364 sit
2542 3303 2678 3362 haec
2723 3301 2982 3364 scientia
3012 3303 3093 3364 ad
3135 3304 3362 3366 divinae

1791 3394 2197 3474 providentiae
2237 3395 2722 3475 perfectionem,
2773 3400 2834 3458 et
2883 3395 2966 3460 ad
3011 3397 3356 3459 efficaciam

1789 3487 2024 3567 gratias,
2055 3489 2435 3552 etmotionis
2459 3507 2572 3552 seu
2597 3506 2939 3550 concursus
2962 3489 3175 3562 divini,
3211 3507 3356 3550 cum

1793 3580 2079 3642 libertate
2107 3581 2346 3642 arbitrii
2369 3581 2782 3643 concilianda.

2395 3809 2646 3872 CAPUT
2671 3783 2678 3788 ’
2705 3811 2752 3871 1.

1786 4033 2102 4079 nummuli
2132 4033 2320 4078 OPINIO
2353 4033 2581 4080 Nltcms
2621 4033 2862 4079 HABERE
2905 4035 3068 4080 nmm
3109 4034 3356 4080 elsarn(

1866 4126 2184 4172 SGIENTJAM
2225 4127 2433 4172 EORUM
2471 4127 2854 4187 FUTURORUM,
2897 4127 2975 4172 ΕΤ
3015 4127 3351 4174 coNTnAnu

1868 4220 1950 4265 Ex
1992 4220 2314 4267 SCRIPTUM
2355 4220 2744 4268 osrnumrun.

1866 4430 1924 4487 1.
1975 4426 2382 4502 Quorumdam
2433 4430 2750 4494 contentia.
2784 4463 2866 4477 —
2893 4431 3192 4493 Doctores
3245 4433 3350 4511 qui

1783 4522 1899 4582 has
1947 4522 2404 4583 conditionatas
2434 4524 2890 4602 propositiones
2915 4570 2930 4599 ,
2975 4531 3086 4586 aut
3135 4525 3349 4600 falsas,

1782 4619 1891 4674 aut
1920 4614 2440 4677 indeterminatas
2470 4616 2681 4694 quoad
2708 4618 3034 4679 veritatem
3061 4619 3160 4680 vel
3183 4620 3354 4681 falsi-

1781 4711 1976 4768 tatem
2007 4708 2382 4784 existimant,
2424 4716 2887 4788 consequenter
2913 4709 3142 4773 docent
3167 4731 3352 4792 posse

1782 4799 2040 4878 quidem
2078 4802 2276 4862 Deum
2323 4802 2676 4882 conjectare
2721 4803 2931 4881 aliquo
2978 4803 3167 4866 modo
3202 4806 3353 4884 quid

1782 4911 1972 4952 causa
1998 4893 2198 4954 libera
2243 4893 2478 4956 faceret
2520 4895 2570 4956 si
2613 4896 2677 4956 in
2705 4895 2812 4956 tali
2843 4897 3172 4959 occasione
3207 4917 3348 4959 cum

1780 4985 1877 5046 his
1904 4985 2007 5046 vel
2041 4987 2162 5048 illis
2191 4987 2654 5050 conditionibus
2686 4991 3192 5066 constitueretur,
3219 5010 3348 5052 non

1778 5083 1993 5140 tamen
2023 5085 2192 5142 certa
2243 5086 2305 5143 et
2352 5079 2660 5142 infallibili
2688 5083 2948 5144 scicntia
2975 5083 3041 5143 id
3083 5101 3351 5163 cognos-

1780 5190 1957 5246 cere;
1989 5178 2179 5253 atque
2210 5174 2368 5236 adeo
2397 5193 2584 5254 posse
2616 5174 2872 5254 quidem
2886 5175 3171 5254 judicare
3198 5177 3349 5255 quid

1776 5265 1940 5327 foret
1972 5257 2365 5354 verisimilius
2393 5269 2494 5329 vel
2521 5268 2906 5347 probabilius
2933 5268 3000 5328 in
3026 5268 3133 5330 tali
3159 5287 3347 5330 even-

1776 5364 1865 5433 tu,
1922 5378 2054 5421 non
2097 5366 2311 5446 tamen
2367 5362 2695 5423 definitum
2747 5361 3054 5440 judicium
3108 5361 3272 5424 ferre
3327 5382 3340 5422 ε

1776 5454 1909 5514 Hoc
1933 5458 2122 5528 esset,
2141 5462 2254 5540 aut
2271 5456 2408 5529 erit,
2437 5457 2484 5516 si
2514 5454 2668 5516 illud
2685 5453 2794 5515 fiat
2819 5473 2932 5515 seu
2951 5454 3151 5518 fieret.
3173 5457 3346 5518 Hanc

1780 5547 2155 5608 sententiam
2176 5549 2264 5610 sic
2287 5549 2630 5629 expositam
2649 5547 2822 5626 apud
2841 5548 3132 5629 antiquos
3151 5551 3348 5611 Theo·
