3850 6225
633 349 768 400 CAP.
803 347 909 400 XV.
944 345 1312 400 soLquTun
1344 345 1767 411 omi-:cnonas
1803 347 2167 402 PnAEssnTm
2201 347 2285 400 Ex
2318 346 2679 406 scalprum.
2716 345 2850 400 Ere.

159 459 368 514 nostrae
395 447 726 511 voluntatis
757 453 817 508 et
845 452 1023 507 aetus
1055 447 1297 526 gratiae,
1343 448 1480 510 haec
1505 448 1691 510 etiam

160 553 240 606 est
281 543 492 604 eadem
511 587 528 609 .
585 540 732 620 quia
779 540 1112 602 intrinsece
1157 541 1320 602 vires
1373 541 1692 602 naturales

159 636 466 700 voluntatis
515 635 772 714 integrae
821 638 1086 696 manent
1131 634 1198 694 in
1249 634 1502 696 homine
1551 637 1693 714 post

157 734 402 810 lapsum.
443 729 657 792 Solum
703 745 855 806 ergo
904 729 1192 805 superest
1233 726 1584 788 differentia
1625 727 1692 787 in

159 832 304 888 statu
355 823 572 902 culpae,
623 828 686 884 et
729 821 794 882 in
840 820 1186 882 defectibus
1227 825 1333 898 qui
1372 821 1454 881 ad
1517 821 1691 881 illam

161 922 636 996 consequuntur,
685 921 753 975 ut
796 914 1068 975 maxime
1117 920 1263 974 sunt
1304 913 1686 993 ignorantia,

158 1029 346 1093 pugna
371 1009 577 1070 carnis
605 1013 668 1070 et
697 1007 1010 1087 appetitus
1036 1025 1052 1078 ;
1097 1012 1354 1086 propter
1379 1007 1516 1068 haec
1539 1023 1689 1068 vero

157 1125 267 1166 non
291 1109 380 1165 est
400 1102 756 1163 necessaria
782 1101 846 1161 in
869 1101 1122 1162 homine
1149 1100 1326 1178 lapso
1354 1099 1460 1161 illa
1489 1099 1696 1162 deter—

157 1198 424 1268 minati0,
465 1195 638 1274 quia,
682 1212 812 1255 non
841 1194 1236 1255 obstantibus
1271 1193 1392 1255 illis
1439 1193 1694 1255 defecti-

157 1294 278 1364 bus,
305 1289 590 1350 voluntas
617 1293 834 1348 manet
863 1287 1084 1360 libera,
1128 1293 1197 1348 ut
1225 1305 1262 1348 a
1285 1287 1418 1349 Deo
1451 1286 1691 1348 illumi-

157 1393 306 1460 nata,
343 1385 640 1463 inspirata
671 1387 732 1444 et
763 1381 978 1461 adjuta
1004 1382 1201 1460 possit
1221 1381 1469 1460 pietatis
1499 1399 1692 1462 opera

157 1478 451 1559 perficere.
501 1475 862 1538 Secundum
901 1474 1234 1555 probatur,
1285 1473 1432 1554 quia
1481 1475 1692 1536 omnia

155 1589 276 1652 quie
332 1572 392 1633 in
451 1568 880 1649 superioribus
945 1569 1322 1629 adduximus
1351 1613 1366 1641 ‚
1428 1567 1696 1647 probant

159 1667 322 1726 etiarn
356 1665 420 1724 in
457 1664 712 1724 bomine
741 1663 916 1741 lapso
947 1680 1076 1722 non
1114 1679 1298 1741 posse
1329 1660 1559 1739 requiri
1603 1666 1696 1720 ta·

155 1759 262 1820 lem
301 1757 1058 1837 praedeterminationem3
1101 1755 1247 1834 quia
1295 1753 1449 1814 alias
1489 1770 1696 1831 neque

157 1853 248 1926 illi,
269 1851 496 1930 quibus
517 1849 796 1921 daretur,
821 1848 1016 1908 libere
1039 1852 1473 1927 operarentur,
1493 1861 1699 1924 neque

158 1946 228 2006 illi
249 1944 470 2023 quibus
501 1961 632 2004 non
661 1941 918 2003 daretur
953 1940 1258 2001 haberent
1290 1939 1700 2000 sufficientem

157 2039 393 2116 gratiam
419 2083 436 2110 ‚
480 2043 544 2098 et
573 2041 1034 2114 consequenter
1059 2052 1190 2094 non
1225 2033 1422 2094 libere
1455 2031 1700 2093 omitte-

157 2137 292 2194 rent.
325 2131 504 2202 Quod
535 2131 584 2190 si
607 2129 874 2190 fortasse
897 2127 1108 2188 dicant
1131 2126 1301 2187 illam
1326 2126 1700 2188 determina-

156 2227 364 2286 tionem
382 2243 514 2284 non
541 2241 680 2285 esse
705 2221 1124 2284 necessariam
1152 2219 1393 2281 homini
1419 2219 1595 2298 lapso
1619 2217 1701 2278 ad

157 2317 527 2398 operandum
552 2363 569 2390 ,
615 2315 1019 2377 nihilominus
1059 2320 1272 2375 tamen
1309 2313 1444 2374 dari
1485 2331 1522 2372 a
1568 2313 1698 2372 Deo

157 2411 490 2472 hominibus
535 2411 602 2472 in
651 2403 772 2471 hoc
828 2414 994 2470 statu
1032 2405 1404 2479 constitutis,
1443 2405 1698 2484 quando

157 2523 248 2566 eos
273 2506 402 2564 vult
419 2503 763 2564 efficaciter
785 2501 1026 2562 salvare
1044 2545 1064 2576 ,
1097 2501 1216 2560 hoc
1239 2498 1544 2578 imprimis
1570 2516 1696 2558 non

157 2605 234 2660 est
270 2603 766 2659 consentaneum
804 2593 1151 2674 Augustino
1181 2637 1196 2665 ,
1241 2592 1349 2671 qui
1385 2609 1526 2652 eam
1557 2611 1698 2672 gru-

155 2693 306 2762 tiam,
350 2709 480 2769 qua
510 2691 680 2750 Deus
707 2687 853 2748 facit
879 2693 948 2748 ut
973 2687 1260 2758 velimuS,
1307 2702 1559 2763 semper
1586 2702 1700 2764 po-

157 2787 232 2846 nit
259 2791 321 2844 ut
346 2782 776 2844 necessariam
801 2781 882 2841 ad
913 2779 1222 2841 actualem
1241 2778 1696 2858 operationem,

160 2883 216 2937 ut
239 2881 478 2937 constat
507 2894 586 2936 ex
611 2876 764 2936 locis
794 2874 994 2934 citatis
1019 2873 1085 2933 in
1117 2873 1320 2952 capite
1351 2871 1696 2950 superiori,

159 2971 294 3033 etin
330 2971 536 3049 capite
577 2969 764 3030 etiam
807 2965 1165 3039 undecima,
1215 2970 1280 3026 et
1319 2965 1546 3027 deinde
1573 2983 1702 3024 non

161 3065 412 3125 declarat
449 3062 772 3141 quomodo
801 3061 912 3134 illi,
945 3059 1172 3140 quibus
1199 3059 1385 3121 datur
1419 3058 1561 3121 talis
1593 3058 1704 3119 de-

159 3156 516 3229 terminatim
532 3156 731 3217 libere
764 3159 1128 3235 operentur,
1149 3159 1256 3214 aut
1283 3172 1396 3213 cur
1423 3153 1531 3225 illi,
1566 3152 1700 3232 qui-

161 3252 262 3311 bus
285 3269 410 3310 non
435 3250 646 3323 datur,
677 3249 809 3309 sine
843 3247 948 3308 illa
979 3266 1100 3308 non
1133 3248 1470 3325 operentur
1496 3250 1558 3305 et
1586 3243 1705 3305 sal-

162 3351 362 3405 ventur
384 3390 402 3417 ,
472 3344 697 3404 saltem
767 3341 1106 3421 aliquando
1123 3386 1144 3417 ,
1194 3337 1706 3419 quandoquidem

163 3439 502 3501 necessaria
525 3457 652 3499 non
685 3444 799 3498 est.

232 3534 322 3593 16.
365 3532 558 3595 Falso
581 3530 913 3613 imponitur
941 3528 1286 3613 Augustino
1322 3528 1448 3591 hoeo
1476 3530 1707 3590 senten-

167 3628 257 3689 tia.
291 3658 371 3671 —
409 3628 612 3703 Atque
647 3625 800 3686 hinc
833 3623 1016 3684 facile
1047 3625 1288 3683 constat
1325 3620 1493 3701 quod
1523 3618 1705 3680 tertio

165 3720 536 3797 propositum
565 3724 657 3777 est
690 3763 706 3789 ,
761 3716 1070 3777 immerito
1109 3715 1300 3776 talem
1332 3712 1706 3774 sententium

167 3812 496 3891 Augustino
523 3810 732 3883 tribui,
765 3828 910 3871 cum
939 3808 1002 3869 in
1033 3826 1108 3870 eo
1139 3824 1432 3885 expresse
1467 3822 1592 3866 non
1617 3804 1708 3864 in-

167 3907 450 3967 veniatur.
503 3906 578 3965 Et
625 3904 978 3965 declaratur
1023 3908 1326 3982 praeterea
1361 3919 1377 3970 ς
1427 3918 1578 3961 nam
1629 3914 1707 3958 ex

167 4000 454 4061 sententia
495 3998 826 4078 Augustini
856 3996 1054 4077 gratia
1082 3995 1388 4075 adjuvans
1424 4009 1710 4053 necessa-

167 4095 245 4155 ria
267 4093 378 4155 fuit
405 4092 660 4173 Angelis
685 4096 746 4152 et
773 4090 1130 4151 hominibus
1159 4080 1303 4149 ante
1334 4086 1601 4165 lapsum,
1631 4084 1713 4145 ad

171 4189 318 4249 bene
345 4188 737 4265 operandum
771 4186 836 4245 in
870 4184 1089 4246 ordine
1129 4182 1212 4243 ad
1241 4180 1510 4241 salutem
1535 4184 1714 4240 aeter-

171 4298 324 4354 nam,
359 4286 424 4343 ut
443 4297 736 4359 expresse
767 4278 952 4341 docet
981 4278 1046 4339 in
1075 4274 1302 4337 eodem
1329 4274 1488 4334 libro
1512 4273 1713 4351 primo

173 4373 240 4433 de
267 4376 538 4452 corrept.
575 4379 636 4435 et
660 4378 818 4452 grat.
840 4418 860 4447 ,
889 4388 1028 4449 cap.
1053 4372 1121 4431 Η
1151 4414 1166 4438 ,
1191 4385 1316 4447 quo
1343 4366 1411 4428 fit
1437 4372 1508 4426 ut
1529 4365 1717 4426 ctiam

173 4466 346 4527 fuerit
369 4468 484 4528 illis
507 4465 864 4527 necessaria
896 4464 1094 4544 gratia
1131 4461 1431 4531 excitanS,
1466 4476 1604 4537 quoe
1637 4457 1720 4519 ad

173 4560 328 4620 illam
378 4560 746 4639 supponitur
785 4578 800 4631 ;
858 4556 972 4617 sed
1013 4557 1145 4617 hoec
1199 4559 1442 4615 tantum
1489 4551 1721 4631 duplex

178 4654 358 4732 gratia
383 4661 471 4715 est
487 4654 843 4715 necessaria
866 4650 1222 4711 hominibus
1249 4647 1438 4727 lapsis
1458 4645 1534 4704 acl
1556 4645 1719 4705 bene

181 4748 575 4825 operandum,
607 4752 676 4808 ut
699 4765 778 4807 ex
805 4744 1113 4806 sententia
1147 4740 1476 4821 Augustini
1503 4739 1720 4799 Conci-

181 4839 251 4899 lia
274 4841 474 4901 omnia
501 4841 935 4912 declararunt3
983 4855 1136 4917 ergo
1165 4836 1516 4897 sine·causa
1546 4832 1721 4891 att-ri·

183 4932 378 4993 buitur
419 4934 762 5013 Augustino
803 4933 908 4992 illa
951 4929 1239 5010 specialis
1281 4924 1719 4987 determinatio

188 5025 244 5085 in
265 5028 610 5088 hominibus
638 5026 852 5107 lapsis
885 5027 1100 5104 Neque
1129 5024 1195 5083 in
1228 5022 1378 5084 locis
1405 5019 1546 5092 illis,
1577 5034 1718 5097 quae

189 5118 453 5194 citantur,
483 5121 584 5180 illa
603 5126 700 5180 est
719 5136 900 5180 mens
924 5124 1033 5180 aut
1061 5116 1320 5177 intentio
1352 5112 1678 5193 Augustini
1699 5130 1714 5185 ;

187 5228 324 5271 nam
353 5213 430 5272 ibi
451 5232 576 5274 non
600 5213 730 5293 agit
752 5211 832 5273 de
858 5211 1056 5293 gratia
1083 5208 1325 5271 efficaci
1352 5214 1414 5267 et
1435 5222 1722 5267 necessa-

189 5305 271 5363 ria
299 5305 378 5365 ad
396 5305 664 5387 singulos
691 5310 868 5367 actus
895 5305 1117 5375 bonos,
1151 5300 1264 5362 sed
1287 5300 1366 5361 de
1395 5298 1561 5359 dono
1587 5314 1726 5377 per-

191 5400 550 5461 severantiae.
572 5402 646 5461 In
670 5416 820 5479 quo,
841 5404 1148 5477 qnantum
1167 5395 1249 5455 ad
1273 5392 1531 5475 angelos
1556 5409 1730 5470 spec-

193 5495 296 5567 tat,
352 5492 500 5555 hanc
549 5493 797 5555 videtur
843 5489 1260 5553 differentiam
1302 5486 1680 5549 constituere
1709 5528 1726 5561 ,

3212 343 3335 406 239

1773 449 1918 528 quia
1948 449 2033 509 illi
2060 467 2189 510 non
2218 447 2621 529 indiguerunt
2648 448 2901 526 speciali
2931 466 3338 527 perseveran-

1773 544 1873 603 tiae
1902 543 2092 616 dono,
2130 542 2244 603 sed
2264 547 2508 603 tantum
2537 541 2641 602 illa
2669 542 2866 622 gratia
2902 559 3022 621 qua
3056 541 3338 622 indigue-

1771 643 1918 698 runt
1959 636 2039 698 ad
2080 637 2421 716 perfectam
2464 635 2935 697 conversionem
2974 636 3235 698 liberam
3276 643 3340 698 et

1771 730 1957 809 plene
2006 729 2452 802 deliberatam3
2496 747 2645 788 nam
2694 747 2809 809 per
2844 729 3013 790 illam
3063 730 3147 790 ita
3194 736 3340 791 sunt

1773 823 1980 884 statim
2020 823 2085 884 in
2128 823 2295 885 bono
2326 822 2707 895 confirmati,
2750 829 2821 884 ut
2850 823 3170 902 praemium
3202 824 3339 902 ejus

1774 921 1836 976 et
1875 915 2351 977 inamissibilem
2377 916 2815 978 rectitudinem
2842 916 3049 978 statim
3078 935 3342 995 accepe-

1771 1010 1916 1070 rint.
1976 1009 2076 1071 Sic
2126 1010 2293 1071 enim
2340 1009 2747 1088 intelligenda
2794 1015 2939 1072 sunt
2982 1010 3090 1070 illa
3146 1010 3340 1072 verba

1775 1103 2130 1182 Augustini,
2163 1103 2307 1166 dict.
2344 1123 2480 1184 cap.
2514 1105 2591 1164 10
2620 1103 2699 1165 de
2728 1105 3005 1184 Corrept.
3042 1110 3101 1165 et
3130 1108 3291 1185 grat.
3324 1124 3337 1164 ε

1779 1195 1997 1260 Coetori
2016 1201 2217 1260 autem
2242 1197 2498 1275 (scilicet
2524 1199 2720 1258 sancti
2746 1199 2990 1278 Angeli)
3011 1197 3343 1279 peripsum

1773 1289 2027 1352 libertem
2062 1291 2387 1354 arbitrium
2423 1289 2493 1351 in
2523 1291 2779 1355 veritate
2818 1295 3137 1368 steterunt,
3183 1310 3343 1354 eam-

1771 1399 1884 1463 qu
1921 1385 1991 1445 de
2022 1400 2131 1445 wo
2168 1401 2315 1447 casto
2348 1401 2657 1464 nunquam
2695 1388 2902 1456 fatwro
2932 1383 3342 1448 certissimam

1772 1476 1931 1538 scire
1954 1481 2326 1540 meumst.
2362 1477 2522 1536 Nam
2550 1477 2722 1556 quod
2750 1478 2857 1550 ait,
2886 1495 3002 1559 por
3030 1476 3233 1558 ipsum
3261 1477 3339 1539 li-

1775 1567 1977 1630 bemm
1996 1569 2319 1632 arbitrium
2337 1587 2471 1631 non
2492 1571 2765 1631 excludit
2782 1571 2996 1650 gratiae
3016 1571 3336 1644 auxilium,

1779 1666 1848 1723 ut
1893 1667 2134 1723 certum
2180 1667 2294 1734 est,
2344 1669 2409 1724 et
2448 1663 2615 1724 idem
2658 1664 3044 1743 Augustinus
3084 1665 3341 1726 inferius

1780 1754 2077 1817 declarat.
2126 1756 2327 1818 Unde.
2360 1757 2409 1818 si
2447 1758 2565 1818 boc
2592 1759 2939 1838 generatim
2972 1765 3031 1819 et
3058 1758 3341 1820 absolute

1782 1855 2089 1921 sumatur,
2114 1867 2241 1909 non
2272 1856 2367 1910 est
2388 1851 2713 1929 proprium
2741 1851 3111 1931 angelorum
3141 1871 3158 1924 ;
3194 1870 3345 1913 nam

1780 1941 2093 2014 homines,
2126 1940 2315 2002 etiam
2345 1942 2597 2021 quando
2628 1945 2691 2004 in
2718 1945 2979 2005 veritate
3011 1950 3197 2017 stant,
3232 1963 3346 2024 per

1779 2034 2047 2095 liberum
2074 2034 2399 2096 arbitrium
2426 2041 2613 2110 stant,
2647 2055 2777 2098 non
2806 2037 3033 2106 solum.
3066 2038 3179 2100 sed
3206 2057 3345 2117 gra-

1781 2127 1866 2188 tia
1895 2127 2183 2207 adjutum
2212 2147 2227 2200 ;
2274 2135 2488 2190 tamen
2518 2130 2637 2191 hoc
2664 2135 2758 2191 est
2794 2131 3113 2211 proprium
3154 2149 3349 2211 ange-

1781 2219 2009 2294 lorum,
2038 2221 2207 2300 quod
2236 2240 2349 2301 per
2373 2241 2573 2283 unum
2598 2223 2691 2301 (ut
2720 2223 2807 2284 sic
2834 2224 3064 2304 dicam)
3089 2225 3347 2305 plenum

1781 2331 1967 2374 usum
2000 2331 2130 2374 suae
2162 2313 2463 2376 libertatis
2489 2315 2551 2375 in
2578 2315 2745 2377 bono
2776 2316 3135 2390 firmantur,
3165 2317 3249 2378 ita
3276 2323 3348 2379 ut

1779 2407 2049 2486 amplius
2065 2406 2289 2468 cadere
2317 2427 2445 2470 non
2470 2409 2730 2487 possint,
2764 2415 2827 2469 et
2851 2410 2930 2472 de
2946 2410 3065 2471 hac
3094 2429 3206 2471 sua
3224 2417 3350 2472 sta-

1777 2500 2015 2561 bilitate
2042 2501 2249 2562 statim
2278 2519 2393 2580 per
2413 2507 2712 2563 aeternam
2737 2502 3188 2566 beatitudinem
3214 2523 3348 2565 cer·

1778 2593 1821 2653 ti
1842 2593 2016 2655 fiant.
2046 2593 2223 2665 Quod
2244 2613 2395 2656 vero
2415 2601 2655 2674 spectat
2683 2595 2763 2656 ad
2790 2596 3075 2658 homines
3110 2602 3253 2658 antc
3288 2604 3351 2658 et

1781 2693 1924 2766 post
1948 2687 2218 2767 lapsum,
2252 2686 2483 2767 duplex
2508 2687 2865 2750 differentia
2892 2689 2973 2750 ab
3003 2691 3349 2769 Augustino

1783 2779 2146 2840 intenditur.
2210 2781 2383 2842 Prior
2434 2787 2549 2854 est,
2602 2781 2774 2860 quod
2819 2781 3107 2844 homines
3134 2827 3151 2856 ‚
3209 2789 3351 2862 post

1782 2872 2053 2952 lapsum,
2077 2873 2360 2952 indigent
2380 2875 2578 2955 gratia
2602 2875 3007 2954 reparatrice,
3030 2895 3155 2955 qua
3178 2877 3351 2956 prius

1783 2984 1912 3026 non
1938 2965 2305 3044 indigebant
2337 2985 2353 3040 ;
2400 2967 2709 3046 posterior
2737 2972 2859 3040 est,
2894 2969 3066 3046 quod
3093 2970 3156 3029 in
3186 2974 3351 3030 statu

1784 3065 2025 3120 naturae
2063 3059 2255 3139 lapsae
2288 3060 2621 3139 potentiori
2650 3061 2851 3139 gratia
2888 3060 3125 3142 indiget
3159 3061 3349 3123 homo

1785 3150 1866 3213 ad
1901 3153 2167 3213 salutem
2193 3153 2727 3232 consequendam,
2764 3154 2928 3217 etad
2948 3172 3353 3233 perseveran-

1787 3246 1940 3307 dum
1978 3246 2045 3305 in
2089 3244 2257 3307 bono
2281 3292 2298 3318 ,
2343 3264 2535 3325 quam
2578 3251 2724 3307 ante
2759 3247 3006 3327 lapsum
3031 3294 3046 3321 ,
3096 3252 3352 3328 propter

1789 3340 1996 3402 carnis
2042 3356 2344 3419 pugnam,
2408 3344 2469 3399 et
2520 3339 2672 3399 alias
2721 3338 3115 3401 difficultates
3163 3340 3351 3419 hujus

1789 3439 1987 3494 status
2017 3432 2323 3512 proprias
2360 3433 2450 3491 Ex
2479 3432 2705 3511 quibus
2734 3434 3021 3512 provenit
3046 3440 3114 3494 ut
3137 3434 3349 3506 home,

1789 3526 1852 3587 in
1899 3532 2065 3587 statu
2122 3526 2495 3587 innocentiae
2520 3570 2537 3597 ,
2588 3532 2800 3605 posset
2853 3545 2967 3607 per
3018 3544 3352 3588 commune

1791 3619 2089 3680 auxilium
2129 3619 2341 3697 gratiae
2388 3618 2451 3679 in
2486 3618 2724 3698 justitia
2762 3626 3021 3699 accepta
3062 3638 3353 3700 perseve-

1787 3730 1929 3773 rare
1960 3711 2009 3772 si
2039 3711 2223 3783 velit;
2257 3716 2397 3791 post
2424 3718 2660 3773 naturoe
2690 3718 2903 3773 autem
2929 3712 3177 3792 lapsum
3199 3728 3353 3791 prae-

1789 3812 1884 3867 ter
1900 3804 2204 3885 justitiam
2228 3809 2585 3883 reparatam
2611 3810 2671 3865 et
2695 3822 3027 3867 commune
3054 3805 3353 3866 auxilium

1793 3900 1959 3977 ejuS,
2002 3897 2358 3959 necessaria
2388 3898 2465 3958 sit
2493 3898 2779 3977 specialis
2819 3899 2929 3959 Dei
2958 3898 3260 3977 protectio
3292 3904 3355 3958 et

1793 3990 2164 4071 gubernatio
2194 3989 2275 4051 ad
2303 3990 2835 4068 perseverandum
2876 3991 2941 4051 in
2973 3991 3163 4051 bono.
3212 3992 3355 4051 Haec

1795 4090 2007 4147 autem
2050 4082 2353 4163 protectio
2389 4100 2515 4143 non
2550 4083 2621 4143 fit
2653 4101 2765 4163 per
2802 4084 3357 4145 determinationes

1794 4176 2131 4240 voluntatis
2152 4176 2443 4237 humanae
2456 4182 2883 4256 repugnantes
2904 4176 3173 4237 libertati
3195 4177 3353 4255 ejus,

1799 4272 1910 4333 sed
1946 4288 2059 4350 per
2104 4269 2418 4329 internam
2456 4270 2873 4343 vocationem,
2910 4276 2972 4331 et
3006 4270 3359 4349 inspiratio-

1799 4382 1946 4426 nem
1982 4382 2059 4424 ex
2099 4361 2352 4441 speciali
2391 4361 2504 4423 Dei
2544 4380 2757 4423 amore
2790 4369 2852 4424 et
2878 4360 3195 4441 proposito
3224 4350 3359 4421 ma·-

1800 4463 2057 4518 nantem
2077 4501 2093 4529 ,
2136 4460 2197 4515 et
2224 4454 2312 4516 ita
2342 4453 2725 4515 satisfactum
2761 4462 2853 4516 est
2883 4456 3099 4535 primae
3135 4453 3362 4515 confir-

1801 4550 2083 4613 mationi.

1884 4648 1982 4705 17.
2031 4644 2125 4705 Ad
2178 4640 2521 4703 secundam
2572 4660 2721 4703 vero
2772 4642 3310 4705 confirmationem
3342 4689 3359 4718 ,

1799 4737 2256 4817 respondemus
2295 4735 2498 4814 primo
2528 4734 2648 4795 hoc
2684 4754 2885 4815 genus
2914 4736 3127 4814 gratiae
3166 4740 3228 4796 et
3253 4755 3365 4798 vo-

1801 4830 2063 4893 cationis
2116 4827 2386 4890 efficacis
2441 4846 2567 4888 non
2618 4829 2956 4891 consistere
3004 4834 3247 4890 tantum
3300 4830 3363 4890 in

1802 4923 2123 4992 doctrina;
2160 4922 2305 5001 quia
2333 4938 2460 4981 non
2488 4920 2557 4981 fit
2582 4926 2827 4982 tantum
2856 4940 2971 5001 per
2992 4923 3367 5001 propositio·-

1803 5034 1951 5078 nem
1978 5015 2228 5095 objecti,
2264 5014 2375 5075 sed
2401 5014 2589 5081 etiam
2614 5031 2731 5093 per
2757 5014 3116 5075 interiorem
3146 5016 3366 5076 illumi-

1801 5110 2124 5170 nationem
2152 5127 2229 5169 ex
2251 5113 2427 5187 parte
2458 5107 2830 5179 in'tellectuS,
2862 5113 2923 5168 et
2954 5126 3069 5187 per
3096 5108 3367 5169 affectio-

1808 5220 1922 5264 nes
1950 5202 2189 5280 aliquas
2230 5208 2293 5261 et
2318 5200 2628 5261 motiones
2670 5218 2746 5261 ex
2784 5205 2961 5279 parte
3005 5200 3363 5271 voluntatis.

1809 5314 1971 5376 quae,
2014 5300 2199 5375 prout
2231 5295 2461 5356 dantur
2498 5312 2535 5353 a
2572 5296 2703 5355 Deo
2734 5312 2811 5354 ex
2840 5294 3158 5374 proposito
3200 5300 3261 5355 et
3292 5312 3368 5355 cx

1809 5390 2203 5471 praescientia
2232 5434 2246 5461 ,
2301 5406 2429 5469 qua
2464 5388 2635 5452 novit
2669 5386 2983 5469 quomodo
3022 5395 3371 5469 congruant

1809 5484 2139 5557 voluntati,
2180 5499 2368 5563 quam
2398 5482 2566 5542 Deus
2606 5486 2969 5543 convertere
3000 5499 3111 5541 seu
3142 5499 3368 5543 sanare
