3850 6225
719 401 854 454 cst.
889 401 970 455 vl.
1008 401 1092 455 Ex
1123 399 1406 454 Decumo
1437 398 1702 452 AETERNO
1737 398 1967 452 131leAE
2000 398 2389 452 VOLUNTATss
2421 398 2545 451 Nou
2578 399 2743 462 sum,
2781 396 2913 452 mc.

201 507 426 580 faciat,
459 510 528 568 ut
555 505 774 566 efficax
808 505 887 564 sit
913 508 976 564 et
1003 502 1356 573 infallibile;
1395 501 1530 562 haec
1569 506 1780 562 autem

205 601 554 662 efficacitas
567 616 694 658 non
709 596 1004 676 relinquit
1017 596 1370 656 libertatem
1385 594 1698 656 actualem
1713 594 1781 654 in

203 695 494 756 inferiori
537 710 760 764 causa;
807 691 978 771 quod
1017 708 1200 751 secus
1239 696 1334 750 est
1361 688 1614 766 quando
1656 688 1780 749 tale

205 788 542 849 decretum
611 784 908 864 supponit
975 783 1228 844 aliunde
1293 781 1778 844 conditionatam

203 879 564 954 scientim,
597 885 666 940 ut
690 878 924 939 dictum
947 881 1064 951 est,
1105 880 1168 938 et
1191 876 1418 937 iterum
1442 874 1652 936 statim
1686 875 1781 935 di-

203 981 412 1036 cetur.

293 1069 354 1129 8.
395 1065 820 1143 Proedofinitio
861 1081 981 1126 uon
1021 1068 1114 1127 est
1151 1062 1456 1143 sufficiens
1491 1061 1654 1124 ratio
1690 1078 1779 1124 co-

203 1162 534 1245 wiomadi
553 1159 860 1238 saturnin
879 1158 1247 1220 uuit-ereum.
1272 1188 1357 1201 -
1377 1154 1525 1215 Dico
1561 1172 1779 1215 secun-

207 1255 296 1314 do
345 1274 358 1314 :
405 1251 812 1332 praedefinitio
853 1251 1062 1312 divina
1087 1268 1214 1310 non
1243 1251 1360 1322 est,
1395 1266 1602 1328 neque
1637 1265 1776 1310 esse

204 1352 420 1424 potest
448 1345 761 1406 sufficiens
777 1343 938 1404 ratio
963 1341 1383 1421 cognoscendi
1407 1342 1541 1402 haec
1568 1341 1780 1402 futura

207 1440 278 1499 in
308 1440 691 1500 universum.
725 1436 902 1498 Ratio
927 1439 1044 1511 est,
1090 1434 1236 1514 quia
1267 1435 1402 1494 haec
1427 1433 1778 1513 praedefini-

207 1534 300 1594 tio
341 1550 470 1592 uon
493 1530 786 1591 convenit
823 1529 1012 1589 rebus
1044 1527 1336 1588 omnihus
1385 1545 1500 1588 seu
1539 1525 1779 1587 actibus

205 1624 440 1684 futuris
464 1622 1004 1702 contingentibus;
1035 1622 1100 1680 in
1132 1619 1629 1699 praedefinitione
1667 1637 1780 1678 au—

208 1725 346 1780 tem
375 1718 576 1778 solum
609 1721 870 1796 possunt
907 1716 1202 1795 cognosci
1229 1733 1305 1776 ea
1333 1733 1470 1793 quae
1497 1711 1782 1792 praedefi-

210 1811 498 1884 niuntur,
541 1816 610 1871 ut
656 1828 772 1889 per
800 1827 867 1871 se
913 1814 1177 1869 constat.
1229 1809 1402 1869 Prior
1440 1807 1780 1886 propositio

208 1905 482 1984 probata
507 1910 600 1964 est
629 1923 666 1963 a
697 1903 882 1963 nohis
904 1902 1051 1973 late,
1087 1902 1154 1962 in
1181 1901 1290 1962 lib.
1320 1903 1360 1962 2
1384 1900 1464 1962 de
1496 1900 1774 1972 Auxiu-is,

209 1997 328 2057 ubi
377 1996 762 2058 ostendimus
808 1997 1010 2056 Deum
1063 2013 1182 2056 nec
1229 1992 1776 2074 praedeterminare

205 2089 566 2151 voluntates
615 2091 926 2158 humanas
981 2088 1063 2149 ad
1118 2095 1292 2148 actus
1349 2093 1772 2167 peccatorum,

207 2201 424 2262 neque
449 2201 559 2244 eos
586 2181 872 2244 absolute
913 2181 1308 2260 praedefinire
1343 2185 1454 2240 aut
1481 2179 1778 2241 determi-

209 2294 370 2336 nare
397 2281 468 2336 ut
499 2275 642 2346 sint,
675 2275 790 2336 sed
827 2275 1030 2336 solum
1059 2274 1440 2354 permittere,
1472 2279 1541 2334 ut
1569 2273 1776 2334 Conci-

211 2369 300 2428 lia
353 2373 415 2430 et
463 2367 670 2430 Sancti
717 2369 1078 2448 loquuntur,
1145 2367 1630 2446 oppositumque·
1678 2385 1779 2427 re·-

216 2479 503 2541 pugnare
538 2461 760 2522 divinae
799 2461 1080 2522 bonitati.
1117 2460 1343 2522 Dicunt
1384 2478 1532 2521 vero
1563 2459 1775 2538 aliqui,

219 2555 508 2616 sufficere
545 2555 930 2616 voluntatem
957 2551 1358 2633 permittendi
1389 2570 1524 2612 esse
1556 2570 1780 2632 pecca-

219 2656 378 2720 tum,
411 2653 480 2708 ut
505 2647 568 2707 in
613 2665 688 2708 ea
719 2653 1130 2724 cognoscatur
1159 2664 1293 2707 esse
1319 2645 1620 2706 futurum.
1654 2645 1778 2707 Sed

215 2742 336 2801 hoc
359 2740 582 2800 falsum
613 2746 729 2811 est,
764 2740 826 2800 in
855 2738 1062 2818 rigore
1093 2758 1166 2800 ac
1193 2757 1308 2819 per
1333 2757 1402 2800 se
1429 2738 1770 2818 loquendo,

215 2833 336 2893 nisi
377 2838 764 2911 supponatur
810 2833 932 2894 alia
972 2832 1128 2893 ratio
1175 2831 1592 2910 cognoscendi
1637 2831 1773 2892 haec

207 2925 446 3000 futura,
483 2943 624 3004 quae
654 2943 768 3004 per
795 2945 862 2986 se
883 2927 1084 3005 juvet,
1113 2925 1272 2987 utin
1298 2924 1424 2987 fine
1455 2925 1646 3004 huJus
1668 2943 1774 2985 ca-

208 3020 357 3098 pitis
385 3019 738 3080 declarabo.
791 3020 878 3080 De
931 3019 1168 3080 actibus
1215 3023 1424 3079 autem
1469 3018 1672 3092 honis,
1703 3019 1770 3078 in

209 3114 442 3175 eodem
467 3132 658 3192 opere
698 3113 778 3174 de
820 3114 1100 3187 Auxiliis,
1147 3114 1534 3175 ostendimus
1571 3114 1770 3174 incer-

205 3214 344 3269 tum
373 3224 513 3268 esse
541 3226 620 3268 an
651 3224 871 3267 omnes
899 3207 1022 3269 sint
1043 3206 1325 3287 praeliuiti
1354 3226 1391 3267 a
1418 3208 1572 3283 Deo,
1616 3226 1770 3285 proe-

201 3304 422 3364 sertim
439 3302 532 3363 illi
544 3302 647 3381 qui
665 3303 1170 3381 supernaturales
1189 3321 1319 3363 non
1343 3308 1488 3365 sunt
1509 3322 1522 3362 :
1545 3303 1596 3363 si
1615 3320 1766 3382 ergo

201 3394 404 3474 aliqui
439 3414 569 3455 non
597 3394 775 3455 fuere
808 3396 1192 3474 praedefiniti,
1221 3394 1460 3455 illinon
1503 3414 1770 3473 cognos-

203 3494 430 3549 centur
473 3488 540 3547 in
591 3488 844 3549 decreto
894 3487 1382 3568 praedefiniente.
1431 3489 1504 3549 Et
1547 3488 1766 3549 saltem

199 3584 454 3644 videtur
479 3589 720 3643 certum
757 3584 1034 3662 potuisse
1081 3582 1280 3644 Deum
1313 3602 1441 3643 nou
1481 3582 1768 3662 praedefi·

199 3678 340 3738 nire
387 3676 504 3736 hos
549 3680 748 3748 actua,
797 3676 1038 3737 etiamsi
1083 3676 1134 3737 si
1178 3676 1446 3737 voluerit
1498 3676 1581 3736 ad
1625 3676 1764 3737 illos

202 3786 616 3841 concurrere;
641 3787 771 3829 non
799 3770 1000 3848 potuit
1024 3775 1238 3829 tamen
1279 3768 1418 3830 illos
1445 3769 1758 3847 ignorare,

197 3880 604 3941 quacumque
649 3862 892 3923 ratione
941 3863 1130 3923 futuri
1179 3863 1432 3923 fuerint.
1476 3861 1762 3923 Praedefi-

195 3954 352 4015 nitio
385 3973 535 4033 ergo
567 3972 774 4033 neque
803 3956 1134 4035 adaequata
1169 3974 1377 4034 neque
1409 3956 1762 4017 necessaria

195 4049 358 4109 ratio
391 4048 578 4126 hujus
605 4046 878 4109 scientiae
905 4047 1260 4109 futurorum
1281 4066 1422 4110 esse
1451 4053 1678 4128 potest.

193 4247 520 4308 Decretum
558 4244 950 4309 concurrendi
997 4264 1130 4309 oum
1178 4252 1460 4309 creatura
1507 4264 1629 4309 non
1673 4254 1764 4311 est

271 4340 468 4401 adhuc
511 4340 819 4419 sufficione
854 4341 1016 4404 ratio
1061 4341 1446 4420 coquoscendi
1475 4343 1752 4419 faturum

273 4435 498 4493 actum.

269 4604 332 4662 9.
377 4600 654 4664 Assertio
700 4604 906 4667 tercia.
950 4634 1034 4648 —
1075 4602 1226 4665 Dico
1271 4604 1452 4665 tertio
1489 4624 1504 4663 ι
1544 4605 1755 4667 decre-

187 4701 326 4755 tum
371 4697 703 4773 aeternum,
748 4714 874 4773 quo
923 4698 1092 4757 Deus
1134 4696 1346 4757 statuit
1381 4714 1756 4759 concurrere

185 4788 256 4847 in
295 4794 582 4865 tempore
618 4807 760 4848 cum
790 4789 1066 4849 humana
1104 4790 1422 4851 voluntate
1453 4791 1534 4851 ad
1567 4792 1756 4853 talem

187 4886 429 4949 actum,
477 4899 608 4941 non
637 4886 730 4942 est
769 4883 1084 4944 sufficiens
1107 4883 1480 4963 principium
1523 4885 1623 4945 vel
1661 4905 1756 4947 ra·

185 4974 274 5035 tio
334 4975 753 5049 cognoscendi
791 4976 968 5037 illum
1013 4983 1224 5037 actum
1271 4996 1408 5039 esse
1447 4978 1748 5051 futurum,

183 5066 309 5127 nisi
349 5066 598 5128 aliunde
649 5086 730 5129 ex
772 5068 895 5129 alia
933 5070 1194 5131 scientia
1224 5070 1326 5131 vel
1367 5072 1752 5149 praescientia

173 5159 460 5238 juvetur.
489 5160 854 5222 Declaratur
897 5167 960 5223 et
1004 5164 1324 5242 probatur,
1367 5164 1514 5241 quia
1551 5165 1652 5224 vel
1678 5165 1753 5224 il-

176 5253 296 5313 lud
348 5254 668 5315 decretum
715 5261 810 5316 est
851 5256 1139 5317 absoluta
1183 5262 1246 5317 et
1289 5259 1510 5319 efficax
1541 5259 1750 5319 volitio

176 5347 330 5407 talis
377 5353 578 5419 actus,
632 5348 730 5409 vel
789 5353 885 5410 est
925 5354 1170 5411 tantum
1215 5351 1502 5412 voluntas
1561 5352 1750 5413 dandi

179 5458 585 5514 concursum,
618 5441 725 5520 qui
763 5458 840 5502 ex
867 5448 1044 5521 parte
1071 5441 1184 5503 Dei
1220 5444 1592 5521 requiritur3
1631 5448 1753 5525 pri·

179 5552 364 5595 mum
409 5533 531 5597 dici
561 5552 688 5596 non
733 5540 956 5613 potest,
1003 5536 1350 5599 secundum
1396 5544 1608 5600 autem
1639 5558 1754 5620 per

3306 389 3426 455 315

1863 519 1933 560 se
1959 517 2089 559 non
2114 503 2209 560 est
2238 499 2551 562 sufficiens
2588 499 2747 560 ratio
2788 497 3209 577 cognoscendi
3258 499 3428 564 futu-.-

1862 611 1969 664 ra3
2005 611 2177 672 ergo,
2209 593 2414 653 Minor
2442 593 2649 672 quoad
2696 591 2971 670 priorem
3008 595 3253 669 partem
3281 611 3428 671 pro-

1861 687 2071 760 batur,
2100 687 2325 766 prim0,
2367 687 2513 766 quia
2558 685 2661 746 illa
2688 685 2977 746 voluntas
3019 703 3149 745 non
3189 691 3284 746 est
3321 686 3426 746 de-

1861 786 2103 842 cretum
2152 781 2231 840 de
2278 799 2401 859 quo
2448 780 2725 860 agimus;
2776 779 3093 857 loquimur
3141 779 3309 838 enim
3361 779 3425 838 in

1859 873 2261 936 conclusione
2310 873 2390 934 tle
2431 874 2747 934 voluntate
2784 871 2897 934 Dei
2941 872 3295 932 necessaria
3344 871 3427 932 ad

1859 966 2142 1027 dandum
2170 985 2545 1027 concursum
2574 983 2759 1026 suum
2801 970 3139 1038 creaturae;
3170 964 3275 1024 illa
3316 983 3424 1025 au-

1860 1063 1989 1120 tem
2017 1058 2305 1120 voluntas
2332 1059 2421 1120 sic
2461 1059 2747 1120 absoluta
2786 1064 2850 1120 et
2889 1058 3107 1118 efficax
3151 1075 3283 1118 non
3330 1063 3425 1120 est

1858 1154 2215 1215 necessaria
2243 1154 2325 1214 ad
2350 1154 2629 1214 dandum
2656 1171 3050 1226 concursum,
3078 1153 3233 1213 utin
3253 1152 3360 1214 lib.
3388 1157 3412 1213 l

1861 1253 1924 1308 et
1956 1250 1995 1308 2
2024 1246 2101 1309 de
2132 1248 2389 1308 Auxiliis
2416 1247 2541 1308 late
2570 1245 2829 1326 probavi
2853 1265 2868 1319 ;
2902 1251 3037 1306 tum
3061 1245 3208 1325 quia
3234 1263 3423 1306 nemo

1859 1341 2121 1402 haberet
2144 1345 2433 1419 paratum
2460 1340 2571 1402 Dei
2600 1357 2976 1400 concursum
3004 1337 3087 1398 ad
3128 1356 3203 1398 ea
3231 1351 3421 1416 opera

1859 1453 1999 1513 quae
2024 1453 2152 1496 non
2180 1435 2350 1509 facit,
2384 1435 2532 1513 quia
2572 1434 2651 1495 de
2700 1433 2819 1494 illis
2846 1451 2976 1494 non
3024 1436 3120 1493 est
3155 1431 3279 1492 tale
3312 1430 3422 1492 de-

1859 1531 2101 1590 cretum
2127 1529 2281 1601 Dei;
2323 1533 2457 1589 tum
2492 1527 2641 1607 quia
2666 1528 2735 1588 in
2772 1527 2955 1588 malis
3000 1526 3242 1586 actibus
3292 1543 3422 1586 non

1858 1623 2053 1684 habet
2079 1624 2247 1684 Deus
2272 1624 2395 1684 tale
2417 1623 2759 1684 decretum.
2794 1620 3083 1684 Secundo
3109 1620 3419 1700 principa-

1861 1717 2023 1790 liter,
2056 1717 2205 1795 quia
2223 1717 2362 1777 talis
2386 1717 2675 1778 voluntas
2693 1721 2859 1776 esset
2884 1714 3243 1793 simpliciter
3266 1730 3422 1792 prae-

1859 1809 2139 1870 definitio
2184 1810 2325 1870 talis
2358 1813 2556 1881 actus,
2600 1809 2749 1888 quia
2778 1813 2923 1870 ante
2960 1807 3419 1887 praescientiam

1859 1907 2037 1964 aetus
2064 1903 2347 1964 absolute
2392 1909 2455 1964 et
2498 1903 2833 1964 efficaciter
2870 1919 2983 1981 per
3008 1900 3181 1962 illam
3209 1900 3425 1960 volun-

1859 2003 2051 2058 tatem
2094 1995 2545 2076 praeordinatur
2576 2003 2645 2057 ut
2674 1994 2803 2058 fiat.

1941 2091 2039 2150 10.
2064 2090 2478 2169 Respondem-
2492 2091 2575 2152 ad
2594 2091 2889 2153 rationem
2902 2088 3190 2168 positam.
3205 2117 3286 2132 —
3305 2087 3423 2146 Re-

1859 2183 2152 2262 sponderi
2172 2186 2377 2263 potest
2398 2183 2571 2244 illam
2598 2183 2983 2244 voluntatem
3004 2198 3139 2242 esse
3166 2179 3421 2258 quidem

1860 2277 2213 2338 absolutam
2240 2276 2719 2357 praefinitionem
2740 2275 2884 2336 talis
2912 2281 3121 2350 actus,
3148 2272 3422 2353 praefini-

1857 2371 2094 2432 tionem
2140 2371 2445 2450 (inquam)
2487 2370 2829 2432 secundum
2859 2369 3143 2430 ordinem
3180 2366 3421 2428 aeterni-

1857 2466 2001 2525 tatis
2028 2464 2112 2524 ad
2148 2469 2421 2544 tempuS,
2453 2483 2579 2525 non
2620 2467 2833 2524 tamen
2874 2479 3013 2524 esse
3062 2459 3419 2540 praefinitio-

1857 2577 2007 2619 nem
2049 2559 2397 2620 secundum
2434 2557 2717 2619 ordinem
2744 2556 3002 2618 rationis
3030 2555 3111 2616 ad
3138 2559 3419 2615 nostram

1857 2653 2240 2714 voluntatem
2264 2700 2281 2726 ,
2338 2651 2484 2729 quia
2534 2657 2629 2713 est
2680 2651 2933 2712 omnino
2992 2647 3417 2709 concomitans

1858 2746 2325 2825 comparatione
2351 2746 2537 2806 iuius.
2578 2746 2701 2808 Sed
2727 2746 2859 2807 haec
2884 2743 3209 2822 responsio
3235 2741 3417 2801 satis«-

1853 2840 2060 2901 facere
2088 2859 2217 2901 non
2242 2845 2466 2919 potest.
2496 2841 2652 2900 Nam
2684 2858 2827 2900 cum
2854 2837 3144 2898 voluntas
3185 2834 3291 2895 Dei
3320 2833 3416 2894 cli-

1854 2934 2015 2994 citur
2060 2933 2487 2995 concomitans
2532 2931 2723 3004 aliud,
2781 2935 3181 3010 comparatur
3226 2927 3309 2987 ad
3350 2926 3414 2987 id

1851 3033 2141 3105 respectu
2168 3027 2349 3106 quus
2376 3026 2517 3088 talis
2554 3026 2807 3098 dicitur;
2844 3031 2952 3086 aut
2976 3041 3127 3100 ergo
3158 3037 3412 3098 compa-

1849 3126 2024 3181 ratur
2051 3120 2133 3181 ad
2162 3121 2451 3191 effectum
2478 3127 2663 3200 prout
2690 3121 2757 3181 iu
2783 3139 2851 3181 re
2880 3117 3266 3199 ponendum,
3303 3119 3411 3174 aut

1849 3213 1933 3273 ad
1955 3214 2412 3292 praescientiam
2452 3214 2593 3275 talis
2636 3214 2913 3281 effectus,
2946 3216 3055 3271 aut
3080 3210 3162 3271 ad
3188 3225 3409 3270 causa-

1847 3306 2083 3369 litatem
2117 3326 2319 3369 causae
2364 3308 2679 3383 secundae,
2711 3327 2856 3370 cum
2902 3325 3026 3385 qua
3067 3307 3230 3366 Deus
3260 3321 3411 3365 con-

1849 3401 2040 3461 currit
2068 3401 2150 3461 ad
2198 3402 2390 3463 talem
2440 3402 2753 3463 effectum.
2795 3403 3001 3481 Primo
3046 3398 3237 3460 modo
3279 3414 3409 3457 non

1846 3496 2055 3571 potest
2080 3494 2367 3555 voluntas
2391 3495 2498 3555 Dei
2526 3494 2647 3556 dici
2679 3496 3127 3568 concomitans,
3159 3492 3307 3571 quia
3346 3496 3409 3552 et

1845 3586 2001 3645 reali
2028 3586 2355 3647 duratione
2389 3594 2625 3648 aeterna
2660 3588 2969 3649 antecedit
2996 3588 3311 3659 effectum,
3346 3591 3407 3647 et

1847 3679 2065 3740 ordine
2094 3682 2283 3740 etiam
2305 3681 2704 3753 causalitatiS,
2728 3681 2873 3760 quia
2906 3688 3000 3743 est
3020 3698 3209 3742 causa
3240 3681 3401 3759 ejus,

1847 3772 2135 3833 Secundo
2162 3778 2375 3834 autem
2416 3773 2605 3835 modo
2646 3791 2773 3833 non
2804 3780 3007 3853 potest
3034 3774 3153 3835 dici
3184 3791 3407 3833 conco·-

1844 3866 2097 3940 mitanS,
2128 3868 2397 3929 maxime
2418 3869 2596 3947 juxta
2618 3869 2991 3930 contrariam
3016 3867 3401 3947 opinionem,

1845 3961 1988 4039 quia
2024 3960 2157 4021 haec
2195 3961 2481 4022 voluntas
2506 3962 2646 4022 talis
2690 3980 2827 4023 esse
2858 3962 3103 4035 dicitur,
3134 3966 3206 4021 ut
3234 3960 3297 4019 in
3327 3978 3404 4021 ea

1842 4054 2013 4114 Deus
2038 4060 2374 4133 cognoscat
2411 4055 2729 4127 futuru1n3
2770 4074 2921 4136 ergo
2962 4072 3091 4115 non
3119 4059 3216 4115 est
3258 4070 3405 4114 cou-

1845 4146 2170 4220 comitanS,
2202 4146 2315 4208 sed
2342 4148 2721 4210 antecedens
2756 4148 3099 4219 scientiam,
3132 4147 3277 4225 quia
3308 4150 3403 4209 est

1843 4239 2000 4300 ratio
2032 4240 2188 4316 ejus.
2229 4241 2432 4302 Tertio
2456 4260 2605 4302 vero
2636 4242 2825 4303 modo
2850 4241 2902 4303 si
2942 4241 3051 4303 fiat
3080 4258 3402 4319 compara·

1837 4330 1947 4414 ti9,
1981 4338 2223 4394 constat
2246 4352 2375 4393 non
2402 4352 2585 4413 posse
2610 4334 2747 4395 fieri
2772 4335 2837 4395 in
2862 4334 3081 4395 ordine
3107 4334 3189 4395 acl
3217 4334 3403 4394 dura·

1835 4424 2073 4485 tionem
2098 4426 2356 4498 realem,
2390 4427 2537 4507 quia
2563 4428 2853 4489 voluntas
2879 4428 2991 4488 Dei
3018 4446 3133 4507 per
3153 4427 3399 4489 aeterni-

1835 4523 2031 4579 tatem
2058 4519 2371 4581 antecedit
2401 4520 2793 4582 effectionem
2820 4538 3027 4582 causae
3062 4519 3395 4593 secundam

1835 4630 1985 4671 nam
2026 4611 2170 4672 licet
2198 4613 2357 4674 actio
2396 4616 2477 4675 ad
2520 4620 2712 4690 extra,
2764 4616 2956 4676 etiam
2984 4619 3170 4695 prout
3199 4634 3234 4675 a
3269 4616 3397 4676 Deo

1835 4704 1925 4775 fit,
1954 4705 2017 4763 in
2046 4710 2327 4784 tempore
2354 4706 2492 4781 fiat,
2542 4727 2709 4769 nunc
2736 4716 2951 4771 autem
2980 4728 3109 4770 non
3146 4726 3401 4789 compa-

1834 4815 2051 4858 ramus
2069 4798 2269 4876 ipsam
2289 4802 2599 4861 actionem
2624 4802 2707 4863 acl
2727 4808 2899 4864 extra
2924 4803 3275 4865 secundum
3294 4821 3397 4863 re-

1837 4897 2087 4967 spectus
2126 4892 2403 4955 diversos
2445 4894 2605 4972 ejuS‚
2650 4895 2762 4956 sed
2809 4914 3251 4975 comparamus
3292 4914 3397 4955 vo-

1830 4982 2138 5044 luntatem
2175 4990 2472 5057 aeternam
2504 4989 2635 5061 Dei,
2686 5007 2829 5050 cum
2870 4989 3201 5067 temporali
3250 5007 3396 5050 con-

1835 5094 2022 5137 cursu
2051 5084 2393 5153 creaturoe3
2429 5100 2579 5161 ergo
2616 5082 2959 5143 secundum
2999 5083 3397 5144 durationem

1833 5188 1963 5229 non
2004 5176 2265 5249 possunt
2312 5173 2435 5235 dici
2479 5176 2969 5238 concomitanter
3018 5194 3085 5237 se
3133 5177 3392 5249 hahere,

1835 5262 1947 5323 sed
1978 5266 2289 5326 antecedit
2316 5266 2603 5328 voluntas
2632 5269 2775 5342 Dei;
2819 5286 2971 5347 ergo
3014 5269 3245 5330 debent
3273 5270 3395 5331 dici

1835 5358 2181 5418 secundum
2211 5360 2657 5423 causalitatem.
2690 5361 2816 5423 Sed
2842 5361 2962 5423 hoc
2992 5362 3179 5422 etiam
3205 5361 3395 5423 modo

1832 5452 2259 5513 concomitans
2302 5472 2439 5515 esse
2486 5472 2615 5515 non
2658 5460 2885 5534 potest,
2928 5455 3075 5533 quia
3106 5455 3395 5517 voluntas

1830 5544 1967 5621 Dei,
1992 5562 2117 5622 qua
2142 5546 2272 5607 vult
2300 5546 2659 5627 simpliciter
2704 5546 3021 5623 effectum,
3076 5548 3141 5609 in
3188 5568 3255 5611 se
3307 5548 3393 5612 ita
