3850 6225
717 363 852 416 CAP.
889 365 972 416 IX.
1007 363 1311 418 Anxanum
1343 363 1611 418 Efficax
1641 361 1764 416 NON
1799 363 2173 418 consls‘rmtss
2206 367 2268 418 ΙΝ
2302 365 2553 432 ALIQUA,
2588 371 2719 422 ETC.

135 469 272 530 lium
299 465 610 528 sufficiens
647 465 728 526 ad
755 483 938 526 suam
965 467 1442 528 conversionem
1469 486 1486 539 ;
1523 467 1674 546 quia

133 579 322 641 neque
351 568 496 624 actu
532 561 716 622 habet
743 560 952 622 omnia
985 561 1292 640 principia
1317 562 1678 623 necessaria

133 675 248 716 suae
275 655 736 727 conversionis;
781 673 980 714 unum
1017 654 1186 716 enim
1219 673 1294 715 ex
1322 655 1419 715 his
1449 655 1680 735 princi-

130 751 234 830 piis
255 755 345 810 est
368 750 492 810 hoc
512 748 806 809 auxilium
833 748 1074 828 οὔσαις,
1093 748 1266 828 quod
1289 767 1420 810 non
1446 748 1672 820 habet;

129 862 317 920 neque
345 843 412 904 in
437 842 657 903 morali
685 847 992 922 potestate
1021 842 1158 922 ejus
1187 840 1458 921 positum
1488 847 1582 902 est
1612 848 1682 904 ut

129 938 266 999 illud
293 937 561 1010 habeat,
600 942 670 996 ut
697 935 846 996 satis
875 935 1261 998 declaratum
1297 943 1413 997 est.
1459 937 1678 1016 Sequi-

131 1038 217 1092 tur
243 1029 420 1090 tertio
445 1075 462 1100 ,
509 1047 654 1090 eum
685 1029 791 1108 qui
825 1046 954 1090 non
985 1028 1292 1091 consentit
1317 1029 1631 1090 vocationi
1657 1073 1674 1100 ,

129 1121 512 1203 quantumvis
538 1122 602 1182 in
634 1122 874 1184 ratione
906 1121 1232 1183 excitantis
1262 1122 1476 1202 gratiae
1508 1121 1677 1182 suffi-

128 1217 346 1279 cienter
390 1214 648 1276 excitari
693 1213 982 1276 videatur
1012 1261 1028 1289 ‚
1081 1233 1410 1295 nunquam
1466 1220 1676 1276 tamen

127 1326 366 1389 peccare
407 1326 540 1369 non
586 1308 1036 1370 consentiendo
1079 1309 1292 1388 gratiae
1339 1309 1669 1381 excitanti;

127 1403 254 1482 quia
289 1419 619 1481 nunquam
647 1402 764 1462 fuit
787 1403 853 1462 in
888 1420 1084 1463 manu
1111 1402 1248 1483 ejus
1277 1403 1628 1464 consentire
1652 1422 1668 1476 ;

127 1495 412 1573 siquidem
455 1513 670 1573 neque
724 1495 943 1556 habuit
990 1495 1307 1557 efficacem
1359 1497 1622 1576 gratiam
1655 1543 1672 1570 ,

125 1606 310 1668 neque
339 1589 692 1668 quidquam
724 1589 930 1650 facere
957 1591 1156 1670 potuit
1183 1593 1254 1650 ut
1279 1591 1451 1650 illam
1481 1591 1675 1652 habe-

126 1689 236 1753 rct;
269 1681 398 1741 sine
428 1683 553 1742 hac
586 1687 801 1743 autem
827 1687 1135 1762 potestate
1171 1701 1298 1744 non
1331 1689 1537 1762 potest
1571 1701 1674 1744 ca-

126 1775 304 1835 rentia
349 1781 528 1835 actus
585 1777 788 1858 culpae
835 1777 1122 1849 attribui,
1165 1783 1234 1838 ut
1275 1795 1352 1836 ex
1403 1776 1670 1837 Concilio

126 1869 460 1930 Tridentino
491 1876 556 1930 et
587 1869 870 1931 Patribus
899 1871 964 1930 in
993 1869 1421 1950 superioribus
1451 1870 1675 1948 proba-

129 1969 240 2022 tum
263 1967 370 2035 est,
406 1967 470 2023 et
494 1969 596 2024 est
615 1981 730 2042 per
753 1983 819 2025 se
851 1963 1130 2024 evidens,
1161 1963 1456 2042 Sequitur
1482 1962 1674 2024 etiam

130 2059 322 2132 quarto
349 2056 521 2116 illam
554 2057 898 2118 carentiam
941 2062 1118 2118 actus
1155 2075 1282 2116 non
1321 2075 1458 2118 esse
1493 2075 1570 2117 ex
1599 2057 1674 2116 li-

130 2149 374 2221 bertate,
426 2149 542 2210 sed
582 2167 662 2210 ex
700 2151 1074 2211 necessitate
1118 2149 1200 2211 ob
1239 2150 1674 2229 impotentiam

131 2241 370 2302 habendi
425 2248 668 2304 actum.
743 2244 920 2305 Patet
969 2243 1228 2322 sequela
1294 2262 1372 2304 ex
1427 2243 1674 2306 duobus

131 2335 412 2414 principiis
455 2355 656 2416 supra
698 2336 940 2415 positis.
985 2338 1190 2400 Unum
1234 2341 1350 2409 est,
1395 2355 1580 2398 usum
1607 2337 1674 2397 li-

129 2429 322 2490 berum
347 2432 414 2490 in
439 2432 728 2492 carentia
757 2439 932 2493 actus
959 2450 1088 2493 non
1121 2449 1258 2494 esse
1291 2432 1425 2492 sine
1455 2437 1675 2511 poten-

132 2523 198 2582 tia
233 2525 446 2586 morali
495 2531 562 2586 et
612 2527 892 2604 proxima
933 2526 1260 2605 operandi.
1312 2524 1496 2586 Aliud
1544 2531 1670 2599 est,

131 2635 252 2676 eum
270 2619 368 2696 qui
390 2637 520 2680 non
543 2621 858 2681 consentit
879 2619 1212 2696 vocationi,
1239 2639 1454 2682 carere
1477 2619 1520 2698 (j
1530 2625 1674 2680 uxta

131 2712 472 2771 sententiam
503 2730 702 2790 quam
732 2715 1196 2793 impugnamus)
1227 2714 1504 2792 potentia
1532 2731 1672 2792 pro·

132 2803 274 2862 xima
297 2804 376 2864 ad
402 2806 934 2866 consentiendum
962 2807 1293 2880 vocationi,
1327 2806 1474 2886 quia
1501 2809 1672 2868 caret

134 2897 404 2977 principio
459 2899 547 2961 ad
609 2898 782 2960 illam
841 2900 1214 2960 eliciendam
1264 2901 1622 2963 necessario
1651 2945 1668 2974 ,

134 2989 274 3066 quod
301 2991 466 3053 nullo
501 2993 700 3054 modo
730 2993 920 3053 habet
949 2994 1012 3054 in
1049 2998 1356 3072 potestate
1389 3013 1526 3054 sua.
1565 2997 1672 3056 At-

133 3103 234 3162 que
257 3085 333 3145 ita
360 3087 628 3148 tandem
655 3087 937 3167 sequitur
961 3106 1038 3149 ex
1067 3089 1438 3150 necessitate
1463 3087 1671 3149 auxilii

137 3177 395 3252 efficaciS,
427 3181 552 3241 hoc
582 3180 775 3242 modo
805 3181 1127 3255 declarati,
1159 3182 1290 3243 tolli
1321 3181 1672 3243 libertatem

135 3270 188 3329 in
209 3290 320 3332 non
348 3272 684 3337 efficiendo
710 3276 1221 3354 supernaturales
1243 3281 1456 3349 actus;
1499 3275 1668 3355 quia,

137 3370 192 3423 ut
217 3364 356 3439 dixi,
385 3370 508 3429 hoc
535 3385 871 3446 nunquam
899 3370 1226 3447 proveniet
1255 3387 1332 3431 ex
1357 3367 1668 3441 libertate,

140 3459 226 3517 sed
258 3476 326 3521 ex
360 3462 756 3541 impotentia.
797 3462 954 3523 Cum
985 3480 1137 3542 ergo
1164 3463 1300 3523 haec
1331 3461 1540 3523 omnia
1571 3480 1671 3522 co-

140 3552 358 3615 rollaria
401 3561 624 3635 aperte
666 3554 824 3614 falsa
873 3555 1032 3627 sint,
1081 3562 1143 3616 et
1187 3556 1496 3616 illationes
1542 3572 1672 3615 non

141 3646 474 3725 conjecturis
503 3654 776 3719 tantum,
809 3644 921 3709 sed
948 3648 1304 3710 efficacibus
1327 3647 1676 3709 rationibus

139 3738 232 3799 niti
264 3741 617 3815 videantur,
653 3741 884 3803 dictam
912 3743 1286 3803 sententiam
1314 3741 1537 3803 falsam
1579 3760 1678 3802 es-

146 3850 201 3891 se
233 3834 632 3897 vehementer
655 3834 1061 3915 persuadent.

687 4062 938 4125 CAPUT
979 4062 1081 4124 lx.

147 4287 394 4338 Annum
444 4293 704 4341 Efficax
763 4293 880 4341 NON
929 4293 1288 4341 constsrssas
1343 4294 1406 4341 m
1457 4294 1673 4349 ALIQUA

211 4384 412 4431 enam
435 4386 777 4435 BXGITANTB
807 4388 1048 4434 msice·
1079 4388 1674 4435 Pmmzmmmn

215 4478 597 4527 voLuN'ruEx
637 4481 718 4526 An
756 4481 1120 4528 susurrum
1163 4482 1366 4545 acras,

217 4675 264 4733 l.
303 4675 868 4739 Demonstrandum
919 4677 1052 4757 jam
1109 4682 1204 4739 est
1236 4723 1252 4751 ,
1311 4678 1672 4757 hujusmodi

153 4768 406 4843 gratiam,
427 4770 1080 4849 praedeterminantem
1099 4772 1383 4851 physice,
1414 4790 1542 4832 non
1571 4791 1673 4833 so-

151 4856 262 4920 lum
283 4864 696 4925 necessariam
729 4882 864 4925 non
891 4882 1053 4936 esse,
1079 4883 1300 4925 verum
1345 4866 1532 4927 etiam
1559 4884 1669 4927 ne-

154 4968 253 5027 que
295 4956 644 5031 possibilem
685 4964 976 5037 respectu
1010 4964 1186 5019 actus
1233 4976 1380 5019 vere
1411 4959 1674 5019 humani

155 5060 214 5103 ac
245 5044 427 5110 liberi.
460 5048 637 5122 Quod
675 5056 746 5111 ut
785 5050 1014 5113 clarius
1051 5057 1111 5113 et
1139 5050 1486 5113 distinctius
1537 5051 1668 5129 fiat,

153 5139 298 5213 prius
319 5140 378 5201 id
405 5144 806 5206 ostendemus
827 5144 906 5207 de
935 5146 1134 5225 gratia
1165 5144 1496 5217 excitante,
1527 5163 1673 5225 pos-

155 5234 238 5291 tea
263 5232 334 5295 de
370 5234 642 5317 reliquis.

119 5389 132 5399 ,
218 5325 504 5393 Excisum
532 5333 734 5413 qratia
763 5350 886 5394 non
916 5332 1410 5413 proedeteminat
1429 5331 1678 5412 physice

155 5416 506 5484 voluntatem.
524 5423 902 5489 -Probatio
931 5443 1006 5489 em
1047 5424 1394 5501 definitione
1421 5422 1676 5488 Concilii

162 5510 491 5576 Tridentini.
537 5548 620 5563 —
656 5518 808 5579 Dico
852 5516 1042 5597 igitur
1095 5517 1400 5599 imprimis
1431 5517 1670 5579 nullam

3206 361 3319 424 18¹1

1759 485 1896 528 esse
1924 467 2298 530 excitantem
2318 468 2605 548 gratiam,
2636 489 2777 550 quoe
2794 473 3052 551 physice
3080 471 3321 551 praede-
3383 457 3415 470 ”

1756 560 2052 621 terminet
2080 559 2489 622 voluntatem.
2520 563 2592 624 In
2642 581 2767 643 qua
2814 565 3163 626 assertione
3218 564 3321 625 vix

1763 659 1856 714 est
1893 653 2075 715 nobis
2100 655 2543 728 controversia,
2569 657 2757 720 etiam
2787 676 2933 719 cum
2962 657 3320 720 auctoribus

1761 747 2089 806 contrariae
2144 748 2503 820 sententiae;
2550 768 2723 823 nam,
2753 753 2803 812 si
2839 757 3075 814 attente
3102 749 3321 831 legan-

1759 843 1885 911 tur,
1914 838 2035 917 ipsi
2070 858 2199 900 non
2229 841 2511 902 tribuunt
2538 843 2863 922 physicam
2897 843 3322 924 praedetermi-

1759 932 2079 994 nationem
2124 933 2308 995 alicui
2364 935 2654 997 excitanti
2701 938 2945 1017 gratiae,
2986 936 3101 998 sed
3142 937 3321 998 alteri

1761 1025 2069 1105 qualitati,
2102 1034 2287 1106 prout
2335 1028 2671 1091 undecimo
2718 1032 2919 1112 capite
2946 1030 3317 1102 videbimus,

1759 1119 2045 1198 quamvis
2062 1120 2255 1199 (quod
2291 1120 2473 1182 valde
2504 1123 2967 1186 observandum
3004 1125 3119 1202 est)
3150 1125 3323 1185 testi·-

1757 1213 1970 1274 monia
1990 1215 2221 1286 omnia,
2234 1215 2461 1292 quibus
2482 1217 2563 1278 ad
2582 1236 2761 1278 suam
2778 1218 3153 1280 sententiam
3172 1235 3321 1278 con-

1757 1305 2133 1369 firmandam
2176 1314 2457 1383 utuntur,
2502 1309 2581 1370 de
2624 1313 2825 1391 gratia
2867 1311 3177 1374 excitante
3229 1309 3322 1371 lo-

1757 1405 2065 1478 quantur;
2092 1399 2205 1460 sed
2226 1402 2345 1462 hoc
2376 1401 2517 1463 ideo
2540 1405 2629 1464 eis
2644 1403 2893 1478 accidit,
2913 1404 3059 1483 quia
3078 1423 3207 1465 non
3226 1421 3321 1464 sa-

1755 1495 1834 1555 tis
1847 1493 2013 1556 inter
2040 1494 2155 1556 has
2180 1497 2412 1575 gratias
2454 1496 2865 1577 distinguunt,
2888 1505 2957 1560 ut
2984 1499 3321 1577 unicuique

1757 1605 1944 1648 suum
1976 1606 2205 1648 munus
2240 1589 2619 1665 attribuant;
2668 1593 2780 1653 sed
2810 1591 3101 1672 quaelibet
3126 1591 3319 1652 verba

1756 1680 2075 1760 generalia
2095 1681 2425 1762 Scripturas
2450 1690 2560 1746 aut
2576 1685 2991 1748 conciliorum
3004 1685 3105 1746 vel
3133 1685 3321 1746 Sanc-

1753 1777 1965 1836 torum
1992 1775 2071 1836 ad
2098 1794 2281 1838 suum
2308 1795 2563 1839 sensum
2590 1778 3066 1840 accommodant
3088 1798 3103 1850 3
3136 1796 3206 1839 re
3230 1783 3321 1838 ta-

1757 1886 1904 1929 men
1925 1886 2075 1930 vera
2090 1887 2219 1931 non
2234 1873 2511 1933 sentiunt
2530 1873 2796 1952 gratiam
2816 1873 3191 1934 excitantem
3209 1871 3321 1934 de-

1755 1961 2093 2024 terminare
2108 1964 2364 2042 physice
2384 1965 2792 2028 voluntatem.
2808 1967 3023 2045 Neque
3036 1964 3318 2026 existimo

1755 2074 1939 2136 posse
1969 2056 2031 2117 id
2055 2057 2373 2139 affirmari.
2390 2059 2571 2130 Quod
2600 2060 2869 2139 primum
2887 2059 3084 2140 probo
3116 2077 3191 2119 ex
3210 2058 3322 2119 de·-

1757 2154 1924 2210 creto
1946 2149 2197 2211 Concilii
2230 2151 2598 2228 Tridentini,
2632 2171 2787 2214 sess.
2824 2155 2884 2228 6,
2922 2154 3050 2227 c.5‚
3084 2157 3147 2214 et
3175 2169 3315 2214 can.

1753 2245 1816 2315 4,
1844 2243 1955 2304 ubi
2012 2245 2392 2323 generaliter
2434 2245 2673 2320 definit,
2721 2252 3017 2326 tangente
3046 2247 3176 2308 Deo
3216 2263 3322 2306 cor

1754 2337 2027 2398 hominis
2068 2356 2182 2416 per
2234 2339 2497 2418 Spiritus
2537 2340 2745 2402 Sancti
2776 2339 3315 2412 illuminationem,

1755 2429 1926 2508 quod
1966 2431 2155 2510 paulo
2203 2439 2389 2494 antea
2424 2433 2797 2495 excitantem
2834 2433 3101 2512 gratiam
3137 2450 3322 2495 voca-

1754 2530 1952 2600 verat,
1991 2541 2175 2602 posse
2221 2524 2542 2586 hominem
2588 2527 2685 2587 vel
2730 2526 3201 2606 inspirationem
3248 2525 3321 2585 il-

1756 2616 1881 2676 lam
1909 2617 2191 2696 recipere
2220 2618 2417 2679 libera
2445 2619 2788 2692 voluntate,
2822 2637 2965 2679 cum
2985 2619 3094 2678 Dei
3122 2619 3319 2698 gratia

1755 2709 2092 2790 adjuvante
2120 2711 2203 2772 ad
2224 2712 2529 2790 justitiam
2557 2731 2623 2774 se
2638 2712 2951 2774 movendo
2972 2756 2989 2785 ,
3020 2711 3117 2772 vel
3151 2710 3319 2772 illam

1753 2821 1866 2882 pro
1898 2805 2029 2865 sola
2042 2822 2157 2864 sua
2172 2803 2455 2866 libertate
2474 2805 2769 2885 abjicere,
2802 2823 2938 2879 seu,
2969 2804 3139 2884 quod
3154 2804 3321 2865 idem

1757 2901 1870 2969 est,
1897 2897 1977 2969 ei,
2010 2898 2059 2958 si
2076 2896 2245 2970 velit,
2281 2898 2631 2960 dissentire.
2669 2900 2828 2960 Nam
2853 2898 3160 2979 imprimis
3190 2899 3319 2959 haec

1755 2989 2057 3062 definitio,
2090 2998 2159 3052 ut
2185 2991 2334 3064 dixi,
2366 2999 2463 3054 est
2492 3011 2784 3072 expressa
2818 2992 2895 3054 de
2928 2991 3127 3072 gratia
3155 2993 3321 3053 exci-

1753 3090 1949 3157 tante,
1994 3090 2229 3149 etcum
2284 3085 2363 3148 sit
2403 3087 2783 3161 doctrinalis,
2823 3088 3013 3148 etiam
3058 3091 3153 3148 est
3182 3086 3323 3147 uni-

1751 3179 2047 3253 versalis3
2084 3180 2339 3259 alioqui,
2371 3199 2489 3243 nec
2520 3182 2669 3243 satis
2699 3181 3069 3260 explicasset
3104 3180 3323 3242 Conci-

1753 3271 1907 3333 lium
1932 3274 2259 3335 veritatem
2271 3273 2441 3342 fidei,
2464 3292 2583 3336 nec
2611 3276 2761 3336 satis
2789 3274 3171 3336 confutasset
3190 3275 3323 3335 hae-

1755 3366 2091 3427 reticorum
2144 3386 2445 3443 errorem,
2488 3385 2699 3447 neque
2752 3366 2991 3447 aliquid
3042 3366 3317 3439 firmum,

1757 3460 1927 3539 quod
1943 3460 2235 3521 omnibus
2255 3461 2407 3521 utile
2422 3467 2609 3534 esset,
2629 3461 2965 3523 docuisset.
3000 3462 3156 3521 Nam
3181 3478 3321 3540 pos-

1760 3554 1856 3613 set
1883 3552 2195 3631 quispiam
2227 3552 2435 3615 dicere
2465 3554 2617 3615 illud
2646 3572 2783 3615 esse
2811 3572 3033 3616 verum
3056 3553 3136 3614 de
3166 3570 3323 3631 quo-

1760 3646 1906 3706 dam
1952 3648 2216 3708 remisso
2262 3652 2457 3721 tactu,
2485 3667 2600 3710 seu
2632 3649 2753 3709 levi
2794 3648 3201 3728 inspiratione
3228 3645 3323 3707 di-

1758 3738 1925 3812 vina,
1958 3758 2086 3800 non
2101 3758 2251 3801 vero
2278 3741 2358 3803 de
2379 3741 2519 3803 forti
2552 3748 2614 3802 et
2640 3742 2897 3803 efficaci.
2923 3740 3100 3811 Quod
3132 3739 3319 3800 etiam

1758 3833 1970 3894 dicent
1998 3834 2275 3895 haeretici
2306 3836 2666 3896 Lutherani.
2690 3835 3079 3914 Quapropter
3105 3851 3320 3912 repre-

1756 3925 2060 3986 hensione
2079 3926 2269 4007 digna
2298 3934 2392 3989 est
2417 3928 2835 4006 quorumdam
2864 3926 3317 4012 interpretatiO,

1756 4018 2096 4079 dicentium
2125 4020 2296 4098 loqui
2315 4021 2655 4082 Concilium
2680 4018 3179 4099 deinspiratione
3196 4016 3321 4079 suf-

1752 4109 2029 4185 ficiente,
2060 4119 2121 4174 et
2146 4133 2273 4175 non
2303 4113 2382 4175 dc
2414 4114 2648 4175 efficaci
2672 4134 2689 4188 3
2710 4132 2859 4175 nam
2889 4114 2943 4174 si
2957 4113 3077 4173 hoc
3104 4128 3317 4173 verum

1757 4210 1874 4279 est,
1903 4206 2221 4284 quomodo
2242 4206 2348 4268 illa
2378 4206 2741 4268 definitione
2760 4208 3097 4268 damnatur
3122 4206 3318 4266 haere-

1757 4298 1837 4358 sis
1879 4298 2257 4373 Lutherana,
2292 4318 2435 4379 quae
2474 4318 2602 4360 non
2634 4299 2909 4371 cuilibet,
2942 4298 3055 4359 sed
3084 4297 3319 4359 efficaci

1754 4392 1971 4470 gratias
2005 4392 2221 4453 tribuit
2248 4399 2473 4453 nostrae
2497 4393 2831 4454 voluntatis
2855 4391 3319 4453 determinatio-

1755 4504 1903 4545 nem
1946 4502 2057 4545 seu
2112 4486 2583 4547 necessitatem?
2616 4486 2793 4551 Item.
2820 4485 2997 4565 juxta
3025 4485 3196 4545 illam
3230 4485 3319 4544 in·

1755 4580 2291 4659 tei-pretationem,
2319 4580 2634 4659 quomodo
2662 4597 2880 4640 verum
2916 4586 3012 4640 est
3037 4578 3205 4658 quod
3233 4578 3321 4639 ait

1755 4673 2122 4746 Concilium,
2150 4674 2621 4754 inspirationem
2647 4674 2819 4735 illam
2843 4673 3219 4746 talem-esse,
3250 4678 3321 4734 ut

1753 4766 2021 4827 liberum
2044 4767 2370 4827 arbitrium
2406 4768 2801 4847 cooperando
2835 4766 3059 4829 divinoe
3102 4766 3317 4845 gratiae

1750 4861 1947 4940 possit
1972 4860 2057 4921 illi
2086 4860 2489 4922 consentire?
2534 4862 2667 4922 Non
2698 4862 2868 4923 enim
2910 4867 3117 4941 potest
3167 4879 3319 4923 con-

1756 4954 2011 5029 sentire,
2030 4952 2151 5014 nisi
2178 4954 2412 5015 habeat
2428 4954 2693 5035 gratiam
2722 4956 3097 5017 excitantem
3120 4955 3186 5014 in
3203 4972 3317 5015 suo

1755 5045 1973 5107 ordine
2013 5046 2355 5119 efficacem,
2388 5048 2730 5126 praesertim
2753 5047 2932 5127 juxta
2962 5047 3319 5127 opinionem

1751 5158 1945 5227 quam
1973 5139 2436 5221 impugnamus.

1839 5236 1900 5295 2.
1947 5233 2167 5299 Altera
2210 5238 2364 5317 fuya
2404 5233 2729 5313 refellitur.
2758 5266 2840 5281 -
2886 5236 3101 5313 Neque
3150 5232 3319 5294 enim

1757 5326 1861 5388 hic
1909 5327 2119 5389 locum
2138 5328 2348 5399 -habet
2396 5328 2673 5409 vulgaris
2714 5328 2821 5389 illa
2854 5327 3028 5406 fuga,
3062 5325 3317 5397 scilicet,

1757 5440 1941 5503 posse
1989 5420 2266 5500 quidem,
2316 5422 2429 5484 sed
2455 5440 2781 5501 nunquam
2826 5439 2967 5483 esse
3006 5419 3318 5481 facturum

1755 5532 1898 5577 cum
1925 5515 2195 5577 solailla
2243 5516 2442 5595 gratia
2494 5515 2825 5585 excitante,
2868 5513 2986 5574 nisi
3016 5512 3317 5593 majorem
