3850 6225
532 343 543 350 ·
642 388 781 442 GAP.
816 387 900 440 111.
938 387 1105 439 VERA
1135 384 1611 440 mnu-‘FERENTIA
1642 386 2024 452 LIBERTATIS,
2059 386 2325 451 EJUSQUE
2358 387 2656 453 RECEPTA,
2694 391 2826 447 mc,

129 493 287 548 turae
330 493 641 550 causaret.
680 489 757 550 Et
807 487 1213 552 confirmatur
1256 489 1497 570 primo:
1548 507 1697 550 nam

126 581 273 642 talis
316 583 659 644 necessitas
700 602 777 646 ex
811 584 1239 664 suppositione
1285 583 1696 646 antecedente

128 680 229 736 est
278 675 623 737 necessitas
680 677 969 739 absoluta
1024 683 1089 740 et
1142 678 1542 758 simpliciter;
1579 697 1699 758 pu-

128 775 285 846 gnat
318 787 469 850 ergo
511 788 651 832 cum
690 770 1001 834 libertate.
1034 771 1430 834 Antecedens
1476 777 1572 833 est
1620 772 1691 832 D.

128 861 413 934 Thomae,
442 861 551 923 lib.
594 865 633 924 2
661 864 935 944 Physic„
986 865 1130 926 lect.
1178 867 1277 938 15,
1326 865 1433 925 ubi
1460 866 1547 926 ait
1590 882 1697 926 ne-

133 954 487 1015 cessitatem
521 974 598 1016 ex
624 957 829 1018 causis
854 957 1166 1038 prioribus
1194 977 1333 1020 esse
1360 957 1699 1019 necessita-

133 1051 263 1106 tem
312 1047 693 1127 simpliciter,
732 1057 793 1111 et
826 1051 1004 1128 ponit
1032 1051 1387 1130 exemplum
1412 1051 1479 1111 in
1507 1070 1697 1112 causa

132 1139 465 1212 materiali,
497 1140 743 1204 formali
773 1149 836 1205 et
860 1143 1190 1206 efficiente.
1222 1146 1297 1206 Et
1323 1145 1563 1207 ratione
1592 1145 1699 1206 de·

132 1233 427 1308 claretur,
458 1235 609 1315 quia
646 1255 775 1298 non
814 1243 1021 1316 potest
1058 1238 1159 1299 hic
1182 1237 1313 1299 'dici
1358 1239 1699 1299 necessitas

134 1326 447 1402 absoluta,
502 1330 675 1408 quod
722 1331 961 1391 nullam
1016 1349 1273 1392 causam
1326 1331 1425 1392 vel
1489 1330 1701 1391 condi-

133 1419 377 1481 tionem
414 1423 735 1501 requiram
776 1423 897 1484 hoc
940 1423 1109 1484 enim
1149 1423 1337 1485 modo
1390 1423 1565 1484 nulla
1606 1429 1701 1484 est

136 1515 483 1575 necessitas
530 1516 593 1576 in
623 1518 961 1578 creaturis:
996 1535 1146 1596 ergo
1172 1523 1378 1596 potest
1408 1535 1545 1578 esse
1592 1535 1701 1578 ne-

138 1608 397 1668 cessitas
425 1609 737 1680 absoluta,
792 1609 937 1671 licet
964 1609 1239 1690 aliquam
1282 1609 1701 1670 conditionem

134 1719 251 1762 seu
294 1703 785 1782 suppositionem
820 1705 1135 1784 requirat:
1172 1722 1324 1784 ergo
1376 1704 1548 1765 nulla
1593 1721 1701 1782 po-

132 1802 257 1857 test
292 1815 431 1858 esse
460 1797 665 1877 major
694 1817 883 1877 quam
921 1798 1045 1872 illa,
1080 1817 1220 1878 quae
1268 1817 1347 1859 ex
1387 1798 1699 1876 prioribus

132 1895 195 1950 et
244 1890 759 1952 antecedentibus
800 1893 1007 1953 causis
1036 1894 1342 1973 provenit.

212 1983 295 2046 9:
326 1986 498 2048 Idem
554 1989 949 2066 confirmatur
1005 2005 1079 2049 σω
1126 1984 1325 2050 simili
1371 1987 1650 2049 doctrina
1680 2031 1697 2058 ,

128 2080 293 2159 quod
310 2079 669 2159 iquorantia
696 2081 1042 2144 antecedens
1072 2080 1236 2143 tollit
1261 2078 1703 2142 libertatem.—

128 2171 415 2232 Tandem
438 2177 643 2252 potest
668 2172 803 2233 haec
824 2173 1105 2234 doctrina
1130 2191 1206 2234 ex
1234 2171 1379 2246 alia,
1412 2191 1602 2252 quam
1622 2171 1703 2233 de

127 2265 487 2344 ignorantia
520 2265 775 2328 tradunt
800 2268 873 2328 D.
904 2267 1177 2327 Thomas
1212 2272 1274 2327 et
1312 2267 1417 2326 alii
1443 2265 1705 2326 Theolo-

129 2360 219 2438 gi,
262 2360 517 2440 egregie
546 2359 851 2421 declarari
892 2360 1704 2438 etconfirmari.1nquiren-

126 2459 227 2514 tes
274 2454 440 2513 enim
482 2455 785 2535 Theologi
819 2473 959 2534 quae
1006 2455 1361 2534 ignorantia
1389 2454 1567 2515 tollat
1592 2471 1703 2514 vo-

128 2546 475 2606 luntarium
524 2550 586 2608 et
617 2548 885 2610 liberum
912 2593 929 2622 ,
979 2547 1371 2627 distinguunt
1402 2546 1481 2608 de
1525 2547 1699 2626 igno-

126 2638 337 2700 rantia
365 2639 775 2702 antecedente
824 2647 887 2702 et
932 2647 1401 2720 consequente;
1440 2645 1503 2700 et
1530 2638 1700 2700 illam

130 2732 349 2792 dicunt
375 2731 593 2793 tollere
644 2731 911 2794 liberum
960 2739 1025 2794 et
1066 2732 1519 2806 voluntarium,
1571 2750 1699 2792 non

130 2830 300 2884 certe
330 2824 453 2884 alia
478 2825 745 2898 ratione,
772 2826 893 2886 nisi
940 2825 1089 2904 quia
1126 2825 1477 2905 ignorantia
1521 2829 1700 2884 ante-

130 2918 367 2978 cedens
396 2924 459 2978 et
491 2924 585 2978 est
614 2936 825 2991 causa,
862 2924 925 2979 et
954 2924 1048 2978 est
1086 2916 1534 2988 involuntaria;
1584 2936 1699 2978 un-

132 3011 215 3072 de
236 3011 305 3070 fit
323 3017 413 3084 ut,
441 3017 503 3072 et
534 3018 732 3084 actm,
764 3011 845 3072 ab
873 3011 977 3071 illa
998 3011 1367 3090 procedens,
1398 3011 1697 3090 procedat

132 3110 263 3165 uta
292 3124 481 3166 causa
509 3105 777 3167 naturali
809 3110 871 3167 et
894 3124 1023 3166 non
1054 3104 1291 3177 libera3
1326 3111 1389 3166 et
1410 3109 1479 3164 ut
1506 3105 1695 3167 homo

131 3199 219 3259 sic
270 3199 567 3279 ignorans
602 3200 679 3259 sit
706 3198 805 3260 bie
850 3205 910 3259 et
941 3216 1108 3259 nunc
1136 3198 1446 3276 impotens
1474 3197 1555 3257 ad
1591 3217 1698 3258 vo-

126 3292 387 3352 lendum
404 3292 571 3371 quod
601 3292 687 3353 sic
708 3292 1065 3373 ignoratum
1084 3297 1199 3363 est,
1228 3297 1289 3352 et
1308 3308 1700 3369 consequen-

127 3392 227 3447 ter
250 3391 319 3445 ut
346 3404 475 3447 non
520 3386 597 3446 sit
624 3384 784 3445 liber
822 3385 885 3444 in
916 3404 991 3445 eo
1034 3383 1329 3445 nolend0.
1362 3384 1509 3446 Haec
1543 3401 1694 3463 ergo

129 3479 591 3559 Theologorum
628 3478 927 3553 doctrina,
969 3476 1035 3537 in
1064 3478 1233 3538 omni
1268 3476 1693 3556 suppositione

130 3590 270 3650 quae
313 3572 397 3633 ad
434 3578 645 3634 actum
671 3572 1007 3634 voluntatis
1048 3578 1401 3643 concurrat,
1442 3570 1543 3631 vel
1584 3588 1693 3649 ap-

129 3667 415 3746 plicetur,
446 3668 655 3728 locum
686 3666 896 3727 babet.
927 3668 1080 3727 Nam
1118 3666 1169 3726 si
1213 3664 1317 3725 illa
1344 3666 1421 3725 sit
1446 3668 1693 3725 antece-

128 3760 289 3821 dens
327 3761 581 3820 omnino
614 3777 799 3819 usum
828 3758 1151 3831 libertatiS,
1194 3764 1255 3818 et
1294 3756 1523 3836 alioqui
1554 3755 1691 3817 red-

128 3854 237 3915 dat
286 3854 670 3914 voluntatem
710 3853 812 3913 hic
846 3858 909 3912 et
948 3870 1114 3911 nunc
1150 3852 1559 3929 impotentem
1606 3848 1689 3910 ad

130 3965 385 4008 omnem
413 3946 605 4006 alium
649 3940 857 4005 actum
890 3949 1120 4022 praeter
1162 3942 1337 4003 illum
1376 3944 1455 4002 ad
1499 3960 1689 4022 quem

129 4060 207 4102 ex
232 4040 339 4102 tali
366 4038 791 4119 suppositione
822 4038 1293 4109 determinatur,
1318 4036 1475 4097 tollit
1502 4036 1687 4116 plane

126 4134 480 4195 libertatem
512 4132 593 4193 ad
619 4131 813 4192 illum.
845 4132 1059 4209 Neque
1088 4129 1265 4191 reddi
1294 4135 1500 4209 potest
1527 4129 1685 4190 ratio

126 4226 330 4289 curin
357 4225 711 4305 ignorantia
738 4224 1087 4285 antecessio
1112 4223 1217 4285 illa
1238 4223 1413 4284 tollat
1437 4224 1687 4283 liberta-

124 4328 281 4396 tem,
322 4326 383 4383 et
408 4338 537 4382 non
588 4320 657 4380 in
696 4318 818 4379 alia
853 4317 1209 4379 conditione
1234 4362 1251 4391 ,
1297 4316 1399 4379 vel
1456 4336 1681 4391 causa,

120 4434 264 4495 quae
294 4414 410 4477 vel·
428 4414 672 4475 auferat
687 4412 989 4475 voluntati
1020 4411 1439 4473 conditionem
1468 4430 1687 4472 neces-

119 4510 353 4571 sariam
390 4509 473 4569 ad
514 4508 927 4589 operandum,
957 4506 1059 4567 vel
1084 4510 1362 4586 apponat
1386 4505 1688 4567 conditio-

117 4623 303 4677 nem,
324 4620 467 4664 cum
496 4619 621 4679 qua
650 4602 729 4663 sit
749 4600 1133 4681 impossibile
1173 4618 1302 4660 non
1330 4598 1593 4679 operari,
1624 4605 1687 4661 et

118 4702 581 4776 consequenter
608 4694 848 4755 auferat
865 4697 1235 4774 potestatem
1264 4711 1392 4755 non
1422 4710 1683 4772 operan-

118 4792 203 4853 di.
238 4789 453 4853 Omnis
479 4806 629 4868 ergo
654 4786 995 4867 suppositio
1029 4786 1435 4859 antecedens,
1463 4802 1683 4847 neees-

114 4885 366 4946 sitatem
393 4880 691 4955 inferens,
722 4881 905 4941 affert
928 4880 1371 4941 necessitatem
1390 4877 1679 4957 simplici-

112 4985 235 5052 ter,
267 4983 332 5039 et
354 4978 815 5057 consequenter
836 4975 995 5037 tollit
1024 4974 1407 5037 libertatem.

9 5170 11 5173 >
119 5123 369 5199 Quando
423 5140 637 5186 unm
684 5120 1042 5201 compositus
1095 5138 1201 5183 seu
1253 5117 1681 5201 consequentioe

192 5216 523 5280 necessitas
538 5214 871 5279 libertatem
889 5214 1253 5294 simpliciter
1272 5212 1473 5287 tollat,
1494 5228 1681 5293 quan-

195 5312 269 5373 do
310 5326 435 5373 non
468 5308 633 5372 item.

194 5442 295 5503 10.
345 5438 423 5504 S.
454 5438 737 5503 Thomas.
768 5472 851 5487 --
874 5441 1076 5519 Atque
1106 5438 1253 5500 binc
1281 5437 1481 5499 obiter
1508 5434 1681 5497 colli-

110 5535 279 5618 gitur
306 5551 433 5612 quo
464 5550 651 5593 sensu
680 5533 1047 5613 applicanda
1083 5532 1159 5593 sit
1180 5532 1245 5593 in
1271 5533 1390 5594 hac
1418 5530 1679 5593 materia

433 5652 520 5700 XI.

3265 385 3340 448 Π

1776 489 2053 570 vulgaris
2090 491 2398 554 distinctio
2423 493 2502 555 de
2544 513 2734 556 sensu
2763 497 3105 578 composito
3149 502 3212 558 et
3251 494 3346 556 di-

1775 584 1932 658 vis0,
1980 591 2050 646 ut
2095 587 2436 648 necessitas
2483 587 2548 648 in
2590 607 2780 650 sensu
2825 590 3168 670 composito
3215 608 3342 650 non

1778 685 2112 740 censeatur
2139 680 2356 742 tollere
2389 680 2761 744 libertatem.
2791 685 2900 745 Est
2922 685 3088 745 enim
3105 685 3222 746 hoc
3241 702 3348 744 ve-

1774 790 1917 832 rum
1946 771 2024 832 de
2053 774 2478 852 suppositione
2511 785 2938 854 consequente
2963 823 2980 852 ,
3027 796 3156 838 non
3193 795 3342 838 vero

1777 864 1857 926 de
1898 866 2333 926 antecedente.
2370 868 2446 928 Et
2477 867 2596 929 hoc
2627 869 2832 949 ipsum
2870 871 3158 949 estquod
3207 871 3344 932 aliis

1776 958 1986 1020 verbis
2014 959 2085 1018 D.
2115 959 2387 1020 Thomas
2416 959 2590 1034 dixit,
2637 981 2697 1040 q.
2740 965 2820 1024 24
2865 963 2944 1024 de
2971 965 3188 1038 Verit.,
3222 968 3338 1026 art.

1780 1055 1839 1124 1,
1884 1051 1966 1111 ad
2015 1054 2125 1124 13,
2163 1053 2602 1116 necessitatem
2645 1058 3088 1136 consequentis
3129 1058 3344 1118 tollere

1777 1143 2150 1218 libertatem,
2171 1164 2297 1206 non
2321 1165 2470 1208 vero
2494 1150 2934 1210 necessitatem
2959 1169 3346 1230 consequen-

1780 1237 2177 1308 tioe.Quando
2207 1238 2376 1300 enim
2395 1240 2738 1319 suppositio
2753 1249 2850 1304 est
2873 1244 3256 1306 antecedens
3285 1250 3348 1304 et

1778 1329 1968 1391 infert
1994 1333 2456 1406 necessitatem,
2485 1333 2590 1394 illa
2607 1353 2826 1398 revera
2846 1355 2974 1398 non
2991 1342 3086 1399 est
3099 1343 3341 1400 tantum

1779 1426 2242 1502 consequentiae
2267 1471 2281 1499 ‚
2343 1425 2458 1487 sed
2499 1429 2688 1488 etiam
2731 1431 3173 1510 consequentis
3215 1450 3346 1492 res-

1778 1526 1966 1598 pectu
2005 1519 2168 1578 illius
2213 1519 2571 1595 voluntatis,
2623 1539 2814 1601 quam
2854 1523 2958 1584 1113
2997 1526 3340 1604 suppositio

1780 1611 2128 1684 antecedit3
2177 1612 2321 1690 quia
2363 1613 2450 1672 illi
2496 1631 2624 1674 non
2655 1622 2749 1676 est
2771 1617 3062 1690 liberum,
3092 1617 3206 1680 sed
3233 1637 3348 1682 ne-

1780 1704 2146 1779 cessarium,
2175 1704 2329 1765 illud
2365 1707 2780 1780 antecedens3
2816 1728 2966 1790 ergo
3005 1716 3070 1772 et
3123 1729 3346 1774 conse-

1780 1815 1982 1878 quens
2013 1843 2032 1870 ,
2085 1797 2138 1858 si
2191 1799 2445 1877 quidem
2494 1804 2943 1881 consequentia
2987 1805 3344 1866 necessaria

1782 1897 1894 1952 est.
1931 1892 2190 1963 Quando
2208 1910 2355 1953 vero
2387 1894 2727 1973 suppositio
2761 1901 2854 1956 est
2879 1897 3208 1974 posterior,
3227 1917 3344 1960 seu

1780 1985 1992 2064 aliquo
2022 1984 2211 2046 modo
2253 1984 2452 2046 libera
2493 1985 2612 2065 ipsi
2660 1987 2986 2062 voluntati,
3029 1995 3180 2052 tunc
3232 2009 3346 2052 ne-

1784 2077 2042 2138 cessitas
2083 2083 2178 2138 est
2207 2083 2448 2139 tantum
2478 2081 2968 2158 consequentiae,
3001 2083 3206 2161 qualis
3249 2090 3344 2146 est

1784 2169 1888 2230 1113
1910 2189 2036 2249 qua
2061 2189 2186 2244 reS,
2219 2171 2369 2231 dum
2393 2177 2508 2244 est,
2537 2175 2891 2235 necessario
2923 2181 3038 2249 est,
3063 2177 3209 2255 quia
3237 2196 3346 2239 ne-

1784 2263 2056 2324 cessario
2112 2265 2434 2341 sequitur,
2481 2265 2531 2325 si
2564 2271 2680 2339 est,
2725 2285 2896 2341 esse;
2927 2272 3144 2331 tamen
3197 2271 3346 2351 quia

1785 2359 2166 2420 antecedens
2199 2378 2326 2420 non
2369 2372 2462 2420 est
2488 2362 2937 2437 necessarium,
2971 2364 3082 2425 sed
3105 2367 3348 2427 contin-

1783 2471 1942 2531 gens
1983 2471 2095 2512 seu
2125 2452 2393 2514 liberum
2425 2453 2750 2528 voluntati,
2780 2455 2922 2518 ideo
2964 2476 3092 2518 non
3137 2461 3348 2539 sequi-

1780 2552 1883 2606 tur
1931 2563 2326 2624 consequens
2357 2563 2494 2606 esse
2539 2547 2826 2610 absolute
2870 2551 3295 2613 necessarium
3327 2597 3344 2626 ,

1782 2656 1990 2717 neque
2019 2639 2100 2700 ab
2142 2656 2217 2700 eo
2249 2638 2496 2700 excludi
2534 2639 2907 2703 libertatem.
2939 2645 3015 2704 Et
3066 2645 3202 2707 haec
3241 2664 3347 2706 ea-

1780 2730 1925 2792 dem
1957 2737 2052 2793 est
2091 2732 2432 2794 necessitas
2473 2733 2538 2792 in
2579 2752 2767 2794 sensu
2809 2737 3176 2814 compositO,
3205 2757 3344 2818 quae

1780 2843 1909 2885 non
1943 2825 2214 2886 excludit
2240 2826 2616 2900 libertatem,
2651 2827 2798 2905 quia
2824 2831 3120 2910 supponit
3159 2851 3342 2894 usum

1780 2919 1940 2997 ejuS,
1977 2924 2039 2981 et
2073 2918 2276 2979 solum
2306 2919 2584 2980 declarat
2611 2920 2762 2999 quid
2806 2940 2884 2982 ex
2915 2923 3028 2983 tali
3062 2927 3344 3005 supposi-

1779 3011 1947 3072 tione
1983 3017 2304 3089 sequatur,
2342 3012 2568 3090 quidve
2599 3031 2744 3074 cum
2787 3032 2862 3074 ea
2891 3019 3210 3096 componit
3244 3038 3345 3082 re-

1778 3109 2038 3185 pugnet.
2072 3105 2264 3167 Seeus
2293 3124 2441 3167 vero
2482 3105 2598 3167 erit
2635 3106 2686 3168 si
2711 3105 3065 3189 §suppositio
3121 3111 3198 3173 sit
3227 3132 3344 3173 an-

1778 3199 2096 3271 tecedens,
2117 3198 2783 3278 nullumquefincludat
2805 3201 3106 3265 libertatis
3130 3222 3338 3265 usum.

1778 3293 1938 3353 Nam
1963 3291 2102 3352 talis
2131 3292 2493 3366 necessitas,
2538 3292 2602 3353 in
2632 3311 2822 3353 sensu
2853 3296 3220 3373 compositu,
3247 3304 3343 3360 est

1774 3384 2114 3445 necessitas
2139 3384 2522 3463 simpliciter,
2558 3388 2620 3445 et
2647 3384 2788 3447 ideo
2822 3396 3137 3467 repugnat
3159 3390 3341 3451 liber-

1773 3477 1903 3539 tati.
1950 3478 2024 3537 Et
2045 3478 2226 3555 juxta
2257 3476 2390 3537 lioec
2420 3477 2722 3557 principia
2753 3480 3159 3558 expediendas
3195 3490 3342 3546 sunt

1772 3570 2064 3650 vulgares
2089 3568 2482 3631 difficultates
2511 3571 2590 3632 de
2635 3570 2920 3634 libertate
2963 3574 3186 3635 Christi
3222 3576 3340 3638 Do-

1774 3662 1927 3723 mini
1963 3662 2030 3723 in
2060 3662 2300 3725 actibus
2336 3664 2686 3743 praiceptiS,
2743 3670 2806 3727 et
2857 3664 2940 3753 de
2972 3684 3092 3727 usu
3139 3668 3338 3731 libero

1774 3755 2284 3817 confirmatorum
2323 3756 2386 3816 in
2417 3758 2617 3835 gratia
2640 3803 2656 3831 ,
2706 3775 2863 3835 quas
2891 3759 2956 3819 in
3009 3760 3138 3822 suis
3187 3762 3338 3823 locis

1770 3848 1907 3909 fuse
1938 3848 2360 3922 tractavimuS,
2407 3856 2470 3910 et
2519 3848 2680 3911 iufra
2721 3858 2984 3931 agentes
3011 3852 3092 3913 de
3133 3857 3339 3941 praefi-

1768 3942 2005 4003 nitione
2039 3947 2290 4003 actuum
2349 3944 2922 4022 supernaturalium
2975 3950 3335 4011 summatim

1769 4036 2177 4115 attingemus

1853 4132 1949 4189 11.
1993 4130 2242 4197 Verbwm
2264 4147 2450 4209 posse
2485 4130 2768 4211 quomodo
2807 4131 3169 4211 accipiatur,
3200 4152 3333 4199 oum

1766 4224 1996 4287 dicitur
2019 4223 2270 4287 liberum
2305 4240 2450 4296 esse,
2508 4223 2612 4303 qui
2630 4227 2834 4303 potest
2873 4230 3070 4302 facore
3119 4234 3179 4291 et
3213 4246 3332 4292 non

1763 4322 1980 4397 facere.
2009 4348 2092 4363 -
2119 4318 2210 4377 Ex
2246 4335 2371 4395 quo
2413 4316 2674 4376 ulterius
2723 4317 2970 4397 colligo,
3002 4338 3145 4381 cum
3184 4322 3333 4383 dici.

1765 4417 1867 4471 tur
1895 4410 1979 4471 ad
2018 4416 2226 4471 actum
2259 4410 2554 4481 liberum,
2590 4412 3014 4472 necessarium
3061 4432 3200 4475 esse
3235 4422 3323 4490 ut,

1766 4503 1982 4583 positis
2021 4502 2312 4563 omnibus
2349 4502 2687 4581 requisitis,
2711 4504 2908 4581 possit
2939 4504 3076 4566 fieri
3111 4512 3172 4568 et
3198 4527 3328 4570 non

1766 4595 1925 4671 fieri,
1959 4595 2044 4657 ita
2091 4596 2208 4657 hoc
2243 4594 2722 4675 intelligendum
2775 4615 2912 4658 esse
2955 4603 3025 4658 ut
3064 4600 3325 4663 verbum

1766 4689 1942 4765 illud,
1965 4690 2187 4771 possit,
2233 4688 2422 4749 faciat
2467 4707 2722 4749 sensum
2773 4690 3208 4769 compositum,
3265 4701 3326 4757 et

1762 4802 1893 4843 non
1916 4782 2207 4855 divisum,
2255 4780 2320 4843 id
2367 4788 2482 4855 est,
2525 4787 2594 4842 ut
2633 4800 2778 4842 cum
2806 4781 2910 4843 illa
2939 4786 3217 4862 potentia
3263 4794 3325 4849 et

1761 4875 2055 4937 omnibus
2083 4873 2399 4953 requisitis
2423 4874 2620 4955 possit
2659 4876 2967 4953 componi,
3002 4876 3064 4937 id
3093 4886 3211 4954 est,
3241 4881 3325 4941 si-

1759 4967 1891 5029 mul
1921 4968 2093 5047 poni,
2131 4973 2260 5027 tam
2291 4968 2476 5041 actio,
2513 4985 2706 5047 quam
2732 4969 3004 5031 carentia
3033 4972 3318 5049 actionis,

1761 5062 1907 5140 quia
1951 5063 2066 5121 hoc
2093 5060 2366 5139 postulat
2398 5059 2643 5121 interna
2681 5059 2774 5121 vis
2810 5066 2870 5123 et
2903 5061 3320 5127 indifferentia

1760 5153 2070 5216 facultatis
2118 5152 2348 5227 liberoe,
2395 5158 2465 5213 ut
2490 5158 2809 5214 ostensum
2843 5159 2958 5215 est.
2991 5158 3148 5219 Nam
3167 5158 3323 5220 alio-

1762 5248 1867 5329 qui
1899 5249 1949 5308 si
1989 5248 2054 5307 in
2085 5265 2276 5307 sensu
2319 5246 2514 5307 diviso
2560 5246 2622 5307 id
2662 5247 3166 5326 interpretemur,
3208 5251 3322 5313 de-

1759 5348 2032 5403 struetur
2057 5340 2376 5421 proprium
2406 5339 2708 5400 libertatis
2745 5340 3158 5421 privilegium.
3190 5344 3322 5405 Erit

1761 5434 1925 5496 enim
1986 5452 2230 5507 sensus,
2285 5451 2427 5493 cum
2459 5431 2565 5493 illa
2603 5433 2880 5511 potentia
2926 5440 2988 5495 et
3029 5436 3319 5496 omnibus

1759 5527 2076 5609 requisitis
2115 5528 2200 5590 ita
2239 5526 2535 5608 conjungi
2586 5532 2818 5602 actum,
2865 5532 2954 5599 ut,
3013 5533 3316 5605 quantum

2959 5632 2999 5697 2
