3850 6225
538 373 657 432 164

536 476 769 537 buitur.
803 477 935 537 Imo
961 479 1148 540 etiam
1177 487 1433 561 possent
1460 483 1579 544 hoc
1602 483 1903 544 auxilium
1933 484 2105 547 debi-

536 575 669 628 tum
706 570 1042 648 appellare,
1096 577 1159 636 et
1199 573 1411 652 quoad
1448 574 1567 634 hoc
1602 575 1901 636 deficiens
1939 595 1976 636 a
2007 595 2104 638 ra-

534 659 703 720 tione
737 662 980 739 gratiam
1028 667 1174 744 quia
1200 713 1215 741 ,
1262 667 1408 728 licet
1436 685 1562 726 non
1594 668 1675 728 sit
1711 667 1958 728 debitus
1988 670 2102 729 hu-

536 771 736 814 manae
760 761 997 818 naturae
1026 759 1371 820 secundum
1400 778 1469 821 se
1492 805 1507 833 ‚
1556 767 1651 822 est
1677 767 1891 821 tamen
1923 762 2100 822 debi-

1376 381 1585 434 OPUSC.
1620 383 1662 444 1,
1700 383 1815 434 Lm.
1852 385 1935 438 111.
1973 386 2054 437 DE
2085 381 2360 437 auleus
2393 381 2623 434 mvmAE
2653 380 2919 434 GRATIAE.

2184 483 2393 558 turali,
2423 482 2524 544 vel
2547 481 3102 560 supernaturaliter
3127 486 3452 561 operante,
3493 486 3568 541 ut
3595 481 3726 542 infra

2195 576 2423 648 dicam,
2449 581 2658 637 tamen
2685 577 2784 636 hic
2811 593 3174 646 concursuS‚
3204 580 3392 653 prout
3415 578 3510 634 est
3537 593 3580 633 a
3597 575 3724 646 Deo,

2181 687 2308 730 non
2336 669 2528 730 habet
2551 669 2721 748 quod
2747 669 2824 730 sit
2853 667 3372 747 supernaturalis,
3393 685 3471 726 ex
3491 666 3624 728 solo
3643 668 3726 728 illo

2189 763 2493 841 principio
2533 763 2839 842 proximo,
2883 761 2996 822 sed
3037 779 3114 822 ex
3154 762 3424 839 ipsomet
3457 761 3612 832 Dec,
3643 765 3728 838 qui

536 853 636 908 tus
664 846 845 907 alicui
871 851 1173 931 principio
1216 855 1711 931 supernaturali,
1748 855 1919 934 quod
1947 875 2106 917 sem-
2192 855 2540 932 potentiam
2593 874 2772 915 suam
2819 855 3072 934 speciali
3123 854 3311 914 modo
3357 853 3630 932 applicat
3666 856 3728 913 ad
3818 887 3820 890 >

536 959 652 1018 per
680 942 1086 1020 supponitur;
1134 945 1294 1020 sicut
1324 946 1491 1006 enim
1520 946 1880 1026 igni-calido
1912 949 2104 1010 debe-

534 1039 637 1094 tur
678 1052 1018 1096 concursus
1060 1037 1143 1096 ad
1180 1038 1697 1112 calefaciendum,
1744 1041 1827 1100 ita
1864 1041 2100 1102 homini

534 1125 704 1187 fideli
751 1127 1015 1190 debetur
1062 1149 1403 1192 concursus
1450 1132 1531 1192 ad
1578 1132 1986 1194 credendum.
2026 1136 2102 1195 Et

536 1219 681 1296 quia
729 1239 981 1301 semper
1028 1224 1130 1284 hic
1180 1243 1521 1286 concursus
1566 1227 1861 1305 supponit
1910 1225 2132 1287 aliam'

532 1315 804 1391 priorem
846 1318 1133 1395 gratiam,
1174 1337 1314 1397 quae
1368 1321 1447 1382 sit
1488 1321 1840 1400 proximum
1870 1323 2098 1401 princi-

530 1407 707 1486 pium
743 1421 947 1482 actus,
988 1412 1229 1472 ratione
1278 1413 1457 1492 cujus
1498 1414 1683 1475 datur
1726 1433 2092 1490 concursus„

530 1502 671 1563 ideo
704 1522 951 1582 semper
990 1503 1173 1565 datur
1207 1512 1277 1566 ut
1323 1506 1609 1580 debitus;
1666 1511 1729 1568 et
1757 1509 1875 1570 hae
1906 1509 2098 1600 etiam

530 1597 773 1658 ratione
814 1596 933 1658 diei
970 1605 1177 1676 potest
1218 1601 1530 1679 generalis
1556 1647 1571 1675 ‚
1623 1602 1769 1679 quia
1807 1602 1990 1662 datur
2021 1621 2098 1663 ex

533 1690 810 1768 generali
862 1690 1072 1752 debito
1132 1711 1466 1753 causarum
1518 1695 1962 1755 secundarum.
2021 1697 2098 1755 Et

532 1803 707 1856 sane,
758 1785 806 1844 si
846 1789 1083 1846 attente
1122 1785 1372 1865 legatur
1408 1786 1479 1849 D.
1512 1788 1808 1864 ThomaS,
1846 1789 1913 1848 in
1941 1793 1995 1850 1.
2029 1791 2090 1862 2,

531 1881 747 1956 quaest.
784 1879 931 1952 109,
981 1877 1113 1940 fere
1158 1880 1449 1941 omnihus
1488 1882 1788 1958 articulis,
1833 1901 2095 1962 proeser-

528 1972 640 2031 tim
669 1972 731 2030 in
758 1971 1089 2050 prioribus,
1122 1990 1353 2052 magna
1389 1991 1466 2034 ex
1494 1980 1669 2054 parte
1700 1975 1819 2036 hoc
1838 1976 2096 2056 loquen-

527 2063 589 2123 di
624 2064 815 2125 modo
848 2065 935 2124 uti
968 2065 1337 2144 reperietur.

608 2161 666 2218 5.
693 2158 813 2219 Alii
828 2175 973 2219 vero
991 2165 1278 2220 auctores
1294 2159 1771 2223 considerarunt
1786 2164 1903 2224 hoe
1927 2161 2096 2223 auxi-

526 2253 679 2312 lium
708 2256 891 2330 prout
917 2252 979 2311 in
1007 2253 1214 2330 reipsa
1243 2253 1402 2326 fit,et
1432 2255 1782 2316 secundum
1812 2257 2098 2318 substan-

525 2345 678 2405 tiam
717 2351 778 2404 et
819 2345 1141 2405 entitatem
1168 2347 1327 2425 ejuS,
1368 2352 1429 2407 et
1460 2348 1807 2410 secundum
1839 2368 2095 2429 propor-

527 2439 760 2498 tionem
792 2456 981 2519 quam
1011 2439 1203 2500 hahet
1245 2459 1389 2501 eum
1430 2441 1707 2503 humana
1744 2449 1974 2504 natura
2005 2461 2096 2504 se-

525 2532 803 2592 cundum
820 2550 925 2604 se;
960 2537 1021 2592 et
1048 2533 1168 2592 hoc
1194 2534 1384 2594 modo
1415 2543 1717 2598 vocarunt
1750 2538 1918 2598 hunc
1947 2557 2096 2598 con-

524 2643 777 2684 cursum
808 2627 1375 2703 supernaturalem,
1404 2633 1467 2690 et
1490 2635 1723 2708 negant
1744 2649 1882 2690 esse
1913 2630 2094 2690 indif-

520 2718 847 2790 ferentem,
880 2718 991 2778 sed
1018 2719 1079 2778 in
1110 2726 1280 2781 certa
1309 2721 1519 2800 aliqua
1544 2724 1751 2800 specie
1783 2730 1845 2784 et
1872 2723 2090 2784 ordine

522 2811 875 2873 necessario
907 2813 1195 2873 constitui
1228 2812 1447 2887 debet;
1488 2834 1616 2875 non
1652 2821 2092 2894 potestantem

523 2923 659 2966 esse
688 2905 809 2964 nisi
836 2905 897 2964 in
923 2906 1139 2966 ordine
1164 2909 1737 2986 supernaturalium
1758 2926 1998 2980 rerum,
2025 2911 2091 2968 ut

521 3005 844 3060 ostensum
896 3005 1025 3070 est;
1070 3005 1131 3061 et
1179 3001 1326 3060 hinc
1366 3008 1829 3080 consequenter
1866 3002 2090 3063 nolunt

520 3092 641 3153 hoc
680 3087 907 3153 voc'are
948 3094 1243 3171 generale
1274 3093 1571 3155 auxilium
1612 3094 1930 3169 absolute,
1979 3094 2091 3156 sed

522 3204 665 3246 cum
696 3184 931 3257 addito,
964 3188 1261 3264 generale
1292 3188 1535 3267 gratiae;
1590 3188 1952 3268 simpliciter
1977 3206 2091 3249 au-

519 3286 671 3352 tem,
708 3278 1001 3357 speciale.
1039 3280 1113 3340 Et
1168 3279 1355 3341 simili
1403 3282 1647 3342 ratione
1694 3287 1920 3342 vocant
1971 3282 2092 3343 hoc

522 3372 823 3433 auxilium
854 3373 1195 3451 gratuitum
1223 3374 1462 3434 homini
1504 3381 1568 3437 et
1602 3393 1731 3435 non
1760 3375 2040 3436 debitum
2071 3419 2086 3448 ,

522 3465 639 3526 nisi
700 3464 1047 3525 secundum
1103 3465 1276 3543 quid,
1338 3471 1401 3527 et
1461 3486 1587 3527 non
1645 3474 1775 3529 tam
1825 3470 2087 3543 homini,

522 3576 713 3637 quam
751 3558 926 3618 alteri
968 3559 1179 3639 gratiae
1212 3559 1501 3620 existenti
1541 3560 1605 3620 in
1639 3561 1939 3634 homine;
1993 3562 2092 3623 vel

521 3652 727 3731 potius
764 3652 1017 3729 Spiritui
1048 3652 1273 3713 Sancto
1316 3654 1587 3714 moventi
1626 3654 1950 3715 hominem
1979 3675 2092 3734 per

521 3745 784 3825 gratiam
845 3742 927 3804 ad
996 3745 1185 3807 talem
1242 3746 1711 3823 operationem
1770 3750 2089 3825 quomodo

522 3838 689 3897 Deus
716 3836 839 3897 dici
878 3838 1069 3911 solet,
1115 3838 1345 3899 debere
1374 3840 1487 3899 sibi
1519 3841 1725 3918 potius
1755 3859 1943 3919 quam
1979 3842 2089 3903 ho-

521 3932 695 3992 mini.
748 3932 1028 4010 Denique
1082 3932 1303 3992 eadem
1353 3933 1595 3994 ratione
1653 3934 1868 3995 dicunt
1920 3936 2091 3998 hunc

523 4042 898 4084 concursum
932 4024 1065 4085 dari
1105 4042 1141 4084 a
1174 4026 1297 4085 Deo
1328 4030 1397 4087 ut
1426 4033 1681 4087 auctore
1714 4035 2090 4107 supernatu-

522 4116 659 4190 rali,
698 4123 759 4178 et
788 4123 855 4177 ut
883 4136 1071 4179 causa
1100 4117 1325 4197 prima,
1356 4138 1483 4180 non
1513 4121 1823 4183 abstracte
1852 4129 1915 4183 et
1937 4140 2086 4202 prze-

523 4211 648 4271 cise
674 4256 689 4284 ‚
738 4210 850 4271 sed
888 4211 1299 4273 determinate
1352 4219 1421 4273 ut
1469 4231 1507 4273 a
1544 4232 1735 4274 causa
1775 4215 1976 4293 prima
2025 4215 2090 4277 in

516 4302 621 4363 illo
646 4304 863 4364 ordine
890 4304 1369 4382 supernaturali.
1403 4306 1762 4367 Secundum
1792 4308 1909 4368 has
1935 4326 2087 4386 ergo

522 4397 1055 4458 considerationes
1072 4442 1087 4469 ,
1142 4404 1387 4459 constat
1413 4399 1530 4459 has
1558 4401 1899 4461 sententias
1926 4401 1992 4461 in
2019 4421 2088 4465 re

521 4508 651 4549 non
702 4508 839 4551 esse
884 4489 1183 4572 diversae,
1238 4490 1349 4550 sed
1385 4496 1627 4552 tantum
1672 4493 1735 4552 in
1772 4493 1960 4554 modo
2001 4494 2088 4555 lo-

522 4581 777 4660 quendi.
814 4582 1197 4661 (Capreolu8‚
1238 4584 1303 4643 in
1332 4586 1388 4655 1,
1422 4583 1562 4643 dist.
1604 4586 1705 4657 26,
1740 4592 1961 4663 quaest.
1997 4588 2084 4665 1.)

602 4676 663 4735 6.
708 4672 927 4754 Aptior
954 4674 1231 4755 loquendi
1254 4676 1463 4739 modus
1487 4674 1753 4759 eligitur.
1816 4712 1895 4723 -—-
1937 4678 2084 4738 Mihi

522 4786 670 4831 vero
710 4770 803 4845 (ut
832 4768 1001 4846 quod
1034 4770 1235 4830 sentio
1281 4770 1521 4831 sincere
1561 4770 1898 4850 proferam)
1937 4773 2085 4833 satis

519 4861 819 4941 probatur
890 4862 1197 4940 posterior
1263 4862 1561 4941 loquendi
1629 4863 1896 4937 modus;
1951 4870 2086 4927 tum

520 4956 669 5034 quia
700 4960 793 5015 est
824 4954 1069 5029 clarior,
1102 4963 1165 5017 et
1192 4975 1411 5018 carens
1443 4958 1610 5017 omni
1636 4957 1963 5020 occasione
1993 4978 2092 5020 er-

516 5048 701 5109 randi
754 5053 817 5109 et
863 5048 1267 5128 ambiguitate
1316 5051 1658 5126 sermonis;
1720 5057 1855 5112 tum
1901 5052 2090 5113 etiam

520 5140 669 5217 quia
700 5140 779 5201 de
808 5140 1049 5200 naturis
1074 5159 1287 5201 rerum
1314 5142 1700 5220 loquendum
1728 5142 2090 5222 simpliciter

518 5240 635 5308 est,
668 5238 857 5313 prout
882 5233 946 5292 in
976 5251 1043 5294 re
1074 5240 1241 5307 sunt,
1290 5241 1354 5297 et
1382 5235 1459 5297 de
1490 5236 1859 5308 actionibus,
1900 5243 2088 5316 prout

517 5333 660 5387 actu
694 5332 1085 5388 exercentur.
1125 5326 1409 5406 Denique
1439 5329 1608 5407 quia,
1640 5329 1784 5390 licet
1810 5330 1911 5390 hic
1935 5348 2086 5391 con-

514 5438 737 5480 cursus
784 5438 913 5479 non
962 5420 1039 5480 sit
1091 5422 1606 5499 supernaturalis,
1660 5421 1779 5481 nisi
1825 5440 2086 5483 concur—

512 5518 691 5575 rente
732 5512 919 5573 simul
964 5512 1087 5574 alio
1125 5514 1429 5595 principio
1467 5515 1751 5594 proximo
1788 5533 2086 5595 superna·

2184 946 2352 1008 hunc
2379 967 2775 1024 concursum,
2803 955 2872 1009 ut
2893 949 3117 1028 majori
3149 954 3210 1008 et
3229 947 3537 1026 superiori
3565 947 3729 1006 virtu-

2184 1046 2244 1101 te
2269 1041 2508 1102 influat.
2551 1043 2732 1114 Nam,
2767 1042 2912 1102 licet
2940 1042 3008 1102 in
3043 1041 3173 1102 Deo
3199 1040 3388 1101 unica
3417 1041 3496 1100 sit
3529 1039 3726 1108 κίττης,

2179 1153 2293 1213 per
2321 1153 2506 1213 quam
2537 1136 2601 1195 in
2643 1136 2853 1196 omnia
2883 1135 3110 1208 influit,
3159 1141 3374 1195 tamen
3403 1133 3728 1194 secundum

2179 1227 2484 1288 rationem
2513 1231 2718 1307 potest
2745 1228 3039 1307 distingui
3069 1234 3137 1288 ut
3165 1228 3370 1307 magis
3408 1227 3510 1286 vel
3535 1227 3724 1286 minus

2179 1319 2468 1397 influenS,
2511 1321 2710 1381 velut
2753 1321 2993 1381 habens
3033 1321 3160 1382 vim
3203 1320 3286 1380 ad
3329 1319 3622 1380 altiorem
3645 1321 3726 1379 vel

2177 1414 2386 1474 minus
2430 1415 2770 1493 perfectam
2823 1415 3155 1476 actionem.
3209 1415 3286 1474 Et
3329 1415 3449 1473 hac
3503 1413 3726 1474 ratione

2176 1507 2500 1568 verissime
2530 1508 2752 1568 dicitur
2779 1510 2948 1570 Deus
2972 1509 3126 1568 dare
3167 1508 3338 1568 hunc
3369 1525 3727 1568 concursum

2176 1604 2246 1660 ut
2281 1618 2470 1660 causa
2500 1601 2701 1679 prima
2731 1601 3258 1680 supernaturalis;
3293 1600 3570 1677 ideoque
3595 1600 3726 1660 dare

2175 1694 2718 1773 supernaturalem
2761 1713 3138 1756 concursum
3171 1695 3255 1755 ad
3295 1700 3729 1772 supernatura-
3821 1705 3823 1784 j

2175 1787 2300 1848 lem
2329 1787 2642 1860 effectum,
2671 1789 2736 1848 in
2763 1807 2954 1866 quem
2985 1807 3062 1848 eo
3095 1788 3282 1848 etiam
3313 1806 3631 1849 concursu
3655 1788 3728 1846 in-
3822 1791 3823 1794 ’

2176 1880 2312 1940 ssuit
2341 1899 2470 1940 non
2499 1887 2739 1940 tantum
2775 1887 2842 1941 ut
2869 1887 2964 1942 est
2991 1899 3126 1954 ena,
3175 1880 3288 1941 sed
3329 1881 3520 1942 etiam
3559 1886 3626 1939 ut
3651 1887 3726 1940 est
3822 1919 3823 1930 ι

2137 1973 2142 1978 ’
2178 1973 2302 2034 tale
2328 1991 2440 2033 ens
2465 1974 2936 2052 supernaturale
2973 1993 2986 2032 :
3023 1992 3196 2046 nam,
3243 1973 3390 2034 licet
3417 1975 3728 2052 metaphy-

2181 2067 2303 2127 sice
2335 2067 2576 2127 dicatur
2614 2068 2771 2128 ratio
2797 2067 2976 2141 entiS,
3011 2073 3080 2128 ut
3108 2068 3216 2140 sic,
3251 2085 3388 2128 esse
3415 2067 3726 2145 adaequata
3822 2073 3823 2078 ’

2177 2160 2334 2222 ratio
2359 2161 2476 2221 sub
2504 2179 2630 2240 qua
2655 2163 2818 2222 Deus
2846 2161 2911 2221 in
2941 2162 3152 2222 omnia
3175 2161 3401 2234 influit,
3433 2168 3652 2221 tamen
3677 2167 3728 2220 et

2177 2253 2428 2315 realiter
2465 2254 2666 2315 influit
2701 2254 2766 2314 in
2807 2273 3066 2316 omnem
3101 2255 3412 2316 rationem
3451 2253 3726 2316 determi-

2177 2351 2390 2408 natam
2416 2347 2576 2407 entis
2601 2365 2616 2420 ;
2658 2348 2848 2408 etffla
2871 2349 3032 2409 ratio
3059 2351 3166 2411 sub
3195 2367 3316 2428 qua
3344 2366 3474 2408 non
3511 2353 3610 2408 est
3639 2367 3728 2406 su·
3822 2347 3823 2368 ³

2177 2440 2408 2500 menda
2437 2459 2510 2500 ac
2539 2440 2589 2500 si
2619 2446 2786 2502 esset
2813 2442 3070 2520 praecisa
3099 2459 3136 2502 a
3171 2440 3606 2503 determinatis
3641 2459 3726 2500 ra-
3822 2515 3823 2522 ἵ

2176 2531 2448 2594 tionibus
2478 2533 2716 2594 entium
2742 2578 2758 2606 ,
2808 2533 2921 2594 sed
2944 2539 3014 2596 ut
3040 2533 3106 2594 in
3135 2553 3205 2595 re
3233 2533 3494 2594 includit
3521 2552 3728 2594 omnes
3821 2581 3823 2588 ⁴

2173 2624 2310 2684 illas
2333 2644 2348 2697 ;
2379 2631 2442 2686 et
2459 2625 2604 2686 ideo
2629 2626 2792 2688 actio
2819 2632 2882 2687 et
2905 2627 3174 2688 influxus
3195 2645 3445 2706 semper
3467 2627 3532 2686 in
3555 2646 3626 2686 re
3649 2631 3730 2686 est

2170 2719 2334 2792 talis,
2367 2720 2570 2796 qualis
2601 2725 2696 2780 est
2727 2721 2988 2782 effectus
3027 2721 3110 2782 ad
3139 2738 3330 2800 quem
3363 2719 3730 2782 determina-

2173 2817 2274 2872 tur
2303 2817 2365 2872 et
2389 2811 2738 2891 applicatur
2764 2813 2958 2874 virtus
2987 2815 3234 2892 agentis
3260 2814 3324 2874 in
3353 2831 3468 2874 suo
3495 2813 3726 2874 ordine.
3821 2861 3823 2890 ἶ

2172 2905 2495 2978 Quocirca,
2523 2906 2808 2984 quamvis
2833 2925 3176 2968 concursus
3205 2907 3340 2983 Dei,
3369 2908 3430 2968 in
3461 2926 3731 2968 commu·

2169 2999 2318 3060 niet
2344 2999 2600 3060 confuse
2623 3005 2988 3078 conceptue,
3016 3000 3096 3060 sit
3116 2999 3504 3072 indifferenS‚
3527 3007 3730 3060 tamen
3821 2989 3823 3056 ἶ

2172 3092 2329 3153 sicut
2363 3092 2426 3153 in
2458 3091 2782 3154 effectibus
2813 3099 2912 3155 est
2939 3093 3282 3169 distinctio,
3327 3093 3414 3155 ita
3445 3094 3634 3155 etiam
3674 3094 3728 3152 in
3822 3146 3823 3153 ,

2172 3186 2306 3265 ipso
2337 3203 2669 3260 concursu,
2705 3186 2870 3247 etad
2895 3187 3192 3247 effectum
3217 3186 3602 3266 spiritualem
3629 3189 3732 3248 da·
3822 3192 3823 3199 ’

2171 3284 2276 3339 tur
2313 3296 2656 3339 concursus
2685 3278 3048 3357 spirituum,
3079 3278 3162 3340 ad
3191 3280 3580 3341 materialem
3609 3299 3728 3339 ma-

2171 3370 2437 3444 teriaES,
2479 3372 2660 3431 etsie
2693 3372 2771 3433 de
2813 3372 3096 3445 caeteris;
3147 3377 3208 3433 et
3247 3372 3474 3433 eadem
3501 3374 3728 3433 ratione

2173 3463 2254 3524 ad
2283 3464 2830 3543 supernaturalem
2873 3470 3084 3525 actum
3123 3470 3218 3526 est
3249 3466 3732 3544 supernaturalis

2173 3557 2456 3618 absolute
2513 3557 2867 3636 loquendo;
2921 3564 2984 3617 et
3038 3557 3102 3617 in
3149 3576 3224 3619 eo
3271 3558 3492 3619 ordine
3537 3566 3730 3637 potest

2174 3669 2312 3711 esse
2333 3652 2534 3730 major
2554 3652 2653 3711 vel
2681 3652 2906 3725 minor,
2943 3652 3066 3711 imo
3091 3657 3153 3711 et
3179 3651 3382 3731 magis
3403 3653 3505 3713 vel
3530 3654 3729 3712 minus

2173 3745 2664 3822 supernaturalis
2691 3750 2978 3823 respectu
3005 3744 3299 3818 hominis,
3347 3762 3460 3804 seu
3489 3762 3732 3822 respec-

2169 3842 2238 3897 tu
2278 3837 2567 3914 principii
2605 3838 2870 3916 proximi
2907 3838 3010 3897 cui
3053 3836 3416 3910 confertum
3465 3838 3632 3916 quod
3671 3838 3728 3895 in

2171 3929 2458 3990 discursu
2485 3930 2920 4011 disputationis
2949 3930 3137 4009 hujus
3163 3931 3500 4010 attingetur
3539 3934 3600 3990 et
3627 3948 3732 3990 ex-

2169 4020 2526 4102 plicabitur,
2557 4029 2865 4101 quantum
2889 4022 2972 4083 ad
2998 4041 3132 4084 rem
3157 4030 3528 4102 proesentem
3549 4024 3730 4083 suerit

2169 4116 2637 4176 necessarium:
2673 4116 2946 4177 brevitas
2974 4116 3144 4177 enim
3165 4116 3353 4195 hujus
3380 4116 3580 4194 operis
3601 4116 3730 4174 haec

2171 4209 2384 4269 omnia
2421 4209 2700 4270 exactius
2735 4210 3026 4288 persequi
3065 4228 3194 4269 non
3231 4208 3562 4289 permittit;
3601 4226 3724 4267 non

2171 4318 2319 4362 vero
2339 4320 2674 4380 possumus
2695 4320 2770 4363 ea
2794 4303 3050 4363 omnino
3073 4302 3564 4382 praetermittere,
3585 4301 3726 4380 qnia

2169 4395 2526 4456 necessaria
2559 4402 2726 4469 sunt,
2761 4402 2898 4457 tum
2933 4396 3016 4455 ad
3052 4395 3327 4456 veritatis
3363 4394 3728 4455 fundamen-

2165 4493 2302 4549 tum
2361 4488 3062 4567 comprehendendum3
3123 4496 3258 4551 tum
3307 4494 3378 4549 ut
3417 4488 3727 4549 evidenter

2167 4585 2412 4642 constet
2427 4580 2742 4660 quomodo
2767 4582 3082 4643 catholica
3095 4582 3324 4643 veritas
3347 4582 3510 4644 inter
3537 4588 3728 4643 extre-

2169 4690 2302 4733 mos
2323 4692 2569 4734 errores
2596 4674 2786 4735 veluti
2813 4674 3024 4735 media
3051 4680 3114 4735 et
3135 4675 3310 4754 regia
3337 4674 3438 4735 via
3465 4675 3720 4735 incedat.

2248 4771 2306 4828 7.
2355 4768 2587 4841 Tertio,
2618 4768 3082 4829 observandum
3109 4774 3204 4829 est
3231 4769 3396 4829 circa
3425 4769 3584 4832 idem
3611 4786 3724 4828 au-

2167 4860 2388 4922 xilium
2421 4880 2538 4923 seu
2585 4878 2962 4923 concursum
3021 4863 3559 4940 supernaturalem
3585 4908 3600 4937 ,
3653 4864 3720 4921 iu

2173 4955 2293 5016 hoc
2321 4956 2656 5017 convenire
2683 4972 2830 5016 cum
2861 4953 3140 5034 generali
3169 4972 3481 5017 concursu
3501 4956 3726 5016 ordinis

2169 5054 2436 5121 naturae,
2481 5048 2652 5128 quod
2695 5066 2810 5127 per
2841 5066 2910 5109 se
2963 5066 3042 5109 ac
3079 5047 3342 5127 praecise
3393 5068 3522 5111 non
3559 5048 3724 5126 ponit

2169 5140 2406 5221 aliquid
2451 5142 2518 5202 in
2573 5158 2764 5203 causa
2823 5140 3102 5203 secunda
3125 5185 3141 5214 ,
3188 5141 3302 5201 sed
3341 5141 3406 5203 in
3459 5141 3666 5203 effectu
3701 5159 3716 5210 ;

2169 5235 2341 5313 quia,
2387 5253 2532 5296 cum
2559 5235 2640 5297 sit
2665 5234 3066 5296 immediatus
3109 5232 3382 5295 influxus
3411 5235 3518 5297 Dei
3553 5236 3612 5295 in
3637 5234 3724 5293 ef-

2165 5328 2402 5391 fectum
2461 5336 2524 5392 et
2561 5331 2868 5393 actionem
2921 5347 3126 5392 causae
3181 5330 3476 5391 secundae
3509 5374 3526 5403 ,
3576 5328 3724 5390 nihil

2167 5424 2340 5484 aliud
2387 5442 2524 5485 esse
2565 5427 2770 5503 potest
2809 5442 3000 5503 quam
3021 5424 3292 5503 ipsamet
3317 5424 3480 5486 aetio
3525 5440 3717 5484 causae

2169 5518 2462 5578 secundae
2491 5522 2562 5577 ut
2589 5520 2682 5579 est
2709 5537 2746 5579 a
2775 5518 2941 5591 De03
2975 5534 3144 5591 nam,
3191 5517 3244 5577 si
3283 5523 3453 5579 esset
3498 5513 3718 5595 aliquid
