3850 6225
500 358 619 419 ⁴82

500 468 661 541 laus,
703 470 803 533 vel
862 472 1089 547 honor,
1146 488 1273 531 non
1328 472 1535 549 potest
1584 470 1707 531 dici
1756 468 2070 531 infinitum

498 563 828 641 praemium
876 563 1259 645 simpliciter,
1300 568 1373 621 ut
1408 580 1523 641 per
1560 581 1629 623 se
1666 562 2068 625 manifestum

501 661 617 729 est,
668 656 782 717 sed
822 658 904 718 ad
932 674 1253 719 summum
1291 656 1621 735 objective‚
1666 658 1731 717 in
1758 662 2066 737 quantum

504 748 731 811 indicat
760 750 825 811 in
866 751 987 813 alio
1035 748 1347 810 infinitam
1394 748 1864 823 excellentiam,
1906 749 2068 811 sicut

497 840 637 903 laus
664 844 775 905 Dei
806 848 901 905 est
930 844 1119 905 etiam
1168 842 1472 921 objective
1498 841 1773 915 infinita3
1806 848 1869 903 et
1911 841 2064 902 visio

496 935 682 997 beata
724 942 928 1017 potest
964 938 1085 997 hoc
1114 935 1303 997 modo
1338 934 1459 995 dici
1502 936 1829 1015 praemium
1860 934 2062 995 infini-

500 1034 637 1089 tum
673 1029 1071 1109 objectivum.
1118 1029 1321 1107 Atque
1376 1028 1511 1091 haec
1554 1047 1725 1089 nunc
1754 1028 2066 1089 sufficiant

498 1122 697 1184 obiter
762 1122 1039 1203 attigisse
1080 1121 1243 1181 circa
1290 1121 1461 1181 illam
1500 1121 1877 1195 doctrinam,
1922 1139 2064 1201 quae

496 1214 695 1275 omitti
709 1233 837 1275 non
856 1220 1219 1294 potuerunt,
1251 1214 1421 1291 quia,
1448 1232 1593 1275 cum
1622 1214 1919 1295 praesenti
1945 1213 2068 1275 dis·

494 1308 815 1387 putatione
846 1308 1100 1369 omnino
1137 1314 1316 1369 erant
1351 1326 1654 1369 connexa.
1688 1308 1822 1371 Alia
1852 1312 2065 1369 autem

498 1401 697 1463 multa
713 1402 793 1463 ab
812 1402 931 1462 illis
951 1402 1309 1464 doctoribus
1324 1403 1883 1483 attinguntur‚quae
1896 1420 2066 1463 nunc

496 1496 735 1571 omitto,
766 1514 846 1557 ne
878 1515 913 1553 a
948 1514 1137 1575 scopo
1158 1496 1477 1575 proposito
1500 1494 1767 1557 nimium
1798 1495 2067 1557 diverte-

500 1607 569 1651 re
597 1588 831 1651 videar.
864 1589 1173 1650 Nonnulla
1216 1606 1393 1665 vero,
1424 1606 1567 1669 quae
1610 1588 1692 1649 ad
1730 1588 2066 1651 solvendas

500 1682 807 1762 quasdam
862 1682 1269 1761 objectioneS‚
1309 1687 1369 1743 et
1420 1680 1505 1743 ad
1544 1681 1791 1761 plenius
1822 1680 2064 1741 satisfa-

495 1776 787 1839 ciendum
835 1776 1053 1837 lectori
1092 1776 1299 1855 magis
1346 1774 1701 1835 necessaria
1745 1774 2062 1849 videntur,

494 1869 557 1929 in
586 1869 997 1949 sequentibus
1018 1868 1403 1931 sectionibus
1432 1868 1831 1949 attingemus.

1120 2094 1337 2148 secvlo
1374 2094 1435 2146 11.

494 2286 659 2327 ῦῗΙΰΙ
690 2286 841 2325 ΟΙΙΙΑ
872 2286 1051 2325 unm
1088 2284 1411 2325 ΙΟΙΪΙΙΙῦΑΤΛ
1450 2282 1669 2321 nonin·
1700 2281 1867 2327 Quom
1898 2280 2062 2319 ΤΟῖΰΙ

988 2360 1219 2399 tunm!
1254 2358 1563 2397 {semul-t.

572 2538 601 2595 1
618 2580 633 2595 .
676 2534 849 2596 Circa
900 2532 1063 2593 hanc
1114 2530 1543 2611 quaestionem,
1586 2534 1681 2590 est
1720 2526 2062 2589 multorum

492 2628 953 2707 Theologorum
980 2626 1213 2705 opinio,
1244 2624 1529 2705 quamvis
1558 2622 1781 2683 merita
1806 2621 2064 2683 revivis-

496 2727 639 2783 cant
682 2720 893 2799 quoad
940 2720 1267 2799 proprium
1314 2716 1647 2779 essentiale
1704 2714 2060 2794 praemium,

494 2832 623 2875 non
648 2820 859 2875 tamen
886 2810 1097 2891 quoad
1126 2818 1327 2873 totum
1346 2809 1517 2889 quod
1540 2813 1687 2869 ante
1727 2808 1974 2886 lapsum
1997 2807 2064 2867 in

490 2911 821 2987 peccatum
862 2906 979 2965 illis
1014 2904 1386 2976 debebatur,
1432 2902 1545 2963 sed
1580 2903 1757 2981 juxta
1804 2918 2068 2979 propor-

492 3002 729 3061 tionem
757 2997 1142 3059 contritionis
1170 2998 1269 3058 vel
1288 2994 1709 3075 dispositionis
1738 3011 1851 3072 per
1877 3010 2070 3071 quam

491 3094 633 3174 quis
680 3092 949 3172 resurgit
997 3109 1034 3152 a
1080 3096 1359 3172 peccato.
1412 3090 1554 3151 Hoec
1614 3093 1709 3150 est
1758 3087 2070 3150 sententia

492 3185 801 3268 capreoli,
830 3184 1135 3247 Paludani
1160 3191 1223 3246 et
1248 3181 1549 3262 Cajetani,
1580 3181 1733 3244 locis
1755 3182 1819 3242 in
1838 3181 2070 3261 princi-

491 3283 597 3364 pio
644 3280 939 3344 sectionis
984 3278 1392 3360 praecedentis
1420 3276 1643 3340 citatiS.
1676 3277 1751 3338 Et
1776 3275 2068 3337 eamdem

498 3375 687 3455 plane
736 3374 1034 3434 insnuant
1072 3373 1145 3433 D.
1184 3372 1478 3443 Thomas,
1524 3369 1965 3430 Bonaventura
2009 3374 2070 3429 et

502 3467 747 3530 Alensis
772 3465 1005 3526 ibidem
1022 3463 1215 3537 citati,
1234 3469 1298 3524 et
1312 3461 1597 3524 nonnulli
1618 3461 1855 3540 antiqui
1870 3461 2072 3521 Theo·

503 3561 651 3642 logi.
700 3559 899 3638 Magis
940 3563 1151 3618 tamen
1208 3573 1351 3618 eam
1408 3554 1795 3634 explicarunt
1850 3571 2072 3616 recen-

490 3656 682 3717 tiores
703 3652 1061 3726 Thomistae,
1076 3651 1222 3712 Soto
1240 3657 1303 3711 et
1318 3649 1649 3723 Ledesma‚
1670 3647 1903 3708 ibidem
1920 3647 2071 3708 alle·

496 3747 645 3828 gatti,
677 3733 747 3808 'et
780 3744 1073 3818 Victoria,
1112 3743 1177 3804 in
1216 3741 1577 3804 Reiectione
1607 3740 1686 3801 de
1727 3747 2068 3820 augmento

493 3839 833 3903 charitatis.
874 3837 1375 3900 Fundamentum
1404 3835 1701 3916 generale
1750 3841 1865 3906 est,
1920 3834 2072 3913 quia

494 3937 663 3997 Deus
690 3933 976 3996 retribuit
1004 3931 1253 4003 merita,
1276 3935 1341 3990 et
1366 3928 1607 3990 confert
1640 3927 1948 4008 justitiam
1975 3946 2072 3989 se-

496 4027 773 4092 cundum
816 4023 1289 4105 dispositionem
1337 4022 1679 4102 operantis,
1722 4027 1783 4082 et
1816 4020 1958 4082 ideo
2015 4021 2070 4082 si

496 4124 687 4184 homo
710 4141 749 4182 a
772 4125 1030 4200 peccato
1056 4123 1345 4196 resurgat
1362 4133 1477 4195 per
1500 4114 1825 4176 remissam
1854 4113 2068 4194 dispo-

500 4216 813 4288 sitionem,
856 4231 983 4274 non
1016 4211 1222 4272 statim
1274 4209 1545 4272 redeunt
1588 4208 1807 4269 merita
1854 4209 2066 4270 omnia

500 4308 711 4390 quoad
744 4309 1059 4386 integrum
1086 4304 1437 4384 praemium.
1458 4303 1572 4368 Ubi
1599 4309 1811 4364 tamen
1844 4321 2068 4364 caven·

499 4403 581 4466 da
610 4411 705 4464 est
733 4400 1069 4462 verborum
1098 4397 1500 4476 disceptatio;
1534 4395 1870 4476 aliquando
1898 4395 2068 4456 enim

502 4497 793 4558 videntur
834 4492 983 4554 dicti
1034 4497 1325 4552 auctores
1382 4489 1591 4550 dicere
1615 4533 1630 4562 ‚
1686 4507 1801 4568 per
1852 4489 2070 4550 remis-

502 4591 745 4653 sionem
786 4586 1027 4668 peccati
1074 4585 1281 4648 omnia
1321 4584 1543 4645 merita
1582 4583 1865 4644 absolute
1908 4583 2072 4645 revi-

503 4686 781 4755 viscere3
828 4679 1233 4742 nihilominus
1278 4695 1427 4740 vero
1468 4677 1877 4758 subjungunt,
1911 4695 2076 4758 proe-

508 4777 711 4838 mium
748 4773 995 4836 illorum
1036 4791 1167 4832 non
1206 4771 1341 4832 dari
1384 4788 1635 4850 semper
1680 4775 1911 4844 totum,
1962 4769 2076 4832 sed

505 4870 683 4950 juxta
740 4865 1209 4948 proportionem
1254 4864 1579 4943 praesentis
1612 4862 2072 4942 dispositionis;

508 4960 643 5033 sed,
674 4964 743 5022 ut
784 4979 861 5021 ex
900 4958 1187 5019 discursu
1230 4957 1417 5036 hujus
1462 4962 1522 5018 et
1568 4956 1891 5034 sequentis
1941 4973 2078 5016 sec·

508 5055 695 5118 tionis
730 5051 1070 5123 constabit,
1110 5050 1231 5110 hoc
1268 5067 1487 5110 revera
1530 5053 1627 5110 est
1678 5047 1886 5110 dicere
1926 5049 2074 5110 talia

510 5148 731 5210 merita
814 5163 943 5206 non
1012 5143 1253 5222 integre
1320 5141 1525 5204 redire
1592 5139 1677 5202 ad
1746 5141 2076 5220 praemium

512 5239 841 5302 essentiale
866 5283 881 5312 ‚
934 5235 1047 5298 sed
1088 5236 1263 5316 juxta
1314 5251 1681 5296 mensuram
1720 5233 2074 5313 dispositio-

512 5336 629 5396 niS.
676 5331 899 5396 Modus
944 5337 1155 5391 autem
1204 5326 1553 5406 explicandi
1606 5329 2070 5405 proportionem

512 5427 611 5488 vel
660 5425 1071 5506 quantitatem
1112 5421 1175 5483 in
1216 5437 1339 5500 qua
1384 5419 1651 5482 redeunt
1688 5420 1792 5481 illa
1820 5422 2070 5494 merita,

514 5521 721 5586 varius
749 5525 841 5582 est
868 5524 929 5580 et
954 5515 1205 5598 duplex.

1076 368 1287 423 OPUSC.
1325 370 1383 423 V.
1420 370 1723 425 numerio
1755 370 1837 425 DE
1868 370 2348 425 RsvmscEN'm
2381 370 2760 425 flammanti.
2797 370 3036 425 msptrr.
3073 373 3134 425 u,

2229 471 2290 531 2.
2337 467 2591 532 Primus
2635 470 2873 533 dicendi
2901 470 3111 533 modus
3149 468 3468 547 rorallum.
3483 502 3574 517 -
3588 471 3712 531 Pri·

2147 582 2288 625 mus
2315 563 2542 625 modus
2573 569 2688 637 est,
2723 569 2814 635 tot
2839 563 3073 643 gradus
3099 564 3329 636 meriti,
3369 582 3478 625 seu
3493 564 3713 645 gratim

2147 665 2256 719 aut
2287 657 2544 737 justitiae
2589 658 2866 737 reparari
2911 675 3024 736 per
3052 656 3512 730 contritionem,
3561 664 3712 735 quot

2145 756 2294 811 sunt
2321 749 2553 831 gradus
2580 750 2774 829 ipsius
2805 750 3216 823 contritionis,
3245 768 3362 830 per
3385 768 3580 829 quam
3611 750 3713 810 ho-

2145 862 2250 905 mo
2275 864 2314 904 a
2341 849 2598 923 peccato
2627 844 2918 923 resurgit.
2963 844 3184 922 Itaque
3212 844 3266 905 si
3307 844 3595 905 contritio
3627 849 3714 903 est

2145 944 2214 999 ut
2239 936 2388 1011 duo,
2419 937 2546 999 duo
2569 937 2758 999 etiam
2785 937 3018 1017 gradus
3041 954 3116 997 ex
3137 936 3452 1016 prioribus
3473 937 3714 996 meritis

2147 1038 2554 1111 reparantur;
2588 1038 2652 1093 et
2673 1032 2762 1095 sic
2789 1032 2870 1093 de
2905 1032 3062 1105 aliis,
3123 1031 3254 1093 sive
3297 1032 3714 1111 praecedentia

2147 1126 2370 1187 merita
2397 1126 2628 1187 fuerint
2643 1125 2845 1205 plura,
2879 1126 3008 1190 sive
3023 1124 3346 1205 pauciora.
3377 1127 3554 1187 Hanc
3585 1144 3716 1187 sen·

2149 1219 2410 1281 tentiam
2465 1219 2748 1281 referunt
2799 1221 2988 1281 Sotus
3053 1226 3115 1281 et
3173 1219 3278 1279 alii
3333 1220 3714 1281 recentiores

2149 1312 2534 1389 Scholastici,
2583 1314 2812 1393 quibus
2849 1318 3062 1375 tamen
3107 1331 3236 1375 non
3265 1312 3594 1391 probatur.
3649 1314 3716 1373 Et

2145 1406 2391 1479 merito,
2423 1407 2572 1484 quia
2615 1426 2694 1469 ex
2720 1406 2824 1467 illa
2867 1406 3152 1484 sequitur
3185 1406 3236 1467 si
3277 1406 3408 1466 duo
3433 1405 3716 1466 homines

2145 1501 2452 1562 habentes
2495 1500 2830 1579 inaequalia
2879 1502 3124 1576 merita,
3173 1500 3350 1561 verbi
3389 1500 3616 1579 gratia,
3655 1508 3718 1559 ut

2145 1602 2419 1669 centum,
2451 1602 2516 1655 et
2557 1601 2624 1657 ut
2659 1596 2901 1675 viginti,
2947 1595 3276 1675 aequaliter
3313 1600 3620 1674 peccent,
3659 1600 3716 1653 et

2143 1694 2364 1768 postea
2411 1707 2526 1767 per
2581 1688 2859 1767 aequales
2905 1687 3314 1749 contritiones
3359 1693 3712 1766 resurgant,

2143 1782 2452 1863 aequalem
2491 1781 2764 1843 fructum
2793 1781 3094 1860 consequi
3123 1798 3199 1841 ex
3225 1779 3716 1859 praecedentibus

2141 1876 2415 1949 meritis;
2459 1875 2632 1953 quod
2669 1874 2916 1936 videtur
2961 1879 3194 1953 praeter
3228 1890 3490 1934 omnem
3529 1873 3718 1932 ratio-

2141 1984 2290 2029 nem
2329 1968 2590 2048 justitiae
2641 1968 2740 2031 vel
2795 1966 3231 2029 convenientis
3283 1966 3712 2045 providentiae.

2143 2062 2324 2135 Nam,
2355 2061 2595 2123 caeteris
2625 2061 2906 2141 paribus,
2949 2078 3203 2139 aequum
3253 2066 3350 2120 est
3391 2059 3504 2138 qui
3543 2058 3720 2138 plura

2142 2154 2362 2215 habuit
2375 2154 2624 2227 merita,
2653 2154 2860 2233 majus
2877 2154 3067 2215 etiam
3083 2154 3414 2233 praemium
3429 2153 3710 2232 recipiat.

2145 2246 2458 2321 Secundo,
2505 2246 2676 2327 quia,
2705 2248 2882 2325 juxta
2927 2247 3100 2307 illam
3141 2247 3550 2319 sententiam,
3597 2246 3716 2306 l'ere

2145 2346 2312 2401 esset
2359 2339 2744 2421 impossibile
2793 2340 3138 2418 (moraliter
3181 2340 3526 2419 loquendo)
3561 2346 3634 2399 ut
3669 2339 3716 2399 is

2143 2432 2250 2513 qui
2293 2438 2434 2512 post
2471 2433 2902 2513 ingentissima
2943 2432 3172 2495 merita
3199 2432 3448 2495 cecidit.
3481 2434 3713 2511 integre

2143 2532 2451 2605 resurgat,
2477 2526 2690 2589 omnia
2719 2526 2822 2587 illa
2845 2526 3202 2597 reparando
3223 2544 3340 2605 per
3367 2544 3566 2587 unam
3581 2544 3711 2585 con·

2145 2619 2478 2693 tritionem,
2509 2619 2752 2681 etiamsi
2783 2618 2968 2681 faciat
2995 2621 3392 2698 quantumin
3421 2620 3562 2699 ipso
3591 2626 3704 2690 esu

2145 2712 2289 2791 quia
2319 2730 2432 2791 per
2469 2712 2784 2775 ordinaria
2829 2712 3058 2773 auxilia
3102 2730 3236 2773 non
3267 2719 3476 2793 potest
3509 2713 3710 2773 facere

2149 2826 2346 2867 unum
2374 2813 2582 2867 actum
2605 2807 2988 2869 contritionis
3019 2806 3358 2869 habentem
3381 2813 3474 2869 tot
3489 2808 3712 2886 gradus

2149 2900 2537 2971 intensionis,
2577 2906 2730 2979 quot
2765 2900 3020 2961 fuerunt
3059 2918 3282 2962 omnes
3307 2901 3542 2979 gradus
3569 2918 3715 2980 prte-

2153 2994 2510 3055 cedentium
2533 2994 2897 3055 meritorum
2913 2994 3100 3055 simul
3123 3001 3542 3073 sumptorum.
3571 2996 3714 3054 Con·
3814 3014 3815 3037 1

2153 3106 2426 3168 sequens
2457 3092 2670 3150 autem
2691 3093 2786 3149 est
2811 3086 3004 3149 etiam
3023 3087 3174 3150 satis
3191 3086 3562 3161 absurdum,
3591 3095 3714 3148 tum

2149 3184 2298 3264 quia
2323 3182 2574 3244 facienti
2603 3183 2774 3260 quod
2801 3183 2866 3242 in
2895 3201 2964 3244 se
2989 3189 3180 3244 estut
3209 3182 3488 3262 perfecte
3521 3203 3716 3244 resur-

2149 3283 2278 3358 gat,
2313 3275 2618 3354 denegari
2645 3293 2774 3337 non
2809 3275 3000 3336 debet
3041 3275 3320 3354 perfecta
3361 3277 3716 3336 meritorum
3811 3313 3813 3328 ι

2149 3369 2457 3430 restitutio
2477 3391 2494 3444 3
2517 3374 2648 3430 tum
2675 3369 2864 3430 etiam
2885 3369 3032 3448 quia
3059 3386 3188 3430 non
3211 3368 3399 3432 debet
3421 3368 3714 3432 difficilior

2149 3464 2288 3524 fieri
2315 3463 2556 3542 integra
2585 3463 2950 3524 meritorum
2985 3463 3304 3541 reparatio
3341 3463 3548 3524 solum
3585 3482 3711 3542 pro-

2151 3561 2290 3636 pter
2327 3555 2790 3618 multitudinem
2839 3562 2900 3616 et
2943 3555 3395 3635 perfectionem
3451 3555 3710 3635 ipsorum

2151 3649 2540 3712 meritorum.
2571 3649 2804 3724 Tertio,
2834 3655 2930 3710 est
2953 3650 3146 3710 etiam
3169 3649 3536 3710 incredibile
3559 3649 3711 3710 aliud

2151 3741 2644 3816 incommodum,
2663 3742 2836 3820 quod
2855 3761 2934 3804 ex
2951 3741 3071 3804 hac
3091 3742 3404 3804 sententia
3423 3744 3706 3821 sequitur,
3810 3743 3811 3752 ’

2151 3835 2474 3909 nimirum,
2517 3835 2598 3896 ad
2651 3835 3004 3914 reparanda
3053 3835 3266 3896 omnia
3313 3837 3710 3916 praecedentia

2149 3929 2396 4001 merita,
2445 3929 2874 3988 necessarium
2909 3946 3048 3990 esse
3090 3928 3318 3990 iterum
3359 3929 3710 4008 multiplica-

2147 4041 2216 4084 re
2257 4027 2348 4082 tot
2377 4021 2621 4095 merita,
2655 4039 2768 4082 seu
2805 4019 3246 4100 oeqnivalentia
3277 4021 3344 4082 in
3373 4022 3706 4082 intensione
3808 4081 3809 4093 ἒ

2147 4115 2246 4176 vel
2291 4113 2719 4187 multitudine;
2749 4114 2919 4192 quod
2961 4133 3040 4176 eo
3083 4113 3398 4176 difficilius
3423 4115 3561 4185 erit,
3595 4131 3705 4192 quo

2147 4208 2356 4287 priora
2387 4207 2608 4268 merita
2631 4207 2812 4286 plura
2843 4213 2906 4269 et
2931 4208 3174 4287 majora
3199 4207 3480 4268 fuerunt.
3511 4208 3706 4286 Saepe-

2149 4318 2272 4382 que
2313 4299 2630 4362 moraliter
2689 4299 2906 4379 perfici
2951 4319 3081 4362 non
3127 4301 3380 4381 poterit,
3422 4301 3539 4362 nisi
3587 4301 3706 4360 diu·
3806 4349 3807 4368 2

2151 4401 2338 4456 turno
2359 4394 2500 4456 vitae
2525 4393 2832 4454 discursu.
2885 4393 3034 4466 Quia
3057 4395 3270 4454 omnia
3327 4392 3704 4456 incommoda
3806 4383 3807 4402 ¹

2151 4495 2298 4549 sunt
2327 4487 2719 4549 convenienti
2747 4487 3154 4566 providentiae
3177 4487 3438 4550 minime
3461 4505 3706 4548 consen-

2149 4587 2359 4643 tanea.

2355 4821 2666 4903 Rejicitwr
2691 4823 2990 4888 secundus
3024 4821 3262 4888 dicendi
3289 4827 3519 4888 modus.

2233 5053 2294 5114 3.
2341 5051 2672 5114 Secundus
2699 5053 2924 5116 modus
2953 5053 3204 5116 dicendi
3231 5061 3348 5128 est,
3379 5057 3698 5136 reparatio·
3802 5081 3803 5084 ¹

2153 5163 2300 5206 nem
2333 5146 2499 5208 hanc
2525 5148 2892 5208 meritorum
2919 5147 3054 5210 fieri
3083 5149 3436 5210 secundum
3463 5167 3696 5229 propor-

2153 5239 2566 5302 tionalitatem
2611 5239 2952 5320 quamdam
2981 5241 3430 5302 contritionum
3467 5243 3547 5303 ad
3575 5260 3694 5302 me·

2154 5331 2296 5404 rita,
2331 5333 2414 5394 ita
2451 5338 2542 5406 ut,
2575 5333 2624 5392 si
2655 5334 2938 5396 contritio
2973 5333 3054 5396 sit
3081 5353 3332 5396 summa
3359 5353 3544 5415 quam
3579 5353 3692 5414 ρω-

2155 5426 2360 5488 nitens
2389 5433 2596 5506 potest
2623 5427 2892 5498 efficere,
2915 5429 3126 5489 omnia
3151 5431 3376 5490 merita
3393 5431 3692 5490 restituan-

2155 5525 2290 5596 tur;
2325 5521 2378 5582 si
2407 5538 2556 5582 vero
2585 5523 2874 5584 contritio
2907 5523 2988 5584 sit
3015 5525 3228 5584 minor
3261 5524 3558 5599 maxima,
3581 5541 3688 5583 1*oe-
