3850 6225
515 405 636 466 532

509 511 909 590 blasphemat
936 555 951 582 ,
1011 509 1109 570 vel
1161 508 1390 572 falsum
1429 511 1860 574 testimonium
1913 511 2087 584 dicit,

515 609 730 668 contra
768 604 972 664 Deum
1017 603 1242 664 effectu
1286 605 1474 666 etiam
1525 605 1890 685 injustitiam
1919 623 2093 666 com·

513 699 720 760 mittit.
747 697 856 758 Est
883 701 1095 758 autem
1117 697 1178 758 in
1207 697 1484 758 humana
1509 699 1748 778 justitia
1771 697 2091 778 quoddam

511 789 850 852 discrimen
875 791 1040 850 inter
1059 791 1175 850 hos
1195 789 1356 852 duos
1382 792 1602 853 modos
1631 811 1643 852 :
1691 810 1865 865 nam,
1891 807 2091 869 quan·

513 883 595 945 do
639 882 864 962 injuria
895 887 992 943 est
1041 889 1286 944 tantum
1331 885 1396 945 in
1434 885 1686 960 affectu,
1727 903 1856 946 non
1899 885 2093 946 relin-

511 976 648 1056 quit
683 975 964 1037 debitum
991 975 1248 1054 aliquod
1281 983 1572 1057 respectu
1613 977 1910 1052 hominis,
1942 977 2090 1057 quia

513 1069 579 1129 in
623 1069 850 1129 effectu
895 1086 1022 1128 non
1051 1075 1146 1130 est
1182 1068 1348 1131 facta
1377 1071 1800 1150 inoequalitas;
1833 1069 2089 1150 quando

515 1179 664 1222 vero
693 1161 920 1239 injuria
941 1160 1012 1222 fit
1039 1179 1184 1222 cum
1209 1163 1457 1238 effectu,
1486 1165 1782 1244 relinquit
1807 1165 2087 1226 debitum

511 1254 846 1335 reparandi
881 1255 986 1334 jus
1029 1255 1267 1316 laesum.
1303 1257 1450 1319 Haec
1479 1265 1696 1319 autem
1735 1257 2089 1320 differentia

511 1349 738 1428 partim
767 1348 958 1409 habet
985 1349 1194 1410 locum
1227 1349 1416 1410 etiam
1445 1358 1736 1430 respectu
1762 1351 1895 1425 Dei,
1950 1368 2091 1430 par·

509 1443 622 1502 tim
651 1457 798 1504 vero
829 1441 1016 1502 habet
1049 1442 1284 1522 aliquid
1311 1445 1632 1522 proprium
1665 1450 1726 1506 et
1755 1443 2079 1506 dissimile.

511 1535 670 1595 Nam
693 1541 984 1612 respectu
996 1534 1134 1608 Dei,
1163 1536 1296 1614 ipse
1313 1535 1580 1598 affectus
1609 1535 1920 1598 inferendi
1951 1536 2085 1598 Deo

511 1628 770 1708 aliquod
813 1627 1114 1688 damnum
1153 1634 1218 1688 et
1253 1628 1720 1704 detrimentum,
1779 1629 1973 1690 etiam
2020 1629 2083 1688 in

511 1722 694 1782 bonis
733 1722 992 1782 internis
1021 1727 1082 1782 et
1123 1721 1184 1780 in
1216 1740 1348 1801 ,suo
1395 1741 1559 1797 esse,
1607 1729 1702 1784 est
1745 1723 2087 1803 injuriosus

513 1815 666 1886 De0,
702 1819 1010 1892 quantum
1033 1813 1114 1874 ad
1149 1813 1467 1894 objectum
1505 1823 1704 1888 actus,
1741 1823 1987 1878 tantum
2018 1816 2087 1876 in

511 1909 762 1980 afl'ectu3
793 1913 1100 1985 quantum
1127 1925 1278 1968 vero
1309 1908 1390 1969 ad
1415 1909 1622 1988 ipsum
1643 1915 1877 1982 actum,
1897 1909 2087 1970 etiam

511 2001 574 2062 in
599 2003 860 2072 effectu;
903 2018 1074 2072 nam,
1107 2000 1253 2062 licet
1295 2019 1366 2062 re
1389 2001 1522 2081 ipsa
1547 2021 1674 2063 non
1701 2001 1931 2064 inferat
1954 2002 2087 2062 Deo

511 2094 816 2154 damnum
840 2093 994 2154 illud
1021 2095 1192 2172 quod
1235 2095 1427 2174 cupit,
1457 2101 1600 2156 actu
1647 2099 1860 2156 tamen
1902 2094 2089 2155 infert

511 2188 804 2268 injuriam
835 2189 1176 2266 quamdam
1206 2207 1318 2267 per
1348 2189 1684 2268 ipsummet
1711 2195 1945 2264 actum,
1978 2187 2085 2268 qui

509 2289 606 2342 cst
631 2282 980 2342 contrarius
1027 2281 1249 2340 honori
1294 2281 1506 2342 debito
1549 2300 1588 2342 a
1635 2281 1935 2343 creaturis
1965 2281 2085 2360 ipsi

505 2375 660 2434 Deo.
693 2375 768 2434 Et
811 2391 890 2434 ex
919 2375 1038 2435 hac
1067 2379 1268 2452 parte,
1299 2375 1586 2454 quamvis
1616 2375 1720 2436 ille
1747 2380 1925 2436 actus
1954 2393 2083 2435 non

509 2467 826 2547 relinquat
867 2467 1314 2546 obligationem
1353 2467 1736 2530 resarciendi
1781 2467 2083 2530 damnum

511 2561 910 2638 concupitum
955 2568 1018 2622 et
1061 2579 1187 2621 non
1223 2561 1486 2636 illatum,
1533 2561 1830 2640 relinquit
1867 2565 2085 2621 tamen

511 2652 958 2732 obligationem
1012 2652 1434 2715 satisfaciendi
1480 2671 1594 2733 pro
1641 2653 1868 2733 injuria
1915 2655 2085 2714 illata

509 2765 626 2827 per
643 2749 830 2808 talem
861 2755 1090 2808 actum.
1125 2749 1202 2808 At
1231 2766 1402 2820 vero,
1435 2747 1488 2808 si
1515 2746 1654 2828 quis
1681 2767 1826 2808 cum
1853 2748 2081 2809 effectu

513 2842 704 2902 talem
731 2843 1024 2922 injuriam
1053 2843 1116 2901 in
1145 2843 1341 2902 Deum
1358 2840 1585 2913 intulit,
1603 2859 1740 2920 quai
1763 2842 1826 2902 in
1847 2861 1914 2902 re
1946 2841 2081 2920 ipsa

509 2935 812 2997 damnum
841 2935 1088 3014 reliquit
1119 2935 1182 2994 in
1219 2935 1402 2995 bonis
1439 2934 1710 2996 externis
1739 2935 1872 3007 Dei,
1902 2953 2081 3013 repa·

509 3029 706 3088 rabile
751 3045 864 3113 per
893 3028 1206 3088 actionem
1247 3025 1532 3106 ejusdem
1571 3025 1864 3098 hominis,
1891 3027 2083 3087 relin-

513 3123 724 3200 quitur
745 3120 1042 3199 obligatio
1071 3139 1200 3181 non
1227 3121 1431 3181 solum
1461 3120 1542 3181 ad
1571 3120 2083 3181 satisfaciendum

511 3216 642 3276 Deo
669 3232 784 3293 pro
811 3213 1040 3294 injuria
1070 3214 1280 3287 allata,
1307 3213 1422 3275 sed
1451 3214 1642 3275 etiam
1671 3211 1754 3273 ad
1783 3230 2085 3292 reparan-

511 3308 664 3371 dum
710 3308 1012 3369 damnum
1057 3306 1234 3381 illud,
1293 3305 1464 3385 quod
1509 3311 1606 3367 est
1643 3305 1892 3387 signum
1946 3324 2085 3385 pro·

509 3402 660 3481 price
697 3400 950 3480 justitiet
989 3400 1476 3461 commutativoe.
1519 3400 1598 3462 Ut
1629 3399 1693 3459 in
1735 3400 1840 3460 illo
1871 3416 2085 3461 exem-

511 3496 616 3576 plo
647 3496 726 3557 de
764 3494 922 3555 falso
971 3494 1354 3566 testimonio,
1383 3500 1602 3555 contra
1643 3494 1757 3555 Dei
1775 3494 2081 3573 justitiam

513 3591 612 3651 vel
641 3590 966 3649 veritatem
989 3588 1188 3660 dicto,
1222 3587 1275 3647 si
1301 3586 1442 3667 quis
1471 3586 1668 3665 (verbi
1692 3588 1914 3667 gratia)
1944 3604 2083 3667 per-

513 3682 810 3743 suaderet
832 3682 1190 3743 hominibus
1215 3682 1416 3741 Deum
1443 3697 1572 3741 non
1595 3698 1734 3741 esse
1765 3698 2079 3751 veracem,

513 3774 626 3835 sed
655 3772 1012 3853 'aliquando
1049 3772 1322 3846 mentiri,
1366 3777 1687 3835 teneretur
1717 3791 1846 3833 non
1877 3772 2083 3834 solum

511 3866 944 3947 poenitentiam
975 3884 1164 3945 agere
1207 3866 1287 3926 de
1317 3864 1424 3925 tali
1453 3865 1701 3940 delicto,
1745 3865 1860 3927 sed
1895 3865 2085 3927 etiam

511 3960 704 4023 talem
735 3961 1092 4041 opinionem
1121 3960 1368 4022 auferre
1391 3960 1472 4021 ad
1521 3960 1912 4033 hominibuS,
1956 3977 2086 4020 non

511 4056 713 4117 solum
741 4061 992 4135 propter
1017 4056 1256 4117 bonum
1285 4053 1565 4134 ipsorum
1585 4054 1937 4125 bominum,
1970 4051 2081 4113 sed

513 4149 710 4210 multo
736 4149 934 4228 magis
959 4154 1216 4228 propter
1245 4148 1440 4227 ipsius
1477 4146 1592 4209 Dei
1619 4148 1949 4221 honorem,
1982 4145 2083 4207 cui

511 4241 676 4303 facta
705 4248 800 4305 est
829 4242 1223 4322 inaequalitas
1245 4242 1310 4301 in
1329 4240 1596 4321 propriis
1623 4240 1837 4312 bonis;
1869 4249 1933 4300 et
1953 4240 2085 4319 jus-

509 4336 642 4397 titia
669 4335 942 4416 postulat
969 4341 1038 4396 ut
1071 4334 1152 4395 ad
1185 4334 1607 4413 oequalitatem
1645 4332 1989 4413 redigatur,
2032 4332 2085 4393 si

513 4434 739 4511 potest.
771 4430 862 4489 lta
887 4446 1062 4507 ergo,
1095 4433 1166 4489 ut
1194 4428 1440 4505 opinor,
1465 4426 1615 4487 satis
1645 4431 1909 4499 constat,
1934 4442 2087 4504 quo-

514 4522 703 4583 modo
761 4522 826 4583 in
891 4521 1240 4583 actionibus
1279 4536 1392 4581 seu
1437 4518 1955 4581 conventionibus
1992 4518 2085 4579 in·

512 4616 878 4677 voluntariis
919 4615 1182 4677 inveniri
1236 4613 1432 4693 possit
1487 4612 1788 4673 habitudo
1829 4611 2085 4691 justitia

513 4710 680 4771 inter
711 4712 1066 4788 creaturam
1105 4706 1588 4769 intellectualem
1617 4714 1680 4767 et
1713 4707 1941 4767 Deum.

1149 4964 1436 5047 objectio.

593 5178 690 5237 13.
743 5176 920 5237 Prius
967 5180 1180 5235 tamen
1221 5191 1412 5253 quam
1455 5172 1533 5235 de
1580 5172 1951 5233 voluntariis
1988 5172 2081 5233 di-

511 5288 674 5344 cam,
709 5274 955 5349 oportet
983 5284 1316 5329 occurrere
1347 5266 1520 5327 alteri
1549 5264 1908 5345 objectioni,
1942 5284 2081 5345 quae

507 5366 610 5427 hic
641 5365 828 5426 ctiam
863 5364 1044 5425 nobis
1073 5360 1164 5423 flt.
1199 5359 1356 5432 Quia
1381 5358 1671 5421 videmur
1691 5356 2079 5419 confundere

507 5462 768 5521 virtutes
807 5462 868 5517 et
900 5456 1051 5526 vitia
1097 5472 1110 5514 :
1159 5472 1306 5515 nam
1333 5452 1602 5515 reddere
1637 5452 1768 5513 Deo
1797 5450 2081 5513 debitum

505 5552 744 5614 cultum
764 5597 779 5624 ,
821 5548 1088 5611 dicimus
1117 5566 1256 5611 esse
1287 5564 1448 5627 opus
1467 5546 1724 5626 justitiae
1748 5590 1763 5618 ,
1814 5561 1959 5607 cum
1988 5548 2078 5605 ta-

1471 413 1682 468 O'PUSC.
1719 414 1802 468 vl.
1837 413 2207 468 msrunrto
2240 417 2321 470 ΒΕ
2350 418 2629 472 ῙῑΙὲΤΙΤΙΑ
2660 419 2782 472 nm.

2172 531 2321 577 men
2349 533 2509 596 opus
2542 517 2621 578 sit
2659 515 2979 596 religionis
3010 533 3029 588 ς
3072 521 3135 578 et
3174 515 3465 578 similiter
3494 514 3753 577 sacrile-

2174 609 2349 688 gium
2378 609 2644 672 dicimus
2674 627 2811 672 esse
2841 609 3137 687 injuriam
3166 609 3317 681 Dei,
3350 627 3499 671 cum
3536 615 3751 670 tamen

2174 701 2253 760 sit
2279 701 2525 776 vitium,
2560 721 2687 763 non
2707 702 2985 782 justitiae‚
3030 701 3144 762 sed
3172 703 3465 782 religioni
3502 702 3749 782 opposi-

2171 797 2327 854 tum.
2380 795 2843 900 Blaspviam
2872 796 3062 856 ctiam
3093 795 3243 856 dicit
3270 796 3341 856 D.
3372 797 3661 856 Thomas
3688 796 3745 854 Ξ.

2170 888 2231 959 2,
2274 894 2491 966 quaest.
2528 893 2626 962 13,
2655 907 2795 950 esse
2830 888 3181 968 oppositam
3204 888 3401 962 fidei;
3440 895 3506 950 et
3536 895 3751 950 tamen

2170 998 2287 1040 nos
2324 980 2590 1043 dicimus
2630 1000 2767 1044 esse
2806 987 3025 1042 contra
3052 980 3384 1060 justitiam.
3436 982 3753 1042 Praeterea

2168 1075 2599 1154 poenitentiam
2630 1093 2777 1136 cum
2794 1074 3035 1154 justitia
3058 1074 3539 1146 confundimus,
3562 1081 3751 1150 atque

2170 1167 2253 1228 ita
2282 1170 2469 1230 etiam
2498 1167 2941 1229 confundimus
2960 1174 3173 1246 partes
3193 1166 3581 1247 potentiales
3608 1185 3751 1226 cum

2170 1261 2525 1340 subjectivis
2546 1306 2562 1333 ‚
2616 1267 2835 1322 contra
2874 1259 3227 1322 doctrinam
3256 1261 3329 1320 D.
3374 1260 3645 1320 Thomae
3674 1261 3749 1318 ab

2168 1354 2461 1414 omnibus
2500 1359 2823 1432 receptam
2857 1354 2919 1415 2.
2958 1353 3023 1426 2,
3054 1359 3275 1432 quaest.
3314 1353 3419 1414 80.
3464 1353 3749 1430 Denique

2168 1465 2355 1508 omne
2400 1451 2731 1525 peccatum
2779 1445 3041 1540 moi-tgle
3092 1445 3359 1506 dicimus
3406 1462 3553 1506 esse
3590 1445 3750 1525 inju-

2166 1542 2323 1602 riam
2353 1540 2465 1602 Dei
2492 1543 2709 1601 contra
2731 1539 3079 1618 justitiam;
3124 1555 3275 1618 ergo
3306 1536 3504 1599 etiam
3538 1539 3751 1598 omnia

2166 1639 2425 1713 peccata
2450 1631 2893 1695 confundimus
2918 1632 2985 1692 in
3014 1649 3138 1692 uno
3166 1631 3341 1705 vitio,
3372 1631 3479 1692 vel
3498 1631 3751 1711 singula

2167 1733 2355 1789 erunt
2382 1727 2447 1787 in
2494 1725 2727 1806 duplici
2762 1724 2971 1804 specie
3004 1725 3243 1803 peccati
3268 1769 3287 1796 ,
3332 1742 3607 1804 unaque
3636 1726 3751 1784 erit

2166 1817 2483 1899 injustitia
2503 1863 2519 1890 ‚
2566 1835 2707 1896 quae
2738 1823 2835 1880 est
2862 1815 3215 1878 communis
3242 1817 3549 1878 omnibus
3576 1836 3597 1890 ;
3632 1818 3750 1877 alia

2168 1914 2286 1974 erit
2312 1911 2489 1992 speci
2500 1929 2571 1972 es
2598 1909 2881 1991 propria.

2250 2009 2349 2068 14.
2402 2005 2705 2068 Solvitur.
2738 2035 2821 2050 —
2842 2001 2991 2077 Qua
3014 2001 3099 2066 sit
3114 2002 3385 2083 justitia
3412 2003 3487 2064 in
3516 2005 3755 2066 homine

2166 2117 2315 2181 crya
2350 2099 2567 2162 Deum.
2614 2124 2697 2144 --
2746 2099 3196 2158 Verumtamen
3228 2097 3369 2156 haec
3414 2097 3643 2157 omnia
3680 2115 3756 2156 ex

2168 2193 2301 2254 sola
2342 2190 2617 2270 quadam
2656 2189 3147 2269 aequivocatione
3184 2189 3579 2268 procedunt;
3614 2207 3751 2266 quae

2169 2285 2351 2346 facile
2379 2283 2789 2344 animadverti
2804 2289 3036 2363 posset.
3062 2283 3241 2343 Nunc
3265 2283 3441 2344 enim
3468 2299 3607 2342 non
3628 2284 3753 2360 agi·

2165 2397 2307 2440 mus
2346 2378 2425 2439 de
2464 2377 2705 2455 justitia
2740 2376 3183 2438 commutativa
3224 2375 3511 2436 humana
3534 2421 3554 2447 ‚
3596 2393 3749 2456 qua-

2164 2477 2351 2533 tenus
2376 2469 2519 2532 talis
2544 2477 2676 2543 est;
2711 2487 2839 2549 quo
2862 2468 3050 2530 modo
3074 2473 3271 2548 agunt
3298 2467 3381 2530 de
3408 2468 3517 2528 illa
3546 2467 3747 2527 Philo-

2164 2565 2347 2644 sophi
2384 2563 2674 2636 Morales,
2708 2569 2771 2624 et
2792 2562 3024 2642 agebat
3046 2564 3121 2622 D.
3148 2561 3453 2632 Thomas,
3488 2559 3745 2639 quando

2164 2658 2443 2720 distinxit
2476 2661 2689 2736 partes
2716 2654 3094 2735 subjectivas
3118 2659 3181 2714 et
3201 2652 3589 2733 potentiales
3610 2653 3745 2730 jus-

2160 2751 2343 2822 titiae;
2387 2768 2503 2811 nos
2536 2750 2709 2812 enim
2742 2767 2869 2808 non
2916 2747 3179 2808 dicimus
3226 2747 3399 2806 illam
3448 2746 3741 2808 eamdem

2162 2845 2517 2924 specificam
2568 2843 2859 2904 virtutem
2902 2841 3207 2902 moralem
3232 2885 3249 2912 ,
3294 2857 3441 2918 quae
3486 2839 3743 2900 inclinat

2160 2940 2449 3000 homines
2476 2937 2559 2998 ad
2584 2935 2891 2997 servanda
2914 2934 3053 2994 aliis
3075 2932 3441 2994 hominihus
3462 2933 3741 2992 humana

2156 3033 2326 3113 jura,
2358 3029 2659 3092 inclinare
2682 3029 2873 3090 etiam
2900 3027 2983 3087 ad
3004 3029 3207 3087 Deum
3236 3045 3255 3098 ;
3300 3033 3415 3086 aut
3441 3026 3741 3105 injuriam

2162 3126 2391 3187 factam
2426 3124 2555 3185 Deo
2588 3140 2729 3185 esse
2762 3128 2981 3183 contra
3010 3120 3201 3183 talem
3224 3121 3543 3199 justitiam
3576 3139 3595 3193 ς
3640 3140 3741 3181 ne-

2164 3238 2289 3299 que
2334 3218 2523 3281 etiam
2570 3216 2839 3279 dicimus
2882 3213 3255 3294 religionem
3298 3232 3445 3275 esse
3494 3220 3741 3292 partem

2166 3308 2573 3391 'subjectivum
2620 3308 2784 3369 illius
2814 3307 3099 3387 justitiae,
3144 3307 3255 3368 sed
3300 3307 3737 3386 potentialem.

2154 3406 2335 3487 juxta
2370 3402 2631 3465 modum
2672 3401 2971 3481 loquendi
3012 3402 3085 3461 D.
3126 3400 3405 3461 Thomae.
3460 3400 3741 3480 objectio

2162 3504 2373 3561 autem
2424 3496 2591 3557 facta
2638 3494 2923 3573 procedit
2972 3512 3049 3555 ac
3102 3493 3153 3555 si
3194 3493 3273 3554 de
3322 3494 3577 3573 justitia
3628 3493 3743 3555 hoc

2162 3592 2351 3655 modo
2380 3591 2803 3669 loqueremur.
2852 3588 3111 3665 Agimus
3140 3604 3293 3667 ergo
3318 3586 3657 3647 foi-malins
3684 3594 3739 3647 et

2164 3684 2533 3747 abstractius
2564 3681 2643 3743 de
2664 3680 2903 3760 justitia
2924 3725 2942 3755 ,
2972 3686 3037 3741 et
3070 3679 3337 3741 dicimus
3364 3696 3513 3741 esse
3543 3680 3613 3740 in
3638 3680 3740 3741 ho-

2164 3781 2335 3841 mine
2370 3777 2663 3838 virtutem
2706 3774 3047 3853 quamdam
3092 3773 3401 3835 moralem
3434 3772 3737 3833 inclinan-

2164 3878 2295 3933 tem
2330 3871 2711 3932 voluntatem
2750 3867 3021 3929 hominis
3060 3865 3143 3927 ad
3174 3866 3567 3927 servandum
3598 3866 3737 3927 illae-

2168 3984 2309 4027 sum
2338 3980 2525 4025 omne
2556 3962 2663 4041 jus
2696 3968 2759 4023 et
2794 3960 3144 4021 dominium
3190 3959 3503 4031 divinum,
3542 3958 3735 4037 quod·

2168 4074 2439 4137 cumque
2480 4053 2633 4117 illud
2676 4054 2757 4115 sit
2783 4097 2800 4126 ,
2846 4059 2911 4115 et
2936 4070 3335 4131 quacumque
3376 4053 3627 4113 ratione
3654 4050 3731 4110 ab

2166 4150 2425 4211 homine
2446 4148 2585 4209 laedi
2610 4145 2827 4225 possit,
2860 4146 3079 4207 sivein
3108 4144 3358 4218 effectu,
3390 4145 3525 4207 sive
3554 4146 3617 4205 in
3644 4144 3729 4204 af-

2167 4244 2365 4316 l'ectu;
2412 4248 2473 4303 et
2498 4244 2957 4317 consequenter
2982 4238 3393 4299 inclinantem
3438 4238 3629 4298 etiam
3654 4236 3729 4297 ad

2166 4332 2630 4398 resarciendam
2668 4348 2923 4393 omnem
2960 4330 3453 4409 inaequalitatem
3484 4337 3547 4391 et
3574 4332 3727 4409 inju-

2164 4430 2325 4491 riam
2352 4434 2569 4491 contra
2594 4426 2797 4487 Deum
2824 4423 3075 4497 factam,
3108 4430 3417 4503 quantum
3440 4424 3511 4483 in
3536 4423 3727 4485 homi-

2164 4542 2245 4583 ne
2282 4522 2509 4593 l'uerit3
2567 4526 2632 4581 et
2670 4519 2836 4580 hauc
2872 4518 3165 4579 virtutem
3194 4518 3466 4578 dicimus
3500 4516 3721 4577 habere

2162 4615 2608 4677 formalitatem
2626 4611 2883 4691 justitiae
2914 4611 3395 4683 commutativae,
3426 4616 3723 4689 qnantum

2164 4708 2245 4769 ad
2274 4726 2505 4769 munus
2532 4712 2597 4769 et
2624 4706 2938 4785 objectum
2972 4703 3235 4765 formale
3254 4748 3271 4779 ,
3314 4704 3493 4783 quod
3518 4710 3609 4763 est
3624 4704 3719 4781 jus

2164 4799 2489 4881 proprium
2534 4800 2791 4861 alterius
2844 4815 3095 4860 servare
3142 4815 3254 4857 seu
3304 4797 3607 4857 tribuere.
3656 4795 3719 4853 Et

2164 4910 2529 4973 quanquam
2558 4892 2625 4953 in
2658 4891 2841 4953 nobis
2866 4889 3118 4951 deficiat
3144 4909 3183 4951 a
3222 4890 3469 4951 ratione
3482 4889 3720 4969 justitia.

2162 4986 2451 5065 politica,
2490 5002 2605 5047 seu
2642 4982 2860 5056 civilis,
2904 4983 3051 5061 quia
3080 5000 3208 5043 non
3244 4988 3455 5061 potest
3492 4980 3719 5061 aequale

2160 5078 2425 5141 reddere
2456 5080 2607 5151 Deo,
2638 5078 2793 5139 utin
2822 5074 3006 5137 simili
3028 5076 3305 5155 loquitur
3330 5076 3407 5135 D.
3430 5076 3713 5145 Thomas,

2162 5174 2201 5234 3
2230 5191 2323 5252 p.‚
2349 5191 2411 5251 q.
2440 5173 2543 5246 85,
2567 5190 2625 5231 a.
2658 5174 2717 5246 1,
2746 5175 2959 5231 tamen
2981 5169 3085 5229 ille
3108 5166 3417 5244 desectus,
3444 5172 3519 5230 ut
3545 5184 3713 5245 supra

2162 5264 2445 5326 dicebam
2472 5308 2489 5337 ‚
2536 5264 2739 5343 magis
2786 5268 2883 5323 est
2924 5260 2991 5327 in
3036 5278 3309 5340 persona
3364 5268 3429 5321 et
3478 5262 3708 5321 effectu.
3816 5258 3818 5292 l

2162 5374 2355 5437 quam
2378 5358 2441 5417 in
2472 5356 2696 5417 virtute
2734 5360 2797 5415 et
2834 5354 3065 5417 affectu
3086 5371 3279 5433 quem
3302 5353 3439 5433 ipsa
3468 5353 3705 5433 perficit;

2164 5454 2227 5513 et
2254 5448 2401 5511 ideo
2430 5466 2549 5510 nec
2576 5448 2799 5509 minuit
2824 5447 3135 5509 rationem
3164 5448 3411 5527 injuriae
3439 5448 3559 5527 ipsi
3584 5462 3711 5507 con-

2166 5545 2397 5615 trariae,
2443 5542 2595 5622 quin
2632 5542 2841 5621 potius
2870 5546 3061 5621 auget
3094 5540 3291 5616 illam,
3334 5546 3397 5601 et
3421 5540 3569 5603 facit
3592 5555 3709 5601 esse
3814 5594 3816 5619 ᾗ
