3850 6225
510 396 627 457 472

588 504 689 564 ⁴0.
738 502 861 562 Nec
892 505 1097 581 potest
1124 503 1463 563 Concilium
1496 502 1791 581 explicari
1818 502 1895 563 de
1922 502 2072 561 solis

508 596 783 676 praemiis
808 596 1322 669 accidentalibus3
1356 604 1487 657 tum
1517 597 1661 676 quia
1690 596 1813 656 vita
1838 599 2072 655 oeterna

510 708 637 750 non
670 690 789 749 hoc
818 690 1127 767 significat
1148 735 1164 761 ,
1210 690 1322 751 sed
1348 690 1643 769 primario
1672 689 2070 749 essentialem

510 782 961 843 beatitudinem
982 828 999 855 ,
1049 787 1274 844 caetera
1320 802 1471 844 vero
1520 790 1587 844 ut
1628 784 1797 845 illam
1852 798 2072 843 consc-

510 882 812 953 quuntur,
840 876 935 937 vel
958 875 1309 953 aliqualiter
1327 876 1694 954 perficiunt;
1720 880 1857 936 tum
1882 875 2072 935 etiam

510 968 657 1047 quia
680 968 847 1030 idem
874 970 1237 1039 Concilium,
1267 969 1331 1029 in
1360 988 1499 1030 can.
1529 972 1628 1042 32,
1654 970 1818 1029 hanc
1845 968 2074 1038 doctri-

508 1079 657 1121 nam
698 1060 973 1123 declarat
1012 1062 1091 1123 de
1122 1067 1463 1141 augmento
1503 1062 1715 1142 gratiae⁵
1753 1067 1813 1123 et
1858 1060 2072 1141 glorioe

510 1154 879 1215 eorumdem
924 1154 1233 1215 bonorum
1278 1172 1543 1234 operum
1564 1200 1582 1227 ,
1636 1172 1775 1233 quoe
1818 1173 1933 1233 per
1960 1154 2074 1215 Dei

512 1248 777 1327 gratiam
800 1248 1009 1327 justus
1037 1254 1353 1327 operatur.
1394 1251 1553 1311 Tum
1586 1248 1881 1327 denique,
1922 1248 2074 1327 quia

512 1340 679 1401 idem
703 1342 1067 1413 Concilium,
1098 1340 1241 1402 eod.
1272 1360 1410 1421 cap.
1442 1344 1539 1413 16,
1570 1342 1653 1403 ad
1676 1342 1795 1403 hoc
1822 1341 2076 1402 adducit

510 1434 703 1494 verba
738 1434 977 1508 Christi,
1020 1434 1281 1497 Joannis
1316 1438 1357 1497 4
1402 1454 1416 1495 :
1465 1434 1713 1515 Siquis
1754 1435 1966 1498 biberit
2003 1452 2078 1497 em

508 1544 669 1607 aqua
696 1546 875 1606 quam
898 1546 1003 1609 eqo
1032 1526 1177 1590 dabo
1207 1530 1282 1599 ei,
1314 1546 1435 1589 non
1462 1528 1631 1591 sitiet
1656 1527 1723 1589 in
1758 1534 2073 1599 auter-num,

510 1622 617 1684 sed
629 1624 736 1700 fiet
760 1622 827 1684 in
850 1640 913 1683 oo
936 1626 1073 1697 fons
1098 1641 1269 1703 aqure
1292 1624 1573 1685 salientis
1596 1624 1663 1685 in
1690 1624 1881 1685 vitam
1909 1627 2080 1684 ater·

510 1732 674 1777 nam.
724 1716 793 1775 In
834 1716 1061 1793 quibus
1104 1716 1331 1785 verbis,
1380 1716 1795 1777 certissimum
1831 1721 1927 1777 est
1966 1733 2079 1794 per

511 1806 701 1867 vitam
728 1814 1025 1869 aeternam
1054 1808 1477 1889 principaliter
1504 1808 1835 1889 significari
1866 1826 2081 1869 essen-

512 1900 725 1961 tialem
748 1901 1220 1973 beatitudinem,
1242 1920 1381 1979 quae
1402 1920 1551 1963 vere
1574 1903 1847 1963 animam
1868 1902 2073 1975 satiat,

514 1999 579 2055 et
616 1992 781 2055 sitim
814 1994 950 2073 ejus
982 1994 1307 2073 extinguit,
1341 1996 1521 2073 juxta
1561 1995 1714 2055 illud
1746 1994 1907 2056 Psal.
1953 1995 2071 2056 16:

519 2085 831 2159 Satiabor,
879 2106 1013 2151 oum
1056 2090 1413 2169 apparuerit
1454 2088 1654 2169 qloria
1702 2094 1833 2151 tua.
1893 2090 2072 2167 Aqua

514 2197 666 2255 ergo
698 2181 909 2259 gratim
946 2180 1169 2241 dicitnr
1196 2182 1380 2242 salire
1412 2182 1475 2241 in
1512 2184 1703 2243 vitam
1729 2189 2029 2243 aeternam
2059 2227 2075 2254 ,

514 2272 661 2349 quia
682 2292 794 2351 per
812 2291 1031 2334 omncs
1052 2274 1327 2335 actiones
1344 2294 1489 2336 suas
1516 2277 1717 2337 elevat
1732 2276 2074 2347 hominem,

517 2369 579 2425 et
607 2365 905 2443 paulatim
934 2366 1103 2427 ducit
1128 2372 1199 2428 ut
1228 2367 1479 2429 tandem
1510 2369 1635 2429 Deo
1664 2369 1923 2431 fruatur.
1977 2371 2080 2431 At-

516 2474 639 2535 que
682 2458 765 2519 ita
808 2460 1137 2537 exponitur
1175 2463 1592 2523 communiter
1628 2463 1731 2521 ille
1770 2462 1964 2535 locuS,
2019 2467 2082 2522 et

516 2548 701 2628 plane
750 2551 813 2609 in
860 2570 935 2611 eo
976 2570 1167 2613 sensu
1208 2572 1245 2613 a
1288 2554 1559 2615 Concilio
1603 2554 1847 2616 citatur.
1900 2554 2081 2627 Quod

514 2643 775 2723 proinde
820 2645 1127 2723 signifieat
1167 2647 1229 2707 in
1274 2648 1499 2708 eodem
1536 2632 1727 2709 sensu
1768 2650 2081 2728 accipien-

516 2736 597 2797 da
632 2756 771 2797 esse
818 2738 939 2799 alia
992 2740 1347 2801 testimonia
1394 2742 1728 2821 Scripturoe.
1754 2788 1772 2815 ,
1814 2762 1958 2821 quse
1999 2742 2085 2803 ibi

514 2830 787 2901 adducit,
832 2834 903 2892 ut
932 2838 1027 2893 est
1054 2832 1207 2893 illud
1238 2837 1259 2893 l
1292 2833 1373 2894 ad
1402 2835 1685 2896 Corinth.
1720 2839 1795 2897 15
1832 2854 1847 2895 ι
1878 2834 2082 2899 Abun-

512 2924 651 2986 date
675 2923 742 2985 in
779 2924 943 2986 omni
982 2943 1150 3005 opere
1178 2927 1323 2989 bono
1344 2972 1359 2997 ,
1418 2928 1674 2991 scientes
1722 2930 1875 3007 quod
1912 2930 2083 2991 labor

514 3021 709 3079 vester
754 3034 875 3078 non
924 3024 1012 3081 est
1060 3017 1266 3080 inanis
1308 3018 1376 3080 in
1414 3021 1668 3083 Domino
1696 3070 1713 3095 ,
1752 3022 1853 3083 ubi
1880 3022 1963 3083 ad
1987 3022 2081 3082 lit-

514 3116 715 3172 teram
763 3110 986 3172 Paulus
1022 3113 1297 3192 loquitur
1334 3114 1412 3174 de
1448 3117 1909 3178 resurrectione
1951 3117 2080 3196 glo-

512 3205 679 3264 riosa
716 3205 1085 3266 Sanctorum
1134 3206 1213 3267 de
1250 3225 1373 3285 qua
1416 3213 1547 3268 toto
1589 3209 1693 3269 illo
1724 3209 1927 3286 capite
1959 3209 2084 3270 dis-

518 3303 819 3358 seruerat.
862 3297 939 3360 Et
964 3299 1279 3360 concludit
1310 3299 1589 3361 laborem
1616 3303 1988 3364 Sanctorum
2019 3303 2082 3364 in

518 3389 635 3450 hac
660 3391 784 3451 vita
808 3409 937 3451 non
963 3410 1101 3452 esse
1128 3393 1405 3468 inanem,
1438 3395 1948 3474 quandoquidem
1969 3415 2083 3476 per

516 3481 694 3544 illum
742 3482 1005 3562 gloriam
1056 3485 1529 3548 resurrectionis
1588 3495 2076 3568 consequentur.

516 3577 627 3638 Illa
656 3582 867 3637 autem
898 3577 1097 3656 gloria
1126 3577 1549 3657 principaliter
1578 3587 1641 3641 et
1670 3581 2084 3642 essentialiter

520 3677 615 3730 est
652 3669 715 3730 in
749 3671 957 3730 anima
984 3715 1000 3742 ,
1049 3675 1110 3730 et
1140 3671 1219 3730 ab
1248 3671 1353 3732 illa
1383 3673 1663 3734 manabit
1697 3674 1777 3734 ad
1816 3692 2078 3754 corpus;

516 3763 687 3824 unde
724 3762 787 3822 in
826 3769 1067 3823 tantum
1102 3763 1265 3824 hanc
1300 3783 1411 3843 per
1440 3765 1689 3826 labores
1730 3767 1913 3846 hujus
1945 3767 2082 3828 vitai

514 3873 953 3934 comparamus
994 3855 1331 3936 (loquimur
1358 3857 1435 3918 de
1468 3859 1641 3936 puris
1668 3859 2081 3937 hominibus),

518 3949 583 4009 in
608 3955 914 4028 quantum
955 3968 1069 4028 per
1102 3950 1359 4012 eosdem
1390 3953 1787 4014 essentialem
1816 3954 2087 4014 beatitu-

518 4042 729 4104 dinem
784 4059 1254 4121 promeremur,
1312 4063 1423 4106 seu
1478 4046 1669 4106 vitam
1736 4052 2037 4108 oeternam
2063 4092 2080 4120 ,

519 4135 689 4212 quod
728 4133 895 4194 idem
948 4140 1063 4195 est.
1118 4137 1195 4196 Et
1236 4136 1397 4198 hanc
1444 4137 1735 4199 eamdem
1780 4138 2088 4200 intellexit

516 4227 859 4288 Concilium
903 4246 1039 4288 esse
1084 4228 1253 4288 illam
1296 4247 1593 4310 magnam
1630 4231 2087 4293 remuneratio·

518 4339 687 4392 nem,
720 4319 798 4381 de
823 4339 947 4400 qua
977 4321 1254 4398 loquitur
1274 4323 1523 4396 Paulus,
1554 4323 1635 4384 ad
1658 4323 1956 4385 Hebrteos
1983 4327 2080 4398 10,

518 4417 579 4472 et
606 4431 903 4474 coronam
926 4413 1210 4492 justitiae,
1250 4413 1327 4476 de
1366 4433 1515 4495 qua,
1546 4419 1569 4478 1
1608 4416 1688 4477 ad
1712 4418 1981 4478 Timoth.
2019 4421 2080 4490 4,

520 4505 606 4566 ait
636 4506 864 4566 Paulus
894 4525 1031 4567 esse
1061 4507 1175 4568 sibi
1204 4510 1555 4588 repositam,
1589 4511 1733 4590 quia
1752 4511 1931 4590 fidem
1961 4529 2084 4572 ser-

520 4600 719 4674 ravit,
763 4617 1007 4662 cursum
1034 4603 1506 4675 consummavit,
1540 4605 1753 4666 bonam
1784 4608 2084 4667 certamen

522 4693 817 4762 certavim-
858 4693 1083 4772 quibus
1124 4696 1331 4756 verbis
1366 4699 1575 4758 omnia
1610 4715 1841 4776 genera
1874 4693 2084 4759 'hono-

520 4803 659 4846 rum
680 4785 1131 4863 complectitur.
1162 4789 1445 4868 Denique
1472 4791 1725 4852 nomine
1748 4791 1887 4852 vitae
1909 4798 2084 4851 aeter-

520 4895 617 4938 nae
650 4876 985 4956 significari
1012 4877 1077 4938 in
1108 4879 1427 4958 Scriptura
1456 4881 1727 4944 hominis
1758 4883 2086 4944 beatitudi-

522 4987 693 5041 nem,
730 4975 793 5030 et
824 4970 1013 5032 finem
1042 4972 1153 5032 ubi
1182 4981 1277 5034 est
1304 4993 1621 5036 summum
1650 4975 1887 5036 bonum
1918 4977 2082 5055 ejus,

522 5062 733 5124 docuit
762 5081 1053 5142 expresse
1086 5067 1489 5144 Augustinus,
1536 5071 1613 5130 19
1642 5069 1719 5130 de
1750 5069 1950 5141 eivit„
1985 5089 2090 5130 ca-

520 5158 647 5236 pite
690 5155 1063 5231 undecimo,
1112 5159 1385 5220 afferens
1427 5159 1577 5221 illud
1642 5161 1723 5222 ad
1774 5163 2088 5222 Romanos

522 5255 699 5310 sexto
730 5267 743 5310 ε
787 5249 1048 5314 Habetis
1066 5253 1338 5326 fructum
1366 5256 1631 5316 vestrum
1658 5255 1725 5315 in
1748 5254 2091 5334 sanctifica-

522 5344 766 5415 tionem,
786 5346 965 5421 finem
986 5361 1123 5406 vero
1140 5346 1327 5408 vitam
1358 5351 1665 5409 mter-nam.
1698 5347 1773 5406 Et
1798 5347 1907 5407 lib.
1946 5351 1973 5407 1
2007 5347 2083 5410 do

521 5436 764 5510 Trinit„
820 5455 961 5515 cap.
1004 5439 1076 5508 8,
1130 5437 1355 5498 eodem
1398 5439 1587 5500 modo
1634 5439 1887 5520 exponit
1931 5441 2086 5502 illud

516 5529 781 5595 Joannis
815 5532 889 5592 17
933 5547 948 5592 ε
992 5531 1150 5594 Hoeo
1180 5536 1273 5595 est
1302 5532 1433 5596 vita
1462 5537 1715 5608 recma,
1744 5536 1817 5596 ut
1838 5551 2084 5620 coquos-

1082 388 1289 456 Oi'USC.
1328 402 1386 456 V.
1420 402 1723 455 RELECTIO
1757 402 1838 454 DE
1868 400 2346 453 RethscENTla
2381 399 2758 455 flammam.
2799 396 3036 451 msru'r.
3069 398 3136 450 11.

2154 508 2294 566 cant
2340 510 2399 565 te
2441 503 2638 565 solum
2681 502 2870 563 Deum
2911 516 3116 561 verum
3137 542 3154 569 ‚
3195 500 3255 558 et
3287 512 3462 576 qum
3487 493 3695 557 misisti

2149 598 2363 659 Jesum
2397 595 2704 659 Christum
2717 620 2740 667 ,·
2783 594 2910 654 sive
2935 592 3014 651 sit
3035 608 3260 651 sensus
3289 588 3694 664 cognitionem

2153 688 2263 748 Dei
2293 706 2408 767 per
2435 688 2736 748 visionem
2769 704 2906 747 esse
2936 685 3132 763 ipsam
3167 684 3360 743 vitam
3389 687 3690 751 aeternam,
3781 710 3783 719 ·

2155 782 2280 843 sive
2313 782 2408 859 (ut
2447 780 2834 859 frequentius
2879 777 3254 857 exponitur),
3293 772 3694 852 cognitionem

2154 876 2286 948 Dei,
2321 882 2384 937 et
2412 875 2632 935 Christi
2663 892 2776 953 per
2801 872 3016 945 fidem,
3049 888 3188 931 esse
3217 869 3466 930 initium
3491 872 3554 927 et
3579 866 3696 925 fun-

2155 967 2518 1031 damentum
2543 968 2684 1029 vitae
2713 972 2962 1029 aeternae
2992 961 3460 1044 comparandae.

2155 1221 2243 1285 De
2266 1221 2580 1285 usmitai
2599 1219 2854 1303 proemio
2881 1216 3280 1281 communiter
3315 1217 3412 1277 est
3441 1228 3624 1275 sermo
3647 1211 3700 1271 in
3785 1278 3787 1285 Ι

2761 1312 3116 1393 Scriptura.

2237 1534 2338 1593 41.
2385 1530 2475 1591 Ex
2521 1546 2648 1608 qua
2697 1524 2980 1587 doctrina
3027 1521 3284 1585 Concilii
3337 1515 3698 1595 intelligitur,
3787 1518 3789 1575 ἐ

2159 1625 2404 1705 quoties
2431 1623 2494 1683 in
2525 1620 2844 1699 Scriptura
2871 1636 3050 1679 sacra
3081 1613 3454 1694 simpliciter
3475 1614 3568 1671 est
3595 1628 3704 1669 ser-

2161 1738 2264 1780 mo
2313 1718 2394 1778 de
2439 1712 2756 1783 mercede,
2803 1716 2914 1771 aut
2955 1708 3370 1771 retributione
3415 1704 3704 1765 bonorum

2159 1828 2448 1891 operum,
2485 1806 2802 1887 praecipue
2831 1802 3092 1881 intelligi
3117 1802 3200 1863 de
3227 1797 3490 1878 proemio
3515 1814 3706 1857 essen-
3789 1808 3791 1831 ⁴

2157 1904 2313 1976 tiali,
2359 1900 2530 1982 quod
2567 1900 2631 1960 in
2669 1898 2908 1959 visione
2951 1902 3010 1957 et
3051 1894 3348 1955 fruitione
3377 1891 3575 1970 ipsius
3613 1890 3710 1949 Dei

2159 1996 2470 2069 consistit,
2511 2000 2576 2055 et
2597 1993 2676 2053 de
2701 1993 2824 2053 hoc
2851 2008 2994 2052 esse
3021 1986 3436 2069 principalem
3469 1984 3712 2063 promis-

2157 2094 2431 2163 sionem3
2475 2089 2554 2149 de
2587 2084 3074 2147 accidentalibus
3117 2098 3266 2141 vero
3307 2086 3610 2155 tanquam
3643 2076 3708 2135 de
3792 2097 3793 2117 l

2160 2183 2546 2254 accessoriis,
2579 2188 2642 2242 et
2665 2179 2928 2241 annexis
2950 2176 3110 2246 illis;
3147 2174 3424 2251 ideoque
3453 2170 3600 2229 nulli
3629 2189 3712 2229 ac-

2161 2281 2248 2343 tui
2276 2297 2424 2339 vere
2453 2274 2772 2338 meritorio
2799 2272 2876 2333 de
2905 2270 3246 2346 conditum,
3293 2271 3356 2327 et
3375 2268 3560 2344 juxta
3587 2282 3712 2342 pro-

2159 2374 2518 2435 missionem
2561 2386 2676 2429 seu
2725 2372 2978 2445 partum
3017 2362 3128 2423 Dei
3181 2378 3328 2421 cum
3371 2358 3710 2419 hominihus

2153 2466 2362 2548 justis,
2395 2464 2636 2542 integre
2659 2458 2948 2521 satisfieri
2975 2474 3088 2535 per
3107 2454 3312 2515 solum
3339 2450 3706 2513 accidentale

2161 2558 2512 2639 praemium,
2554 2553 2674 2615 nisi
2697 2555 3088 2633 supponatur
3117 2544 3552 2609 substantiale.
3597 2545 3706 2603 Hoc

2159 2658 2336 2730 patet
2383 2669 2460 2711 ex
2517 2648 2638 2709 illis
2697 2643 3097 2723 generalibus
3161 2637 3370 2701 verbis
3427 2636 3702 2697 Concilii:

2169 2746 2486 2827 Tanquam
2531 2758 2754 2805 merces
2797 2756 2872 2801 em
2911 2737 3111 2817 ipsius
3155 2732 3266 2797 Dei
3298 2732 3701 2811 promissione.

2161 2838 2316 2920 ipsis
2341 2838 2510 2901 bonis
2535 2834 2808 2917 operibus
2846 2836 2900 2895 et
2923 2829 3160 2893 meritis
3199 2826 3470 2903 fideliter
3491 2825 3710 2887 redden-

2161 2934 2260 2995 da.
2317 2930 2496 2993 Unde
2543 2926 2732 3007 paulo
2779 2924 3040 2985 inferius
3081 2920 3338 3000 exponit
3385 2920 3546 2977 hanc
3587 2936 3708 2977 esse

2161 3022 2518 3085 mercedem
2545 3041 2580 3081 a
2619 3020 2860 3081 Christo
2903 3016 3274 3095 promissam
3319 3018 3572 3092 propter
3614 3030 3710 3088 po-

2161 3125 2296 3181 tum
2323 3136 2502 3196 aqua·
2527 3115 2791 3196 frigidm,
2809 3113 3028 3175 Matth.
3051 3113 3148 3181 to,
3167 3106 3706 3188 etpondusgloriae,
3798 3102 3799 3118 ¹

2164 3213 2243 3274 de
2271 3231 2396 3292 quo
2431 3210 2708 3289 loquitur
2747 3206 3002 3279 Paulus,
3037 3205 3078 3265 2
3103 3203 3184 3264 ad
3215 3203 3356 3263 Cor.
3389 3203 3450 3271 4,
3497 3205 3558 3262 et
3583 3201 3708 3259 dicit

2165 3325 2284 3367 nos
2313 3304 2464 3365 illud
2491 3303 2720 3364 mereri
2755 3319 2868 3380 per
2907 3303 3417 3360 momentaneam
3441 3301 3506 3356 et
3529 3294 3708 3354 levem

2165 3397 2658 3460 tribulationem.

2240 3494 2342 3553 42.
2389 3491 2489 3554 Sic
2517 3507 2668 3570 ergo
2691 3485 3094 3562 intelligenda
3119 3490 3308 3546 erunt
3333 3503 3372 3545 a
3403 3483 3582 3544 nobis
3603 3481 3708 3541 alia

2163 3587 2496 3666 Scripturae
2527 3584 2686 3653 loca,
2715 3599 2852 3660 quae
2887 3579 2968 3641 de
2989 3580 3110 3640 hac
3137 3577 3433 3640 mercede
3463 3577 3708 3655 loquun-

2163 3685 2288 3753 tur,
2313 3685 2382 3740 ut
2409 3683 2504 3740 est
2532 3675 2686 3738 illud
2711 3676 2846 3739 Jac.
2883 3677 2908 3734 1
2953 3692 2966 3733 :
2999 3672 3231 3735 Beatus
3259 3673 3360 3734 vir
3383 3670 3488 3751 qu·
3509 3671 3706 3748 suffert

2165 3774 2554 3836 tentationem
2583 3815 2598 3837 .
2645 3769 2925 3850 quoniam
2951 3812 2970 3841 ,
3019 3783 3154 3828 cum
3195 3765 3486 3844 probatu
3515 3762 3700 3837 snei-it.

2165 3864 2420 3946 accipiet
2451 3881 2730 3926 coronam
2757 3862 2940 3934 aitte,
2987 3875 3162 3938 quam
3193 3857 3543 3937 repromisit
3565 3857 3702 3916 Deus

2165 3955 2554 4037 diligentibus
2580 3973 2643 4017 se
2669 3979 2693 4027 ,·
2733 3952 2906 4032 qnod
2934 3951 3127 4023 addit,
3169 3967 3298 4010 non
3327 3948 3476 4027 quia
3503 3948 3596 4008 illa
3619 3965 3702 4007 co-

2166 4069 2320 4110 rona
2349 4049 2464 4110 soli
2493 4045 2808 4108 dilectioni
2839 4045 2918 4106 sit
2953 4042 3287 4123 promissa,
3319 4059 3468 4102 nam
3495 4040 3699 4100 ibidem

2167 4143 2393 4205 dicitur
2417 4159 2558 4203 esse
2583 4139 2892 4219 promissa
2917 4135 3258 4216 patientioe,
3287 4153 3404 4196 seu
3425 4133 3702 4194 sustinen-

2167 4238 2268 4299 tiae
2315 4235 2678 4298 tentationis
2702 4280 2719 4304 ,
2779 4231 2894 4293 sed
2937 4231 3124 4310 justis
3147 4275 3164 4300 ,
3223 4235 3286 4290 et
3333 4227 3700 4308 diligentibus

2165 4332 2368 4392 Deum
2415 4329 2578 4390 facta
2605 4331 2702 4388 est
2727 4327 2866 4387 haec
2891 4323 3224 4402 promissio
3245 4368 3261 4396 ,
3295 4323 3476 4401 juxta
3503 4321 3638 4380 illud
3673 4323 3694 4380 t

2165 4423 2246 4484 ad
2273 4423 2410 4483 Cor.
2448 4425 2526 4484 13
2566 4439 2580 4480 :
2619 4419 2702 4484 Si
2729 4419 3085 4502 chamatqn
3113 4434 3236 4480 non
3259 4417 3530 4484 habuero,
3567 4412 3701 4474 nihil

2162 4519 2318 4579 mihi
2347 4517 2614 4596 prodest.
2661 4515 2752 4574 De
2790 4514 2912 4573 hac
2941 4512 3132 4586 igitur
3169 4509 3466 4570 mercede
3507 4508 3728 4568 dicitur·

2165 4611 2355 4690 Apoc.
2383 4609 2463 4670 2⁴2
2497 4627 2510 4668 :
2545 4607 2706 4670 Ecce
2732 4606 2899 4667 venio
2929 4603 3078 4677 cito,
3111 4609 3170 4667 et
3193 4621 3420 4666 meroes
3449 4619 3574 4664 nea
3597 4617 3697 4660 m-

2163 4721 2300 4766 cum
2317 4707 2432 4774 est,
2455 4703 2696 4765 reddero
2713 4699 3036 4778 unicuique
3053 4698 3378 4760 secundum
3393 4713 3566 4775 opera
3581 4711 3694 4756 m.

2165 4797 2240 4856 Et
2267 4795 2418 4854 illud
2447 4793 2724 4872 Sapient.
2753 4794 2832 4854 5:
2861 4790 3037 4854 ,Iusti
3067 4795 3270 4853 autem
3296 4790 3363 4852 in
3381 4791 3698 4870 perpetuum

2165 4888 2384 4962 tinent,
2417 4891 2476 4950 et
2501 4887 2664 4966 apud
2683 4885 3006 4948 Dominum
3027 4889 3121 4946 est
3143 4899 3366 4944 meroes
3391 4899 3598 4943 emm.
3623 4881 3696 4938 De

2167 4998 2295 5060 qua
2322 4979 2474 5040 dixit
2495 4980 2664 5040 Deus
2686 4977 2971 5045 Abrahae,
3009 4975 3164 5036 Gen.
3201 4976 3278 5036 15
3301 4992 3316 5034 :
3343 4974 3482 5055 qu
3501 4977 3698 5052 proteo-

2169 5078 2264 5136 tor
2283 5079 2425 5136 tuus
2441 5091 2601 5142 eum,
2621 5075 2682 5133 et
2699 5086 2917 5132 merces
2937 5074 3044 5130 tua
3059 5086 3284 5150 maqna
3311 5068 3492 5130 nimis
3511 5095 3529 5136 ,·
3551 5065 3692 5143 quia,

2169 5164 2424 5234 scilicet,
2449 5169 2544 5225 est
2559 5163 3024 5242 ipsemetDeuS,
3055 5165 3123 5221 ut
3145 5179 3368 5221 omnes
3385 5163 3690 5238 exponunu

2171 5263 2236 5318 et
2267 5259 2340 5318 D.
2379 5259 2650 5318 Thomas
2691 5257 2924 5334 optime
2951 5253 3272 5322 intellexit,
3317 5252 3578 5331 quando,
3617 5251 3696 5309 in-

2167 5356 2522 5431 terrogatus
2559 5367 2598 5408 a
2645 5348 2888 5410 Christo
2929 5363 3122 5425 quam
3165 5345 3516 5406 mercedem
3555 5347 3695 5402 esset

2167 5449 2559 5522 accepturus,
2595 5459 2674 5502 eo
2707 5439 2876 5519 quod
2901 5439 2982 5500 de
3010 5438 3146 5517 ipso
3173 5438 3338 5498 bene
3359 5435 3688 5515 scripsisset.

2163 5533 2486 5622 respondit
2515 5552 2530 5594 :
2571 5533 2840 5610 Dauniae,
2887 5549 3006 5594 nou
3031 5529 3244 5612 aliam,
3271 5529 3396 5594 nisi
3419 5529 3646 5616 teipsum
3667 5547 3689 5594 ;
