3850 6225
608 421 738 475 cAP.
776 421 858 474 Vl.
903 420 1272 473 SOLVUNTUR
1315 421 1720 474 OBJECTIONES
1753 421 2001 476 CONTRA
2035 425 2411 480 Pus-:mcum
2442 427 2853 488 SENTENTIAM.

145 518 486 598 permittere
508 520 756 580 Petrum
785 520 1074 580 constitui
1105 519 1170 578 in
1195 520 1300 580 tali
1328 521 1679 594 occasione,

140 619 360 686 tamen,
404 612 575 692 quod
621 615 681 674 in
733 613 840 673 tali
897 613 1222 675 occasione
1275 615 1513 694 positus
1555 633 1684 675 non

139 709 360 786 peccet,
398 725 526 766 non
571 692 776 787 potest
804 708 974 768 Dens
999 725 1134 786 ipse
1177 707 1504 786 impedire,
1538 708 1684 786 quia

139 799 496 878 supponitur
508 800 889 879 praescivisse
918 799 1004 861 ita
1027 799 1338 861 facturum
1366 801 1522 872 fore,
1556 819 1680 880 qua

139 895 548 974 suppositione
597 896 758 956 facta
787 913 916 956 non
951 899 1158 974 potest
1197 895 1283 956 illi
1314 897 1678 977 repugnari.

209 990 263 1046 3.
299 987 552 1061 Quart0,
602 1007 674 1050 ex
703 989 825 1050 alio
854 989 1078 1068 capite,
1111 1009 1236 1050 non
1270 992 1496 1052 minori
1527 991 1686 1053 diffi-

138 1082 368 1152 cultate,
388 1081 702 1159 objicitur,
733 1081 878 1160 quia
907 1100 1033 1142 non
1055 1083 1304 1144 videtur
1328 1084 1464 1144 haec
1489 1084 1680 1145 scien-

135 1175 209 1235 tia
237 1189 414 1252 posse
445 1173 762 1235 deservire
797 1175 876 1234 ad
911 1175 1344 1254 explicandam
1375 1177 1682 1237 rationem

137 1267 338 1327 divinae
379 1263 790 1345 providentias
832 1267 1022 1328 etiam
1049 1269 1112 1328 in
1141 1269 1435 1348 operibns
1460 1271 1680 1350 gratiae

137 1369 187 1421 et
214 1360 504 1420 libertatis
535 1367 796 1434 creatae3
825 1378 975 1421 nam
1001 1361 1085 1421 ad
1104 1362 1226 1422 hoc
1254 1363 1684 1424 necessarium

137 1460 220 1514 est
252 1459 316 1513 ut
340 1459 614 1530 ponatur
649 1453 787 1514 haec
833 1453 1090 1514 scientia
1133 1455 1304 1533 prius
1333 1455 1680 1516 secundum

137 1546 422 1606 rationem
445 1589 462 1618 ,
507 1563 702 1625 quam
748 1547 848 1628 sit,
870 1546 1068 1607 libera
1097 1545 1684 1609 determinatio‘vo-

135 1641 364 1700 luntatis
395 1639 624 1700 divinaz
670 1640 832 1702 circa
873 1659 974 1702 res
1011 1641 1094 1701 ad
1139 1645 1310 1703 extra
1355 1641 1676 1721 agendas;

133 1751 500 1811 consequens
531 1739 746 1794 autem
785 1753 912 1795 non
957 1739 1052 1796 est
1087 1752 1339 1808 verum;
1372 1741 1504 1796 tum
1535 1735 1682 1814 quia

135 1830 248 1888 haec
286 1827 567 1898 scientia,
613 1829 668 1889 si
699 1836 792 1891 est
819 1830 883 1890 in
911 1831 1061 1900 Deo,
1095 1847 1220 1890 non
1251 1835 1350 1891 est
1377 1849 1548 1892 mere
1575 1849 1684 1890 ne-

133 1922 402 1996 cessaria,
427 1921 540 1983 sed
563 1923 938 2001 contingens
959 1941 1070 1984 seu
1094 1923 1325 1995 liberm
1361 1941 1510 2003 ergo
1538 1941 1682 2001 sup-

132 2016 286 2094 ponit
315 2033 387 2074 ex
425 2021 610 2094 parte
659 2015 888 2093 objecti
918 2015 1184 2076 liberam
1215 2015 1682 2077 determinatio-

131 2125 280 2180 nem,
325 2106 545 2168 saltem
590 2112 658 2166 ut
683 2107 958 2167 futuram
1004 2108 1213 2186 aliquo
1247 2109 1480 2182 modo;
1528 2125 1713 2192 ergo·

132 2201 304 2259 multo
349 2200 551 2279 magis
605 2203 900 2279 supponit
941 2201 1004 2262 in
1055 2203 1324 2280 ipsamet
1359 2203 1680 2263 voluntate

139 2294 236 2350 Dei
262 2293 513 2352 liberam
545 2293 1164 2369 determinationem,
1197 2313 1326 2355 non
1373 2297 1573 2356 solum
1613 2299 1684 2356 ut

141 2385 411 2457 futuram,
460 2386 582 2446 sed
619 2387 808 2447 etiam
863 2392 932 2448 ut
979 2393 1352 2466 praesentem
1405 2393 1468 2449 et
1511 2393 1684 2449 aeter-

140 2497 290 2537 nam.
347 2481 520 2540 Patet
581 2479 718 2539 haec
763 2478 980 2540 ultima
1029 2481 1498 2559 consequentia,
1532 2481 1680 2560 quia

140 2576 250 2630 tam
275 2573 632 2634 necessaria
665 2576 758 2633 est
788 2573 1076 2634 voluntas
1108 2574 1318 2635 divina
1354 2580 1497 2634 actu
1527 2574 1684 2634 exis-

139 2670 258 2724 tens
285 2666 395 2725 sub
435 2665 615 2726 omni
656 2666 1007 2726 conditione
1057 2684 1186 2726 suae
1232 2667 1492 2728 actualis
1523 2667 1684 2728 exis-

138 2760 344 2835 tentiae,
385 2759 544 2820 sicut
581 2764 676 2820 est
699 2759 990 2820 voluntas
1028 2765 1237 2820 creata
1278 2760 1342 2820 in
1371 2778 1510 2821 esse
1541 2779 1682 2839 pos-

138 2852 272 2910 sibili
298 2899 314 2920 ‚
372 2871 482 2914 seu
541 2853 666 2912 sub
724 2871 1120 2932 quacumque
1173 2853 1526 2914 conditione
1585 2853 1684 2912 vel

138 2945 435 3007 occasione
455 2945 766 3025 possibili.
793 2947 972 3008 Unde
993 2948 1053 3006 in
1078 2964 1474 3026 quocumque
1499 2947 1680 3026 signo

135 3038 366 3097 rationis
417 3038 790 3118 intelligitur
839 3041 1087 3120 cognita
1141 3059 1178 3098 a
1227 3040 1358 3100 Deo
1393 3040 1680 3101 voluntas

139 3137 344 3203 creata,
376 3139 444 3193 ut
471 3132 792 3212 possibilis
825 3134 888 3193 in
922 3133 1044 3194 hac
1069 3134 1166 3193 vel
1195 3133 1300 3193 illa
1326 3134 1677 3206 occasione,

136 3223 473 3302 intelligitur
519 3226 816 3286 voluntas
849 3226 1129 3287 increata
1171 3232 1240 3286 ut
1284 3225 1556 3287 existens
1598 3226 1682 3286 ita

137 3315 408 3394 disposita
431 3319 512 3379 ad
545 3318 915 3390 volendum;
942 3338 1115 3399 erge,
1151 3319 1308 3379 sicut
1336 3323 1480 3379 ante
1509 3318 1680 3379 illam

113 3410 434 3484 ‘scientiam
460 3410 806 3472 voluntatis
839 3419 1062 3473 creatae
1092 3412 1464 3491 supponitur
1495 3417 1560 3471 ut
1587 3411 1685 3471 fu-

135 3506 322 3562 turum
353 3504 505 3582 quid
541 3504 777 3566 faceret
808 3505 912 3565 illa
939 3506 1228 3567 voluntas
1267 3505 1331 3564 in
1364 3506 1472 3565 tali
1505 3524 1685 3565 occa-

135 3595 310 3667 sione,
336 3599 420 3659 ita
450 3605 514 3659 et
550 3598 615 3658 in
643 3600 961 3661 voluntate
991 3602 1269 3661 increata
1310 3601 1684 3677 supponitur

135 3690 266 3765 quid
283 3690 424 3752 facit
448 3697 512 3751 et
545 3682 874 3772 quid‘vult,
896 3693 1182 3772 quiajam
1209 3695 1337 3753 tota
1367 3692 1468 3751 illa
1493 3710 1684 3752 causa

135 3798 244 3839 non
277 3785 532 3860 ponitur
572 3785 692 3845 sub
729 3785 1112 3861 conditione,
1141 3785 1253 3846 sed
1281 3790 1350 3845 ut
1382 3784 1679 3845 existens·

204 3874 436 3948 Quinte,
461 3877 611 3956 quia
627 3878 849 3938 saltem
875 3881 1158 3958 sequitur
1171 3878 1461 3958 praescire
1483 3879 1684 3938 Deum

139 3964 204 4025 de
223 3986 326 4027 sua
351 3971 672 4031 voluntate
698 3970 848 4048 quid
889 3972 967 4033 sit
991 3972 1280 4043 volitur-a,
1310 3971 1480 4050 prius
1501 3971 1686 4031 ratio-

137 4076 226 4131 ne,
256 4080 438 4139 quam
486 4064 874 4141 intelligatur
899 4065 1187 4125 voluntas
1229 4064 1365 4143 ipsa
1400 4064 1534 4142 jam
1579 4063 1687 4125 dc·

135 4155 443 4216 terminata
483 4156 570 4216 ad
617 4157 956 4217 volendum
1001 4159 1080 4218 de
1133 4159 1462 4237 praesenti,
1515 4158 1684 4236 quod

134 4243 304 4308 habet
344 4250 542 4310 multa
587 4249 1006 4311 incommoda.
1053 4250 1398 4311 Praesertim
1438 4251 1684 4311 videtur

135 4336 236 4397 hoc
261 4358 614 4421 repugnare
647 4343 915 4404 libertati
943 4344 1079 4420 Dei,
1127 4344 1270 4422 quia
1301 4361 1430 4404 non
1457 4344 1684 4423 poterit

138 4429 286 4491 Deus
309 4435 630 4495 voluntate
673 4454 786 4495 sua
817 4437 1092 4497 scientiae
1120 4446 1248 4496 ‘euae
1277 4437 1592 4508 resistere,
1623 4441 1687 4497 et

137 4522 348 4601 alioqui
393 4527 499 4587 illa
536 4528 794 4589 scientia
839 4534 934 4588 est
979 4528 1308 4608 dispositio
1349 4529 1683 4590 intrinseca

139 4613 308 4689 ipsius
334 4616 640 4693 volenti5‚'
669 4625 731 4681 et
780 4620 920 4681 ideo
965 4621 1391 4683 determinans
1431 4622 1683 4683 liberta-

135 4712 246 4766 tem
273 4710 426 4788 ejus.
473 4712 654 4775 Unde
685 4713 871 4773 etiam
900 4714 1181 4793 sequitur
1222 4716 1432 4775 omnia
1471 4715 1680 4776 futura

132 4800 286 4873 prius
319 4821 456 4865 esse
487 4804 898 4866 determinata
933 4807 997 4867 in
1030 4808 1288 4867 scientia
1321 4808 1454 4880 Dei,
1487 4826 1677 4887 quam

133 4890 188 4949 in
241 4894 424 4971 ipsius
453 4896 796 4958 voluntate.
833 4900 920 4959 Ac
964 4899 1236 4979 denique
1289 4901 1570 4979 sequitur
1612 4903 1672 4963 in

135 5000 200 5041 co
229 4988 408 5046 etiam
437 4989 618 5068 signo
642 5008 770 5049 non
794 4996 1038 5051 tantum
1060 4992 1272 5053 futura
1301 4994 1685 5054 conditiona-

133 5080 206 5150 ta,
233 5082 338 5141 scd
365 5084 552 5143 etiam
597 5085 886 5145 absoluta
927 5087 1352 5167 contingentia
1393 5088 1556 5148 sciri.

206 5174 404 5245 Sexto,
451 5177 696 5239 videtur
723 5178 902 5239 valde
944 5180 1340 5243 incommode
1387 5182 1682 5260 explicari

135 5261 226 5323 illo
252 5269 436 5329 modo
467 5272 791 5351 negotium
830 5272 1044 5349 gratioe
1091 5274 1381 5345 efficaciS,
1417 5276 1682 5353 permis-

136 5356 328 5431 sioniS,
373 5364 961 5440 proedestinationiS,
995 5371 1058 5427 et
1086 5368 1544 5446 reprobationis
1585 5368 1683 5429 di-

135 5448 298 5511 vinae.
329 5454 483 5515 Nam
513 5456 656 5518 hinc
685 5456 932 5518 videtur
973 5459 1149 5537 sequi
1182 5460 1455 5539 aliquam
1492 5480 1682 5539 proes-

135 5540 406 5608 cientiam
428 5550 789 5613 meritorum
811 5551 1004 5615 fuisse
1030 5554 1340 5616 rationem
1367 5554 1680 5635 praedesti-

3220 423 3328 486 361

1765 525 2057 598 nationis,
2078 527 2297 588 saltem
2328 533 2397 588 ut
2418 528 2841 590 conditionem
2870 529 3003 590 sine
3027 545 3153 606 qua
3179 548 3329 590 non.

1765 616 2038 680 Ulterius
2083 638 2233 680 vero
2289 623 2471 700 sequi
2526 622 2807 694 videtur,
2854 623 2989 683 sine
3036 640 3223 682 causa
3276 630 3339 684 et

1766 710 2043 788 quodam
2082 713 2271 774 modo
2302 717 2520 775 contra
2542 715 2841 792 pietatem
2880 721 2942 777 et
2988 715 3336 777 misericor·

1767 803 1959 878 diam,
1992 805 2191 865 Deum
2224 825 2471 868 creasse
2514 807 2779 887 aliquoS,
2826 814 3013 886 atque
3057 809 3141 868 ita
3180 809 3337 870 limi-

1765 902 1933 958 tasse
1959 899 2213 974 auxilia‚
2244 905 2430 978 prout
2456 901 2611 961 vidit
2636 900 2914 962 futuram
2938 901 3128 962 fuisse
3160 920 3337 964 occa-

1767 990 2011 1052 sionem
2040 991 2458 1055 damnationis
2488 1011 2745 1066 eorum3
2794 1011 2941 1054 nam
2981 993 3228 1054 videtur
3258 1013 3337 1054 ex

1767 1083 2112 1146 intentione
2166 1103 2281 1146 sua
2334 1105 2579 1148 creasse
2630 1087 2766 1148 illos
2816 1086 2898 1147 ad
2952 1088 3332 1166 gehennam.

1765 1179 2002 1237 Rursus
2036 1179 2319 1256 sequitur
2357 1179 2623 1240 fortasse
2664 1198 2793 1240 non
2832 1181 3109 1259 potuisse
3140 1182 3337 1242 Deum

1765 1271 2101 1332 efficaciter
2127 1273 2285 1334 velle
2332 1273 2607 1352 aliquem
2648 1274 2921 1347 salvare,
2952 1275 3049 1334 vel
3082 1293 3337 1336 conver-

1762 1369 1920 1436 tere,
1949 1369 2080 1425 toto
2120 1365 2307 1426 etiam
2336 1371 2621 1445 tempore
2648 1368 2793 1428 vitre
2824 1369 2983 1447 eiua,
3030 1368 3180 1446 quia
3206 1367 3337 1429 for-

1762 1462 1932 1518 tasse
1967 1476 2095 1518 non
2133 1459 2417 1537 praevidit
2442 1460 2619 1520 illum
2646 1461 2809 1522 bene
2834 1479 3097 1522 usurum
3123 1461 3333 1540 aliquo

1762 1549 2183 1628 praeveniente
2216 1553 2485 1625 auxili03
2520 1555 2641 1614 hoc
2670 1554 2839 1614 enim
2874 1561 2969 1615 est
3000 1554 3154 1632 quid
3183 1573 3338 1614 con-

1761 1640 2034 1719 tingenS,
2059 1660 2203 1703 cum
2224 1643 2583 1724 simpliciter
2599 1647 2873 1725 pendeat
2899 1665 2976 1706 ex
2998 1647 3195 1708 libero
3237 1665 3333 1707 ar-

1763 1732 1985 1806 bitrio;
2044 1753 2171 1796 non
2219 1755 2371 1816 ergo
2422 1744 2733 1818 repugnat
2782 1740 2865 1799 ita
2908 1739 3098 1800 fuisse
3148 1758 3335 1800 even·

1763 1831 1973 1886 turum
2001 1827 2064 1886 in
2102 1835 2279 1901 actu;
2310 1830 2359 1890 si
2390 1849 2539 1910 ergo
2582 1832 2646 1893 id
2688 1833 3159 1905 constituamus„
3204 1851 3331 1893 non

1761 1920 1989 1997 poterit
2026 1921 2192 1982 Deus
2232 1922 2410 1983 illum
2442 1925 2697 2004 eligere,
2728 1925 2829 1986 vel
2859 1927 3195 1987 efficaciter
3222 1945 3333 1988 vo-

1762 2029 1929 2072 care.
1962 2014 2009 2072 E
2034 2015 2343 2076 contrario
2368 2005 2519 2077 vero
2540 2018 2825 2097 sequitur
2846 2021 2965 2079 hoc
2983 2019 3172 2080 modo
3193 2037 3334 2098 pos-

1763 2124 1830 2166 se
1883 2107 2083 2167 Deum
2132 2109 2527 2186 praedeflnire
2578 2112 2765 2172 etiam
2826 2112 3028 2185 mala,
3084 2113 3232 2192 quia
3279 2113 3330 2173 si

1765 2201 2181 2278 praesciuntur
2199 2201 2432 2278 futura,
2466 2206 2514 2264 si
2537 2205 2655 2266 boc
2684 2205 2785 2266 vel
2802 2205 2955 2266 illud
2986 2207 3155 2284 quod
3176 2207 3331 2266 alias

1765 2292 2002 2352 bonum
2052 2299 2147 2354 est
2184 2295 2315 2368 flat,
2368 2304 2429 2358 et
2472 2299 2639 2358 Deus
2688 2303 2898 2377 potest
2937 2298 3096 2360 velle
3129 2305 3331 2360 totum

1765 2385 1884 2446 hoc
1919 2387 2320 2460 antecedens,
2363 2408 2475 2450 cur
2514 2409 2643 2450 non
2686 2397 2891 2471 potest
2932 2391 3119 2452 etiam
3168 2391 3328 2452 velle

1765 2477 1828 2538 id
1858 2479 2026 2556 qnod
2076 2488 2245 2541 certo
2275 2483 2389 2543 scit
2430 2489 2801 2545 eventurum
2832 2503 2911 2544 ex
2948 2484 3054 2545 illo
3076 2489 3329 2545 antece-

1766 2571 1955 2632 dente
1980 2575 2007 2632 ἲ

2322 2692 2429 2757 Ad
2465 2695 2757 2776 primum.

1841 2837 2049 2929 Multa'
2064 2869 2142 2912 ex
2174 2853 2267 2913 his
2296 2856 2680 2934 argumentis
2710 2875 2787 2917 ex
2814 2857 2992 2918 dictis
3037 2858 3099 2919 in
3144 2877 3327 2938 supe-

1762 2942 2031 3004 rioribus
2078 2945 2251 3006 libris
2286 2947 2363 3008 de
2395 2949 2653 3008 Auxiliis
2688 2956 2833 3011 sunt
2878 2951 3214 3022 dissoluta;
3250 2971 3326 3012 ea

1761 3041 1975 3096 tamen
2019 3038 2229 3099 omnia
2257 3058 2607 3119 proponere
2649 3043 2749 3104 hic
2783 3043 2981 3118 libuit,
3018 3051 3085 3104 ut
3127 3030 3331 3104 omni-

1761 3130 1880 3190 bns
1911 3132 2365 3193 satisfaciamus
2387 3154 2402 3207 ;
2438 3141 2499 3196 et
2522 3138 2667 3215 quia
2694 3138 2757 3198 in
2780 3156 3000 3199 eorum
3020 3139 3327 3200 solutione

1761 3224 1915 3284 nihil
1943 3224 2077 3285 fere
2104 3243 2178 3286 ex
2213 3228 2499 3306 superius
2530 3229 2707 3290 dictis
2730 3237 3110 3310 repetemUS,
3144 3238 3206 3293 et
3228 3251 3331 3293 ve-

1763 3315 2011 3377 ritatem
2042 3320 2429 3397 propositam
2466 3322 2733 3401 amplius
2767 3324 3227 3385 declarabimus
3268 3331 3332 3385 et

1767 3410 2296 3474 confirmabimus.
2333 3415 2427 3475 Ad
2470 3416 2741 3495 primum
2790 3435 2939 3496 ergo
2992 3418 3329 3496 responde-

1764 3508 1866 3564 tur
1894 3522 1908 3563 :
1946 3506 1993 3564 si
2024 3506 2085 3565 in
2118 3525 2192 3567 eo
2222 3512 2539 3585 quaeratur
2560 3512 2719 3572 ratio
2750 3530 2825 3571 ex
2854 3517 3031 3590 parte
3056 3510 3190 3581 Dei,
3220 3530 3332 3572 cnr

1765 3605 2105 3675 cognoscat
2134 3618 2211 3659 ex
2233 3601 2478 3662 duobus
2504 3604 2995 3665 contradictoriis
3010 3624 3207 3665 unum
3234 3624 3335 3665 es-

1766 3708 1834 3752 se
1883 3690 2159 3751 futurum
2194 3694 2399 3771 potius
2441 3714 2629 3775 quarn
2677 3697 2869 3768 aliud,
2913 3697 3333 3777 respondetur

1767 3801 1842 3843 ex
1871 3790 2045 3862 parte
2080 3786 2191 3846 Dei
2232 3805 2360 3846 non
2395 3807 2532 3849 esse
2562 3790 2967 3867 quaerendam
2998 3791 3327 3863 rationem,

1767 3878 1912 3954 quia
1942 3878 2077 3955 ejus
2108 3878 2302 3939 virtus
2345 3899 2457 3940 seu
2488 3880 2703 3942 lumen
2734 3882 2812 3943 de
2860 3902 2926 3943 se
2965 3883 3331 3944 indifferens

1769 3975 1862 4031 est
1898 3970 1977 4031 ad
2000 3970 2410 4049 judicandum
2441 3980 2505 4035 et
2550 3975 2873 4035 sciendum
2914 3976 3219 4056 quidquid
3262 3978 3329 4037 in

1766 4080 1834 4123 re
1866 4063 1943 4123 sit
1965 4064 2267 4138 futurum,
2296 4066 2423 4126 sive
2453 4067 2571 4128 boc
2601 4069 2699 4141 sit,
2734 4070 2863 4130 sive
2885 4070 3061 4142 illud,
3090 4070 3329 4133 indiffe-

1763 4158 1965 4217 rentia
1998 4158 2305 4236 (inquam)
2335 4160 2636 4221 eminenti
2678 4180 2792 4222 seu
2826 4161 3097 4236 virtuali,
3141 4170 3203 4224 et
3248 4164 3331 4224 ad

1765 4250 1975 4311 omnia
2014 4252 2378 4323 sufficiente,
2402 4252 2581 4331 juxta
2632 4254 3011 4333 exigentiam
3054 4256 3330 4334 objecto-

1762 4360 1926 4403 rum.
1948 4344 2011 4405 Si
2029 4362 2175 4403 vero
2194 4362 2271 4404 ex
2290 4350 2467 4422 parte
2490 4346 2717 4425 objecti
2738 4353 3051 4426 quaeratur
3067 4350 3225 4410 ratio
3248 4351 3329 4411 ob

1765 4456 1955 4517 quam
1984 4437 2103 4497 hoc
2142 4438 2348 4516 potius
2386 4458 2577 4517 quam
2616 4440 2771 4501 illud
2814 4441 2891 4501 sit
2920 4442 3155 4514 scibile,
3194 4444 3327 4503 haec

1763 4548 1889 4589 non
1913 4536 2005 4591 est
2034 4530 2153 4591 alia
2168 4531 2288 4590 nisi
2313 4532 2460 4610 quia
2488 4532 2549 4592 in
2581 4551 2648 4593 re
2673 4534 2793 4595 hoc
2814 4535 3018 4613 potius
3044 4534 3325 4595 futurum

1766 4630 1878 4697 est,
1913 4630 2104 4703 quam
2133 4625 2304 4685 illud.
2342 4626 2521 4697 Quod
2564 4627 2615 4687 si
2656 4627 2915 4692 ulterius
2953 4629 3141 4709 hujus
3170 4629 3327 4689 ratio

1761 4717 2133 4795 inquiratur,
2167 4738 2279 4780 cur
2312 4720 2547 4781 seilicet
2577 4720 2693 4788 hoc
2723 4722 2928 4800 potius
2956 4741 3147 4801 quam
3178 4723 3331 4784 illud

1759 4810 2037 4871 futurum
2066 4811 2328 4888 dicatur,
2358 4831 2499 4873 cum
2544 4830 2733 4873 causa
2764 4815 2841 4875 sit
2876 4832 3055 4895 aeque
3083 4816 3331 4877 indiffe-

1757 4922 1925 4975 renS,
1968 4904 2410 4982 respondetur,
2441 4906 2595 4979 im0,
2626 4908 2773 4985 quia
2808 4913 2902 4969 est
2936 4909 3324 4982 indifferens,

1765 5014 1878 5075 pro
1926 4996 2211 5058 libertate
2266 5016 2377 5058 sua
2427 5016 2565 5060 esse
2630 5000 2711 5060 ad
2765 5001 3125 5062 alterutram
3184 5020 3331 5080 par-

1761 5094 1890 5150 tem
1921 5090 1983 5148 in
2028 5108 2105 5149 ea
2144 5092 2473 5152 occasione
2504 5093 3043 5155 determinandam
3068 5115 3085 5166 ;
3114 5100 3177 5154 et
3199 5095 3331 5154 haec

1761 5200 1908 5261 pars
1956 5200 2082 5241 una
2142 5192 2203 5244 et
2258 5184 2671 5246 determinata
2712 5187 2921 5248 futura
2970 5195 3095 5262 est,
3138 5204 3329 5265 quam

1760 5274 1898 5354 ipsa
1923 5276 2093 5346 velit,
2124 5296 2238 5338 seu
2262 5278 2526 5338 valitura
2565 5278 2679 5350 sit;
2716 5279 2847 5339 sola
2888 5298 3038 5359 ergo
3076 5280 3331 5341 libertas

1763 5375 1826 5431 ct
1853 5388 2004 5430 usus
2026 5371 2164 5449 ejus
2194 5377 2287 5433 est
2308 5372 2467 5433 ratio
2488 5372 2627 5433 talis
2652 5373 3033 5434 futuritionis
3056 5392 3130 5433 ex
3152 5379 3329 5451 parte

1761 5464 2010 5542 objecti.
2036 5464 2215 5535 Quod
2244 5465 2295 5525 si
2324 5466 2581 5526 tandem
2610 5471 2930 5543 urgeatur,
2962 5472 3025 5526 et
3052 5466 3328 5544 inquira-

1759 5560 1862 5617 tur
1890 5557 2058 5618 unde
2102 5563 2391 5620 constare
2418 5558 2613 5637 possit
2640 5575 2778 5636 quae
2806 5558 2883 5619 sit
2912 5556 3016 5618 illa
3043 5576 3211 5637 pars,
3246 5558 3329 5620 ad
