3850 6225
628 391 764 444 cAP.
802 393 885 446 Vl.
923 393 1008 446 Ex
1041 393 1324 448 nacass‘ro
1354 393 1620 448 AETERNO
1651 393 1885 448 mvmAE
1915 391 2307 448 VOLUNTATtS
2338 391 2463 448 Bon
2494 393 2659 458 sum,
2695 393 2829 448 mc.

135 488 561 562 concurrendi,
605 489 718 550 sed
745 490 934 550 etiam
980 490 1436 554 determinandi
1468 493 1690 554 huma-

133 601 272 644 nam
325 582 747 654 voluntatem;
803 583 903 643 vel
960 603 1042 644 an
1097 583 1300 646 solum
1355 591 1692 664 cognoscat

133 677 289 736 Deus
309 675 697 736 voluntatem
721 676 1066 738 humanam
1095 696 1210 738 suo
1243 679 1498 740 arbitrio
1517 684 1580 740 et
1601 678 1692 738 in-

134 771 296 828 ssuxu
339 785 480 828 esse
508 767 1054 830 determinandam
1083 771 1218 851 ipso
1251 777 1688 845 concurrente,

134 861 294 940 quod
319 861 716 922 verissimum
757 869 872 924 est.
905 864 1058 924 Inde
1099 879 1314 926 tamen
1345 871 1558 944 aperte
1599 883 1694 926 se-

137 955 334 1032 quitur
377 954 548 1014 illam
613 955 1198 1019 determinationem
1241 957 1516 1019 futuram
1576 958 1696 1018 hu-

137 1065 328 1108 manae
376 1047 712 1110 voluntatis
739 1068 868 1110 non
899 1051 1190 1130 cognosci
1231 1069 1270 1110 a
1301 1053 1431 1112 Deo
1465 1053 1528 1112 in
1576 1071 1692 1112 suo

140 1141 380 1202 ‹let-reto
409 1160 528 1202 seu
563 1143 884 1205 voluntate
934 1145 1372 1220 concurrendi,
1417 1145 1530 1206 sed
1583 1144 1696 1204 ali-

139 1233 292 1294 unde
319 1253 354 1306 ;.
380 1235 528 1313 quia
559 1235 664 1296 illa
693 1237 984 1298 voluntas
1020 1238 1434 1299 concurrendi
1469 1257 1598 1299 non
1625 1255 1695 1298 se

141 1328 318 1388 habet
347 1329 708 1403 causaliter,
736 1335 806 1390 ut
843 1330 930 1389 ita
957 1330 1186 1404 dicam,
1209 1331 1292 1392 ad
1319 1330 1696 1393 determina-

141 1422 358 1482 tionem
381 1421 722 1482 voluntatis
745 1423 1058 1498 humanae,
1089 1430 1399 1504 quatenus
1441 1425 1522 1485 ab
1559 1425 1694 1506 ipsa

141 1521 454 1575 manatura
513 1523 610 1576 est
635 1561 650 1588 ,
707 1517 821 1577 sed
865 1523 1108 1578 tantum
1163 1519 1696 1594 concomitanter3

143 1626 280 1688 ergo
311 1627 438 1669 non
471 1612 678 1688 potest
707 1610 772 1670 in
823 1610 928 1670 illa
971 1616 1038 1671 ut
1067 1611 1130 1670 in
1159 1630 1350 1672 causa
1379 1612 1693 1690 cognosci,

143 1701 640 1780 quandoquidem
662 1721 788 1762 non
806 1709 902 1764 est
927 1704 1086 1764 ratio
1113 1705 1532 1784 cognoscendi
1557 1724 1698 1766 coo-

142 1795 514 1872 perationem
563 1795 822 1856 alterius
867 1815 1070 1858 causae
1099 1844 1114 1871 ,
1173 1798 1306 1860 sine
1354 1799 1532 1878 cujus
1595 1817 1700 1860 co-

142 1888 398 1965 gnitione
447 1905 580 1948 non
635 1892 840 1968 potest
889 1891 1183 1970 cognosci
1237 1891 1528 1953 effectum
1559 1909 1698 1954 esse

139 1980 419 2042 futurum.

213 2076 302 2134 14.
347 2073 692 2157 Responsio
743 2079 826 2140 ad
865 2080 1186 2157 proedicta.
1231 2109 1312 2124 —
1363 2079 1695 2162 Impuyncv-

140 2173 250 2228 tur.
281 2200 362 2215 —
383 2170 642 2230 Dicetur
677 2171 962 2244 fortasse,
999 2171 1172 2250 prius
1197 2172 1464 2246 ratione,
1505 2189 1698 2250 quam

141 2261 292 2322 Deus
321 2263 558 2324 haheat
589 2265 710 2324 hoc
739 2265 1062 2326 decretum
1085 2265 1521 2339 concurrendi,
1549 2283 1702 2343 sup-

143 2355 275 2430 poni
317 2352 384 2416 in
428 2357 574 2435 ipso
607 2358 772 2418 hanc
800 2359 1290 2419 conditionatam
1335 2359 1693 2420 scientiam:

145 2449 200 2508 Si
239 2449 370 2510 talis
421 2451 719 2512 voluntas
763 2453 1040 2512 humana
1083 2452 1148 2512 in
1183 2452 1292 2513 tali
1345 2452 1696 2527 occasione,

147 2547 278 2614 etc„
311 2543 390 2602 ad
441 2545 788 2606 volendum
845 2545 1156 2624 expedita,
1205 2545 1498 2606 habuerit
1551 2564 1704 2606 con-

145 2654 376 2698 cursum
407 2657 618 2700 rausae
648 2641 888 2718 primae,
917 2641 1036 2700 hoc
1067 2639 1426 2717 operabitur
1467 2644 1529 2700 et
1572 2657 1702 2700 non

149 2729 350 2802 aliud3
391 2739 456 2792 et
487 2733 638 2793 ideo
677 2732 1058 2794 voluntatem
1113 2732 1522 2793 concurrendi
1564 2751 1702 2793 esse

147 2823 540 2886 sufficientem
592 2825 904 2886 rationem
928 2824 1349 2900 cognoscendi
1389 2826 1573 2886 talem
1619 2825 1704 2886 ef-

145 2915 353 2975 fectum
415 2936 560 2978 esse
625 2918 950 2990 futurum3
1003 2917 1193 2996 quia,
1239 2917 1386 2978 licet
1421 2917 1702 2978 includat

146 3009 546 3070 conditionem
607 3011 706 3072 vel
753 3011 1032 3089 requirat
1093 3029 1472 3072 concausam
1507 3055 1522 3082 ‚
1566 3012 1702 3089 jam

152 3104 421 3180 supponit
453 3122 600 3165 eam
647 3103 781 3166 fore
827 3104 1210 3185 implendam
1255 3124 1366 3165 seu
1410 3103 1705 3165 determi-

153 3196 424 3257 nandam.
467 3198 848 3276 Respondeo
885 3198 1086 3278 primo
1135 3198 1428 3278 negando
1470 3197 1704 3275 simpli-

153 3290 285 3351 citer
333 3292 742 3363 antecedens»,
771 3293 918 3371 quia
946 3294 1114 3353 Deus
1151 3312 1280 3353 non
1339 3297 1576 3363 tantum
1617 3290 1704 3351 of-

151 3380 272 3455 fert,
311 3392 624 3460 quantum
667 3391 760 3445 est
801 3404 876 3445 ex
917 3392 1094 3464 parte
1141 3404 1278 3459 sua,
1327 3402 1703 3445 concursum

153 3474 222 3533 ad
248 3483 444 3537 actum
475 3495 676 3555 quem
704 3478 822 3537 sub
873 3479 1228 3539 conditione
1279 3478 1584 3558 praescivit
1611 3476 1704 3536 fu·

153 3574 360 3639 turum,
385 3570 711 3631 sedetiam
747 3571 826 3630 ad
853 3577 1064 3631 actum
1095 3588 1284 3651 quem
1307 3570 1547 3650 praescit
1573 3587 1702 3630 non

157 3680 276 3723 csse
309 3662 614 3735 futurum,
653 3669 719 3722 ut
757 3663 1012 3724 libertas
1042 3664 1251 3743 quoad
1301 3663 1706 3742 specificatio-

159 3773 284 3815 nem
323 3756 566 3837 integra
617 3762 897 3819 maneat.
953 3758 1238 3819 Secundo
1289 3756 1706 3837 respondetur

161 3851 424 3929 negando
463 3852 1009 3930 consequentiam,
1055 3852 1244 3912 ctiam
1297 3857 1588 3930 respectu
1633 3849 1708 3910 il-

161 3942 262 4003 lius
289 3951 458 4019 actus
482 3964 680 4026 quem
706 3947 872 4006 Deus
911 3947 1220 4025 praescivit
1260 3945 1538 4007 futurum
1567 3960 1705 4005 esse

161 4036 262 4095 sub
281 4038 438 4099 dicta
476 4038 877 4110 conditione;
918 4039 1088 4117 quia,
1129 4039 1272 4100 licet
1304 4044 1476 4113 tunc,
1508 4036 1712 4116 posita

163 4130 452 4195 voluntate
483 4134 926 4213 concurrendi,
947 4136 1114 4194 Deus
1131 4134 1412 4212 praesciat
1426 4132 1712 4193 absolute

163 4220 414 4285 futurum
461 4234 702 4299 actum,
743 4233 958 4287 tamen
988 4245 1116 4287 non
1157 4244 1234 4287 ex
1273 4227 1334 4287 vi
1377 4226 1570 4287 solius
1609 4243 1714 4285 vo-

163 4314 394 4381 luntatis
422 4320 863 4393 concurrendi,
915 4320 1028 4381 sed
1057 4321 1388 4399 conjuncte
1438 4336 1582 4379 cum
1611 4316 1716 4379 illa

167 4414 532 4487 praescientia
604 4413 1142 4474 determinationis
1199 4414 1488 4474 humanoe
1513 4457 1528 4485 ,
1587 4428 1714 4489 qua

166 4507 463 4583 cognoscit
493 4508 792 4569 effectum
819 4506 1140 4578 futurum;
1181 4524 1331 4567 nam
1383 4506 1450 4566 in
1485 4506 1714 4565 virtute

167 4594 473 4661 intercedit
505 4600 594 4661 ibi
641 4618 716 4661 ex
744 4606 922 4679 parte
977 4600 1238 4679 subjecti
1281 4599 1381 4661 hic
1428 4596 1714 4677 syllogis-

167 4705 329 4751 mus:
363 4694 422 4755 Si
461 4694 754 4754 voluntas
773 4694 1052 4755 humana
1079 4692 1312 4755 habeat
1336 4708 1714 4753 concursum

173 4782 458 4858 divinum,
493 4789 616 4848 hoc
641 4786 867 4859 faciet;
907 4787 1018 4849 sed
1057 4786 1313 4847 habebit
1339 4786 1510 4847 illum
1547 4802 1623 4843 ex
1657 4782 1716 4843 vi

171 4874 381 4939 decreti
419 4880 658 4954 divini;
705 4898 893 4960 ergo;
941 4881 1020 4941 de
1065 4880 1236 4941 omni
1274 4884 1484 4940 autem
1529 4879 1720 4959 syllo-

173 4969 352 5043 gismo
399 4974 796 5035 verissimum
847 4980 945 5035 est
999 4992 1192 5034 unam
1257 4972 1720 5053 praemissarum

173 5082 274 5141 per
312 5085 374 5128 se
429 5075 744 5147 sumptam
781 5088 912 5130 non
955 5088 1094 5129 esse
1133 5068 1546 5129 sufficientem
1575 5084 1720 5129 cau—

176 5174 296 5219 sam
329 5162 603 5223 veritatis
631 5162 1096 5241 consequentis.
1135 5161 1314 5225 Unde
1353 5152 1562 5222 adlmc
1611 5176 1720 5219 ex-

177 5250 518 5326 plicandum
577 5262 862 5336 superest
907 5256 1079 5335 quod
1119 5254 1522 5327 intendimuS,
1555 5252 1718 5313 scili-

179 5349 285 5414 cet,
314 5364 434 5424 qua
475 5349 718 5410 ratione
745 5354 1086 5430 cognoscat
1118 5348 1288 5408 Deus
1332 5346 1720 5408 voluntatem

179 5434 500 5500 humanam
533 5458 670 5502 esse
695 5440 1260 5515 determinandam,
1299 5441 1428 5503 sive
1460 5458 1628 5501 nunc
1655 5439 1720 5499 in

183 5528 446 5593 absoluta
495 5534 770 5611 scientia,
804 5538 934 5599 sive
977 5536 1042 5597 in
1071 5552 1144 5597 ea
1194 5534 1638 5610 conditionata,
1669 5532 1720 5593 si

3217 387 3337 449 319

1771 491 1854 552 ad
1892 511 2035 554 eam
2088 501 2467 556 recurratur.
2524 496 2661 556 Non
2706 493 2877 554 enim
2912 496 3121 571 potest
3166 491 3333 564 dici,

1771 603 1885 664 per
1925 586 2099 647 illam
2147 587 2633 649 conditionatam
2657 587 2779 646 hoc
2812 585 2953 646 sciri
2982 603 3060 644 ex
3086 584 3336 646 decreto

1773 677 2195 742 conditionato
2220 681 2287 740 in
2314 699 2387 742 ea
2428 681 2691 754 incluso,
2730 677 3055 756 quiaillud
3094 681 3339 738 tantum

1775 777 1871 832 est
1917 772 2238 834 decretum
2300 773 2737 846 concurrendi,
2788 775 2858 832 ut
2902 771 3335 850 supponimuS,

1774 865 1945 943 quod
1980 885 2109 928 non
2136 868 2490 941 causaliter,
2535 867 2647 928 sed
2690 865 3179 927 concomitanter
3206 869 3342 925 tan·

1772 965 1908 1020 tum
1946 968 2347 1040 comparatur
2366 961 2447 1022 ad
2464 961 2849 1022 voluntatem
2873 960 3217 1019 humanam
3239 976 3341 1018 re·-

1771 1041 1991 1130 §pectu
2012 1053 2547 1116 determinationis
2572 1055 2745 1134 ejus;
2796 1051 3147 1114 necessario
3190 1068 3339 1130 ergo

1777 1147 2119 1222 quaerenda
2154 1153 2249 1208 est
2296 1149 2418 1209 alia
2450 1147 2607 1208 ratio
2652 1144 3069 1224 cognoscendi
3106 1143 3335 1206 futura.

1776 1239 2006 1300 Omitto
2052 1242 2341 1322 vulgares
2374 1242 2527 1302 alias
2582 1239 2862 1300 rationes
2898 1236 3334 1312 Nominalium,

1777 1337 1840 1392 et
1872 1332 2161 1409 aliorum,
2192 1335 2339 1413 quia
2372 1335 2579 1396 minus
2622 1333 2907 1394 efficaces
2935 1331 3087 1392 mihi
3123 1329 3343 1390 viden-

1779 1429 1900 1484 tur.

1777 1610 2217 1676 Per-missionis
2264 1613 2545 1676 voluntas
2588 1630 2709 1676 non
2762 1610 2992 1691 sufficit
3032 1615 3103 1672 ut
3154 1627 3229 1674 ece
3279 1609 3343 1674 vi

1932 1706 2065 1786 ejus
2108 1709 2499 1788 coquoroatm·
2530 1709 2811 1784 futurem
2847 1709 3183 1786 peceatum.

1859 1895 1959 1956 15.
2004 1891 2279 1958 Assertio
2326 1898 2570 1975 quarta.
2610 1925 2693 1940 -
2743 1895 2943 1972 Atque
2990 1883 3163 1955 hinc'
3192 1913 3345 1956 con-

1779 1991 1921 2060 stat,
1970 1993 2192 2066 quarto
2225 1990 2287 2048 et
2320 1986 2537 2048 ultimo
2577 1987 2913 2047 dicendum
2952 2005 3091 2048 esse
3128 1987 3344 2047 volun-

1775 2085 1969 2140 tatem
2012 2079 2407 2158 permittendi
2463 2085 2813 2158 peccatum,
2862 2097 2976 2158 per
3026 2098 3093 2140 se
3144 2080 3343 2140 solam

1779 2191 1904 2232 non
1939 2191 2077 2234 esse
2109 2173 2519 2233 sufficientem
2561 2172 2871 2234 rationem
2897 2179 2967 2233 ut
3008 2191 3344 2250 cognosca-

1777 2271 1880 2326 tur
1919 2270 2247 2343 peccatnm
2287 2283 2423 2326 esse
2476 2267 2780 2326 futurum.
2826 2265 2957 2325 Hoc
3012 2283 3051 2324 a
3104 2263 3345 2325 fortiori

1781 2364 2025 2419 constat
2066 2377 2143 2419 ex
2183 2358 2381 2431 dictis,
2416 2359 2771 2420 declaratur
2806 2365 3019 2418 tamen
3046 2357 3339 2418 breviter.

1780 2456 1939 2515 Nam
2001 2453 2247 2513 duobus
2294 2453 2499 2514 modis
2548 2452 2889 2532 procedere
2937 2469 3269 2530 possumus
3325 2467 3339 2510 :

1781 2547 2013 2626 prim0,
2035 2546 2448 2624 supponendo
2478 2547 2677 2606 Deum
2704 2545 2941 2606 habere
2956 2545 3119 2605 hanc
3148 2545 3349 2605 scien·

1781 2641 1936 2700 tiam
1988 2639 2515 2702 conditionatam:
2562 2638 2643 2702 Si
2675 2638 2955 2718 permitto
3000 2639 3201 2701 Adam
3248 2638 3349 2700 Ιιίο

1784 2739 1843 2796 et
1885 2751 2048 2795 nuno
2067 2749 2337 2813 peceare,
2366 2733 2634 2815 peccabit
2653 2756 2675 2802 ,·
2706 2730 2806 2790 vel
2825 2731 2995 2791 nulla
3026 2729 3347 2811 supposita

1782 2827 1888 2886 tali
1919 2826 2199 2898 scientia,
2222 2825 2321 2885 vel
2342 2825 2548 2905 potius
2564 2824 2979 2902 supponendo
2996 2823 3192 2884 Deum
3218 2840 3347 2884 non

1781 2921 2019 2980 babere
2054 2920 2246 2979 illam.
2296 2921 2481 2981 Juxta
2532 2919 2699 2978 hunc
2748 2918 3158 2995 posteriorem
3213 2935 3348 2977 mo·

1784 3013 1959 3084 dum,
1996 3013 2297 3090 probatur
2321 3011 2501 3072 facile
2525 3009 2841 3071 conclusio
2876 3028 2955 3070 ex
2981 3009 3183 3083 dictis,
3202 3011 3348 3088 quia

1783 3106 2073 3167 voluntas
2104 3103 2506 3185 permittendi
2532 3103 2657 3165 duo
2696 3102 2953 3164 includit
2981 3123 2994 3164 :
3026 3122 3227 3164 unum
3256 3108 3351 3165 est

1783 3199 2173 3279 propositum
2218 3216 2349 3259 non
2394 3196 2775 3276 impediendi
2819 3204 3187 3275 peccatum,
3234 3214 3352 3256 nec

1785 3293 1977 3353 dandi
2011 3292 2309 3352 auxilium
2349 3291 2589 3361 efficax,
2626 3308 2737 3351 seu
2767 3290 3351 3352 determinationem

1783 3385 2209 3447 omnimodam
2250 3384 2330 3444 ad
2358 3384 2713 3463 oppositum
2753 3392 2985 3458 actum,
3019 3402 3135 3445 seu
3159 3384 3238 3444 ad
3266 3383 3352 3443 vi-

1782 3478 2045 3539 tandum
2081 3483 2450 3556 peccatum;
2498 3476 2667 3537 aliud
2700 3482 2797 3537 cst
2834 3475 3155 3538 decretum
3204 3494 3355 3537 con-

1785 3570 2075 3633 currendi
2102 3570 2184 3631 ad
2214 3569 2545 3649 positivum
2586 3572 2796 3631 actum
2837 3570 3195 3643 voluntatis,
3226 3586 3351 3648 quo

1785 3670 2110 3744 peccatum
2156 3662 2355 3723 libere
2392 3680 2467 3723 ac
2508 3662 2857 3722 voluntarie
2904 3662 3009 3735 fit3
3065 3679 3351 3742 suppono

1787 3757 1955 3817 enim
1986 3774 2155 3817 nunc
2204 3761 2531 3833 peccatum
2572 3772 2699 3815 non
2730 3755 2864 3815 fieri
2897 3756 3029 3815 sine
3070 3762 3215 3817 actu
3240 3774 3355 3835 po·-

1788 3850 1990 3922 sitivo,
2022 3849 2263 3910 etiamsi
2312 3848 2391 3908 sit
2435 3852 2757 3926 peccatum
2817 3848 3193 3921 omissioniS,
3230 3848 3356 3908 sal·

1788 3950 1918 4003 tem
1946 3941 2266 4002 moraliter
2303 3937 2643 4018 loq-nendo.
2686 3939 2947 4000 Ratione
2972 3940 3192 4019 prioris
3216 3959 3356 4019 par·

1790 4036 1892 4110 tis,
1948 4053 2073 4095 non
2114 4040 2321 4113 potest
2366 4032 2643 4093 futurum
2682 4039 3007 4111 peccatum
3062 4031 3357 4113 cognosci

1791 4128 1860 4187 in
1911 4128 2045 4189 sola
2088 4126 2523 4206 permissione,
2576 4130 2645 4186 ut
2686 4126 2810 4187 late
2854 4124 3119 4198 ostendi,
3148 4126 3287 4186 libr.
3314 4128 3357 4187 2

1795 4221 1874 4283 de
1923 4221 2205 4293 Auxiliis,
2237 4238 2375 4298 cap.
2411 4224 2470 4292 ὕ,
2498 4236 2673 4279 num.
2708 4220 2787 4279 16
2825 4222 2887 4279 et
2926 4219 3353 4297 sequentibus,

1797 4317 1862 4376 et
1899 4315 2047 4376 ideo
2084 4314 2288 4375 solum
2331 4312 2684 4374 declaratur
2722 4311 3013 4374 breviter.
3057 4312 3211 4383 Quia
3255 4314 3356 4375 vel
3426 4384 3433 4391 ⁶

1795 4408 1949 4470 illud
1986 4408 2285 4469 auxilium
2323 4408 2540 4467 efficax
2562 4410 2657 4467 est
2682 4406 2891 4485 aliqua
2932 4407 3359 4485 praedetermi-

1794 4504 1965 4563 natio
2007 4502 2290 4581 physica,
2324 4504 2387 4561 et
2418 4502 2551 4561 haec
2590 4518 2719 4560 non
2768 4504 2863 4561 est
2896 4501 3249 4561 necessaria
3276 4500 3359 4561 ad

1791 4596 2115 4657 vitandum
2156 4598 2519 4675 peccatum,
2564 4592 2691 4653 imo
2738 4610 2857 4653 nec
2907 4593 3245 4671 possibilis,
3306 4593 3359 4655 si

1793 4689 1989 4750 libere
2015 4686 2338 4749 vitandum
2358 4692 2453 4747 est
2473 4732 2488 4759 ‚
2534 4692 2641 4746 aut
2668 4685 2853 4746 etiarn
2884 4685 2937 4746 si
2966 4686 3207 4747 homini
3244 4686 3363 4747 im-

1795 4788 2050 4862 putatur
2080 4780 2249 4859 quod
2290 4779 2445 4839 illud
2480 4797 2606 4839 non
2636 4779 2845 4851 evitet,
2884 4778 3039 4841 utin
3066 4780 3359 4859 praedicto

1797 4876 1957 4936 libro
1986 4875 2067 4936 de
2110 4872 2369 4933 Auxiliis
2390 4872 2614 4951 saepius
2640 4872 2881 4933 ostendi
2908 4891 2924 4944 ;
2976 4890 3129 4953 ergo
3158 4874 3222 4933 in
3250 4890 3361 4933 ne-

1801 4968 2051 5047 gatione
2080 4966 2269 5043 hujus
2300 4964 2837 5026 determinationis
2860 4983 2985 5025 non
3024 4971 3226 5043 potest
3256 4984 3362 5027 co-

1801 5062 2015 5142 gnosci
2042 5060 2320 5121 futurum
2354 5063 2679 5137 peccatum
2707 5077 2724 5131 ;
2756 5064 2864 5121 aut
2891 5058 3043 5119 illud
3062 5058 3361 5119 auxilium

1799 5162 1894 5217 est
1937 5154 2145 5233 aliqua
2214 5153 2457 5214 vocatio
2488 5196 2503 5225 ,
2552 5152 2871 5227 excitatio,
2922 5158 3029 5213 aut
3075 5153 3360 5232 specialis

1797 5248 2099 5329 protectio
2136 5246 2246 5307 Dei
2284 5251 2567 5324 tempore
2596 5262 2897 5325 congruo,
2930 5250 2991 5305 et
3026 5246 3161 5306 haec
3186 5246 3360 5324 (sive

1799 5342 1878 5403 sit
1900 5338 2255 5402 necessaria
2285 5338 2367 5399 ad
2399 5337 2649 5398 vitanda
2676 5336 2918 5416 singula
2934 5344 3211 5417 peccata,
3230 5340 3360 5401 sive

1798 5455 1952 5508 non,
1982 5435 2061 5496 de
2092 5452 2215 5512 quo
2262 5449 2429 5493 nunc
2458 5449 2584 5491 non
2630 5432 2879 5509 disputo
2908 5434 3078 5511 >non
3116 5438 3211 5493 est
3233 5434 3363 5495 effi-

1801 5548 1916 5592 cax
1949 5529 2185 5607 absque
2220 5524 2607 5605 praescientia
2648 5524 3088 5602 conditionata,
3120 5532 3191 5587 ut
3216 5544 3363 5607 pro-
