3850 6225
481 411 604 474 558

479 513 820 595 loquendo,
851 529 1012 576 meoe
1039 515 1300 578 actionis
1317 533 1433 596 per
1459 535 1651 596 quam
1677 533 1927 597 possem
1958 516 2045 577 illi

481 607 718 670 bonum
745 625 978 668 nomen
1007 626 1368 687 procurare,
1399 611 1450 670 si
1495 609 1742 672 vellem.
1777 613 1858 672 At
1895 627 2045 670 vero

482 703 534 762 si
556 699 783 762 abstuli
827 700 964 780 ejus
987 701 1244 774 famam,
1288 702 1422 781 jam
1449 709 1672 766 teneor
1697 721 1774 764 ex
1803 701 2045 783 justitia

481 794 924 857 commutativa
951 793 1124 854 illum
1155 795 1504 870 restituere,
1529 796 1678 876 quia
1739 814 1853 874 per
1886 795 2045 875 inju-

479 887 638 948 riam
665 887 902 948 illatam
941 887 1101 948 alter
1143 888 1470 966 acquisivit
1488 889 1596 968 jus
1621 889 1945 969 proprium
1978 889 2041 949 in

479 997 584 1042 me
615 979 822 1059 quoad
845 979 1035 1040 talem
1065 981 1399 1043 actionem.
1429 982 1584 1055 Imo,
1621 981 1906 1061 quamvis
1932 981 2045 1042 ali·

479 1073 620 1152 quis
641 1073 876 1140 bonam
893 1072 1130 1134 famam
1153 1090 1278 1136 non
1303 1074 1552 1151 habeat,
1575 1075 1629 1135 si
1655 1093 1784 1136 non
1813 1074 2043 1136 habeat

479 1165 733 1239 mulum,
772 1165 960 1227 habet
981 1166 1224 1247 hocjus
1259 1169 1606 1246 proprium,
1649 1173 1712 1230 et
1740 1167 1920 1246 quasi
1950 1167 2043 1228 in-

478 1264 720 1331 natum,
771 1259 853 1321 ud
903 1277 1088 1320 suum
1133 1260 1372 1320 bonum
1419 1278 1676 1334 nomen,
1724 1266 2041 1324 utcontra

469 1353 776 1431 justitiam
827 1353 1334 1415 commutativam
1380 1353 1458 1416 sit
1507 1371 1654 1415 eum
1693 1353 2035 1426 infamare:

475 1449 597 1510 hoc
625 1447 794 1510 enim
827 1464 1018 1508 sensu
1051 1445 1276 1508 dicitur
1305 1447 1448 1526 quis
1473 1447 1766 1508 dominus
1803 1464 1935 1508 suae
1952 1446 2041 1508 fa-

476 1561 620 1620 mm,
655 1561 782 1604 non
815 1543 992 1622 quasi
1023 1543 1102 1604 sit
1133 1541 1426 1604 dominus
1449 1543 1683 1605 notitiae
1718 1559 1912 1622 quem
1936 1541 2039 1604 alii

477 1637 556 1698 de
582 1637 716 1717 ipso
739 1636 995 1708 hebent,
1029 1636 1176 1714 quia
1201 1635 1468 1698 fortasse
1500 1636 1738 1696 nullam
1765 1635 2034 1708 hebent3

475 1736 560 1804 et,
603 1731 747 1792 iicet
787 1729 1082 1804 habeant,
1122 1745 1252 1792 non
1287 1729 1450 1791 cadit
1477 1729 1726 1809 proprie
1775 1729 1892 1790 sub
1933 1727 2043 1790 do·

475 1823 740 1885 minium
791 1821 1084 1884 alterius:
1127 1821 1240 1883 sed
1287 1822 1514 1884 dicitur
1563 1841 1702 1886 esse
1749 1823 2043 1886 dominus

473 1917 677 1989 famae,
706 1915 854 1995 qnia
887 1921 982 1976 est
1011 1915 1303 1976 dominus
1359 1917 1548 1996 hujus
1601 1915 2037 1989 immunitatis,

475 2015 546 2071 ut
576 2010 663 2071 sic
709 2009 938 2082 dicam,
995 2015 1058 2070 et
1101 2008 1353 2070 morulis
1395 2008 1736 2092 dignitatis,
1769 2028 1908 2089 quae
1946 2015 2041 2072 est

473 2103 709 2164 hebere
745 2101 810 2162 in
835 2101 1151 2162 mentibus
1197 2101 1462 2164 aliorum
1489 2103 1724 2164 bonam
1769 2103 2042 2166 aestima·-

471 2195 732 2268 tionem,
775 2213 889 2256 seu
939 2196 1440 2274 conceptionem,
1490 2195 1590 2258 vel
1637 2197 1857 2257 saltem
1909 2213 2041 2256 non

473 2289 708 2350 hebere
750 2287 1020 2363 malam3
1065 2291 1130 2350 et
1173 2289 1236 2348 in
1289 2288 1407 2351 hoc
1453 2289 1732 2352 dominio
1771 2289 2035 2362 laeditur,

473 2381 725 2461 quando
764 2379 1138 2452 infamatum
1176 2399 1370 2460 quare
1395 2381 1494 2442 illa
1517 2381 1744 2461 injuria
1773 2387 1868 2442 est
1895 2399 2041 2442 con·

473 2481 568 2536 tre
617 2473 925 2555 justitiam
989 2474 1536 2546 commutativamz
1595 2481 1660 2536 et
1709 2473 2034 2553 obligatio,

473 2585 612 2646 quai
647 2585 724 2629 ex
749 2565 856 2628 illu
889 2567 1090 2628 oritur
1129 2566 1212 2628 nd
1253 2585 1396 2628 eam
1421 2566 1912 2639 resarciendam,
1956 2566 2039 2628 ad

475 2659 764 2722 eumdem
797 2659 1101 2740 justitiam
1129 2659 1497 2738 pertinebit3
1533 2661 1818 2739 quemvis
1857 2660 2039 2722 abso·-

473 2751 628 2825 lute,
670 2759 734 2814 et
783 2752 1028 2814 seclusa
1064 2751 1318 2832 injuria,
1365 2752 1530 2814 bene
1585 2753 1754 2832 loqui
1807 2753 1886 2814 de
1934 2753 2041 2813 tali

475 2863 740 2926 persona
768 2846 1172 2928 adjustitiam
1203 2864 1330 2907 non
1353 2852 1610 2925 spectet.
1643 2846 1856 2908 Simile
1887 2863 2039 2926 ergo

472 2943 567 3001 est
615 2957 730 3000 suo
778 2941 966 3002 modo
1013 2940 1078 3000 in
1121 2940 1397 3000 honore:
1450 2957 1599 3000 nem
1640 2959 1770 3001 non
1808 2939 2039 3001 inferre

470 3031 652 3092 alicui
698 3033 1140 3094 contumeliam
1171 3049 1422 3113 semper
1447 3036 1688 3113 spectat
1729 3031 1810 3093 ud
1855 3033 2043 3113 justi-

473 3126 622 3187 tiam
651 3126 1194 3199 commutativam3
1225 3126 1372 3205 quia
1397 3126 1828 3205 uuusquisque
1847 3126 2043 3189 habet

469 3218 590 3283 hoc
617 3220 968 3282 dominium
993 3218 1316 3299 proprium
1365 3219 1430 3280 in
1475 3238 1660 3281 suum
1705 3221 2035 3292 honorem,

467 3314 568 3375 vel
597 3314 802 3393 potius
827 3312 894 3373 in
921 3312 1086 3373 lianc
1117 3312 1308 3373 veluti
1346 3311 1812 3375 immunitatem
1847 3316 1912 3374 et
1944 3330 2041 3373 se-

471 3405 798 3468 curitatem
855 3404 937 3467 ab
983 3405 1160 3467 omni
1205 3406 1610 3479 contumelia,
1683 3412 1750 3467 ut
1796 3406 2037 3486 justitia

469 3498 910 3561 commutativa
955 3498 1190 3578 obliget
1241 3498 1320 3559 ad
1383 3497 1540 3559 illud
1605 3499 1712 3578 jus
1770 3498 2037 3561 illaesum

468 3590 870 3655 servandum.
905 3590 1001 3653 Ad
1027 3590 1432 3653 tribuendum
1473 3596 1688 3653 eutem
1727 3592 2037 3655 honorem

465 3702 612 3747 roro
643 3684 880 3765 obligat
915 3684 1156 3765 justitia
1195 3685 1660 3758 commutativa,
1712 3686 1860 3765 quia
1889 3704 2037 3747 cum

465 3778 672 3839 honor
699 3776 778 3839 sit
819 3776 886 3837 in
925 3776 1299 3851 honorante,
1345 3778 1548 3855 sitque
1575 3778 1827 3858 propria
1872 3779 2035 3842 actio

468 3870 627 3949 ejus,
653 3888 798 3931 raro
823 3870 910 3931 ita
939 3868 1104 3931 cadit
1129 3870 1248 3931 sub
1271 3870 1618 3931 dominium
1649 3870 1931 3944 alterius,
1967 3878 2033 3934 ut

467 3961 553 4025 illi
583 3980 659 4025 ex
689 3962 930 4043 justitia
955 3962 1398 4027 commutativa
1424 3963 1752 4026 debeatur.
1785 3964 1862 4025 Et
1886 3964 2031 4026 ideo

465 4056 538 4119 D.
571 4054 843 4117 Thomas
871 4056 933 4117 Ξ.
963 4056 1025 4129 2,
1059 4062 1286 4135 quaest.
1317 4056 1420 4129 63,
1451 4062 1570 4117 art.
1617 4058 1677 4131 3,
1713 4056 2032 4137 hujusmo-

465 4148 528 4210 di
555 4148 866 4212 actionem
887 4147 1158 4209 maxime
1179 4148 1616 4211 accommodat
1635 4149 1890 4229 justitiis
1911 4150 2033 4211 dis-

463 4240 794 4303 tributivoe.
845 4239 1200 4320 Aliquando
1264 4246 1480 4303 tamen
1531 4240 1670 4303 fieri
1707 4248 1913 4321 potest
1964 4248 2033 4303 ut

466 4334 654 4396 elicui
689 4350 1000 4411 personae,
1031 4333 1272 4395 ratione
1309 4334 1702 4413 particularis
1743 4335 2029 4407 dominii,

463 4434 572 4491 unt
593 4428 1034 4509 juridictionis,
1060 4428 1310 4489 debitus
1361 4428 1440 4490 sit
1477 4428 1620 4490 tulis
1663 4430 1888 4506 honor,
1930 4430 2033 4491 vel

461 4522 725 4601 positive
747 4520 1137 4583 exhibendus
1164 4538 1280 4600 per
1302 4518 1511 4600 eliqua
1539 4521 1720 4602 signe
1747 4520 2025 4595 honoris,

461 4612 562 4676 vel
585 4614 807 4676 saltem
835 4632 964 4675 non
993 4612 1454 4694 impediendus,
1477 4613 1526 4673 si
1557 4612 1716 4675 alter
1739 4615 1884 4694 jure
1913 4630 2029 4675 suo

463 4714 695 4770 utatur.
727 4710 929 4787 Atque
959 4708 1045 4769 ita
1069 4710 1334 4787 possunt
1357 4706 1598 4786 justitia
1637 4706 2031 4769 distributiva

463 4806 528 4861 et
567 4800 1012 4862 commutativa
1067 4801 1230 4861 circu
1297 4801 1430 4862 boec
1483 4800 1696 4862 omnia
1753 4800 2025 4881 operari,

463 4908 716 4972 semper
736 4898 950 4955 tamen
969 4892 1362 4973 respiciendo
1377 4891 1690 4955 diversam
1718 4893 2027 4955 rationem

454 4985 617 5066 juris
643 4988 706 5046 et
727 4984 942 5047 debiti.
967 4986 1168 5063 Atque
1197 4986 1330 5047 bec
1352 4984 1532 5064 quasi
1559 5002 1674 5065 per
1695 4984 2029 5066 digressio·

461 5096 610 5141 nem
639 5077 804 5139 dicta
831 5077 958 5139 sint
975 5076 1056 5139 de
1077 5077 1330 5157 proprio
1351 5078 1596 5139 ratione
1623 5076 2029 5139 distributiva

453 5170 738 5250 justitiae3
775 5170 1132 5232 necessaria
1177 5170 1348 5231 enim
1389 5168 1522 5231 visa
1571 5175 1738 5245 sunt,
1779 5176 1850 5232 ut
1881 5188 2029 5233 con·

459 5271 580 5327 stet
607 5265 672 5325 in
701 5264 956 5345 proprio
995 5270 1306 5343 conceptu
1331 5262 1736 5327 distributivae
1771 5264 2028 5343 justitioe

455 5364 528 5419 ut
555 5358 670 5431 sic,
701 5358 940 5419 nullam
963 5356 1506 5437 imperfectionem
1539 5354 1823 5432 includit,
1855 5358 2029 5437 qnod

458 5472 495 5511 n
523 5451 708 5513 nobis
733 5452 1123 5531 propositum
1153 5450 1379 5524 fuerat,
1429 5455 1516 5523 et,
1559 5454 1630 5511 ut
1651 5450 1896 5529 opinor,
1930 5456 2027 5513 est

460 5542 784 5605 evidenter
809 5543 1330 5605 demonstratum.

1419 415 1632 472 OPUSC.
1667 417 1752 471 Vl.
1787 415 2159 472 msrunno
2193 417 2275 472 ot
2302 417 2582 473 msrlmt
2612 417 2739 472 nm.

2124 687 2317 750 Demo·
2342 701 2547 748 veram
2570 701 2643 748 ac
2664 682 2981 763 propriam
2990 677 3321 760 justitian·
3350 671 3699 738 distributi-

2270 795 2409 842 vam
2440 792 2731 850 worma,
2758 793 2893 838 cum
2918 771 3179 856 pra-uia
3208 765 3558 834 ammae.

2202 993 2304 1054 22.
2349 989 2824 1055 Arentia—Ex
2862 989 2963 1049 his
3015 993 3229 1048 eutem
3254 983 3533 1048 ulterius
3558 999 3695 1042 con-

2122 1084 2332 1158 cludo,
2362 1084 2615 1163 proprie
2645 1088 2709 1144 et
2724 1081 3075 1144 formaliter
3092 1095 3233 1140 esse
3258 1077 3327 1138 in
3358 1076 3497 1137 Deo
3521 1075 3697 1153 justi-

2120 1179 2273 1240 tiam
2302 1175 2773 1250 distributivam,
2816 1189 3087 1253 eumque
3130 1172 3197 1232 in
3242 1167 3695 1232 distribuendis

2120 1269 2397 1350 prmniis
2428 1269 2797 1330 meritorum
2826 1266 3127 1329 exerceri.
3156 1265 3229 1326 In
3254 1265 3379 1324 hac
3410 1262 3695 1322 assertio-

2118 1379 2203 1424 ne
2234 1361 2465 1424 clarius
2492 1361 2797 1422 habemus
2852 1357 3323 1422 consentientes
3376 1353 3694 1435 graviores

2120 1455 2495 1536 Theologos,
2528 1471 2691 1534 quoe
2716 1451 2879 1514 infra
2898 1451 3271 1513 referemus.
3304 1451 3493 1510 Nunc
3516 1448 3697 1508 ratio-

2122 1565 2205 1609 ne
2228 1547 2619 1630 conclnditur
2644 1547 2817 1626 prior
2836 1563 2985 1626 para
3030 1561 3113 1605 ex
3136 1541 3443 1604 omnibus
3488 1557 3699 1618 supra-

2122 1641 2325 1704 dictis.
2340 1641 2569 1713 Primo,
2586 1641 2733 1719 quia
2746 1637 2955 1700 omnis
2966 1638 3187 1710 virtus,
3204 1635 3547 1714 omnisque
3562 1652 3693 1712 per-

2122 1735 2309 1797 fectio
2338 1733 2645 1804 absolute,
2672 1749 2811 1812 quie
2842 1731 2909 1792 in
2956 1747 3073 1792 sno
3108 1735 3429 1810 conceptu
3454 1745 3585 1788 non
3606 1727 3695 1787 in-

2122 1829 2318 1890 cludit
2370 1828 2909 1907 imperfectionem
2928 1871 2946 1899 ,
3002 1825 3133 1886 Deo
3182 1829 3281 1885 est
3346 1821 3699 1884 formaliter

2120 1921 2489 1993 tribuenda3
2542 1921 2689 2000 quie
2738 1924 2835 1981 est
2868 1918 3168 1999 perfectio
3198 1915 3599 1996 simpliciter,
3630 1917 3697 1975 ut

2112 2016 2249 2094 jam
2278 2031 2445 2093 soepe
2470 2013 2857 2076 declaratum
2886 2017 3021 2084 est,
3062 2009 3175 2072 sed
3212 2009 3467 2090 justitia
3492 2007 3696 2068 distri·

2120 2108 2333 2170 hutiva
2364 2113 2459 2168 est
2489 2103 2852 2186 hujusmodi
2886 2103 3209 2184 perfectio,
3250 2109 3323 2164 ut
3370 2101 3519 2162 fuse
3556 2119 3699 2180 pro-

2120 2201 2442 2272 bavimusz
2476 2217 2627 2280 ergo
2660 2205 2757 2261 cst
2782 2197 3129 2260 formaliter
3154 2196 3221 2257 in
3248 2197 3409 2258 Deo.

2198 2297 2301 2358 23.
2346 2294 2423 2356 Et
2472 2293 2881 2356 eonfirmutur
2914 2291 3053 2351 hoec
3098 2307 3245 2370 pars
3276 2333 3299 2365 ‚
3352 2287 3689 2369 probando

2120 2387 2503 2457 secundeum
2558 2403 2733 2458 nam,
2762 2385 2893 2446 sive
2936 2384 3003 2444 in
3024 2383 3267 2463 justitia
3294 2379 3691 2444 distributiva

2118 2479 2589 2542 consideremus
2636 2495 2871 2538 munus
2911 2475 3205 2536 servandi
3260 2474 3691 2554 equalitatem

2118 2571 2566 2651 geometricam
2614 2570 2779 2632 inter
2806 2567 3039 2630 multos
3054 2611 3071 2641 ,
3112 2567 3243 2628 sive
3298 2583 3547 2627 munus
3574 2584 3691 2626 ser-

2116 2665 2305 2726 vnndi
2348 2663 2687 2743 unicuique
2740 2663 2849 2742 jus
2918 2661 3241 2740 proprium
3298 2677 3435 2720 suae
3488 2658 3691 2736 digni-

2122 2759 2235 2819 tati
2264 2763 2779 2827 consentaneum,
2830 2761 2891 2814 et
2914 2753 3127 2832 aliquo
3164 2753 3359 2814 modo
3392 2749 3689 2812 deficiens

2122 2869 2159 2910 a
2210 2851 2589 2931 proprietate
2626 2854 2688 2910 et
2736 2849 2945 2926 rigore
2993 2846 3155 2926 juris
3206 2843 3639 2906 commutativi
3666 2889 3683 2916 ,

2120 2950 2387 3023 utroque
2430 2941 2619 3004 modo
2662 2940 3087 3021 propriissime
3114 2945 3324 3000 servat
3352 2937 3535 2999 Deus
3562 2939 3689 3016 jus-
3792 2949 3799 2956 ·

2120 3036 2317 3098 titium
2338 3035 2792 3098 distributivam
2813 3035 2877 3094 in
2906 3032 3176 3113 praemiis
3200 3033 3529 3113 justornm
3553 3031 3688 3092 red-

2120 3130 2363 3193 dendis.
2390 3130 2699 3191 Probatur
2742 3127 2913 3207 prior
2950 3144 3121 3206 pars,
3152 3128 3324 3205 quia,
3356 3126 3509 3187 licet
3526 3126 3685 3186 Dens

2118 3242 2235 3305 per
2270 3240 2339 3285 se
2386 3222 2683 3303 respiciat
2730 3220 2795 3281 in
2832 3236 3219 3299 unoquoque
3268 3218 3683 3297 quantitatem

2118 3316 2347 3391 meriti,
2376 3322 2447 3377 ut
2496 3315 2555 3377 ei
2606 3314 2991 3393 condignum
3028 3312 3359 3393 premium
3410 3312 3679 3383 tribuat,

2118 3410 2239 3471 hoc
2276 3424 2405 3469 non
2450 3406 2709 3487 impedit
2754 3406 3095 3486 quominus
3135 3406 3305 3465 Dens
3350 3405 3551 3465 etiam
3578 3422 3685 3483 per

2116 3522 2185 3565 se
2226 3503 2429 3583 primo
2468 3500 2753 3562 intendat
2777 3498 3339 3578 comparationem,
3386 3514 3507 3559 seu
3546 3516 3681 3578 pro-

2116 3594 2469 3675 portionem
2498 3594 2661 3655 inter
2696 3592 2929 3653 multos
2956 3608 3035 3653 ex
3078 3590 3345 3667 singulis
3372 3592 3681 3653 resultan-

2116 3694 2293 3763 tem;
2342 3686 2745 3749 nem‘revera
2790 3682 3059 3745 intendit
3084 3683 3256 3745 illam
3302 3682 3683 3745 distributio-

2114 3800 2263 3843 nem
2300 3780 2703 3862 prmmiorum
2740 3784 3045 3857 tanquam
3074 3778 3313 3839 bonnm
3360 3778 3677 3857 quoddam

2114 3890 2473 3945 commune,
2506 3872 2677 3951 quod
2730 3879 2792 3934 et
2827 3872 3165 3951 unicnique
3214 3872 3677 3933 accommodari

2114 3973 2323 4048 potest
2358 3966 2689 4045 adoequate
2712 3964 2796 4027 ad
2822 3966 2961 4045 ejus
3003 3964 3249 4039 merita,
3282 3971 3347 4026 et
3378 3965 3497 4025 toti
3522 3982 3677 4025 com-

2110 4060 2399 4122 munitati
2444 4058 2792 4121 secundum
2832 4057 3305 4139 proportionem
3346 4058 3677 4139 geometri·

2112 4170 2277 4227 cam,
2320 4170 2461 4232 qum
2486 4151 2569 4213 ad
2606 4152 2747 4231 ejus
2794 4150 3323 4231 pulchritudinem
3368 4168 3489 4211 sen
3528 4149 3678 4210 ordi-

2112 4262 2263 4307 nem
2310 4250 2553 4325 spectat
2582 4264 2599 4318 ;
2642 4261 2795 4324 crgo
2822 4262 2971 4305 cum
3010 4260 3205 4323 opero
3230 4242 3347 4304 Dei
3384 4242 3677 4303 omnibus

2112 4338 2316 4401 modis
2350 4338 2631 4418 perfecta
2658 4338 2803 4408 sint,
2848 4354 3119 4416 cumque
3168 4337 3307 4415 ipse
3344 4336 3429 4397 sit
3464 4352 3675 4415 supre-

2109 4449 2253 4493 mus
2298 4432 2683 4511 gubernator
2732 4431 2815 4493 ad
2844 4448 3037 4510 quem
3080 4430 3383 4511 primario
3438 4433 3673 4509 spectat

2112 4540 2447 4585 commune
2488 4524 2725 4585 bonum
2742 4568 2759 4597 ,
2788 4529 2853 4584 et
2880 4524 2949 4585 in
2980 4541 3057 4584 eo
3095 4522 3373 4583 debitum
3416 4540 3671 4603 propor-

2106 4617 2345 4679 tionem
2372 4617 2707 4697 respicere,
2740 4634 2871 4679 non
2921 4615 3167 4677 videtur
3204 4616 3476 4677 dubium
3528 4617 3671 4695 quin

2108 4710 2277 4772 Deus
2346 4710 2411 4771 in
2464 4711 2585 4771 hnc
2634 4708 3071 4771 distributione
3116 4710 3239 4771 hoc
3280 4709 3531 4771 bonum
3568 4728 3672 4789 per

2110 4822 2177 4863 se
2220 4803 2407 4864 etiam
2444 4802 2750 4864 intendat.
2795 4804 3001 4879 Atque
3028 4800 3149 4863 hoc
3188 4801 3395 4880 magis
3432 4808 3671 4863 consta·

2107 4896 2199 4957 bit
2248 4914 2327 4957 ex
2378 4895 2793 4957 solutionibus
2842 4901 3385 4974 argumentorum,
3424 4913 3568 4974 quie
3612 4895 3668 4955 in

2106 4988 2227 5049 hoc
2256 4994 2541 5068 peccant,
2576 4988 2746 5067 quod
2774 4986 2941 5049 mele
2972 4986 3275 5067 eolligunt
3300 4989 3507 5050 Deum
3550 5006 3669 5050 non

2106 5081 2421 5161 respicere
2468 5080 2937 5161 proportionem
2976 5080 3141 5142 inter
3164 5081 3397 5143 multos
3426 5082 3493 5142 in
3518 5100 3669 5161 prae-

2106 5174 2249 5235 miis
2276 5172 2641 5247 reddendis,
2666 5174 2815 5253 quia
2838 5172 2903 5233 in
2922 5172 3187 5252 singulis
3202 5175 3501 5253 personis
3520 5192 3667 5253 prie-

2106 5267 2377 5329 miendis
2414 5266 2619 5329 solum
2646 5266 3001 5327 consideret
3028 5266 3355 5345 proprium
3374 5270 3662 5329 uniuscn-

2101 5360 2332 5440 jusque
2356 5360 2675 5433 meritum,
2702 5364 2777 5419 ut
2810 5358 2869 5419 ei
2906 5356 3153 5437 aequale
3170 5361 3513 5439 premium
3536 5362 3665 5422 red·

2106 5453 2233 5515 dat.
2260 5452 2635 5533 Quanquam
2651 5452 2821 5514 enim
2840 5452 2961 5513 hoc
2988 5468 3207 5513 verum
3228 5453 3333 5526 sit,
3364 5454 3419 5514 si
3446 5456 3533 5515 ad
3554 5456 3663 5515 sin-

2105 5544 2283 5625 gulas
2316 5562 2623 5627 personas
2652 5544 2909 5623 precise
2946 5550 3325 5623 spectemus,
3358 5548 3661 5609 nihilomi-
