3850 6225
841 408 1010 461 Sssc‘r.
1047 410 1110 463 11.
1147 408 1319 473 QUAE
1353 409 1602 463 cEnTuu
1634 408 1734 461 sl'l·
1763 408 2001 463 HERITA
2032 410 2467 478 montinum,
2503 416 2637 469 me.

101 510 302 579 tent„
335 506 480 569 dist.
506 508 566 581 3,
594 512 656 569 et
679 512 946 587 utroque
971 509 1110 569 loco
1141 510 1452 570 Navarrus
1475 527 1490 583 ;
1517 509 1684 569 idem

101 598 304 660 docet
335 606 396 661 ct
427 603 928 675 Turrecrcmata,
966 604 1030 663 in
1069 603 1130 663 d.
1167 620 1220 664 e.
1267 603 1685 667 Inter-mitten-

101 700 230 765 tes,
262 699 381 755 art.
420 696 492 767 23
525 698 586 757 ct
610 696 1046 769 Covarruvias,
1067 697 1130 758 in
1162 716 1299 776 cap.
1329 697 1516 761 Alma
1553 715 1688 759 ma·-

100 793 235 862 ter,
269 791 296 848 1
333 794 524 867 part„
557 794 674 850 art.
705 791 768 865 4,
802 788 840 869 ἓ
873 792 967 851 ¹0.

194 882 260 941 3.
307 880 613 941 Eamdem
654 884 1029 945 sententiam
1079 884 1310 947 indicat
1341 884 1560 947 Glossa
1595 882 1686 943 in-

99 974 470 1035 terlinearis
509 975 574 1034 in
617 994 757 1055 cap.
804 978 844 1037 6
895 976 1148 1039 Levitici
1175 1023 1191 1051 ,
1224 978 1288 1039 in
1324 977 1630 1058 principio
1665 994 1680 1035 :

98 1068 330 1151 AE'que
364 1067 610 1146 (inquit)
651 1068 863 1151 placet
887 1070 1010 1132 Deo
1044 1072 1245 1135 virtm
1261 1073 1600 1151 justorum,
1627 1076 1688 1134 et

101 1160 309 1241 diqna
323 1158 688 1241 poinitentia
725 1168 1131 1245 peccatorum,
1156 1183 1289 1246 quoe
1315 1165 1592 1228 restituit
1615 1164 1685 1227 in

97 1257 374 1333 pradum
393 1253 730 1335 pristinum
759 1257 965 1319 David
990 1260 1048 1321 et
1066 1257 1343 1320 Petrum.
1373 1256 1522 1328 Quoe
1549 1275 1684 1318 ver-

99 1347 194 1406 ba
227 1365 358 1407 non
387 1352 534 1409 sunt
560 1347 720 1409 adeo
749 1348 918 1410 clara
953 1350 1108 1428 quin
1149 1350 1345 1429 possit
1370 1350 1684 1431 quispiam

103 1456 190 1497 ca
225 1439 625 1519 interpretari
649 1441 727 1502 de
755 1441 956 1522 gradu
982 1442 1246 1521 pristino
1283 1442 1492 1523 quoad
1529 1443 1682 1503 ami-

101 1533 326 1593 citiam
355 1534 468 1594 Dei
515 1540 578 1595 et
614 1552 831 1596 veram
854 1535 1182 1614 justitiam.
1217 1534 1340 1598 Sed
1369 1536 1685 1597 nihilomi-

99 1644 238 1685 nus
264 1624 534 1686 multum
559 1626 794 1701 favent,
828 1628 975 1707 quia
1003 1627 1068 1687 in
1099 1628 1330 1707 rigore,
1364 1646 1507 1690 cum
1533 1628 1684 1691 dici-

100 1724 216 1779 tur
239 1718 438 1780 David
479 1725 542 1782 et
569 1720 786 1781 Petrus
821 1719 1062 1782 restitui
1090 1722 1154 1783 in
1185 1723 1449 1802 gradum
1477 1722 1684 1803 pristi-

101 1830 296 1885 num,
329 1830 456 1873 non
479 1813 681 1875 solum
703 1814 996 1889 amicitia,
1022 1816 1137 1877 sed
1159 1814 1460 1895 perfectio
1487 1822 1684 1877 status

103 1904 410 1965 amicitiae
439 1904 844 1986 significatur.
881 1908 1052 1969 Sicut
1099 1910 1353 1989 quando
1395 1928 1560 1991 aqua
1589 1909 1687 1971 di-

99 2000 278 2059 citur
319 2000 566 2061 restitui
613 2001 693 2062 ad
726 2002 1058 2080 pristinum
1089 2003 1356 2082 gradum
1399 2004 1679 2085 frigoriS,

101 2092 344 2153 eadem
373 2093 642 2155 intensio
673 2101 734 2155 et
762 2096 1062 2173 perfectio
1087 2096 1337 2176 frigoris
1375 2098 1684 2179 significa·

99 2192 238 2246 tur.
275 2186 356 2248 Et
397 2187 516 2249 hac
545 2188 736 2249 etiam
782 2189 1024 2251 ratione
1050 2208 1270 2251 verum
1313 2198 1408 2253 est
1438 2197 1681 2254 tantum

98 2280 369 2359 placere
395 2278 525 2341 Deo
556 2280 812 2360 dignam
839 2284 1272 2362 poenitentiam
1308 2285 1676 2364 peccatoriS,

109 2374 286 2434 sicut
327 2372 620 2435 virtutem
643 2374 830 2454 justi:
863 2376 1010 2455 quia
1050 2396 1180 2438 non
1225 2378 1430 2439 solum
1483 2378 1680 2459 poeni·

105 2467 315 2527 tentia
349 2466 486 2545 ipsa
523 2486 642 2547 per
666 2486 734 2530 se
763 2470 990 2549 placet,
1037 2471 1150 2533 sed
1189 2470 1379 2535 etiam
1411 2471 1558 2535 facit
1607 2477 1682 2534 ut

101 2560 289 2639 prior
315 2560 510 2622 virtus
537 2561 788 2639 placere
819 2564 1092 2642 incipiat,
1113 2570 1175 2625 et
1195 2582 1381 2626 snum
1405 2565 1679 2628 fructum

105 2653 376 2714 habere.
419 2654 556 2715 Non
585 2656 740 2716 nihil
787 2656 976 2717 etiam
1021 2657 1260 2720 faciunt
1288 2659 1481 2721 verba
1511 2658 1679 2739 ejus-

103 2746 260 2807 dem
281 2746 504 2826 glossae
534 2748 951 2811 interlinearis
979 2750 1044 2811 in
1070 2768 1144 2812 ea
1163 2752 1356 2813 verba
1378 2754 1413 2814 J
1417 2752 1572 2813 oelis
1593 2754 1632 2813 2
1657 2770 1672 2813 :

103 2838 386 2902 Reddam
412 2838 574 2903 vobis
601 2858 790 2905 annos
818 2860 962 2924 quos
989 2844 1238 2908 comedit
1260 2845 1514 2910 locusta.
1535 2845 1681 2910 Non

95 2934 326 3011 patiar
353 2933 600 3013 (inquit)
630 2937 835 3015 perire
859 2937 1208 3013 ubertatem,
1237 2956 1415 3021 quam
1434 2942 1678 3021 pertur-

103 3025 450 3090 bationibus
477 3027 668 3091 animi
687 3028 1067 3109 perdidistis.
1097 3029 1244 3103 Quae
1283 3032 1474 3093 verba
1509 3050 1680 3092 sum-

103 3125 220 3197 pta
269 3125 416 3180 sunt
471 3139 550 3182 ex
588 3123 993 3202 Hieronymo,
1036 3125 1103 3185 in
1139 3125 1431 3187 eumdem
1470 3126 1679 3188 locum

107 3211 362 3274 dicente
399 3231 412 3273 :
445 3213 542 3278 Et
571 3232 761 3278 annos
787 3234 935 3296 quos
957 3219 1512 3298 perturbationibus
1541 3224 1682 3283 ante

107 3306 512 3386 reynantibus
535 3309 946 3389 perdideratis
971 3309 1036 3372 in
1067 3311 1252 3386 vobis,
1290 3312 1524 3396 quando
1548 3329 1680 3392 ope-

107 3417 190 3460 ra
233 3405 460 3475 vestra,
506 3401 765 3478 locusta,
811 3403 1092 3480 brucbm,
1129 3404 1344 3487 ‘rubiqo
1384 3421 1676 3486 erucaque

109 3499 639 3572 consumpserant,
691 3495 854 3558 Deus
891 3495 1094 3578 perire
1136 3513 1362 3580 passus
1401 3515 1523 3560 non
1556 3503 1668 3562 est.

109 3583 319 3655 Quem
345 3603 602 3647 sensum
627 3603 765 3648 esse
819 3588 1170 3650 secundum
1198 3587 1672 3669 intelligentiam

109 3677 502 3756 spiritualem
527 3679 699 3742 idem
727 3681 1148 3762 Hieronymus
1174 3681 1426 3746 fatetur.

395 4003 418 4020 ρ
511 3927 824 3994 Probatur
853 3947 928 3994 en
962 3930 1276 3996 Patribus.

191 4143 254 4202 4.
287 4143 380 4202 Ex
415 4142 646 4204 sanetis
681 4141 966 4204 Patribus
993 4161 1123 4205 non
1161 4144 1470 4206 habsmus
1510 4146 1678 4208 clara

107 4235 471 4300 testimonia
490 4281 507 4311 ,
545 4237 692 4316 quia
731 4236 1056 4298 materiam
1101 4239 1264 4300 hanc
1303 4240 1368 4300 in
1407 4241 1679 4320 particu-

107 4331 226 4391 lari
257 4347 386 4391 non
405 4329 832 4410 disputarunt:
862 4331 1173 4393 habemns
1197 4338 1408 4394 tamen
1431 4341 1680 4396 senten-

109 4425 232 4484 tias
270 4439 400 4483 non
447 4422 804 4484 dissimiles,
858 4425 1015 4484 Nam
1057 4425 1570 4505 chrysostomus,
1613 4428 1682 4490 in

111 4535 216 4596 ep.
237 4520 278 4578 5
310 4515 394 4577 ad
421 4515 731 4578 Theodor.
759 4517 1031 4598 lapsum,
1059 4525 1121 4580 et
1143 4519 1411 4583 refertur
1448 4521 1512 4582 in
1535 4538 1674 4602 cap.

113 4611 315 4683 Talis,
352 4609 434 4671 de
449 4609 706 4684 Posuit„
748 4610 889 4672 dist.
945 4614 1006 4689 3,
1055 4612 1203 4673 dicit
1235 4613 1434 4675 Deum
1471 4613 1678 4678 facere

113 4703 326 4764 omnia
353 4709 662 4782 quatenns
678 4704 1088 4784 poenitentem
1103 4707 1386 4768 restituat
1407 4707 1488 4768 ad
1513 4707 1682 4788 prio-

111 4815 250 4858 rem
267 4802 516 4858 statum.
537 4795 686 4870 Quoe
709 4797 903 4858 verba
921 4815 1147 4878 parum
1165 4799 1458 4863 differunt
1473 4820 1510 4862 a
1538 4820 1681 4863 ver-

111 4891 212 4952 bis
242 4891 443 4951 citatis
479 4891 738 4968 Glossae,
771 4896 833 4953 et
868 4892 949 4952 ab
961 4891 1080 4953 illis
1113 4911 1252 4972 quae
1291 4912 1482 4974 supra
1522 4912 1682 4975 pon-

111 4982 472 5046 dex-avimus
499 4984 565 5044 in
617 4985 888 5066 Concilio
929 4987 1315 5063 Tridentino,
1363 4988 1532 5068 quod
1564 5005 1681 5069 per

109 5078 552 5158 poenitentiam
579 5079 810 5140 amissa
829 5080 1030 5159 gratia
1045 5085 1487 5160 recuperatur:
1509 5087 1570 5143 et
1597 5082 1678 5143 ab

112 5172 254 5232 aliis
273 5189 414 5250 quae
445 5172 863 5253 Hieronymus
896 5173 1111 5251 habet,
1149 5175 1414 5238 Malach.
1458 5177 1518 5250 3,
1548 5193 1678 5238 non

111 5267 306 5346 longe
353 5283 391 5325 a
417 5264 745 5346 principio,
786 5265 1036 5328 dicens:
1083 5267 1184 5333 Hi,
1203 5269 1313 5350 qui
1351 5271 1678 5333 Dominum

111 5359 504 5434 confitentur,
547 5359 828 5440 quomodo
875 5359 944 5422 in
990 5361 1292 5445 principio
1313 5362 1680 5444 placuerunt

113 5455 266 5525 Deo,
296 5450 386 5516 sic
421 5458 561 5533 poet
573 5456 911 5536 peceatum,
937 5459 994 5517 et
1003 5454 1424 5536 paenitentiam
1442 5455 1680 5536 placere

113 5546 452 5628 incipiunt,
485 5563 618 5610 cum
653 5547 816 5609 omni
842 5548 1080 5624 fuerint
1100 5553 1476 5630 peccatorum
1507 5549 1680 5614 sorde

3220 414 3341 473 447

1759 511 2021 594 purqati
2034 538 2060 585 ;
2080 514 2223 575 etin
2239 532 2292 575 c.
2320 516 2397 577 16
2417 516 2668 590 Ezech.,
2692 515 2855 577 circa
2875 516 2980 579 illa
2996 517 3189 579 verba
3213 538 3226 579 :
3246 522 3344 584 Et

1767 610 2130 679 convertam,
2163 608 2490 671 restituens
2516 626 2641 680 eas,
2674 608 2911 683 dicens,
2957 610 3038 684 ei,
3064 611 3169 689 qui
3201 617 3342 691 post

1765 702 2097 775 peccatum
2126 700 2189 759 in
2213 700 2409 761 Deum
2438 701 2839 776 convertitur,
2870 702 3142 781 promitti
3161 703 3341 765 resti-

1765 791 2071 851 tutionem
2094 792 2157 852 in
2174 794 2502 871 antiquum
2522 800 2774 856 statum.
2796 794 2920 855 Sed
2940 796 3073 855 haec
3090 801 3151 855 et
3170 794 3340 856 simi-

1763 882 1850 943 lia
1877 882 2060 944 facile
2093 890 2358 964 possunt
2385 884 2451 947 in
2483 886 2605 947 alio
2641 905 2833 949 sensu
2871 886 3196 949 declarari.
3227 888 3340 949 Illa

1767 981 1983 1037 tamen
2005 978 2199 1039 verba
2220 996 2360 1057 quae
2392 978 2583 1041 habet
2606 980 3050 1060 Hieronymus,
3080 980 3254 1059 Agaei
3276 985 3335 1057 1,

1770 1070 1936 1130 circa
1966 1069 2064 1131 id:
2114 1070 2455 1136 Seminasti
2494 1074 2777 1149 multum,
2816 1079 2964 1148 etc.,
2992 1074 3341 1153 probabilia

1765 1168 1930 1236 sunt,
1966 1163 2235 1225 scilicet:
2284 1164 2632 1247 Siquando
2678 1168 2904 1230 videris
2940 1168 3101 1231 inter
3142 1168 3341 1232 muita

1764 1271 1945 1337 opera
1990 1263 2375 1338 peccatorum
2416 1264 2612 1339 facere
2656 1260 2995 1341 quempiam
3045 1261 3342 1325 nonnulla

1761 1366 1896 1429 quoe
1909 1349 2097 1429 justa
2123 1356 2293 1425 sunt,
2324 1367 2444 1413 non
2481 1355 2573 1415 est
2611 1356 2737 1415 tam
2767 1353 3041 1433 injustus
3082 1354 3245 1417 Deus
3267 1358 3341 1417 ut

1752 1446 2010 1523 propter
2056 1442 2187 1505 mul
2192 1447 2258 1505 ta
2280 1443 2449 1506 mala
2478 1462 2658 1526 opera
2692 1444 3086 1509 obliviscatur
3113 1464 3341 1529 pauco-

1761 1550 1898 1595 rum
1950 1534 2232 1597 bonorum
2262 1580 2283 1611 ‚
2334 1537 2442 1598 sed
2482 1537 2668 1615 faciet
2722 1554 2855 1601 eum
2913 1538 3031 1601 illa
3096 1544 3338 1603 tantum

1762 1632 1979 1689 metere
2003 1645 2139 1709 qua·
2162 1627 2233 1690 in
2256 1628 2465 1691 bonam
2494 1634 2723 1693 terram
2752 1631 3161 1707 seminaverit,
3187 1637 3245 1695 et
3269 1631 3339 1694 in

1770 1736 1888 1783 sua
1935 1720 2153 1783 horrea
2199 1738 2581 1804 conyreqare.
2644 1722 2845 1796 Quem
2902 1724 3113 1787 locum
3146 1726 3339 1787 refert

1763 1810 2119 1887 Gratianus,
2139 1814 2207 1874 in
2240 1833 2379 1893 cap.
2413 1814 2495 1879 Si
2513 1818 2771 1898 quando,
2800 1816 2878 1878 de
2903 1818 3149 1893 Posuit„
3182 1817 3243 1879 d.
3272 1820 3335 1895 3,

1766 1910 1826 1967 et
1855 1905 1938 1967 ab
1964 1906 2279 1986 aliquibus
2299 1907 2732 1989 intelliguntur
2754 1909 2833 1971 de
2850 1910 3144 1991 operibus
3168 1930 3338 1973 mor-

1761 1998 1886 2061 tuis
1909 1999 2091 2061 factis
2117 2001 2185 2061 in
2214 2006 2383 2063 statu
2413 2002 2675 2081 peccati,
2711 2010 2969 2084 propter
3000 2022 3139 2084 quae
3167 2006 3336 2067 Deus

1764 2092 2023 2172 aliquod
2050 2094 2379 2173 praemium
2406 2094 2645 2171 tribuit,
2672 2097 2895 2158 saltem
2945 2097 3009 2157 in
3038 2097 3157 2159 hac
3186 2097 3330 2159 vita.

1761 2186 1886 2248 Sed
1913 2205 2045 2248 non
2070 2187 2273 2267 placet
2306 2190 2646 2269 expositio:
2693 2196 2827 2252 tum
2853 2190 3001 2270 quia
3029 2190 3337 2271 Hierony-

1760 2298 1901 2341 mus
1949 2288 2163 2361 aperte
2203 2283 2483 2362 loquitur
2512 2282 2592 2345 de
2617 2284 2873 2364 praemio
2913 2284 3139 2347 futurae
3168 2286 3331 2359 vitae,

1761 2379 1832 2436 ut
1849 2392 1926 2435 ex
1950 2374 2184 2436 ultimis
2208 2376 2415 2437 verbis
2462 2383 2747 2450 constat:
2786 2384 2918 2439 tum
2951 2378 3140 2439 etiam
3187 2377 3335 2457 quia

1759 2468 1857 2529 his
1877 2468 2115 2531 meritis
2140 2487 2270 2531 non
2308 2468 2575 2531 debetur
2610 2471 2937 2549 praemium
2970 2490 3045 2533 ex
3066 2472 3330 2551 justitia,

1758 2567 1831 2621 ut
1869 2565 2127 2641 propter
2166 2562 2269 2622 illa
2312 2562 2445 2623 sola
2465 2568 2641 2624 tanta
2670 2564 3156 2645 exaggeratione
3204 2564 3335 2626 dic·-

1759 2662 1939 2716 turus
1965 2655 2185 2717 fuisset
2206 2657 2661 2738 Hieronymus:
2696 2658 2841 2723 Non
2864 2662 2958 2722 est
2985 2665 3110 2724 tam
3134 2659 3334 2741 injus-

1761 2753 1862 2811 tus
1879 2749 2043 2811 Deus
2057 2774 2085 2822 ‚·
2118 2756 2254 2811 tum
2285 2750 2557 2829 denique
2589 2751 2735 2831 quia
2768 2770 2843 2813 ex
2876 2752 3083 2821 verbis
3112 2754 3332 2814 Hiero-

1757 2842 1933 2921 nymi
1968 2842 2031 2902 id
2072 2860 2201 2903 non
2242 2842 2573 2922 colligitur,
2612 2862 2763 2905 nam
2800 2850 3007 2925 potest
3051 2845 3173 2907 dici
3217 2846 3333 2907 ali·-

1761 2934 1900 3013 quis
1930 2933 2091 2995 inter
2116 2934 2493 3015 malaopera
2524 2936 2735 3016 aliqua
2756 2937 2925 3017 justa
2940 2938 3174 3014 facere,
3202 2956 3332 2999 non

1763 3026 1908 3106 quia
1966 3026 2030 3087 in
2072 3033 2235 3088 statu
2289 3030 2529 3109 peccati
2576 3031 2711 3091 haec
2773 3029 2983 3106 faciat,
3026 3031 3140 3093 sed
3182 3031 3331 3111 quia

1763 3121 1991 3200 saepius
2044 3127 2285 3200 peccat,
2343 3123 2661 3186 interdum
2708 3141 2863 3185 vero
2922 3125 3214 3205 resurgit,
3268 3128 3331 3186 et

1761 3219 1933 3276 recte
1964 3220 2280 3294 operatur.

1843 3311 1902 3370 5.
1956 3305 2241 3372 Sinistra
2281 3309 2703 3391 interpretatio
2743 3309 3085 3394 Asamum·
3120 3310 3329 3392 rejici-

1756 3406 1880 3465 tur.
1913 3433 1995 3448 -·
2022 3401 2410 3482 Augustinus
2438 3403 2627 3464 etiam
2654 3403 2763 3464 lib.
2792 3404 2873 3465 de
2902 3406 3065 3466 Vera
3096 3410 3159 3466 et
3170 3404 3327 3466 falsa

1753 3511 1951 3573 poen„
1974 3513 2029 3556 c.
2064 3495 2141 3555 14
2162 3511 2179 3556 τ
2202 3493 2440 3559 Zimeat
2457 3496 2702 3576 (inquit)
2727 3513 2801 3559 ne
2813 3498 3016 3560 omnia
3034 3497 3181 3560 bona
3197 3515 3330 3578 quoe

1751 3585 1915 3666 fecit,
1961 3589 2103 3650 dum
2151 3588 2219 3650 in
2261 3604 2381 3649 uno
2422 3594 2666 3670 peccato
2714 3589 3211 3672 perseveraverit,
3254 3606 3329 3653 eoe

1756 3680 2285 3756 contaminatione,
2334 3699 2443 3745 seu
2470 3682 2999 3756 communicatione
3020 3682 3167 3748 mali
3184 3701 3329 3766 per-

1756 3772 2001 3850 diderit,
2027 3779 2099 3838 ut
2124 3775 2232 3855 qui
2258 3773 2515 3838 servivit
2542 3775 2772 3838 diabolo
2781 3794 2897 3857 per
2923 3774 3169 3851 crimen,
3186 3775 3325 3851 Dei,

1755 3885 1939 3948 quam
1978 3867 2212 3942 obtulit,
2252 3867 2588 3948 perdiderit
2622 3869 2992 3934 servitutem.
3040 3868 3327 3930 Protinus

1755 3973 1904 4020 vero
1921 3958 2164 4020 subdit:
2190 3959 2379 4022 Pium
2396 3966 2488 4023 est
2513 3966 2713 4025 tamen
2733 3963 2967 4026 credere
2996 3967 3089 4036 ut,
3126 3979 3328 4044 recep-

1759 4055 1827 4116 ta
1853 4053 1969 4116 Dei
1994 4049 2219 4136 qratia,
2256 4069 2390 4133 quoe
2418 4051 2485 4115 in
2510 4071 2575 4118 eo
2604 4055 2864 4118 destruit
2890 4054 3059 4117 mala
3078 4055 3323 4136 priora,

1756 4147 1943 4209 etiam
1968 4152 2305 4209 remuneret
2325 4147 2493 4222 bona,
2520 4152 2595 4210 ut
2618 4165 2757 4211 cum
2776 4146 3147 4210 destruoerit
3171 4147 3333 4228 quod

1757 4257 1935 4303 suum
1966 4257 2085 4300 non
2111 4239 2365 4314 invenit,
2422 4243 2580 4304 amet
2605 4245 2664 4304 et
2688 4238 2909 4323 diliqat
2934 4241 3146 4303 bonum
3172 4239 3333 4320 quod

1760 4331 1942 4398 etiam
1966 4333 2030 4394 in
2052 4337 2335 4414 peccante
2352 4332 2684 4413 plantavit.
2727 4333 2874 4406 Quoe
2914 4332 3110 4395 verba
3133 4331 3325 4412 aliqui

1760 4425 2157 4506 interpretari
2202 4425 2421 4486 volunt
2477 4425 2557 4487 de
2590 4427 2771 4489 bonis
2822 4425 3117 4506 operibus
3156 4445 3327 4488 mor-

1760 4519 1905 4596 tuis,
1947 4517 2014 4580 id
2054 4523 2170 4593 est,
2210 4518 2275 4578 in
2326 4524 2585 4598 peccato
2630 4519 2879 4582 mortali
2921 4519 3135 4602 factis,
3187 4537 3326 4600 quoe

1759 4613 1974 4675 dicunt
2034 4630 2439 4674 remunerare
2492 4614 2716 4686 Deum,
2792 4633 2939 4676 cum
3000 4613 3325 4675 hominem

1752 4706 2077 4788 justificat,
2126 4705 2262 4785 ipsa
2292 4705 2755 4786 justificatione,
2802 4725 2993 4787 quam
3047 4707 3127 4770 de
3176 4726 3326 4769 con-

1761 4818 1918 4882 gruo
1972 4800 2359 4876 merebatur,
2392 4799 2573 4879 juxta
2616 4799 2965 4862 doctrinam
2994 4800 3325 4882 Augustini

1763 4893 1898 4956 aliis
1942 4893 2007 4954 in
2056 4891 2231 4954 locis.
2274 4892 2401 4953 Sed
2434 4897 2529 4954 est
2568 4893 2997 4972 interpretatio
3035 4894 3241 4956 aliena
3286 4912 3327 4955 3

1759 4989 1972 5048 mente
2010 4985 2365 5065 Augustini,
2418 4991 2481 5048 et
2506 4986 2790 5066 procedit
2824 5005 2903 5049 ex
2930 4988 3101 5050 mala
3128 5005 3327 5068 punc-

1759 5081 2061 5154 tuatione,
2094 5097 2209 5140 seu
2238 5079 2626 5142 connexione
2661 5080 2909 5142 illorum
2939 5081 3277 5144 verborum
3304 5099 3319 5142 :

1762 5171 1999 5236 Meet
2040 5189 2115 5236 ne
2154 5171 2354 5236 omnia
2393 5171 2544 5234 bona
2578 5189 2711 5254 qua·
2741 5175 2893 5251 fecit
2923 5175 3065 5238 dum
3103 5176 3173 5236 in
3202 5191 3323 5237 uno

1747 5271 1994 5347 peccato
2016 5264 2509 5348 perseveraverit,
2549 5271 2669 5328 etc.
2700 5267 2857 5328 Nam
2887 5267 2953 5328 in
2989 5267 3087 5328 his
3117 5266 3323 5328 verbis

1759 5359 2005 5420 videtur
2029 5377 2167 5420 esse
2192 5376 2399 5422 sermo
2428 5358 2507 5420 de
2530 5359 2715 5420 bonis
2738 5359 3033 5439 operibus
3052 5359 3231 5422 factis
3254 5359 3323 5419 in

1724 5456 1924 5542 ,statu
1950 5451 2211 5534 peccati.
2260 5453 2383 5514 Sed
2422 5471 2549 5514 non
2580 5453 2665 5516 ita
2698 5450 2977 5532 ‘legenda
3005 5459 3171 5526 sunt,
3210 5451 3323 5514 sed

1759 5543 2289 5626 interponendum
2318 5551 2411 5608 cst
2442 5563 2688 5608 comma
2708 5545 2774 5607 in
2804 5545 2997 5608 verbo
3036 5547 3180 5626 sicit
3200 5591 3217 5622 ,
3252 5550 3323 5609 ut
